3942 6348
586 373 692 431 615

1471 370 1676 429 PAULI
1715 368 1985 426 DIACONI
2025 366 2176 423 OPP.
2218 365 2396 423 PARS
2434 368 2472 423 I.
2518 397 2586 409 —
2626 367 3011 424 IIISTORICA.
3682 384 3758 440 616

584 489 799 548 castella
826 486 1061 559 regebat,
1090 485 1346 551 conﬂixit,
1371 479 1600 557 eumque
1620 486 1841 542 mirifice
1867 483 2154 554 superavit.
2183 490 2238 547 Α
2263 485 2365 540 lam
2415 501 2478 541 ex
2511 486 2840 541 nobilissimo
2869 487 3227 542 Romanorqu
3271 503 3451 560 genere
3474 503 3622 550 ortam
3647 540 3660 568 ,
3683 504 3761 559 cie-

583 585 695 652 Qua
719 586 783 640 de
807 599 962 639 causa
989 583 1178 649 elatus,
1202 582 1358 636 etiam
1385 591 1569 636 contra
1597 595 1772 650 regem
1794 596 1947 634 suum
1979 579 2164 634 Berta-

584 678 760 734 ridum
816 691 1028 730 manum
1085 675 1296 740 levavit,
1326 682 1484 744 atque
1519 689 1578 728 se
1618 673 1752 727 intra
1795 671 2166 727 Tridentinum

581 769 859 824 castellum
913 767 1177 823 rebellans
1223 766 1590 821 communivit.
1631 765 1824 820 Contra
1862 780 2019 834 quem
2072 779 2164 818 rex

585 862 891 918 Bertaridus
914 877 1246 933 progressus,
1298 875 1415 916 cum
1444 875 1563 913 eum
1595 859 1925 912 extrinsecus
1955 856 2166 910 obside-

581 966 698 1022 ret,
750 955 1018 1025 inOpinate
1058 954 1234 1009 subito
1272 952 1484 1006 Alachis
1518 966 1637 1004 cum
1689 949 1799 1003 suis
1831 951 1856 979 ⁸
1893 949 2165 1002 civitatem

581 1059 850 1116 egressus,
869 1044 1009 1116 regis
1029 1053 1199 1099 castra
1221 1043 1484 1113 pretrivit,
1503 1056 1787 1110 regemque
1802 1040 1969 1108 ipsum
1989 1039 2162 1109 fugam

579 1148 761 1206 petere
805 1137 1078 1207 compulit.
1149 1137 1249 1205 Qui
1309 1146 1482 1191 tamen
1544 1135 1901 1204 postmodum,
1944 1135 2166 1190 faciente

579 1228 608 1271 δ
632 1230 919 1287 Cuniberto
946 1231 1086 1300 regis
1105 1231 1236 1296 ﬁlio,
1264 1231 1354 1300 qui
1386 1246 1505 1285 eum
1530 1229 1638 1298 jam
1667 1231 1792 1284 olim
1824 1229 2092 1299 diligebat,
2110 1228 2164 1282 in

576 1326 718 1395 regis
757 1322 1018 1379 Bertaridi
1059 1322 1280 1395 gratiam
1332 1337 1578 1379 reversus
1628 1332 1730 1377 est.
1768 1322 1867 1388 Qui
1923 1337 2015 1376 rex
2043 1336 2163 1376 cum

577 1434 700 1475 eum
730 1416 1033 1472 interﬁcere
1061 1414 1344 1483 aliquoties
1382 1415 1659 1482 voluisset,
1704 1414 2024 1468 Cunibertus
2049 1412 2164 1481 ejus

578 1507 714 1563 ﬁlius
737 1507 838 1562 hoc
869 1506 980 1562 ﬁeri
1013 1520 1223 1576 semper
1246 1505 1532 1576 prohibuit,
1564 1516 1815 1574 reputans
1835 1519 1955 1559 eum
1987 1506 2054 1558 de
2083 1519 2164 1558 re-

574 1599 720 1670 liquo
747 1598 957 1653 ﬁdelem
978 1599 1232 1654 existere.
1265 1597 1372 1653 Nec
1391 1597 1599 1653 destitit
1625 1597 1765 1664 apud
1798 1609 1996 1666 patrem
2023 1604 2044 1631 ο
2069 1597 2164 1652 ob-

579 1696 746 1750 tinere
796 1695 924 1764 quin
951 1695 1110 1748 etiam
1151 1693 1200 1748 ei
1242 1693 1489 1748 ducatum
1536 1692 1730 1747 Brixiae
1780 1691 2160 1754 contribueret,

576 1786 900 1841 reclamante
929 1785 1123 1855 saepius
1154 1795 1321 1854 patre,
1354 1785 1494 1854 quod
1551 1785 1602 1838 in
1657 1799 1806 1838 suam
1855 1784 1955 1837 hoc
1998 1783 2162 1838 Cuni-

575 1881 756 1937 bertus
787 1881 1075 1951 perniciem
1097 1879 1315 1946 faceret,
1347 1879 1434 1949 qui
1467 1878 1606 1933 hosti
1629 1893 1726 1932 suo
1742 1877 1806 1932 ad
1831 1877 2159 1946 regnandum
2195 1861 2240 1921 Β

575 1975 718 2030 vires
769 1974 1056 2044 praeberet.
1115 1972 1372 2027 Brexiana
1419 1971 1648 2040 denique
1695 1971 1879 2026 civitas
1919 1984 2162 2040 magnam

575 2081 788 2136 semper
828 2067 1085 2122 nobilium
1115 2066 1585 2135 Langobardorum
1631 2065 2026 2120 multitudinem
2061 2066 2166 2118 ha-

574 2158 707 2223 buit,
753 2175 981 2228 quorum
1028 2159 1226 2214 auxilio
1282 2159 1554 2214 metuebat
1593 2157 1904 2213 Bertaridus
1948 2157 2165 2213 Alachis

575 2252 927 2320 potentiorem
995 2249 1127 2304 fore.
1199 2249 1292 2304 His
1342 2250 1530 2304 diebus
1599 2265 1692 2303 rex
1754 2249 2056 2304 Bertaridus
2112 2248 2164 2304 in

573 2342 790 2399 civitate
825 2341 1098 2398 Ticinensi
1149 2352 1357 2413 portam
1411 2342 1714 2414 contiguam
1783 2343 2007 2410 palatio,
2047 2359 2168 2412 qua:

573 2445 630 2492 et
697 2441 724 2481 J
786 2436 1139 2493 Palatinensis
1195 2436 1429 2505 dicitur,
1502 2451 1666 2507 opere
1738 2438 1963 2492 miriﬁco
2031 2453 2163 2495 con-

573 2529 790 2586 struxit.

1099 2621 1323 2680 CAPUT
1372 2623 1636 2679 XXXVII.

783 2733 863 2789 De
891 2742 1049 2790 morte
1094 2732 1353 2789 Bertaridi
1396 2746 1443 2790 et
1482 2751 1637 2806 regno
1667 2734 1946 2790 Cuniberti.

643 2853 742 2922 Qui
771 2868 894 2909 cum
917 2853 1100 2910 decem
1125 2863 1180 2910 et
1206 2861 1329 2908 octo
1354 2854 1507 2908 annis
1526 2896 1541 2921 ,
1573 2861 1626 2908 et
1657 2854 1884 2922 primum
1915 2852 2082 2917 solus,
2114 2859 2168 2906 et

573 2958 696 3020 post
720 2963 844 3003 cum
873 2947 1016 3017 ﬁlio,
1048 2963 1269 3018 regnum
1304 2948 1578 3010 tenuisset,
1611 2946 1680 3001 ab
1710 2946 1810 3001 hac
1839 2948 1956 3001 luce
1987 2950 2011 2978 ε
2041 2945 2169 3000 sub-

574 3053 775 3101 tractus
804 3054 886 3099 est
907 3083 924 3109 ,
969 3057 1271 3114 corpusque
1302 3042 1442 3097 illius
1469 3044 1618 3112 juxta
1657 3042 1926 3096 basilicam
1960 3039 2165 3094 Domini

573 3138 892 3204 Salvatoris,
914 3152 1072 3206 quam
1095 3138 1376 3206 Aripertus
1400 3136 1516 3205 ejus
1537 3136 1743 3206 genitor
1771 3144 2163 3202 construxerat,

2266 577 2408 646 ganti
2452 592 2709 646 corpore,
2743 587 2798 634 et
2831 576 2849 617 ί
2884 579 3067 648 ﬂavis,
3103 581 3412 652 prolixisque
3452 591 3628 656 capillis
3664 609 3761 662 pene

2267 683 2434 738 usque
2457 670 2520 723 ad
2550 672 2711 739 pedes
2738 670 3069 736 decoratam,
3095 672 3325 740 vidisset,
3349 675 3456 744 ejus
3483 678 3757 746 pulchritudi-

2267 779 2388 819 nem
2417 779 2514 818 suo
2554 764 2666 818 viro
2711 763 3008 819 Cuniberto
3038 766 3145 834 regi
3179 766 3422 825 laudavit.
3452 770 3540 837 Qui
3565 774 3620 837 ap
3643 791 3762 832 uxore

2268 853 2368 910 hoc
2413 855 2636 910 libenter
2683 854 2868 908 audire
2910 855 3278 924 dissimulans,
3307 858 3357 910 in
3390 829 3616 927 magnurii
3635 873 3764 920 tamen

2269 949 2457 1018 puellae
2503 949 2699 1003 exarsit
2745 965 3005 1004 amorem.
3054 950 3161 1005 Nec
3196 967 3368 1018 mora,
3397 967 3614 1010 venatum
3641 957 3681 1013 in
3701 962 3766 1014 sil-

2270 1057 2385 1095 vam
2412 1082 2426 1106 ,
2472 1056 2629 1110 quam
2679 1041 2875 1097 Urbem
2931 1043 3234 1113 appellant,
3274 1047 3521 1113 perrexit,
3547 1063 3764 1120 secumque

2266 1148 2414 1188 suam
2446 1132 2728 1203 coniugem
2781 1134 3175 1190 llermelindam
3205 1137 3383 1191 venire
3428 1140 3660 1208 praecepit.
3695 1141 3764 1206 Qui

2266 1225 2458 1280 exinde
2510 1234 2668 1280 noctu
2719 1225 2997 1294 egrediens
3046 1225 3287 1282 Ticinum
3335 1228 3512 1291 rediit,
3555 1240 3602 1285 et
3640 1233 3689 1285 ad
3725 1249 3765 1289 se

2266 1315 2596 1370 Theodotem
2639 1316 2868 1384 puellam
2918 1318 3100 1372 venire
3148 1316 3373 1384 faciens,
3402 1334 3514 1374 cum
3549 1335 3600 1374 ea
3624 1335 3765 1377 concu-

2268 1405 2400 1460 buit.
2434 1407 2600 1473 Quam
2633 1415 2811 1462 tamen
2845 1418 3025 1476 postea
3052 1411 3102 1463 in
3130 1410 3523 1477 monasterium,
3552 1413 3573 1450 ε
3595 1413 3704 1481 quod
3724 1415 3768 1470 de

2269 1497 2412 1551 illius
2457 1499 2672 1553 nomine
2713 1499 2851 1554 intra
2898 1500 3142 1556 Ticinum
3182 1502 3495 1572 appellatum
3530 1507 3766 1571 est,misit.

2785 1634 3011 1692 CAPUT
3052 1637 3338 1695 XXXVIII.

2412 1725 2679 1792 Quomodo
2706 1727 2914 1782 Alacltia
2943 1730 3195 1798 palatium
3227 1729 3472 1786 Cuniberti
3499 1733 3670 1787 invasit.

2336 1839 2554 1896 Alachis
2600 1857 2727 1897 vero
2773 1843 2882 1912 jam
2930 1843 3129 1900 dudum
3177 1855 3479 1914 conceptam
3514 1847 3770 1916 iniquitatem

2268 1933 2603 1999 parturiens,
2637 1933 2997 1990 annitentibus
3038 1937 3248 1992 Aldone
3276 1948 3327 1993 et
3355 1936 3383 1974 δ
3415 1937 3658 1993 Grausone
3677 1939 3770 1994 Bre-

2266 2023 2439 2077 xiauis
2486 2025 2724 2089 civibus,
2775 2027 2868 2082 sed
2899 2037 2952 2082 et
3002 2029 3120 2083 aliis
3166 2031 3346 2084 multis
3372 2045 3436 2086 ex
3469 2029 3771 2100 Langobardis,

2267 2115 2463 2171 oblitus
2492 2125 2762 2173 tantorum
2808 2120 3195 2175 beneﬁciorum
3240 2137 3356 2191 quae
3396 2123 3447 2174 in
3477 2138 3583 2176 eum
3610 2137 3682 2176 rex
3701 2121 3773 2176 Cu~

2269 2211 2510 2266 nibertus
2559 2213 2928 2282 impenderat,
2966 2214 3163 2270 oblitus
3217 2214 3375 2270 etiam
3421 2214 3676 2284 jusjurandi
3704 2228 3776 2283 quo

2268 2310 2400 2364 ei'se
2427 2309 2797 2365 ﬁdelissimum
2831 2325 2951 2366 esse
2977 2311 3365 2380 spoponderat,
3394 2325 3506 2365 cum
3533 2309 3776 2364 Cunibertus

2267 2400 2498 2466 abesset,
2528 2415 2749 2468 regnum
2779 2400 2894 2469 ejus
2922 2410 2976 2454 et
3006 2401 3263 2468 palatium
3287 2401 3420 2455 intra
3449 2399 3657 2456 Ticinum
3680 2397 3779 2467 posi-

2269 2501 2378 2546 tum
2403 2491 2618 2546 invasit.
2644 2491 2795 2559 Quod
2822 2491 3140 2548 Cunibertus
3165 2493 3263 2547 ubi
3286 2499 3401 2548 erat
3429 2492 3445 2529 ί
3472 2491 3678 2556 audiens,
3701 2491 3711 2540 l
3734 2489 3777 2543 ad

2267 2581 2520 2649 insulam,
2554 2599 2673 2654 quae
2704 2584 2840 2638 intra
2874 2584 3046 2641 lacum
3078 2586 3298 2640 Larium
3331 2600 3432 2641 non
3462 2585 3601 2654 longe
3624 2599 3648 2638 a
3669 2582 3780 2636 Come

2268 2684 2382 2740 est,
2418 2673 2684 2746 confugit,
2717 2674 2899 2746 ibique
2945 2691 3005 2731 se
3051 2676 3261 2734 fortiter
3308 2678 3643 2733 communivit.
3669 2675 3779 2730 Facta

2268 2776 2352 2822 est
2379 2777 2555 2823 autem
2595 2783 2784 2837 magna
2831 2767 3100 2823 tribulatio
3129 2771 3385 2824 omnibus
3412 2769 3497 2840 qui
3525 2783 3630 2823 eum
3653 2765 3782 2835 dilige-

2271 2858 2419 2922 bant,
2450 2869 2506 2914 et
2535 2860 2766 2913 maxime
2795 2860 3201 2929 sacerdotibus;
3236 2871 3292 2918 et
3318 2861 3550 2924 clericis,
3575 2873 3681 2929 quos
3702 2871 3782 2910 om-

2271 2967 2366 3008 nes
2396 2953 2612 3009 Alaehis
2638 2969 2835 3010 exesos
2875 2955 3125 3010 habebat.
3159 2955 3299 3010 Erat
3330 2943 3502 3010 autem
3526 2969 3584 3008 eo
3611 2962 3784 3017 tempore

2270 3049 2567 3104 Ticincnsis
2599 3049 2854 3105 Ecclesiae
2892 3051 3174 3119 episcopus
3219 3052 3301 3106 vir
3326 3048 3519 3105 domini
3549 3045 3781 3105 Damianus,

2270 3142 2552 3197 sanctitate
2584 3143 2882 3211 praecipuus
2902 3182 2918 3208 ,
2949 3142 3270 3198 liberalibus
3297 3144 3498 3198 artibus
3537 3137 3786 3194 sufficienter

574 3231 837 3300 sepultum
886 3236 988 3284 est.
1043 3229 1165 3284 Fuit
1204 3237 1382 3283 autem
1432 3235 1631 3283 statura
1663 3229 1888 3292 decens,
1937 3235 2237 3299 corporec
2266 3232 2576 3288 instructus.
2633 3232 2680 3286 Is
2733 3248 2852 3287 cum
2901 3233 3122 3288 Alachis
3163 3234 3418 3303 palatium
3450 3229 3673 3287 invasisse
3695 3239 3784 3279 con-

572 3325 761 3394 plenus
780 3366 794 3389 ,
829 3322 971 3378 mitis
1001 3337 1096 3391 per
1116 3322 1316 3386 omnia,
1345 3331 1399 3376 et
1425 3321 1625 3378 suavis.
1653 3322 1721 3376 At
1750 3335 1877 3377 vero
1905 3321 2162 3376 Cuniber-

575 3427 659 3473 tus
691 3432 783 3472 rex
823 3413 1218 3471 Ilermelindam
1249 3430 1312 3468 ex
1347 3413 1615 3469 Saxonum
1645 3413 1936 3484 Anglorum
1967 3427 2164 3483 genere

575 3509 726 3566 duxit
757 3523 1001 3564 uxorem.
1032 3507 1162 3576 Quae
1189 3521 1309 3561 cum
1341 3508 1392 3561 in
1433 3505 1624 3562 balneo
1652 3506 1978 3561 Theodotem
2010 3505 2162 3575 puel-

574 3642 768 3699 doctis.
797 3639 1242 3710 LindenbrOgius.
1276 3639 1352 3694 Ex
1377 3641 1759 3696 recentioribus
1788 3640 1848 3695 Ι).
1877 3641 2165 3711 Eccardus,

575 3718 629 3772 in
668 3713 777 3768 suis
808 3715 946 3767 notis
975 3712 1042 3766 ad
1082 3713 1252 3766 dictas
1300 3713 1441 3780 leges
1477 3725 1530 3766 et
1571 3713 1636 3766 ad
1677 3713 1990 3767 Catechesin
2029 3715 2166 3769 Teo-

574 3787 784 3849 tiscam,
840 3783 998 3852 lmjus
1049 3783 1194 3837 vocis
1240 3783 1500 3851 originem
1555 3784 1903 3853 investigarit,
1952 3795 2167 3854 atquea

577 3856 742 3912 verbo
763 3871 921 3924 ragen
953 3855 1198 3921 deduxit,
1229 3855 1371 3923 Quod
1428 3856 1662 3924 explicat
1686 3857 1930 3919 eminere;
1966 3872 2084 3909 nam
2117 3861 2166 3913 ei

575 3927 858 3998 graviones
878 3937 1000 3982 sunt
1024 3925 1232 3996 judices
1268 3925 1641 3993 provinciales.
1676 3927 1774 3998 Alii
1802 3941 1830 3978 a
1864 3943 1990 3996 gron
2013 3945 2169 3984 canus

574 3997 892 4062 deducunt,
944 4008 1167 4067 utraque
1215 4007 1390 4052 tamen
1443 3997 1764 4067 etymologia
1812 3998 1870 4051 in
1927 4001 2170 4055 eamdem

574 4071 736 4126 officii
781 4069 1039 4124 rationem
1069 4070 1360 4123 concurrit.
1391 4067 1465 4122 Ex
1495 4075 1594 4122 hoc
1640 4085 1768 4122 vero
1823 4068 1970 4123 Pauli
2003 4074 2170 4125 nostri

577 4143 699 4197 loco
729 4141 1021 4196 notandum
1051 4149 1244 4206 praeter
1284 4139 1492 4195 civilem
1518 4149 1856 4209 poteSIatetn,
1886 4140 2171 4197 militarem

575 4229 787 4284 quoque
808 4211 1145 4282 gravionihus
1167 4212 1351 4266 fuisse.

646 4294 675 4322 ⁴ι
706 4285 859 4339 Amb.
873 4320 909 4352 ,ο
929 4284 990 4338 de
1016 4284 1236 4337 civitate.

649 4354 676 4394 ι’
709 4355 890 4420 Amb.,
919 4353 1244 4425 Cunirperto,
1272 4368 1506 4422 semper.

652 4434 677 4463 ο
707 4427 886 4507 ψοόοὶ
911 4427 1140 4507 precibus
1167 4425 1411 4479 obtinere.
1443 4425 1552 4491 AL,
1580 4427 1720 4496 apud
1741 4438 1934 4496 patrem
1963 4443 2177 4482 onerare

579 4499 832 4572 precibus.
869 4496 1020 4572 Lind.

652 4569 681 4610 (ι
711 4569 868 4622 Amb.
901 4578 957 4622 et
986 4567 1151 4633 Mod.,
1185 4566 1516 4621 Platinensis.
1549 4569 1659 4631 AL,
1697 4567 1983 4623 Plocemis.
2019 4569 2170 4625 Lind.

657 4647 679 4673 ε
711 4622 1206 4702 Amb.,substilulus
1227 4649 1319 4692 est.
1346 4639 1458 4692 Non
1483 4649 1564 4692 est
1583 4622 1689 4694 sibi
1711 4622 2179 4697 constansf’aulns
2203 4622 2257 4680 Ῑ)

583 4716 637 4768 in
689 4711 947 4764 Bertaridi
1004 4713 1145 4778 regis
1185 4710 1338 4764 annis
1379 4711 1788 4775 enumerandis;
1839 4713 2179 4767 antecedenti

581 4785 777 4852 quippe
803 4797 923 4850 cap.
954 4781 1024 4838 55
1050 4782 1237 4836 decem
1267 4790 1320 4834 et
1361 4792 1562 4846 septem
1606 4783 1822 4847 tribuit;
1875 4785 1958 4836 hic
1997 4785 2184 4837 decem

581 4865 638 4912 et
664 4865 806 4917 octo,
837 4853 1243 4908 amanuensium
1276 4860 1402 4918 puto
1432 4854 1653 4917 vitium;
1697 4853 1799 4906 nisi
1835 4852 2064 4908 fortasse
2100 4855 2184 4910 hic

584 4929 746 4982 etiam
797 4927 922 4979 anni
966 4925 1193 4979 extremi
1242 4925 1348 4977 sint
1399 4924 1722 4993 incnmpleti.
1777 4924 2084 4993 Sigebertus
2130 4928 2182 4981 in

583 4998 884 5052 Clironicon
916 4997 1100 5051 decem
1129 5003 1183 5049 et
1208 5005 1412 5061 septem
1439 4997 1704 5064 assignat,
1740 4997 1839 5050 etsi
1878 4999 2023 5063 regni
2051 4998 2182 5052 Ber-

585 5068 742 5129 taridi
791 5069 1001 5122 initium
1047 5080 1188 5122 anno
1239 5081 1344 5121 uno
1374 5077 1678 5133 prmvertat,
1709 5068 1846 5134 quod
1888 5082 2008 5121 cum
2041 5084 2182 5122 anno

583 5142 679 5196 67f
734 5143 803 5194 sit
845 5139 1259 5206 ascribendum,
1309 5137 1447 5192 illius
1495 5153 1639 5194 mors
1683 5140 1736 5194 in
1777 5138 1884 5194 688
1930 5139 2183 5196 incidisse

581 5220 813 5282 oportet.

657 5282 676 5322 ί
710 5284 889 5348 Amb.,
923 5285 1098 5353 ﬂuxis.

660 5362 684 5400 8
720 5355 1097 5410 Monasterium
1118 5364 1316 5411 sanctae
1344 5354 1524 5410 Mariae
1551 5355 1838 5410 Theodotis
1862 5356 2019 5424 vulgo
2041 5369 2181 5412 nunc

583 5427 722 5481 della
769 5425 1026 5482 Posteria.
1105 5428 1292 5482 Servat
1339 5429 1514 5481 adhuc
1559 5428 1848 5482 Theodotis
1900 5429 2176 5496 cujusdam

587 5499 935 5564 memoriam,
971 5501 1076 5552 imo
1104 5509 1156 5553 et
1187 5498 1407 5553 alterius
1438 5499 1594 5568 hujus
1617 5500 1850 5553 nominis
1881 5500 1987 5553 Deo
2013 5513 2178 5554 sacrae

587 5570 808 5638 virginis
835 5570 1082 5637 antiquus
1113 5570 1426 5640 sepulcralis
1457 5571 1588 5640 lapis
1629 5571 1680 5624 in
1713 5571 1899 5626 eadem
1927 5571 2177 5638 ecclesia,

583 5641 675 5710 qui
706 5642 785 5694 sic
812 5641 1000 5709 legitur
1029 5660 1039 5693 :

718 5731 966 5796 Celiculaw
988 5735 1058 5781 sic
1077 5733 1274 5783 demum
1301 5734 1408 5795 ejus
1430 5737 1700 5796 prosapiam
1728 5740 1896 5785 texam

716 5793 873 5859 Mater
900 5797 1019 5845 vixit
1042 5798 1278 5857 virginum
1299 5793 1388 5857 per
1413 5793 1565 5846 annos
1577 5793 1777 5859 ‘plures,

718 5856 773 5924 lnn
793 5870 950 5924 grege
970 5856 1208 5924 dominico
1235 5856 1440 5924 pascens
1461 5856 1678 5910 oviculas
1693 5860 1892 5920 Christi,

719 5919 852 5981 Quas
872 5922 1043 5971 fovens
1064 5919 1247 5975 docuit:
1273 5923 1457 5984 arguit,
1476 5925 1715 5982 correxit,
1736 5923 1933 5971 amavit.

2268 3325 2528 3394 spiceret,
2563 3341 2629 3380 ne
2653 3325 2778 3396 quid
2811 3327 2877 3380 ab
2904 3342 2969 3380 eo
2997 3326 3111 3395 ipse
3143 3327 3235 3382 vel
3265 3341 3361 3382 sua
3394 3324 3612 3380 Ecclesia
3637 3314 3785 3374 adversi

2269 3427 2561 3488 pateretur,
2592 3419 2854 3474 Thomam
2886 3420 3172 3475 diaconum
3205 3425 3367 3475 suum
3389 3460 3404 3486 ,
3436 3419 3692 3487 sapientem
3714 3407 3785 3463 sci-

2269 3509 2392 3565 licet
2419 3519 2472 3566 et
2501 3510 2804 3580 religiosum
2837 3510 3043 3576 virum,
3094 3511 3161 3565 ad
3215 3525 3339 3566 eum
3381 3507 3551 3574 misit,
3578 3518 3656 3576 per
3677 3509 3787 3570 quem

2396 3641 2591 3707 Invidus
2614 3657 2676 3693 ne
2701 3644 2937 3707 perderet
2962 3646 3069 3706 ejus
3096 3658 3161 3696 ex
3187 3647 3364 3696 ovibus
3382 3652 3659 3707 quamquam,

2396 3704 2627 3769 Ero-nem
2653 3704 2875 3769 l‘u'gatam
2901 3704 3097 3769 tenens,
3121 3711 3233 3759 erat
3249 3704 3430 3769 quibus
3453 3713 3633 3768 pectore
3653 3708 3742 3764 pun

2395 3766 2878 3832 Cujusabstin'ebant
2900 3785 2926 3818 a
2947 3766 3159 3832 ﬂagellis
3187 3766 3389 3832 placida:
3407 3766 3569 3816 manus
3592 3780 3604 3815 ε

2398 3828 2453 3894 In
2479 3831 2741 3894 tribuendo
2761 3832 2915 3894 dapes
2940 3828 3118 3892 egenis
3139 3828 3362 3894 dapsiles
3387 3838 3542 3894 erant.

2399 3891 2610 3958 ﬁoribus
2635 3901 2803 3942 ornata
2829 3891 3074 3958 prodiens,
3101 3891 3307 3955 fautrix,
3329 3903 3479 3955 atque
3507 3893 3698 3958 hones“:

2401 3953 2618 4021 fauens,
2641 3953 2961 4021 magnanimis
2984 3953 3156 4021 corde,
3187 3953 3470 4021 dextraque
3501 3956 3570 4014 pia
3597 3964 3614 4021 :_

2400 4015 2635 4083 pecebat
2652 4015 2747 4078 sic,
2767 4020 2984 4083 denique
3005 4020 3089 4069 tali
3115 4015 3226 4068 curn
3255 4032 3319 4069 ex
3342 4015 3497 4083 stirpe
3518 4015 3685 4083 veniret

2401 4077 2458 4128 B.
2485 4109 2498 4125 .
2523 4116 2534 4127 .
2563 4079 2706 4130 .oleo
2726 4077 2795 4130 ex
2824 4077 3264 4140 novillicrescens,
3293 4088 3348 4130 ut,
3373 4077 3550 4129 ﬂuvius
3571 4077 3684 4124 fonte

2405 4175 2463 4208 ζ..
2489 4179 2499 4190 .
2524 4179 2540 4208 _.
2566 4149 2710 4191 extra
2736 4156 2876 4207 saga,
2921 4147 3200 4204 genitorum
3231 4144 3425 4208 exstitit
3446 4151 3620 4208 magna.

2401 4202 2452 4269 §i
2480 4203 2540 4269 ad
2562 4217 2733 4254 cursus
2757 4200 3001 4269 rerum—et
3023 4207 3289 4267 praesentis
3308 4206 3468 4254 studia
3493 4200 3632 4269 saecli"
3660 4258 3670 4268 .

2403 4265 2654 4330 Tendatur
2676 4269 2851 4325 oratio,
2879 4261 3036 4316 multa
3051 4277 3165 4317 sunt
3186 4282 3302 4330 quae
3330 4261 3688 4330 possumusdici.

2404 4327 2504 4392 Per
2527 4337 2577 4376 te
2596 4341 2796 4390 semper
2824 4322 3037 4392 Virginis
3057 4322 3260 4379 viscitur
3285 4322 3538 4391 pulchrum
3559 4322 3776 4373 delubrum-

2403 4390 2652 4440 Auferens
2678 4399 2892 4452 vetusta,
2912 4390 3152 4441 instauras
3178 4390 3296 4441 vilia
3316 4400 3508 4440 cuncta.

2404 4453 2624 4514 Namque
2645 4453 2886 4503 domicilia
2909 4457 3002 4503 sita
3023 4456 3256 4503 emnubio
3281 4454 3450 4503 ridunt

2407 4515 2552 4578 Yultu
2582 4517 2875 4565 intuentium
2903 4515 3251 4578 praecellentes
3274 4518 3453 4565 moenia
3477 4514 3620 4576 prisca

2409 4576 2515 4640 Nec
2537 4586 2651 4627 sunt
2675 4578 2722 4626 in
2745 4581 2870 4640 orbe
2893 4576 3034 4636 tales,
3066 4588 3251 4638 praeter
3277 4579 3458 4640 palatia
3482 4581 3666 4640 regum:

2413 4638 2517 4704 Ijec
2541 4641 2626 4689 SS.
2655 4639 2920 4700 Ecclesias,
2947 4634 3580 4704 quie'viiirant'fundamine
3601 4634 3708 4683 claro

2413 4702 2474 4752 Et
2500 4704 2590 4763 piis
2616 4712 2927 4761 exequantur
2945 4701 3002 4753 Ο.
3031 4701 3088 4751 Ν.
3119 4703 3152 4750 l.
3179 4717 3206 4750 a
3232 4705 3427 4751 cunctis
3449 4701 3669 4749 coluntur.

2413 4765 2517 4813 Hoc
2540 4777 2661 4825 ergo
2684 4764 2936 4814 'l‘heodota
2962 4765 3170 4813 alumnis
3190 4779 3300 4813 suae
3322 4763 3585 4825 Theodotus

2413 4827 2504 4877 Cui
2523 4824 2764 4889 reliquisti
2787 4839 2988 4885 nomen,
3005 4825 3332 4889 dignitatem,
3355 4824 3623 4875 cathedram

2412 4889 2568 4938 Nimis
2589 4887 2697 4938 cum
2724 4888 2948 4951 Iacrymis
2969 4887 3147 4937 afflicto
3170 4897 3380 4950 pectore
3401 4889 3571 4951 domita
3651 4943 3658 4951 ι
3687 4942 3694 4951 _
3734 4939 3740 4946 ι

2414 4951 2677 5012 Lapidibus
2699 4942 3112 5012 sarcophagorum
3137 4942 3322 5000 ornans
3372 4948 3561 4999 excolui
3594 4942 3763 5008 pulchris

2412 5014 2581 5063 Denos
2598 5017 2819 5074 duosque
2840 5015 3040 5061 circiter
3064 5025 3217 5061 annos
3241 5015 3525 5073 degens...

2411 5077 2627 5139 Egregia
2647 5078 2761 5126 vitae
2781 5075 3025 5138 spiracula
3047 5077 3354 5126 clausit......

2286 5184 2356 5239 D.
2393 5183 2460 5238 P.
2492 5184 2552 5239 S.
2589 5183 2670 5238 ΙΙ.
2708 5182 2778 5239 D.
2819 5184 3012 5238 Mensis
3055 5182 3252 5252 Aprilis
3287 5225 3301 5248 ,
3378 5179 3640 5235 indictione
3683 5177 3806 5252 ιςτιτίιυ

2288 5257 2394 5311 Nec
2427 5256 2594 5325 probo
2627 5255 2934 5310 litteralinm
2965 5243 3210 5309 notarum
3244 5243 3727 5325 explicationeni_ah
3745 5252 3810 5325 alia

2285 5316 2442 5382 ctore
2486 5327 2664 5396 Papiae
2709 5341 2908 5392 sacras,
2957 5327 3023 5398 ad
3073 5341 3275 5398 annum
3323 5316 3431 5381 926
3474 5337 3559 5376 eas
3594 5316 3806 5398 referente.

2285 5401 2481 5468 quippe
2513 5389 2762 5454 is'annus
2791 5389 3080 5452 indictione
3107 5396 3194 5460 14,
3226 5412 3337 5451 non
3371 5409 3496 5468 vero
3526 5389 3813 5468 tertiahn'olf'

2285 5452 2622 5525 batui'.A£vo
2647 5452 2846 5540 puriori
2879 5469 3095 5538 legerim
3121 5452 3194 5521 de,
3213 5467 3434 5538 pecunia
3452 5479 3589 5540 sua;
3615 5456 3692 5512 sed

2287 5522 2578 5610 gobardico
2600 5522 2842 5611 vitigenue
2871 5522 3039 5594 l'aﬁaor
3067 5554 3154 5594 me
3194 5522 3306 5594 IIOII
3343 5540 3416 5593 ita
3443 5522 3591 5592 facile
3621 5522 3814 5596 expedire

2285 5627 2467 5682 posse.
2499 5612 2726 5672 Videant
2754 5613 2841 5666 alii
2867 5613 3167 5681 peritiores.

2357 5681 2382 5720 δ
2411 5683 2596 5750 Amb.,
2627 5682 2849 5738 Gusone.

2360 5753 2378 5792 ί
2411 5756 2594 5822 Amb.,
2626 5756 2858 5823 audiens,
2893 5757 3068 5810 statim
3096 5755 3164 5810 ad
3188 5754 3443 5820 insulam,
3473 5761 3575 5809 etc.

2357 5827 2372 5877 i
2412 5808 2496 5881 ᾸΙ.
2533 5808 2545 5879 ξ
2579 5808 2643 5879 in
2671 5808 3171 5899 insulam—quietiora
3212 5808 3369 5899 longe
3391 5808 3700 5882 ra'Comaaiao
3731 5808 3817 5861 ιιικ

2284 5909 2356 5954 est
2387 5900 2634 5969 confugit.
2665 5898 2818 5953 Lind.
