  <div class='ocr_page' id='page_1' title='image "/cluster/home/n/w/nwhite01/storage/ocr_20150623/95/hvd.32044010719722/332.png"; bbox 0 0 3942 6348; ppageno 0'>
   <div class='ocr_carea' id='block_1_1' title="bbox 179 361 1749 434">
    <p class='ocr_par' dir='ltr' id='par_1_1' title="bbox 179 363 1749 434">
     <span class='ocr_line' id='line_1_1' title="bbox 179 363 1749 434; baseline -0.006 -2"><span class='ocrx_word' id='word_1_1' title='bbox 179 375 251 434; x_wconf 78' lang='grc'><strong>61⁸1</strong></span> <span class='ocrx_word' id='word_1_2' title='bbox 1036 366 1125 425; x_wconf 88' lang='lat' dir='ltr'><strong>DE</strong></span> <span class='ocrx_word' id='word_1_3' title='bbox 1165 365 1408 426; x_wconf 82' lang='lat' dir='ltr'><strong>GESTIS</strong></span> <span class='ocrx_word' id='word_1_4' title='bbox 1447 363 1749 423; x_wconf 78' lang='lat' dir='ltr'><strong>LANGOBl</strong></span> 
     </span>
    </p>
   </div>
   <div class='ocr_carea' id='block_1_2' title="bbox 1853 361 3409 434">
    <p class='ocr_par' dir='ltr' id='par_1_2' title="bbox 1853 361 3409 425">
     <span class='ocr_line' id='line_1_2' title="bbox 1853 361 3409 425; baseline 0.004 -7"><span class='ocrx_word' id='word_1_5' title='bbox 1853 361 2089 421; x_wconf 78' lang='lat' dir='ltr'><strong>)OBUM.</strong></span> <span class='ocrx_word' id='word_1_6' title='bbox 2127 393 2201 408; x_wconf 90' lang='lat'><strong>-—-</strong></span> <span class='ocrx_word' id='word_1_7' title='bbox 2239 363 2368 421; x_wconf 80' lang='lat' dir='ltr'><strong>LIB.</strong></span> <span class='ocrx_word' id='word_1_8' title='bbox 2412 366 2476 421; x_wconf 76' lang='grc' dir='ltr'><strong>γ.</strong></span> <span class='ocrx_word' id='word_1_9' title='bbox 3301 367 3409 425; x_wconf 79' lang='grc'><strong>618</strong></span> 
     </span>
    </p>
   </div>
   <div class='ocr_carea' id='block_1_3' title="bbox 176 478 3409 554">
    <p class='ocr_par' dir='ltr' id='par_1_3' title="bbox 176 478 3409 554">
     <span class='ocr_line' id='line_1_3' title="bbox 176 478 3409 554; baseline -0.001 -8"><span class='ocrx_word' id='word_1_10' title='bbox 176 491 295 549; x_wconf 74' lang='lat' dir='ltr'><strong>eidem</strong></span> <span class='ocrx_word' id='word_1_11' title='bbox 335 482 551 543; x_wconf 79' lang='lat' dir='ltr'><strong>Alacbis</strong></span> <span class='ocrx_word' id='word_1_12' title='bbox 594 482 1025 541; x_wconf 69' lang='lat' dir='ltr'><strong>benedictionem</strong></span> <span class='ocrx_word' id='word_1_13' title='bbox 1066 491 1268 539; x_wconf 82' lang='lat' dir='ltr'><strong>sanctae</strong></span> <span class='ocrx_word' id='word_1_14' title='bbox 1308 481 1567 539; x_wconf 68' lang='lat' dir='ltr'><strong>Ecclesiae</strong></span> <span class='ocrx_word' id='word_1_15' title='bbox 1600 496 1712 539; x_wconf 67' lang='lat' dir='ltr'><strong>suae</strong></span> <span class='ocrx_word' id='word_1_16' title='bbox 1738 489 1791 549; x_wconf 73' lang='grc' dir='ltr'>Α</span> <span class='ocrx_word' id='word_1_17' title='bbox 1811 478 2098 549; x_wconf 82' lang='lat' dir='ltr'><strong>juvenibus</strong></span> <span class='ocrx_word' id='word_1_18' title='bbox 2130 480 2251 548; x_wconf 90' lang='lat' dir='ltr'><strong>tuis,</strong></span> <span class='ocrx_word' id='word_1_19' title='bbox 2284 495 2383 537; x_wconf 89' lang='lat' dir='ltr'><strong>nos</strong></span> <span class='ocrx_word' id='word_1_20' title='bbox 2406 487 2588 538; x_wconf 88' lang='lat' dir='ltr'><strong>autem</strong></span> <span class='ocrx_word' id='word_1_21' title='bbox 2622 495 2744 538; x_wconf 92' lang='lat' dir='ltr'><strong>cum</strong></span> <span class='ocrx_word' id='word_1_22' title='bbox 2775 481 2995 554; x_wconf 80' lang='lat' dir='ltr'><strong>reliquis</strong></span> <span class='ocrx_word' id='word_1_23' title='bbox 3026 482 3271 540; x_wconf 80' lang='lat' dir='ltr'><strong>ﬁdelibus</strong></span> <span class='ocrx_word' id='word_1_24' title='bbox 3300 487 3409 542; x_wconf 91' lang='lat' dir='ltr'><strong>tuis</strong></span> 
     </span>
    </p>
   </div>
   <div class='ocr_carea' id='block_1_4' title="bbox 175 573 3413 638">
    <p class='ocr_par' dir='ltr' id='par_1_4' title="bbox 175 573 3413 638">
     <span class='ocr_line' id='line_1_4' title="bbox 175 573 3413 638; baseline -0.001 -1"><span class='ocrx_word' id='word_1_25' title='bbox 175 578 434 638; x_wconf 69' lang='lat' dir='ltr'><strong>transmisit.</strong></span> <span class='ocrx_word' id='word_1_26' title='bbox 458 576 771 633; x_wconf 82' lang='lat' dir='ltr'><strong>Nuntiatum</strong></span> <span class='ocrx_word' id='word_1_27' title='bbox 800 582 885 631; x_wconf 89' lang='lat' dir='ltr'><strong>est</strong></span> <span class='ocrx_word' id='word_1_28' title='bbox 906 575 1121 631; x_wconf 83' lang='lat' dir='ltr'><strong>Alachis</strong></span> <span class='ocrx_word' id='word_1_29' title='bbox 1141 575 1403 631; x_wconf 83' lang='lat' dir='ltr'><strong>Thomam</strong></span> <span class='ocrx_word' id='word_1_30' title='bbox 1429 575 1715 631; x_wconf 87' lang='lat' dir='ltr'><strong>diaconum</strong></span> <span class='ocrx_word' id='word_1_31' title='bbox 1819 573 2169 631; x_wconf 76' lang='lat' dir='ltr'><strong>defendemus</strong></span> <span class='ocrx_word' id='word_1_32' title='bbox 2208 574 2301 631; x_wconf 88' lang='lat' dir='ltr'><strong>tibi</strong></span> <span class='ocrx_word' id='word_1_33' title='bbox 2350 575 2487 631; x_wconf 88' lang='lat' dir='ltr'><strong>hanc</strong></span> <span class='ocrx_word' id='word_1_34' title='bbox 2516 574 2803 632; x_wconf 85' lang='lat' dir='ltr'><strong>civitatem.</strong></span> <span class='ocrx_word' id='word_1_35' title='bbox 2848 575 2953 634; x_wconf 88' lang='lat' dir='ltr'><strong>Sed</strong></span> <span class='ocrx_word' id='word_1_36' title='bbox 2997 584 3053 633; x_wconf 91' lang='lat' dir='ltr'><strong>et</strong></span> <span class='ocrx_word' id='word_1_37' title='bbox 3094 578 3162 633; x_wconf 91' lang='lat' dir='ltr'><strong>ita</strong></span> <span class='ocrx_word' id='word_1_38' title='bbox 3204 577 3296 633; x_wconf 90' lang='lat' dir='ltr'><strong>tibi</strong></span> <span class='ocrx_word' id='word_1_39' title='bbox 3326 594 3413 633; x_wconf 88' lang='lat' dir='ltr'><strong>rc-</strong></span> 
     </span>
    </p>
   </div>
   <div class='ocr_carea' id='block_1_5' title="bbox 172 665 3412 740">
    <p class='ocr_par' dir='ltr' id='par_1_5' title="bbox 172 665 3412 740">
     <span class='ocr_line' id='line_1_5' title="bbox 172 665 3412 740; baseline -0.002 -11"><span class='ocrx_word' id='word_1_40' title='bbox 172 682 254 729; x_wconf 79' lang='lat' dir='ltr'><strong>tute</strong></span> <span class='ocrx_word' id='word_1_41' title='bbox 277 671 415 728; x_wconf 88' lang='lat' dir='ltr'><strong>fores</strong></span> <span class='ocrx_word' id='word_1_42' title='bbox 442 677 653 733; x_wconf 87' lang='lat' dir='ltr'><strong>astare,</strong></span> <span class='ocrx_word' id='word_1_43' title='bbox 686 665 1223 737; x_wconf 88' lang='lat' dir='ltr'><strong>benedictionemque</strong></span> <span class='ocrx_word' id='word_1_44' title='bbox 1245 666 1312 723; x_wconf 86' lang='lat' dir='ltr'><strong>ab</strong></span> <span class='ocrx_word' id='word_1_45' title='bbox 1335 667 1591 737; x_wconf 91' lang='lat' dir='ltr'><strong>episcopo</strong></span> <span class='ocrx_word' id='word_1_46' title='bbox 1615 665 1713 723; x_wconf 89' lang='lat' dir='ltr'><strong>de-</strong></span> <span class='ocrx_word' id='word_1_47' title='bbox 1820 669 2203 740; x_wconf 89' lang='lat' dir='ltr'><strong>promittimus,</strong></span> <span class='ocrx_word' id='word_1_48' title='bbox 2235 678 2292 725; x_wconf 93' lang='lat' dir='ltr'><strong>ut</strong></span> <span class='ocrx_word' id='word_1_49' title='bbox 2320 671 2373 725; x_wconf 93' lang='lat' dir='ltr'><strong>in</strong></span> <span class='ocrx_word' id='word_1_50' title='bbox 2402 668 2650 739; x_wconf 82' lang='lat' dir='ltr'><strong>proximo</strong></span> <span class='ocrx_word' id='word_1_51' title='bbox 2678 669 2880 725; x_wconf 92' lang='lat' dir='ltr'><strong>inimici</strong></span> <span class='ocrx_word' id='word_1_52' title='bbox 2911 670 2987 725; x_wconf 92' lang='lat' dir='ltr'><strong>tui</strong></span> <span class='ocrx_word' id='word_1_53' title='bbox 3015 669 3291 727; x_wconf 85' lang='lat' dir='ltr'><strong>Cuniberti</strong></span> <span class='ocrx_word' id='word_1_54' title='bbox 3319 686 3412 725; x_wconf 83' lang='lat' dir='ltr'><strong>ca-</strong></span> 
     </span>
    </p>
   </div>
   <div class='ocr_carea' id='block_1_6' title="bbox 172 760 3409 833">
    <p class='ocr_par' dir='ltr' id='par_1_6' title="bbox 172 760 3409 833">
     <span class='ocr_line' id='line_1_6' title="bbox 172 760 3409 833; baseline -0 -12"><span class='ocrx_word' id='word_1_55' title='bbox 172 767 324 822; x_wconf 82' lang='lat' dir='ltr'><strong>tulisse.</strong></span> <span class='ocrx_word' id='word_1_56' title='bbox 351 764 504 820; x_wconf 81' lang='lat' dir='ltr'><strong>Tunc</strong></span> <span class='ocrx_word' id='word_1_57' title='bbox 533 760 778 829; x_wconf 83' lang='lat' dir='ltr'><strong>Alachis,</strong></span> <span class='ocrx_word' id='word_1_58' title='bbox 805 761 931 832; x_wconf 91' lang='lat' dir='ltr'><strong>qui,</strong></span> <span class='ocrx_word' id='word_1_59' title='bbox 966 770 1022 817; x_wconf 94' lang='lat' dir='ltr'><strong>ut</strong></span> <span class='ocrx_word' id='word_1_60' title='bbox 1046 761 1300 829; x_wconf 81' lang='lat' dir='ltr'><strong>diximus,</strong></span> <span class='ocrx_word' id='word_1_61' title='bbox 1335 776 1525 817; x_wconf 91' lang='lat' dir='ltr'><strong>omnes</strong></span> <span class='ocrx_word' id='word_1_62' title='bbox 1553 761 1715 817; x_wconf 88' lang='lat' dir='ltr'><strong>cleri-</strong></span> <span class='ocrx_word' id='word_1_63' title='bbox 1821 774 1915 832; x_wconf 87' lang='lat' dir='ltr'><strong>put</strong></span> <span class='ocrx_word' id='word_1_64' title='bbox 1935 761 2245 818; x_wconf 79' lang='lat' dir='ltr'><strong>afferamus.</strong></span> <span class='ocrx_word' id='word_1_65' title='bbox 2273 762 2373 831; x_wconf 87' lang='lat' dir='ltr'><strong>Qui</strong></span> <span class='ocrx_word' id='word_1_66' title='bbox 2397 778 2583 819; x_wconf 91' lang='lat' dir='ltr'><strong>eorum</strong></span> <span class='ocrx_word' id='word_1_67' title='bbox 2609 764 2785 820; x_wconf 82' lang='lat' dir='ltr'><strong>verbis</strong></span> <span class='ocrx_word' id='word_1_68' title='bbox 2808 778 3111 833; x_wconf 80' lang='lat' dir='ltr'><strong>persuasus,</strong></span> <span class='ocrx_word' id='word_1_69' title='bbox 3141 765 3409 820; x_wconf 84' lang='lat' dir='ltr'><strong>civitatem</strong></span> 
     </span>
    </p>
   </div>
   <div class='ocr_carea' id='block_1_7' title="bbox 170 851 3415 924">
    <p class='ocr_par' dir='ltr' id='par_1_7' title="bbox 170 851 3415 924">
     <span class='ocr_line' id='line_1_7' title="bbox 170 851 3415 924; baseline -0.001 -12"><span class='ocrx_word' id='word_1_70' title='bbox 170 873 230 913; x_wconf 85' lang='lat' dir='ltr'><strong>eos</strong></span> <span class='ocrx_word' id='word_1_71' title='bbox 249 853 367 911; x_wconf 90' lang='lat' dir='ltr'><strong>odio</strong></span> <span class='ocrx_word' id='word_1_72' title='bbox 389 853 661 921; x_wconf 84' lang='lat' dir='ltr'><strong>habebat,</strong></span> <span class='ocrx_word' id='word_1_73' title='bbox 692 853 765 907; x_wconf 88' lang='lat' dir='ltr'><strong>ita</strong></span> <span class='ocrx_word' id='word_1_74' title='bbox 795 851 969 923; x_wconf 90' lang='lat' dir='ltr'><strong>inquit</strong></span> <span class='ocrx_word' id='word_1_75' title='bbox 994 852 1064 908; x_wconf 90' lang='lat' dir='ltr'><strong>ad</strong></span> <span class='ocrx_word' id='word_1_76' title='bbox 1092 867 1220 909; x_wconf 88' lang='lat' dir='ltr'><strong>suos</strong></span> <span class='ocrx_word' id='word_1_77' title='bbox 1244 869 1260 909; x_wconf 91' lang='lat'><strong>:</strong></span> <span class='ocrx_word' id='word_1_78' title='bbox 1284 853 1381 920; x_wconf 87' lang='lat' dir='ltr'><strong>ite,</strong></span> <span class='ocrx_word' id='word_1_79' title='bbox 1404 853 1566 909; x_wconf 83' lang='lat' dir='ltr'><strong>dicite</strong></span> <span class='ocrx_word' id='word_1_80' title='bbox 1593 853 1670 908; x_wconf 88' lang='lat' dir='ltr'><strong>illi</strong></span> <span class='ocrx_word' id='word_1_81' title='bbox 1700 870 1714 908; x_wconf 89' lang='lat'><strong>:</strong></span> <span class='ocrx_word' id='word_1_82' title='bbox 1819 867 2091 924; x_wconf 87' lang='lat' dir='ltr'><strong>egressus,</strong></span> <span class='ocrx_word' id='word_1_83' title='bbox 2123 863 2282 924; x_wconf 85' lang='lat' dir='ltr'><strong>atque</strong></span> <span class='ocrx_word' id='word_1_84' title='bbox 2310 854 2376 910; x_wconf 90' lang='lat' dir='ltr'><strong>ad</strong></span> <span class='ocrx_word' id='word_1_85' title='bbox 2408 854 2603 911; x_wconf 88' lang='lat' dir='ltr'><strong>Urbem</strong></span> <span class='ocrx_word' id='word_1_86' title='bbox 2630 853 2987 911; x_wconf 83' lang='lat' dir='ltr'><strong>vastissimam</strong></span> <span class='ocrx_word' id='word_1_87' title='bbox 3021 853 3208 909; x_wconf 83' lang='lat' dir='ltr'><strong>silvam</strong></span> <span class='ocrx_word' id='word_1_88' title='bbox 3238 856 3415 924; x_wconf 83' lang='lat' dir='ltr'><strong>profe-</strong></span> 
     </span>
    </p>
   </div>
   <div class='ocr_carea' id='block_1_8' title="bbox 170 946 3414 1019">
    <p class='ocr_par' dir='ltr' id='par_1_8' title="bbox 170 946 3414 1019">
     <span class='ocr_line' id='line_1_8' title="bbox 170 946 3414 1019; baseline -0.001 -11"><span class='ocrx_word' id='word_1_89' title='bbox 170 954 204 1009; x_wconf 86' lang='lat' dir='ltr'><strong>Si</strong></span> <span class='ocrx_word' id='word_1_90' title='bbox 221 948 397 1006; x_wconf 84' lang='lat' dir='ltr'><strong>munda</strong></span> <span class='ocrx_word' id='word_1_91' title='bbox 442 946 723 1004; x_wconf 86' lang='lat' dir='ltr'><strong>femoralia</strong></span> <span class='ocrx_word' id='word_1_92' title='bbox 749 946 932 1013; x_wconf 88' lang='lat' dir='ltr'><strong>habet,</strong></span> <span class='ocrx_word' id='word_1_93' title='bbox 960 947 1160 1013; x_wconf 89' lang='lat' dir='ltr'><strong>intret;</strong></span> <span class='ocrx_word' id='word_1_94' title='bbox 1199 947 1282 1003; x_wconf 91' lang='lat' dir='ltr'><strong>sin</strong></span> <span class='ocrx_word' id='word_1_95' title='bbox 1319 957 1496 1003; x_wconf 87' lang='lat' dir='ltr'><strong>autem</strong></span> <span class='ocrx_word' id='word_1_96' title='bbox 1536 947 1717 1014; x_wconf 89' lang='lat' dir='ltr'><strong>aliter,</strong></span> <span class='ocrx_word' id='word_1_97' title='bbox 1820 958 1939 1004; x_wconf 89' lang='lat' dir='ltr'><strong>ctus</strong></span> <span class='ocrx_word' id='word_1_98' title='bbox 1958 958 2059 1015; x_wconf 90' lang='lat' dir='ltr'><strong>est,</strong></span> <span class='ocrx_word' id='word_1_99' title='bbox 2075 948 2255 1019; x_wconf 92' lang='lat' dir='ltr'><strong>ibique</strong></span> <span class='ocrx_word' id='word_1_100' title='bbox 2273 949 2480 1019; x_wconf 89' lang='lat' dir='ltr'><strong>sejocis</strong></span> <span class='ocrx_word' id='word_1_101' title='bbox 2500 959 2555 1005; x_wconf 92' lang='lat' dir='ltr'><strong>et</strong></span> <span class='ocrx_word' id='word_1_102' title='bbox 2568 949 2943 1006; x_wconf 89' lang='lat' dir='ltr'><strong>venationibus</strong></span> <span class='ocrx_word' id='word_1_103' title='bbox 2964 950 3414 1018; x_wconf 80' lang='lat' dir='ltr'><strong>exercereecepit.</strong></span> 
     </span>
    </p>
   </div>
   <div class='ocr_carea' id='block_1_9' title="bbox 169 1038 3409 1111">
    <p class='ocr_par' dir='ltr' id='par_1_9' title="bbox 169 1038 3409 1111">
     <span class='ocr_line' id='line_1_9' title="bbox 169 1038 3409 1111; baseline -0.001 -12"><span class='ocrx_word' id='word_1_104' title='bbox 169 1044 253 1099; x_wconf 85' lang='lat' dir='ltr'><strong>loris</strong></span> <span class='ocrx_word' id='word_1_105' title='bbox 276 1041 546 1098; x_wconf 89' lang='lat' dir='ltr'><strong>contineat</strong></span> <span class='ocrx_word' id='word_1_106' title='bbox 572 1040 785 1111; x_wconf 87' lang='lat' dir='ltr'><strong>pedem.</strong></span> <span class='ocrx_word' id='word_1_107' title='bbox 817 1040 1053 1097; x_wconf 85' lang='lat' dir='ltr'><strong>Thomas</strong></span> <span class='ocrx_word' id='word_1_108' title='bbox 1082 1054 1211 1097; x_wconf 89' lang='lat' dir='ltr'><strong>vero</strong></span> <span class='ocrx_word' id='word_1_109' title='bbox 1238 1055 1360 1097; x_wconf 88' lang='lat' dir='ltr'><strong>cum</strong></span> <span class='ocrx_word' id='word_1_110' title='bbox 1389 1040 1487 1097; x_wconf 90' lang='lat' dir='ltr'><strong>hos</strong></span> <span class='ocrx_word' id='word_1_111' title='bbox 1511 1054 1719 1097; x_wconf 89' lang='lat' dir='ltr'><strong>sermo—</strong></span> <span class='ocrx_word' id='word_1_112' title='bbox 1820 1038 1959 1095; x_wconf 82' lang='lat' dir='ltr'><strong>Aldo</strong></span> <span class='ocrx_word' id='word_1_113' title='bbox 1991 1054 2121 1097; x_wconf 91' lang='lat' dir='ltr'><strong>vero</strong></span> <span class='ocrx_word' id='word_1_114' title='bbox 2148 1048 2205 1096; x_wconf 92' lang='lat' dir='ltr'><strong>et</strong></span> <span class='ocrx_word' id='word_1_115' title='bbox 2235 1038 2443 1096; x_wconf 86' lang='lat' dir='ltr'><strong>Grauso</strong></span> <span class='ocrx_word' id='word_1_116' title='bbox 2468 1047 2659 1097; x_wconf 89' lang='lat' dir='ltr'><strong>euntes</strong></span> <span class='ocrx_word' id='word_1_117' title='bbox 2685 1040 2754 1096; x_wconf 91' lang='lat' dir='ltr'><strong>ad</strong></span> <span class='ocrx_word' id='word_1_118' title='bbox 2784 1040 2957 1097; x_wconf 87' lang='lat' dir='ltr'><strong>lacum</strong></span> <span class='ocrx_word' id='word_1_119' title='bbox 2988 1041 3409 1105; x_wconf 87' lang='lat' dir='ltr'><strong>Commacinum,</strong></span> 
     </span>
    </p>
   </div>
   <div class='ocr_carea' id='block_1_10' title="bbox 167 1130 3415 1204">
    <p class='ocr_par' dir='ltr' id='par_1_10' title="bbox 167 1130 3415 1204">
     <span class='ocr_line' id='line_1_10' title="bbox 167 1130 3415 1204; baseline -0.002 -12"><span class='ocrx_word' id='word_1_120' title='bbox 167 1152 228 1192; x_wconf 84' lang='lat' dir='ltr'><strong>nes</strong></span> <span class='ocrx_word' id='word_1_121' title='bbox 245 1134 478 1191; x_wconf 86' lang='lat' dir='ltr'><strong>audisset</strong></span> <span class='ocrx_word' id='word_1_122' title='bbox 499 1174 515 1201; x_wconf 96' lang='lat'><strong>,</strong></span> <span class='ocrx_word' id='word_1_123' title='bbox 546 1133 620 1190; x_wconf 90' lang='lat' dir='ltr'><strong>ita</strong></span> <span class='ocrx_word' id='word_1_124' title='bbox 653 1132 930 1203; x_wconf 87' lang='lat' dir='ltr'><strong>respondit</strong></span> <span class='ocrx_word' id='word_1_125' title='bbox 963 1150 976 1187; x_wconf 88' lang='lat'><strong>:</strong></span> <span class='ocrx_word' id='word_1_126' title='bbox 1009 1132 1257 1189; x_wconf 84' lang='lat' dir='ltr'><strong>Nuntiate</strong></span> <span class='ocrx_word' id='word_1_127' title='bbox 1285 1134 1335 1189; x_wconf 92' lang='lat' dir='ltr'><strong>ei</strong></span> <span class='ocrx_word' id='word_1_128' title='bbox 1366 1132 1491 1204; x_wconf 90' lang='lat' dir='ltr'><strong>quia</strong></span> <span class='ocrx_word' id='word_1_129' title='bbox 1521 1132 1719 1188; x_wconf 86' lang='lat' dir='ltr'><strong>munda</strong></span> <span class='ocrx_word' id='word_1_130' title='bbox 1822 1130 2158 1202; x_wconf 74' lang='lat' dir='ltr'><strong>ingressique</strong></span> <span class='ocrx_word' id='word_1_131' title='bbox 2190 1144 2405 1197; x_wconf 87' lang='lat' dir='ltr'><strong>navem,</strong></span> <span class='ocrx_word' id='word_1_132' title='bbox 2435 1131 2502 1186; x_wconf 85' lang='lat' dir='ltr'><strong>ad</strong></span> <span class='ocrx_word' id='word_1_133' title='bbox 2524 1130 2880 1187; x_wconf 56' lang='lat' dir='ltr'><strong>&#39;Cunibertum</strong></span> <span class='ocrx_word' id='word_1_134' title='bbox 2908 1131 3133 1202; x_wconf 84' lang='lat' dir='ltr'><strong>profecti</strong></span> <span class='ocrx_word' id='word_1_135' title='bbox 3159 1139 3302 1188; x_wconf 90' lang='lat' dir='ltr'><strong>sunt.</strong></span> <span class='ocrx_word' id='word_1_136' title='bbox 3335 1132 3415 1187; x_wconf 88' lang='lat' dir='ltr'><strong>Ad</strong></span> 
     </span>
    </p>
   </div>
   <div class='ocr_carea' id='block_1_11' title="bbox 166 1222 3421 1297">
    <p class='ocr_par' dir='ltr' id='par_1_11' title="bbox 166 1222 3421 1297">
     <span class='ocr_line' id='line_1_11' title="bbox 166 1222 3421 1297; baseline -0.001 -12"><span class='ocrx_word' id='word_1_137' title='bbox 166 1228 397 1286; x_wconf 85' lang='lat' dir='ltr'><strong>femoralia</strong></span> <span class='ocrx_word' id='word_1_138' title='bbox 429 1227 604 1283; x_wconf 92' lang='lat' dir='ltr'><strong>habeo</strong></span> <span class='ocrx_word' id='word_1_139' title='bbox 627 1267 644 1293; x_wconf 93' lang='lat'><strong>,</strong></span> <span class='ocrx_word' id='word_1_140' title='bbox 672 1227 868 1296; x_wconf 89' lang='lat' dir='ltr'><strong>quippe</strong></span> <span class='ocrx_word' id='word_1_141' title='bbox 898 1224 990 1297; x_wconf 93' lang='lat' dir='ltr'><strong>qui</strong></span> <span class='ocrx_word' id='word_1_142' title='bbox 1017 1240 1084 1283; x_wconf 89' lang='lat' dir='ltr'><strong>ea</strong></span> <span class='ocrx_word' id='word_1_143' title='bbox 1126 1225 1288 1282; x_wconf 89' lang='lat' dir='ltr'><strong>hodie</strong></span> <span class='ocrx_word' id='word_1_144' title='bbox 1314 1229 1341 1259; x_wconf 79' lang='grc'>⁸</span> <span class='ocrx_word' id='word_1_145' title='bbox 1370 1226 1477 1281; x_wconf 89' lang='lat' dir='ltr'><strong>lota</strong></span> <span class='ocrx_word' id='word_1_146' title='bbox 1503 1225 1721 1280; x_wconf 89' lang='lat' dir='ltr'><strong>indutus</strong></span> <span class='ocrx_word' id='word_1_147' title='bbox 1819 1236 1979 1294; x_wconf 91' lang='lat' dir='ltr'><strong>quem</strong></span> <span class='ocrx_word' id='word_1_148' title='bbox 2011 1222 2320 1292; x_wconf 89' lang='lat' dir='ltr'><strong>venientes,</strong></span> <span class='ocrx_word' id='word_1_149' title='bbox 2361 1225 2479 1295; x_wconf 86' lang='lat' dir='ltr'><strong>ejus</strong></span> <span class='ocrx_word' id='word_1_150' title='bbox 2529 1224 2754 1293; x_wconf 89' lang='lat' dir='ltr'><strong>pedibus</strong></span> <span class='ocrx_word' id='word_1_151' title='bbox 2802 1225 3095 1296; x_wconf 86' lang='lat' dir='ltr'><strong>provoluti,</strong></span> <span class='ocrx_word' id='word_1_152' title='bbox 3128 1241 3187 1282; x_wconf 90' lang='lat' dir='ltr'><strong>se</strong></span> <span class='ocrx_word' id='word_1_153' title='bbox 3231 1237 3421 1282; x_wconf 87' lang='lat' dir='ltr'><strong>contra</strong></span> 
     </span>
    </p>
   </div>
   <div class='ocr_carea' id='block_1_12' title="bbox 164 1315 3423 1389">
    <p class='ocr_par' dir='ltr' id='par_1_12' title="bbox 164 1315 3423 1389">
     <span class='ocr_line' id='line_1_12' title="bbox 164 1315 3423 1389; baseline -0.001 -11"><span class='ocrx_word' id='word_1_154' title='bbox 164 1338 257 1378; x_wconf 81' lang='lat' dir='ltr'><strong>sum.</strong></span> <span class='ocrx_word' id='word_1_155' title='bbox 306 1320 403 1378; x_wconf 88' lang='lat' dir='ltr'><strong>Cui</strong></span> <span class='ocrx_word' id='word_1_156' title='bbox 444 1319 473 1360; x_wconf 70' lang='grc' dir='ltr'>δ</span> <span class='ocrx_word' id='word_1_157' title='bbox 518 1319 734 1377; x_wconf 82' lang='lat' dir='ltr'><strong>Alacbis</strong></span> <span class='ocrx_word' id='word_1_158' title='bbox 766 1338 779 1375; x_wconf 90' lang='lat'><strong>:</strong></span> <span class='ocrx_word' id='word_1_159' title='bbox 812 1318 887 1375; x_wconf 90' lang='lat' dir='ltr'><strong>lte</strong></span> <span class='ocrx_word' id='word_1_160' title='bbox 929 1322 1156 1387; x_wconf 86' lang='lat' dir='ltr'><strong>iterato,</strong></span> <span class='ocrx_word' id='word_1_161' title='bbox 1198 1329 1255 1377; x_wconf 93' lang='lat' dir='ltr'><strong>et</strong></span> <span class='ocrx_word' id='word_1_162' title='bbox 1293 1319 1455 1378; x_wconf 89' lang='lat' dir='ltr'><strong>dicite</strong></span> <span class='ocrx_word' id='word_1_163' title='bbox 1490 1319 1569 1375; x_wconf 82' lang='lat' dir='ltr'><strong>illi</strong></span> <span class='ocrx_word' id='word_1_164' title='bbox 1596 1317 1721 1389; x_wconf 86' lang='lat' dir='ltr'><strong>quia</strong></span> <span class='ocrx_word' id='word_1_165' title='bbox 1821 1328 1945 1371; x_wconf 91' lang='lat' dir='ltr'><strong>eum</strong></span> <span class='ocrx_word' id='word_1_166' title='bbox 1976 1315 2224 1385; x_wconf 85' lang='lat' dir='ltr'><strong>nequiter</strong></span> <span class='ocrx_word' id='word_1_167' title='bbox 2245 1317 2423 1386; x_wconf 79' lang='lat' dir='ltr'><strong>egisse</strong></span> <span class='ocrx_word' id='word_1_168' title='bbox 2452 1316 2678 1387; x_wconf 89' lang='lat' dir='ltr'><strong>professi</strong></span> <span class='ocrx_word' id='word_1_169' title='bbox 2697 1326 2843 1385; x_wconf 92' lang='lat' dir='ltr'><strong>sunt,</strong></span> <span class='ocrx_word' id='word_1_170' title='bbox 2867 1318 3025 1387; x_wconf 85' lang='lat' dir='ltr'><strong>eique</strong></span> <span class='ocrx_word' id='word_1_171' title='bbox 3050 1318 3178 1389; x_wconf 92' lang='lat' dir='ltr'><strong>quid</strong></span> <span class='ocrx_word' id='word_1_172' title='bbox 3207 1318 3423 1376; x_wconf 78' lang='lat' dir='ltr'><strong>Alacliis</strong></span> 
     </span>
    </p>
   </div>
   <div class='ocr_carea' id='block_1_13' title="bbox 163 1408 3422 1488">
    <p class='ocr_par' dir='ltr' id='par_1_13' title="bbox 163 1408 3422 1488">
     <span class='ocr_line' id='line_1_13' title="bbox 163 1408 3422 1488; baseline 0.001 -17"><span class='ocrx_word' id='word_1_173' title='bbox 163 1432 227 1488; x_wconf 72' lang='lat' dir='ltr'><strong>ego</strong></span> <span class='ocrx_word' id='word_1_174' title='bbox 264 1431 370 1471; x_wconf 92' lang='lat' dir='ltr'><strong>non</strong></span> <span class='ocrx_word' id='word_1_175' title='bbox 414 1414 538 1470; x_wconf 91' lang='lat' dir='ltr'><strong>dico</strong></span> <span class='ocrx_word' id='word_1_176' title='bbox 575 1413 643 1469; x_wconf 92' lang='lat' dir='ltr'><strong>de</strong></span> <span class='ocrx_word' id='word_1_177' title='bbox 674 1410 1021 1470; x_wconf 83' lang='lat' dir='ltr'><strong>femoralibus</strong></span> <span class='ocrx_word' id='word_1_178' title='bbox 1041 1453 1057 1479; x_wconf 96' lang='lat'><strong>,</strong></span> <span class='ocrx_word' id='word_1_179' title='bbox 1087 1412 1183 1469; x_wconf 90' lang='lat' dir='ltr'><strong>sed</strong></span> <span class='ocrx_word' id='word_1_180' title='bbox 1224 1413 1293 1468; x_wconf 89' lang='lat' dir='ltr'><strong>de</strong></span> <span class='ocrx_word' id='word_1_181' title='bbox 1335 1411 1403 1467; x_wconf 84' lang='lat' dir='ltr'><strong>iis</strong></span> <span class='ocrx_word' id='word_1_182' title='bbox 1430 1424 1551 1483; x_wconf 76' lang='lat' dir='ltr'><strong>quae</strong></span> <span class='ocrx_word' id='word_1_183' title='bbox 1581 1411 1721 1467; x_wconf 89' lang='lat' dir='ltr'><strong>intra</strong></span> <span class='ocrx_word' id='word_1_184' title='bbox 1823 1408 2090 1466; x_wconf 86' lang='lat' dir='ltr'><strong>malitiose</strong></span> <span class='ocrx_word' id='word_1_185' title='bbox 2115 1421 2301 1467; x_wconf 91' lang='lat' dir='ltr'><strong>contra</strong></span> <span class='ocrx_word' id='word_1_186' title='bbox 2330 1426 2427 1469; x_wconf 90' lang='lat' dir='ltr'><strong>eos</strong></span> <span class='ocrx_word' id='word_1_187' title='bbox 2456 1412 2666 1470; x_wconf 89' lang='lat' dir='ltr'><strong>locutus</strong></span> <span class='ocrx_word' id='word_1_188' title='bbox 2694 1415 2884 1482; x_wconf 88' lang='lat' dir='ltr'><strong>fuerat,</strong></span> <span class='ocrx_word' id='word_1_189' title='bbox 2921 1416 3007 1470; x_wconf 88' lang='lat' dir='ltr'><strong>vel</strong></span> <span class='ocrx_word' id='word_1_190' title='bbox 3037 1416 3195 1485; x_wconf 91' lang='lat' dir='ltr'><strong>quale</strong></span> <span class='ocrx_word' id='word_1_191' title='bbox 3225 1418 3323 1486; x_wconf 91' lang='lat' dir='ltr'><strong>ipsi</strong></span> <span class='ocrx_word' id='word_1_192' title='bbox 3355 1417 3422 1473; x_wconf 82' lang='lat' dir='ltr'><strong>ad</strong></span> 
     </span>
    </p>
   </div>
   <div class='ocr_carea' id='block_1_14' title="bbox 163 1498 3423 1575">
    <p class='ocr_par' dir='ltr' id='par_1_14' title="bbox 163 1498 3423 1575">
     <span class='ocr_line' id='line_1_14' title="bbox 163 1498 3423 1575; baseline 0 -11"><span class='ocrx_word' id='word_1_193' title='bbox 163 1506 395 1564; x_wconf 84' lang='lat' dir='ltr'><strong>femoralia</strong></span> <span class='ocrx_word' id='word_1_194' title='bbox 423 1506 708 1562; x_wconf 89' lang='lat' dir='ltr'><strong>habentur.</strong></span> <span class='ocrx_word' id='word_1_195' title='bbox 748 1503 832 1559; x_wconf 83' lang='lat' dir='ltr'><strong>Ad</strong></span> <span class='ocrx_word' id='word_1_196' title='bbox 863 1503 978 1559; x_wconf 64' lang='lat' dir='ltr'><strong>haec</strong></span> <span class='ocrx_word' id='word_1_197' title='bbox 1015 1502 1251 1559; x_wconf 83' lang='lat' dir='ltr'><strong>Thomas</strong></span> <span class='ocrx_word' id='word_1_198' title='bbox 1298 1503 1373 1558; x_wconf 84' lang='lat' dir='ltr'><strong>ita</strong></span> <span class='ocrx_word' id='word_1_199' title='bbox 1418 1498 1718 1571; x_wconf 85' lang='lat' dir='ltr'><strong>respondit.</strong></span> <span class='ocrx_word' id='word_1_200' title='bbox 1823 1499 1942 1572; x_wconf 90' lang='lat' dir='ltr'><strong>ejus</strong></span> <span class='ocrx_word' id='word_1_201' title='bbox 1968 1502 2321 1573; x_wconf 90' lang='lat' dir='ltr'><strong>perditionem</strong></span> <span class='ocrx_word' id='word_1_202' title='bbox 2353 1504 2639 1561; x_wconf 89' lang='lat' dir='ltr'><strong>consilium</strong></span> <span class='ocrx_word' id='word_1_203' title='bbox 2670 1506 2845 1561; x_wconf 91' lang='lat' dir='ltr'><strong>eidem</strong></span> <span class='ocrx_word' id='word_1_204' title='bbox 2876 1506 3174 1575; x_wconf 89' lang='lat' dir='ltr'><strong>dederunt,</strong></span> <span class='ocrx_word' id='word_1_205' title='bbox 3206 1509 3423 1564; x_wconf 87' lang='lat' dir='ltr'><strong>nuntia-</strong></span> 
     </span>
    </p>
   </div>
   <div class='ocr_carea' id='block_1_15' title="bbox 163 1592 3421 1669">
    <p class='ocr_par' dir='ltr' id='par_1_15' title="bbox 163 1592 3421 1669">
     <span class='ocr_line' id='line_1_15' title="bbox 163 1592 3421 1669; baseline 0.001 -15"><span class='ocrx_word' id='word_1_206' title='bbox 163 1599 225 1667; x_wconf 85' lang='lat' dir='ltr'><strong>lte,</strong></span> <span class='ocrx_word' id='word_1_207' title='bbox 249 1598 411 1654; x_wconf 87' lang='lat' dir='ltr'><strong>dicite</strong></span> <span class='ocrx_word' id='word_1_208' title='bbox 438 1596 517 1653; x_wconf 89' lang='lat' dir='ltr'><strong>illi</strong></span> <span class='ocrx_word' id='word_1_209' title='bbox 553 1614 566 1650; x_wconf 90' lang='lat'><strong>:</strong></span> <span class='ocrx_word' id='word_1_210' title='bbox 597 1596 741 1651; x_wconf 88' lang='lat' dir='ltr'><strong>Deus</strong></span> <span class='ocrx_word' id='word_1_211' title='bbox 770 1596 916 1652; x_wconf 88' lang='lat' dir='ltr'><strong>solus</strong></span> <span class='ocrx_word' id='word_1_212' title='bbox 947 1602 1119 1664; x_wconf 87' lang='lat' dir='ltr'><strong>potest</strong></span> <span class='ocrx_word' id='word_1_213' title='bbox 1146 1594 1200 1650; x_wconf 94' lang='lat' dir='ltr'><strong>in</strong></span> <span class='ocrx_word' id='word_1_214' title='bbox 1232 1607 1319 1650; x_wconf 92' lang='lat' dir='ltr'><strong>me</strong></span> <span class='ocrx_word' id='word_1_215' title='bbox 1348 1594 1404 1649; x_wconf 91' lang='lat' dir='ltr'><strong>in</strong></span> <span class='ocrx_word' id='word_1_216' title='bbox 1434 1594 1517 1648; x_wconf 87' lang='lat' dir='ltr'><strong>his</strong></span> <span class='ocrx_word' id='word_1_217' title='bbox 1542 1592 1722 1649; x_wconf 82' lang='lat' dir='ltr'><strong>causis</strong></span> <span class='ocrx_word' id='word_1_218' title='bbox 1824 1605 2035 1651; x_wconf 86' lang='lat' dir='ltr'><strong>verunt.</strong></span> <span class='ocrx_word' id='word_1_219' title='bbox 2063 1596 2200 1663; x_wconf 87' lang='lat' dir='ltr'><strong>Quid</strong></span> <span class='ocrx_word' id='word_1_220' title='bbox 2234 1597 2419 1667; x_wconf 79' lang='lat' dir='ltr'><strong>plura?</strong></span> <span class='ocrx_word' id='word_1_221' title='bbox 2444 1598 2734 1655; x_wconf 89' lang='lat' dir='ltr'><strong>Fleverunt</strong></span> <span class='ocrx_word' id='word_1_222' title='bbox 2766 1600 2963 1669; x_wconf 89' lang='lat' dir='ltr'><strong>pariter</strong></span> <span class='ocrx_word' id='word_1_223' title='bbox 2996 1610 3053 1661; x_wconf 90' lang='lat' dir='ltr'><strong>et</strong></span> <span class='ocrx_word' id='word_1_224' title='bbox 3081 1603 3219 1659; x_wconf 90' lang='lat' dir='ltr'><strong>inter</strong></span> <span class='ocrx_word' id='word_1_225' title='bbox 3245 1616 3304 1657; x_wconf 88' lang='lat' dir='ltr'><strong>se</strong></span> <span class='ocrx_word' id='word_1_226' title='bbox 3330 1616 3421 1658; x_wconf 86' lang='lat' dir='ltr'><strong>sa-</strong></span> 
     </span>
    </p>
   </div>
   <div class='ocr_carea' id='block_1_16' title="bbox 162 1686 3424 1766">
    <p class='ocr_par' dir='ltr' id='par_1_16' title="bbox 162 1686 3424 1766">
     <span class='ocr_line' id='line_1_16' title="bbox 162 1686 3424 1766; baseline 0.001 -18"><span class='ocrx_word' id='word_1_227' title='bbox 162 1689 601 1763; x_wconf 83' lang='lat' dir='ltr'><strong>reprehensionem</strong></span> <span class='ocrx_word' id='word_1_228' title='bbox 630 1690 897 1756; x_wconf 89' lang='lat' dir='ltr'><strong>invenire,</strong></span> <span class='ocrx_word' id='word_1_229' title='bbox 924 1703 1047 1743; x_wconf 89' lang='lat' dir='ltr'><strong>nam</strong></span> <span class='ocrx_word' id='word_1_230' title='bbox 1075 1686 1166 1743; x_wconf 92' lang='lat' dir='ltr'><strong>ille</strong></span> <span class='ocrx_word' id='word_1_231' title='bbox 1190 1687 1494 1742; x_wconf 87' lang='lat' dir='ltr'><strong>nullatenus</strong></span> <span class='ocrx_word' id='word_1_232' title='bbox 1524 1692 1718 1756; x_wconf 87' lang='lat' dir='ltr'><strong>potest.</strong></span> <span class='ocrx_word' id='word_1_233' title='bbox 1822 1698 2098 1745; x_wconf 74' lang='lat' dir='ltr'><strong>crementa</strong></span> <span class='ocrx_word' id='word_1_234' title='bbox 2126 1690 2391 1748; x_wconf 89' lang='lat' dir='ltr'><strong>dederunt</strong></span> <span class='ocrx_word' id='word_1_235' title='bbox 2412 1734 2427 1757; x_wconf 91' lang='lat'><strong>,</strong></span> <span class='ocrx_word' id='word_1_236' title='bbox 2456 1693 2597 1749; x_wconf 91' lang='lat' dir='ltr'><strong>diem</strong></span> <span class='ocrx_word' id='word_1_237' title='bbox 2623 1702 2922 1751; x_wconf 88' lang='lat' dir='ltr'><strong>statuentes</strong></span> <span class='ocrx_word' id='word_1_238' title='bbox 2952 1698 3004 1752; x_wconf 95' lang='lat' dir='ltr'><strong>in</strong></span> <span class='ocrx_word' id='word_1_239' title='bbox 3032 1712 3136 1766; x_wconf 92' lang='lat' dir='ltr'><strong>quo</strong></span> <span class='ocrx_word' id='word_1_240' title='bbox 3161 1695 3424 1753; x_wconf 90' lang='lat' dir='ltr'><strong>Cuniber-</strong></span> 
     </span>
    </p>
   </div>
   <div class='ocr_carea' id='block_1_17' title="bbox 162 1777 3425 1857">
    <p class='ocr_par' dir='ltr' id='par_1_17' title="bbox 162 1777 3425 1857">
     <span class='ocr_line' id='line_1_17' title="bbox 162 1777 3425 1857; baseline 0.001 -15"><span class='ocrx_word' id='word_1_241' title='bbox 162 1788 359 1857; x_wconf 83' lang='lat' dir='ltr'><strong>Cumque</strong></span> <span class='ocrx_word' id='word_1_242' title='bbox 404 1783 653 1840; x_wconf 89' lang='lat' dir='ltr'><strong>eumdem</strong></span> <span class='ocrx_word' id='word_1_243' title='bbox 703 1782 986 1838; x_wconf 86' lang='lat' dir='ltr'><strong>diaconum</strong></span> <span class='ocrx_word' id='word_1_244' title='bbox 1030 1780 1252 1837; x_wconf 80' lang='lat' dir='ltr'><strong>Alachis</strong></span> <span class='ocrx_word' id='word_1_245' title='bbox 1298 1779 1366 1836; x_wconf 90' lang='lat' dir='ltr'><strong>ad</strong></span> <span class='ocrx_word' id='word_1_246' title='bbox 1409 1794 1469 1837; x_wconf 87' lang='lat' dir='ltr'><strong>se</strong></span> <span class='ocrx_word' id='word_1_247' title='bbox 1515 1777 1723 1850; x_wconf 88' lang='lat' dir='ltr'><strong>ingredi</strong></span> <span class='ocrx_word' id='word_1_248' title='bbox 1826 1788 1913 1838; x_wconf 90' lang='lat' dir='ltr'><strong>tus</strong></span> <span class='ocrx_word' id='word_1_249' title='bbox 1943 1784 2183 1852; x_wconf 87' lang='lat' dir='ltr'><strong>veniret,</strong></span> <span class='ocrx_word' id='word_1_250' title='bbox 2230 1793 2290 1840; x_wconf 90' lang='lat' dir='ltr'><strong>ut</strong></span> <span class='ocrx_word' id='word_1_251' title='bbox 2320 1784 2421 1855; x_wconf 92' lang='lat' dir='ltr'><strong>ipsi</strong></span> <span class='ocrx_word' id='word_1_252' title='bbox 2448 1787 2727 1843; x_wconf 89' lang='lat' dir='ltr'><strong>civitatem</strong></span> <span class='ocrx_word' id='word_1_253' title='bbox 2777 1789 3115 1846; x_wconf 82' lang='lat' dir='ltr'><strong>Ticinensem</strong></span> <span class='ocrx_word' id='word_1_254' title='bbox 3140 1791 3425 1848; x_wconf 89' lang='lat' dir='ltr'><strong>contrade-</strong></span> 
     </span>
    </p>
   </div>
   <div class='ocr_carea' id='block_1_18' title="bbox 161 1870 3427 1946">
    <p class='ocr_par' dir='ltr' id='par_1_18' title="bbox 161 1870 3427 1946">
     <span class='ocr_line' id='line_1_18' title="bbox 161 1870 3427 1946; baseline 0.002 -12"><span class='ocrx_word' id='word_1_255' title='bbox 161 1879 342 1935; x_wconf 86' lang='lat' dir='ltr'><strong>lecisset</strong></span> <span class='ocrx_word' id='word_1_256' title='bbox 359 1922 373 1944; x_wconf 88' lang='lat'><strong>,</strong></span> <span class='ocrx_word' id='word_1_257' title='bbox 405 1890 598 1946; x_wconf 86' lang='lat' dir='ltr'><strong>aspere</strong></span> <span class='ocrx_word' id='word_1_258' title='bbox 621 1874 753 1930; x_wconf 85' lang='lat' dir='ltr'><strong>satis</strong></span> <span class='ocrx_word' id='word_1_259' title='bbox 786 1882 843 1927; x_wconf 87' lang='lat' dir='ltr'><strong>et</strong></span> <span class='ocrx_word' id='word_1_260' title='bbox 889 1871 1219 1944; x_wconf 72' lang='lat' dir='ltr'><strong>obiurgando</strong></span> <span class='ocrx_word' id='word_1_261' title='bbox 1249 1870 1462 1927; x_wconf 90' lang='lat' dir='ltr'><strong>locutus</strong></span> <span class='ocrx_word' id='word_1_262' title='bbox 1486 1878 1572 1927; x_wconf 89' lang='lat' dir='ltr'><strong>est</strong></span> <span class='ocrx_word' id='word_1_263' title='bbox 1599 1883 1722 1924; x_wconf 90' lang='lat' dir='ltr'><strong>cum</strong></span> <span class='ocrx_word' id='word_1_264' title='bbox 1752 1872 1801 1935; x_wconf 84' lang='lat' dir='ltr'><strong><em>B</em></strong></span> <span class='ocrx_word' id='word_1_265' title='bbox 1828 1883 1969 1930; x_wconf 93' lang='lat' dir='ltr'><strong>rent.</strong></span> <span class='ocrx_word' id='word_1_266' title='bbox 1994 1874 2148 1943; x_wconf 85' lang='lat' dir='ltr'><strong>Quod</strong></span> <span class='ocrx_word' id='word_1_267' title='bbox 2174 1885 2230 1931; x_wconf 87' lang='lat' dir='ltr'><strong>et</strong></span> <span class='ocrx_word' id='word_1_268' title='bbox 2256 1876 2455 1933; x_wconf 81' lang='lat' dir='ltr'><strong>factum</strong></span> <span class='ocrx_word' id='word_1_269' title='bbox 2477 1888 2583 1935; x_wconf 91' lang='lat' dir='ltr'><strong>est.</strong></span> <span class='ocrx_word' id='word_1_270' title='bbox 2611 1879 2743 1936; x_wconf 90' lang='lat' dir='ltr'><strong>Nam</strong></span> <span class='ocrx_word' id='word_1_271' title='bbox 2769 1882 2856 1938; x_wconf 91' lang='lat' dir='ltr'><strong>die</strong></span> <span class='ocrx_word' id='word_1_272' title='bbox 2883 1891 3082 1939; x_wconf 88' lang='lat' dir='ltr'><strong>statuto</strong></span> <span class='ocrx_word' id='word_1_273' title='bbox 3104 1884 3427 1942; x_wconf 88' lang='lat' dir='ltr'><strong>Cunibertus</strong></span> 
     </span>
    </p>
   </div>
   <div class='ocr_carea' id='block_1_19' title="bbox 160 1960 3425 2046">
    <p class='ocr_par' dir='ltr' id='par_1_19' title="bbox 160 1960 3425 2046">
     <span class='ocr_line' id='line_1_19' title="bbox 160 1960 3425 2046; baseline 0.001 -19"><span class='ocrx_word' id='word_1_274' title='bbox 160 1988 212 2027; x_wconf 81' lang='lat' dir='ltr'><strong>eo.</strong></span> <span class='ocrx_word' id='word_1_275' title='bbox 232 1970 585 2025; x_wconf 79' lang='lat' dir='ltr'><strong>&#39;l‘uncomnes</strong></span> <span class='ocrx_word' id='word_1_276' title='bbox 604 1967 895 2022; x_wconf 88' lang='lat' dir='ltr'><strong>clericoset</strong></span> <span class='ocrx_word' id='word_1_277' title='bbox 916 1964 1226 2020; x_wconf 88' lang='lat' dir='ltr'><strong>sacerdotes</strong></span> <span class='ocrx_word' id='word_1_278' title='bbox 1248 1977 1413 2034; x_wconf 80' lang='lat' dir='ltr'><strong>pavor</strong></span> <span class='ocrx_word' id='word_1_279' title='bbox 1433 1960 1722 2017; x_wconf 69' lang='lat' dir='ltr'><strong>etcodium</strong></span> <span class='ocrx_word' id='word_1_280' title='bbox 1829 1965 2074 2023; x_wconf 81' lang='lat' dir='ltr'><strong>Ticinum</strong></span> <span class='ocrx_word' id='word_1_281' title='bbox 2124 1967 2421 2026; x_wconf 85' lang='lat' dir='ltr'><strong>adveniens</strong></span> <span class='ocrx_word' id='word_1_282' title='bbox 2467 1970 2538 2027; x_wconf 92' lang='lat' dir='ltr'><strong>ab</strong></span> <span class='ocrx_word' id='word_1_283' title='bbox 2583 1970 2663 2028; x_wconf 87' lang='lat' dir='ltr'><strong>eis</strong></span> <span class='ocrx_word' id='word_1_284' title='bbox 2710 1973 3063 2031; x_wconf 89' lang='lat' dir='ltr'><strong>libentissime</strong></span> <span class='ocrx_word' id='word_1_285' title='bbox 3111 1986 3425 2046; x_wconf 88' lang='lat' dir='ltr'><strong>susceptus,</strong></span> 
     </span>
    </p>
   </div>
   <div class='ocr_carea' id='block_1_20' title="bbox 161 2052 3432 2136">
    <p class='ocr_par' dir='ltr' id='par_1_20' title="bbox 161 2052 3432 2136">
     <span class='ocr_line' id='line_1_20' title="bbox 161 2052 3432 2136; baseline 0.002 -19"><span class='ocrx_word' id='word_1_286' title='bbox 161 2061 336 2134; x_wconf 69' lang='lat' dir='ltr'><strong>tyranni</strong></span> <span class='ocrx_word' id='word_1_287' title='bbox 367 2059 585 2124; x_wconf 87' lang='lat' dir='ltr'><strong>invasit,</strong></span> <span class='ocrx_word' id='word_1_288' title='bbox 618 2056 948 2113; x_wconf 71' lang='lat' dir='ltr'><strong>aestimantes</strong></span> <span class='ocrx_word' id='word_1_289' title='bbox 969 2070 1029 2112; x_wconf 94' lang='lat' dir='ltr'><strong>se</strong></span> <span class='ocrx_word' id='word_1_290' title='bbox 1053 2056 1171 2128; x_wconf 85' lang='lat' dir='ltr'><strong>ejus</strong></span> <span class='ocrx_word' id='word_1_291' title='bbox 1199 2054 1465 2111; x_wconf 90' lang='lat' dir='ltr'><strong>feritatem</strong></span> <span class='ocrx_word' id='word_1_292' title='bbox 1498 2052 1727 2109; x_wconf 88' lang='lat' dir='ltr'><strong>tolerare</strong></span> <span class='ocrx_word' id='word_1_293' title='bbox 1828 2058 2083 2128; x_wconf 87' lang='lat' dir='ltr'><strong>palatium</strong></span> <span class='ocrx_word' id='word_1_294' title='bbox 2115 2074 2272 2115; x_wconf 89' lang='lat' dir='ltr'><strong>suum</strong></span> <span class='ocrx_word' id='word_1_295' title='bbox 2317 2062 2594 2132; x_wconf 90' lang='lat' dir='ltr'><strong>ingressus</strong></span> <span class='ocrx_word' id='word_1_296' title='bbox 2621 2073 2724 2120; x_wconf 90' lang='lat' dir='ltr'><strong>est.</strong></span> <span class='ocrx_word' id='word_1_297' title='bbox 2754 2065 2903 2121; x_wconf 90' lang='lat' dir='ltr'><strong>Tunc</strong></span> <span class='ocrx_word' id='word_1_298' title='bbox 2940 2080 3124 2123; x_wconf 81' lang='lat' dir='ltr'><strong>omnes</strong></span> <span class='ocrx_word' id='word_1_299' title='bbox 3166 2069 3311 2124; x_wconf 85' lang='lat' dir='ltr'><strong>cives</strong></span> <span class='ocrx_word' id='word_1_300' title='bbox 3331 2109 3346 2136; x_wconf 95' lang='lat'><strong>,</strong></span> <span class='ocrx_word' id='word_1_301' title='bbox 3377 2081 3432 2126; x_wconf 92' lang='lat' dir='ltr'><strong>et</strong></span> 
     </span>
    </p>
   </div>
   <div class='ocr_carea' id='block_1_21' title="bbox 160 2145 3428 2230">
    <p class='ocr_par' dir='ltr' id='par_1_21' title="bbox 160 2145 3428 2230">
     <span class='ocr_line' id='line_1_21' title="bbox 160 2145 3428 2230; baseline 0.002 -21"><span class='ocrx_word' id='word_1_302' title='bbox 160 2154 345 2209; x_wconf 86' lang='lat' dir='ltr'><strong>omnino</strong></span> <span class='ocrx_word' id='word_1_303' title='bbox 372 2166 480 2207; x_wconf 90' lang='lat' dir='ltr'><strong>non</strong></span> <span class='ocrx_word' id='word_1_304' title='bbox 510 2165 690 2221; x_wconf 84' lang='lat' dir='ltr'><strong>posse.</strong></span> <span class='ocrx_word' id='word_1_305' title='bbox 717 2146 745 2188; x_wconf 77' lang='grc' dir='ltr'><strong>ἀ</strong></span> <span class='ocrx_word' id='word_1_306' title='bbox 774 2148 1177 2220; x_wconf 74' lang='lat' dir='ltr'><strong>Cmperuntque</strong></span> <span class='ocrx_word' id='word_1_307' title='bbox 1205 2146 1434 2216; x_wconf 87' lang='lat' dir='ltr'><strong>amplius</strong></span> <span class='ocrx_word' id='word_1_308' title='bbox 1462 2145 1725 2202; x_wconf 86' lang='lat' dir='ltr'><strong>Cuniber-</strong></span> <span class='ocrx_word' id='word_1_309' title='bbox 1829 2150 2100 2221; x_wconf 85' lang='lat' dir='ltr'><strong>praecipue</strong></span> <span class='ocrx_word' id='word_1_310' title='bbox 2147 2152 2432 2221; x_wconf 89' lang='lat' dir='ltr'><strong>episcopus</strong></span> <span class='ocrx_word' id='word_1_311' title='bbox 2455 2196 2470 2219; x_wconf 92' lang='lat'><strong>,</strong></span> <span class='ocrx_word' id='word_1_312' title='bbox 2521 2157 2828 2213; x_wconf 87' lang='lat' dir='ltr'><strong>sacerdotes</strong></span> <span class='ocrx_word' id='word_1_313' title='bbox 2866 2172 3078 2230; x_wconf 88' lang='lat' dir='ltr'><strong>quoque</strong></span> <span class='ocrx_word' id='word_1_314' title='bbox 3124 2171 3179 2215; x_wconf 92' lang='lat' dir='ltr'><strong>et</strong></span> <span class='ocrx_word' id='word_1_315' title='bbox 3223 2159 3428 2228; x_wconf 73' lang='lat' dir='ltr'><strong>clerici,</strong></span> 
     </span>
    </p>
   </div>
   <div class='ocr_carea' id='block_1_22' title="bbox 159 2238 3432 2321">
    <p class='ocr_par' dir='ltr' id='par_1_22' title="bbox 159 2238 3432 2321">
     <span class='ocr_line' id='line_1_22' title="bbox 159 2238 3432 2321; baseline 0.002 -20"><span class='ocrx_word' id='word_1_316' title='bbox 159 2256 238 2301; x_wconf 83' lang='lat' dir='ltr'><strong>tuin</strong></span> <span class='ocrx_word' id='word_1_317' title='bbox 264 2244 602 2310; x_wconf 89' lang='lat' dir='ltr'><strong>desiderare,</strong></span> <span class='ocrx_word' id='word_1_318' title='bbox 632 2244 884 2314; x_wconf 88' lang='lat' dir='ltr'><strong>quoniam</strong></span> <span class='ocrx_word' id='word_1_319' title='bbox 918 2250 941 2280; x_wconf 81' lang='grc' dir='ltr'><strong>ο</strong></span> <span class='ocrx_word' id='word_1_320' title='bbox 974 2254 1318 2312; x_wconf 82' lang='lat' dir='ltr'><strong>pervasarem</strong></span> <span class='ocrx_word' id='word_1_321' title='bbox 1358 2238 1510 2309; x_wconf 81' lang='lat' dir='ltr'><strong>regni</strong></span> <span class='ocrx_word' id='word_1_322' title='bbox 1537 2251 1727 2306; x_wconf 89' lang='lat' dir='ltr'><strong>super-</strong></span> <span class='ocrx_word' id='word_1_323' title='bbox 1825 2240 2053 2312; x_wconf 87' lang='lat' dir='ltr'><strong>juvenes</strong></span> <span class='ocrx_word' id='word_1_324' title='bbox 2081 2253 2138 2300; x_wconf 91' lang='lat' dir='ltr'><strong>et</strong></span> <span class='ocrx_word' id='word_1_325' title='bbox 2164 2260 2347 2315; x_wconf 90' lang='lat' dir='ltr'><strong>senes,</strong></span> <span class='ocrx_word' id='word_1_326' title='bbox 2376 2248 2617 2304; x_wconf 84' lang='lat' dir='ltr'><strong>certatim</strong></span> <span class='ocrx_word' id='word_1_327' title='bbox 2644 2250 2710 2304; x_wconf 89' lang='lat' dir='ltr'><strong>ad</strong></span> <span class='ocrx_word' id='word_1_328' title='bbox 2733 2265 2855 2307; x_wconf 90' lang='lat' dir='ltr'><strong>eum</strong></span> <span class='ocrx_word' id='word_1_329' title='bbox 2884 2262 3284 2321; x_wconf 86' lang='lat' dir='ltr'><strong>concurrentes,</strong></span> <span class='ocrx_word' id='word_1_330' title='bbox 3314 2269 3432 2309; x_wconf 89' lang='lat' dir='ltr'><strong>om-</strong></span> 
     </span>
    </p>
   </div>
   <div class='ocr_carea' id='block_1_23' title="bbox 158 2330 3434 2416">
    <p class='ocr_par' dir='ltr' id='par_1_23' title="bbox 158 2330 3434 2416">
     <span class='ocr_line' id='line_1_23' title="bbox 158 2330 3434 2416; baseline 0.003 -23"><span class='ocrx_word' id='word_1_331' title='bbox 158 2335 251 2393; x_wconf 85' lang='lat' dir='ltr'><strong>bnm</strong></span> <span class='ocrx_word' id='word_1_332' title='bbox 280 2336 639 2393; x_wconf 82' lang='lat' dir='ltr'><strong>exsecrationi</strong></span> <span class='ocrx_word' id='word_1_333' title='bbox 669 2334 967 2403; x_wconf 87' lang='lat' dir='ltr'><strong>haberent,</strong></span> <span class='ocrx_word' id='word_1_334' title='bbox 1000 2332 1096 2391; x_wconf 89' lang='lat' dir='ltr'><strong>sed</strong></span> <span class='ocrx_word' id='word_1_335' title='bbox 1120 2348 1226 2388; x_wconf 93' lang='lat' dir='ltr'><strong>non</strong></span> <span class='ocrx_word' id='word_1_336' title='bbox 1250 2331 1344 2388; x_wconf 92' lang='lat' dir='ltr'><strong>diu</strong></span> <span class='ocrx_word' id='word_1_337' title='bbox 1372 2330 1487 2401; x_wconf 86' lang='lat' dir='ltr'><strong>ejus</strong></span> <span class='ocrx_word' id='word_1_338' title='bbox 1540 2330 1730 2386; x_wconf 76' lang='lat' dir='ltr'><strong>feritas</strong></span> <span class='ocrx_word' id='word_1_339' title='bbox 1829 2347 2033 2404; x_wconf 88' lang='lat' dir='ltr'><strong>nesque</strong></span> <span class='ocrx_word' id='word_1_340' title='bbox 2064 2349 2187 2391; x_wconf 89' lang='lat' dir='ltr'><strong>cum</strong></span> <span class='ocrx_word' id='word_1_341' title='bbox 2231 2336 2487 2408; x_wconf 83' lang='lat' dir='ltr'><strong>lacrymis</strong></span> <span class='ocrx_word' id='word_1_342' title='bbox 2533 2340 2936 2411; x_wconf 82' lang='lat' dir='ltr'><strong>amplexantes,</strong></span> <span class='ocrx_word' id='word_1_343' title='bbox 2970 2343 3079 2401; x_wconf 89' lang='lat' dir='ltr'><strong>Deo</strong></span> <span class='ocrx_word' id='word_1_344' title='bbox 3124 2345 3321 2416; x_wconf 87' lang='lat' dir='ltr'><strong>gratias</strong></span> <span class='ocrx_word' id='word_1_345' title='bbox 3364 2346 3434 2402; x_wconf 91' lang='lat' dir='ltr'><strong>de</strong></span> 
     </span>
    </p>
   </div>
   <div class='ocr_carea' id='block_1_24' title="bbox 158 2421 3435 2506">
    <p class='ocr_par' dir='ltr' id='par_1_24' title="bbox 158 2421 3435 2506">
     <span class='ocr_line' id='line_1_24' title="bbox 158 2421 3435 2506; baseline 0.003 -23"><span class='ocrx_word' id='word_1_346' title='bbox 158 2439 192 2484; x_wconf 84' lang='lat' dir='ltr'><strong>et</strong></span> <span class='ocrx_word' id='word_1_347' title='bbox 213 2427 375 2484; x_wconf 87' lang='lat' dir='ltr'><strong>cruda</strong></span> <span class='ocrx_word' id='word_1_348' title='bbox 404 2426 683 2484; x_wconf 90' lang='lat' dir='ltr'><strong>barbaries</strong></span> <span class='ocrx_word' id='word_1_349' title='bbox 714 2440 998 2497; x_wconf 85' lang='lat' dir='ltr'><strong>pervasum</strong></span> <span class='ocrx_word' id='word_1_350' title='bbox 1028 2439 1248 2496; x_wconf 86' lang='lat' dir='ltr'><strong>regnum</strong></span> <span class='ocrx_word' id='word_1_351' title='bbox 1280 2421 1531 2479; x_wconf 86' lang='lat' dir='ltr'><strong>obtinuit.</strong></span> <span class='ocrx_word' id='word_1_352' title='bbox 1834 2424 1947 2495; x_wconf 83' lang='lat' dir='ltr'><strong>ejus</strong></span> <span class='ocrx_word' id='word_1_353' title='bbox 1976 2428 2293 2487; x_wconf 86' lang='lat' dir='ltr'><strong>reversione</strong></span> <span class='ocrx_word' id='word_1_354' title='bbox 2338 2429 2699 2489; x_wconf 67' lang='lat' dir='ltr'><strong>inaestimabili</strong></span> <span class='ocrx_word' id='word_1_355' title='bbox 2744 2434 2939 2505; x_wconf 89' lang='lat' dir='ltr'><strong>gaudio</strong></span> <span class='ocrx_word' id='word_1_356' title='bbox 2984 2434 3174 2506; x_wconf 88' lang='lat' dir='ltr'><strong>repleti</strong></span> <span class='ocrx_word' id='word_1_357' title='bbox 3219 2437 3435 2493; x_wconf 88' lang='lat' dir='ltr'><strong>concla-</strong></span> 
     </span>
    </p>
   </div>
   <div class='ocr_carea' id='block_1_25' title="bbox 678 2515 3433 2597">
    <p class='ocr_par' dir='ltr' id='par_1_25' title="bbox 678 2515 3433 2597">
     <span class='ocr_line' id='line_1_25' title="bbox 678 2515 3433 2597; baseline 0.002 -20"><span class='ocrx_word' id='word_1_358' title='bbox 678 2538 906 2597; x_wconf 65' lang='lat' dir='ltr'><strong>CAPUT</strong></span> <span class='ocrx_word' id='word_1_359' title='bbox 946 2537 1194 2595; x_wconf 57' lang='grc' dir='ltr'>χχχιχ,</span> <span class='ocrx_word' id='word_1_360' title='bbox 1828 2515 2067 2573; x_wconf 86' lang='lat' dir='ltr'><strong>mabant.</strong></span> <span class='ocrx_word' id='word_1_361' title='bbox 2089 2519 2251 2584; x_wconf 83' lang='lat' dir='ltr'><strong>&#39;Quos</strong></span> <span class='ocrx_word' id='word_1_362' title='bbox 2280 2534 2469 2578; x_wconf 89' lang='lat' dir='ltr'><strong>omnes</strong></span> <span class='ocrx_word' id='word_1_363' title='bbox 2494 2521 2587 2579; x_wconf 92' lang='lat' dir='ltr'><strong>ille</strong></span> <span class='ocrx_word' id='word_1_364' title='bbox 2624 2532 2681 2579; x_wconf 90' lang='lat' dir='ltr'><strong>ut</strong></span> <span class='ocrx_word' id='word_1_365' title='bbox 2720 2524 2890 2594; x_wconf 90' lang='lat' dir='ltr'><strong>potuit</strong></span> <span class='ocrx_word' id='word_1_366' title='bbox 2911 2527 3197 2582; x_wconf 85' lang='lat' dir='ltr'><strong>consolans</strong></span> <span class='ocrx_word' id='word_1_367' title='bbox 3225 2528 3433 2583; x_wconf 89' lang='lat' dir='ltr'><strong>oscula-</strong></span> 
     </span>
    </p>
   </div>
   <div class='ocr_carea' id='block_1_26' title="bbox 160 2608 1749 2702">
    <p class='ocr_par' dir='ltr' id='par_1_26' title="bbox 160 2627 1729 2702">
     <span class='ocr_line' id='line_1_26' title="bbox 160 2627 1729 2702; baseline -0.004 -14"><span class='ocrx_word' id='word_1_368' title='bbox 160 2633 406 2702; x_wconf 80' lang='lat' dir='ltr'><strong>Quomodo</strong></span> <span class='ocrx_word' id='word_1_369' title='bbox 453 2629 757 2690; x_wconf 82' lang='lat' dir='ltr'><strong>Cunibertus</strong></span> <span class='ocrx_word' id='word_1_370' title='bbox 808 2649 987 2687; x_wconf 82' lang='lat' dir='ltr'><strong>rursus</strong></span> <span class='ocrx_word' id='word_1_371' title='bbox 1038 2646 1188 2687; x_wconf 83' lang='lat' dir='ltr'><strong>suum</strong></span> <span class='ocrx_word' id='word_1_372' title='bbox 1232 2627 1486 2701; x_wconf 80' lang='lat' dir='ltr'><strong>palatium</strong></span> <span class='ocrx_word' id='word_1_373' title='bbox 1532 2628 1729 2701; x_wconf 84' lang='lat' dir='ltr'><strong>ingres-</strong></span> 
     </span>
    </p>
   </div>
   <div class='ocr_carea' id='block_1_27' title="bbox 1853 2608 3433 2702">
    <p class='ocr_par' dir='ltr' id='par_1_27' title="bbox 1853 2608 3433 2702">
     <span class='ocr_line' id='line_1_27' title="bbox 1853 2608 3433 2702; baseline 0.011 -40"><span class='ocrx_word' id='word_1_374' title='bbox 1853 2615 2045 2702; x_wconf 78' lang='lat' dir='ltr'><strong>usest.</strong></span> <span class='ocrx_word' id='word_1_375' title='bbox 2071 2608 2301 2667; x_wconf 86' lang='lat' dir='ltr'><strong>Nuntius</strong></span> <span class='ocrx_word' id='word_1_376' title='bbox 2321 2612 2499 2670; x_wconf 88' lang='lat' dir='ltr'><strong>subito</strong></span> <span class='ocrx_word' id='word_1_377' title='bbox 2520 2614 2589 2671; x_wconf 87' lang='lat' dir='ltr'><strong>ad</strong></span> <span class='ocrx_word' id='word_1_378' title='bbox 2609 2615 2826 2673; x_wconf 78' lang='lat' dir='ltr'><strong>Alachis</strong></span> <span class='ocrx_word' id='word_1_379' title='bbox 2848 2619 3089 2689; x_wconf 89' lang='lat' dir='ltr'><strong>pervenit</strong></span> <span class='ocrx_word' id='word_1_380' title='bbox 3109 2620 3433 2692; x_wconf 83' lang='lat' dir='ltr'><strong>adimplesse</strong></span> 
     </span>
    </p>
   </div>
   <div class='ocr_carea' id='block_1_28' title="bbox 806 2700 3432 2780">
    <p class='ocr_par' dir='ltr' id='par_1_28' title="bbox 806 2700 3432 2780">
     <span class='ocr_line' id='line_1_28' title="bbox 806 2700 3432 2780; baseline 0.005 -23"><span class='ocrx_word' id='word_1_381' title='bbox 806 2720 894 2757; x_wconf 82' lang='lat' dir='ltr'><strong>sus</strong></span> <span class='ocrx_word' id='word_1_382' title='bbox 933 2713 1027 2759; x_wconf 88' lang='lat' dir='ltr'><strong>est.</strong></span> <span class='ocrx_word' id='word_1_383' title='bbox 1234 2700 1241 2701; x_wconf 53' lang='grc'><strong>“</strong></span> <span class='ocrx_word' id='word_1_384' title='bbox 1832 2700 2099 2758; x_wconf 82' lang='lat' dir='ltr'><strong>Aldonem</strong></span> <span class='ocrx_word' id='word_1_385' title='bbox 2126 2711 2182 2758; x_wconf 91' lang='lat' dir='ltr'><strong>et</strong></span> <span class='ocrx_word' id='word_1_386' title='bbox 2208 2704 2542 2763; x_wconf 88' lang='lat' dir='ltr'><strong>Grausonem</strong></span> <span class='ocrx_word' id='word_1_387' title='bbox 2570 2708 2714 2777; x_wconf 91' lang='lat' dir='ltr'><strong>quod</strong></span> <span class='ocrx_word' id='word_1_388' title='bbox 2740 2711 2789 2765; x_wconf 91' lang='lat' dir='ltr'><strong>ei</strong></span> <span class='ocrx_word' id='word_1_389' title='bbox 2831 2712 3219 2780; x_wconf 89' lang='lat' dir='ltr'><strong>promiserant,</strong></span> <span class='ocrx_word' id='word_1_390' title='bbox 3251 2722 3306 2769; x_wconf 89' lang='lat' dir='ltr'><strong>et</strong></span> <span class='ocrx_word' id='word_1_391' title='bbox 3340 2728 3432 2770; x_wconf 82' lang='lat' dir='ltr'><strong>ca-</strong></span> 
     </span>
    </p>
   </div>
   <div class='ocr_carea' id='block_1_29' title="bbox 215 2790 3436 2874">
    <p class='ocr_par' dir='ltr' id='par_1_29' title="bbox 215 2790 3436 2874">
     <span class='ocr_line' id='line_1_29' title="bbox 215 2790 3436 2874; baseline 0.003 -21"><span class='ocrx_word' id='word_1_392' title='bbox 215 2796 448 2867; x_wconf 88' lang='lat' dir='ltr'><strong>Denique</strong></span> <span class='ocrx_word' id='word_1_393' title='bbox 475 2811 600 2854; x_wconf 90' lang='lat' dir='ltr'><strong>cum</strong></span> <span class='ocrx_word' id='word_1_394' title='bbox 631 2796 719 2852; x_wconf 92' lang='lat' dir='ltr'><strong>die</strong></span> <span class='ocrx_word' id='word_1_395' title='bbox 761 2795 989 2867; x_wconf 87' lang='lat' dir='ltr'><strong>quadam</strong></span> <span class='ocrx_word' id='word_1_396' title='bbox 1038 2794 1245 2851; x_wconf 88' lang='lat' dir='ltr'><strong>solidos</strong></span> <span class='ocrx_word' id='word_1_397' title='bbox 1281 2807 1444 2865; x_wconf 91' lang='lat' dir='ltr'><strong>super</strong></span> <span class='ocrx_word' id='word_1_398' title='bbox 1489 2805 1731 2849; x_wconf 85' lang='lat' dir='ltr'><strong>mensam</strong></span> <span class='ocrx_word' id='word_1_399' title='bbox 1831 2799 1931 2863; x_wconf 88' lang='lat' dir='ltr'><strong>put</strong></span> <span class='ocrx_word' id='word_1_400' title='bbox 1958 2790 2235 2851; x_wconf 89' lang='lat' dir='ltr'><strong>Cuniberti</strong></span> <span class='ocrx_word' id='word_1_401' title='bbox 2265 2796 2539 2865; x_wconf 87' lang='lat' dir='ltr'><strong>attulisse,</strong></span> <span class='ocrx_word' id='word_1_402' title='bbox 2567 2808 2623 2855; x_wconf 90' lang='lat' dir='ltr'><strong>et</strong></span> <span class='ocrx_word' id='word_1_403' title='bbox 2650 2814 2758 2856; x_wconf 92' lang='lat' dir='ltr'><strong>non</strong></span> <span class='ocrx_word' id='word_1_404' title='bbox 2804 2801 2980 2858; x_wconf 88' lang='lat' dir='ltr'><strong>solum</strong></span> <span class='ocrx_word' id='word_1_405' title='bbox 3018 2812 3213 2874; x_wconf 88' lang='lat' dir='ltr'><strong>caput,</strong></span> <span class='ocrx_word' id='word_1_406' title='bbox 3255 2804 3351 2862; x_wconf 88' lang='lat' dir='ltr'><strong>sed</strong></span> <span class='ocrx_word' id='word_1_407' title='bbox 3377 2814 3436 2863; x_wconf 93' lang='lat' dir='ltr'><strong>et</strong></span> 
     </span>
    </p>
   </div>
   <div class='ocr_carea' id='block_1_30' title="bbox 153 2886 3433 2962">
    <p class='ocr_par' dir='ltr' id='par_1_30' title="bbox 153 2886 3433 2962">
     <span class='ocr_line' id='line_1_30' title="bbox 153 2886 3433 2962; baseline 0.002 -17"><span class='ocrx_word' id='word_1_408' title='bbox 153 2899 471 2956; x_wconf 86' lang='lat' dir='ltr'><strong>numeraret,</strong></span> <span class='ocrx_word' id='word_1_409' title='bbox 503 2886 525 2927; x_wconf 73' lang='grc' dir='ltr'><em>ι</em></span> <span class='ocrx_word' id='word_1_410' title='bbox 565 2903 702 2945; x_wconf 90' lang='lat' dir='ltr'><strong>unus</strong></span> <span class='ocrx_word' id='word_1_411' title='bbox 754 2887 1017 2944; x_wconf 89' lang='lat' dir='ltr'><strong>tremissis</strong></span> <span class='ocrx_word' id='word_1_412' title='bbox 1056 2887 1123 2944; x_wconf 93' lang='lat' dir='ltr'><strong>de</strong></span> <span class='ocrx_word' id='word_1_413' title='bbox 1170 2886 1361 2945; x_wconf 91' lang='lat' dir='ltr'><strong>eadem</strong></span> <span class='ocrx_word' id='word_1_414' title='bbox 1411 2898 1594 2942; x_wconf 89' lang='lat' dir='ltr'><strong>mensa</strong></span> <span class='ocrx_word' id='word_1_415' title='bbox 1645 2898 1734 2941; x_wconf 87' lang='lat' dir='ltr'><strong>ce-</strong></span> <span class='ocrx_word' id='word_1_416' title='bbox 1834 2890 2006 2938; x_wconf 90' lang='lat' dir='ltr'><strong>totum</strong></span> <span class='ocrx_word' id='word_1_417' title='bbox 2032 2897 2270 2956; x_wconf 89' lang='lat' dir='ltr'><strong>corpus,</strong></span> <span class='ocrx_word' id='word_1_418' title='bbox 2305 2899 2536 2958; x_wconf 90' lang='lat' dir='ltr'><strong>eumque</strong></span> <span class='ocrx_word' id='word_1_419' title='bbox 2572 2887 2846 2946; x_wconf 88' lang='lat' dir='ltr'><strong>aftirmans</strong></span> <span class='ocrx_word' id='word_1_420' title='bbox 2890 2891 2946 2946; x_wconf 93' lang='lat' dir='ltr'><strong>in</strong></span> <span class='ocrx_word' id='word_1_421' title='bbox 2978 2891 3177 2962; x_wconf 89' lang='lat' dir='ltr'><strong>palatio</strong></span> <span class='ocrx_word' id='word_1_422' title='bbox 3218 2893 3433 2952; x_wconf 86' lang='lat' dir='ltr'><strong>sedere.</strong></span> 
     </span>
    </p>
   </div>
   <div class='ocr_carea' id='block_1_31' title="bbox 153 2975 3436 3059">
    <p class='ocr_par' dir='ltr' id='par_1_31' title="bbox 153 2975 3436 3059">
     <span class='ocr_line' id='line_1_31' title="bbox 153 2975 3436 3059; baseline 0.002 -20"><span class='ocrx_word' id='word_1_423' title='bbox 153 2985 289 3052; x_wconf 85' lang='lat' dir='ltr'><strong>cidit,</strong></span> <span class='ocrx_word' id='word_1_424' title='bbox 316 3000 477 3055; x_wconf 89' lang='lat' dir='ltr'><strong>quem</strong></span> <span class='ocrx_word' id='word_1_425' title='bbox 508 2983 650 3040; x_wconf 77' lang='lat' dir='ltr'><strong>illius</strong></span> <span class='ocrx_word' id='word_1_426' title='bbox 697 2983 918 3039; x_wconf 86' lang='lat' dir='ltr'><strong>Aldunis</strong></span> <span class='ocrx_word' id='word_1_427' title='bbox 960 2982 1136 3038; x_wconf 89' lang='lat' dir='ltr'><strong>adhuc</strong></span> <span class='ocrx_word' id='word_1_428' title='bbox 1184 2981 1439 3053; x_wconf 89' lang='lat' dir='ltr'><strong>puerulus</strong></span> <span class='ocrx_word' id='word_1_429' title='bbox 1476 2980 1546 3036; x_wconf 90' lang='lat' dir='ltr'><strong>de</strong></span> <span class='ocrx_word' id='word_1_430' title='bbox 1590 2987 1732 3035; x_wconf 88' lang='lat' dir='ltr'><strong>terra</strong></span> <span class='ocrx_word' id='word_1_431' title='bbox 1834 2975 1988 3043; x_wconf 86' lang='lat' dir='ltr'><strong>Quod</strong></span> <span class='ocrx_word' id='word_1_432' title='bbox 2020 2975 2111 3033; x_wconf 91' lang='lat' dir='ltr'><strong>ille</strong></span> <span class='ocrx_word' id='word_1_433' title='bbox 2144 2978 2371 3035; x_wconf 90' lang='lat' dir='ltr'><strong>audiens</strong></span> <span class='ocrx_word' id='word_1_434' title='bbox 2399 2979 2580 3037; x_wconf 90' lang='lat' dir='ltr'><strong>animo</strong></span> <span class='ocrx_word' id='word_1_435' title='bbox 2606 2991 2978 3041; x_wconf 84' lang='lat' dir='ltr'><strong>consternatus</strong></span> <span class='ocrx_word' id='word_1_436' title='bbox 3005 2996 3090 3043; x_wconf 89' lang='lat' dir='ltr'><strong>est</strong></span> <span class='ocrx_word' id='word_1_437' title='bbox 3110 3027 3128 3055; x_wconf 94' lang='lat'><strong>,</strong></span> <span class='ocrx_word' id='word_1_438' title='bbox 3161 2988 3436 3059; x_wconf 89' lang='lat' dir='ltr'><strong>multaque</strong></span> 
     </span>
    </p>
   </div>
   <div class='ocr_carea' id='block_1_32' title="bbox 152 3068 3430 3147">
    <p class='ocr_par' dir='ltr' id='par_1_32' title="bbox 152 3068 3430 3147">
     <span class='ocr_line' id='line_1_32' title="bbox 152 3068 3430 3147; baseline 0.002 -18"><span class='ocrx_word' id='word_1_439' title='bbox 152 3076 423 3147; x_wconf 83' lang='lat' dir='ltr'><strong>colligens,</strong></span> <span class='ocrx_word' id='word_1_440' title='bbox 464 3074 641 3132; x_wconf 90' lang='lat' dir='ltr'><strong>eidem</strong></span> <span class='ocrx_word' id='word_1_441' title='bbox 688 3073 907 3129; x_wconf 85' lang='lat' dir='ltr'><strong>Alachis</strong></span> <span class='ocrx_word' id='word_1_442' title='bbox 964 3071 1215 3129; x_wconf 87' lang='lat' dir='ltr'><strong>reddidit.</strong></span> <span class='ocrx_word' id='word_1_443' title='bbox 1266 3070 1349 3126; x_wconf 88' lang='lat' dir='ltr'><strong>Ad</strong></span> <span class='ocrx_word' id='word_1_444' title='bbox 1398 3084 1558 3141; x_wconf 89' lang='lat' dir='ltr'><strong>quem</strong></span> <span class='ocrx_word' id='word_1_445' title='bbox 1605 3068 1733 3123; x_wconf 85' lang='lat' dir='ltr'><strong>Ala-</strong></span> <span class='ocrx_word' id='word_1_446' title='bbox 1835 3080 2021 3126; x_wconf 90' lang='lat' dir='ltr'><strong>contra</strong></span> <span class='ocrx_word' id='word_1_447' title='bbox 2075 3071 2338 3128; x_wconf 81' lang='lat' dir='ltr'><strong>Aldoneut</strong></span> <span class='ocrx_word' id='word_1_448' title='bbox 2366 3081 2424 3130; x_wconf 89' lang='lat' dir='ltr'><strong>et</strong></span> <span class='ocrx_word' id='word_1_449' title='bbox 2453 3071 2784 3132; x_wconf 87' lang='lat' dir='ltr'><strong>Grausonem</strong></span> <span class='ocrx_word' id='word_1_450' title='bbox 2830 3075 3146 3135; x_wconf 82' lang='lat' dir='ltr'><strong>furibundus</strong></span> <span class='ocrx_word' id='word_1_451' title='bbox 3181 3089 3237 3136; x_wconf 91' lang='lat' dir='ltr'><strong>et</strong></span> <span class='ocrx_word' id='word_1_452' title='bbox 3281 3079 3430 3136; x_wconf 68' lang='lat' dir='ltr'><strong>iren-</strong></span> 
     </span>
    </p>
   </div>
   <div class='ocr_carea' id='block_1_33' title="bbox 152 3163 3433 3242">
    <p class='ocr_par' dir='ltr' id='par_1_33' title="bbox 152 3163 3433 3242">
     <span class='ocr_line' id='line_1_33' title="bbox 152 3163 3433 3242; baseline 0.002 -19"><span class='ocrx_word' id='word_1_453' title='bbox 152 3169 250 3223; x_wconf 75' lang='lat' dir='ltr'><strong>citis</strong></span> <span class='ocrx_word' id='word_1_454' title='bbox 276 3183 503 3237; x_wconf 89' lang='lat' dir='ltr'><strong>sperans</strong></span> <span class='ocrx_word' id='word_1_455' title='bbox 534 3169 817 3237; x_wconf 89' lang='lat' dir='ltr'><strong>puerulum</strong></span> <span class='ocrx_word' id='word_1_456' title='bbox 849 3182 1036 3235; x_wconf 91' lang='lat' dir='ltr'><strong>parum</strong></span> <span class='ocrx_word' id='word_1_457' title='bbox 1065 3166 1386 3237; x_wconf 86' lang='lat' dir='ltr'><strong>intelligere,</strong></span> <span class='ocrx_word' id='word_1_458' title='bbox 1418 3166 1491 3221; x_wconf 87' lang='lat' dir='ltr'><strong>ita</strong></span> <span class='ocrx_word' id='word_1_459' title='bbox 1521 3164 1732 3221; x_wconf 89' lang='lat' dir='ltr'><strong>loeutus</strong></span> <span class='ocrx_word' id='word_1_460' title='bbox 1836 3163 1969 3220; x_wconf 89' lang='lat' dir='ltr'><strong>dens</strong></span> <span class='ocrx_word' id='word_1_461' title='bbox 1996 3164 2363 3235; x_wconf 89' lang='lat' dir='ltr'><strong>comminans,</strong></span> <span class='ocrx_word' id='word_1_462' title='bbox 2408 3168 2601 3224; x_wconf 77' lang='lat' dir='ltr'><strong>exinde</strong></span> <span class='ocrx_word' id='word_1_463' title='bbox 2648 3184 2926 3239; x_wconf 87' lang='lat' dir='ltr'><strong>egressus,</strong></span> <span class='ocrx_word' id='word_1_464' title='bbox 2969 3187 3065 3242; x_wconf 90' lang='lat' dir='ltr'><strong>per</strong></span> <span class='ocrx_word' id='word_1_465' title='bbox 3109 3172 3433 3230; x_wconf 89' lang='lat' dir='ltr'><strong>Placentiam</strong></span> 
     </span>
    </p>
   </div>
   <div class='ocr_carea' id='block_1_34' title="bbox 152 3244 3434 3340">
    <p class='ocr_par' dir='ltr' id='par_1_34' title="bbox 152 3244 3434 3340">
     <span class='ocr_line' id='line_1_34' title="bbox 152 3244 3434 3340; baseline 0.003 -25"><span class='ocrx_word' id='word_1_466' title='bbox 152 3273 220 3315; x_wconf 86' lang='lat' dir='ltr'><strong>est</strong></span> <span class='ocrx_word' id='word_1_467' title='bbox 250 3279 263 3315; x_wconf 89' lang='lat'><strong>:</strong></span> <span class='ocrx_word' id='word_1_468' title='bbox 290 3261 489 3316; x_wconf 74' lang='lat' dir='ltr'><strong>Multos</strong></span> <span class='ocrx_word' id='word_1_469' title='bbox 518 3276 586 3317; x_wconf 84' lang='lat' dir='ltr'><strong>ex</strong></span> <span class='ocrx_word' id='word_1_470' title='bbox 614 3260 681 3316; x_wconf 87' lang='lat' dir='ltr'><strong>iis</strong></span> <span class='ocrx_word' id='word_1_471' title='bbox 704 3260 915 3331; x_wconf 88' lang='lat' dir='ltr'><strong>genitor</strong></span> <span class='ocrx_word' id='word_1_472' title='bbox 943 3270 1065 3315; x_wconf 90' lang='lat' dir='ltr'><strong>tuus</strong></span> <span class='ocrx_word' id='word_1_473' title='bbox 1110 3258 1301 3325; x_wconf 88' lang='lat' dir='ltr'><strong>habet,</strong></span> <span class='ocrx_word' id='word_1_474' title='bbox 1340 3272 1475 3325; x_wconf 88' lang='lat' dir='ltr'><strong>quos</strong></span> <span class='ocrx_word' id='word_1_475' title='bbox 1518 3256 1646 3312; x_wconf 89' lang='lat' dir='ltr'><strong>mihi</strong></span> <span class='ocrx_word' id='word_1_476' title='bbox 1677 3257 1730 3313; x_wconf 90' lang='lat' dir='ltr'><strong>in</strong></span> <span class='ocrx_word' id='word_1_477' title='bbox 1756 3244 1806 3314; x_wconf 84' lang='lat' dir='ltr'><strong><em>C</em></strong></span> <span class='ocrx_word' id='word_1_478' title='bbox 1833 3261 1902 3318; x_wconf 85' lang='lat' dir='ltr'><strong>ad</strong></span> <span class='ocrx_word' id='word_1_479' title='bbox 1934 3258 1956 3299; x_wconf 75' lang='grc' dir='ltr'>ι</span> <span class='ocrx_word' id='word_1_480' title='bbox 2004 3263 2278 3318; x_wconf 83' lang='lat' dir='ltr'><strong>Austriam</strong></span> <span class='ocrx_word' id='word_1_481' title='bbox 2324 3263 2518 3331; x_wconf 91' lang='lat' dir='ltr'><strong>rediit,</strong></span> <span class='ocrx_word' id='word_1_482' title='bbox 2559 3263 2904 3336; x_wconf 85' lang='lat' dir='ltr'><strong>singulasque</strong></span> <span class='ocrx_word' id='word_1_483' title='bbox 2949 3268 3191 3325; x_wconf 84' lang='lat' dir='ltr'><strong>civitates</strong></span> <span class='ocrx_word' id='word_1_484' title='bbox 3240 3270 3434 3340; x_wconf 86' lang='lat' dir='ltr'><strong>partim</strong></span> 
     </span>
    </p>
   </div>
   <div class='ocr_carea' id='block_1_35' title="bbox 151 3350 3431 3423">
    <p class='ocr_par' dir='ltr' id='par_1_35' title="bbox 151 3350 3431 3423">
     <span class='ocr_line' id='line_1_35' title="bbox 151 3350 3431 3423; baseline 0.002 -14"><span class='ocrx_word' id='word_1_485' title='bbox 151 3354 463 3423; x_wconf 81' lang='lat' dir='ltr'><strong>proximo,si</strong></span> <span class='ocrx_word' id='word_1_486' title='bbox 493 3352 638 3410; x_wconf 87' lang='lat' dir='ltr'><strong>Deus</strong></span> <span class='ocrx_word' id='word_1_487' title='bbox 660 3353 907 3421; x_wconf 89' lang='lat' dir='ltr'><strong>voluerit,</strong></span> <span class='ocrx_word' id='word_1_488' title='bbox 936 3352 1158 3408; x_wconf 91' lang='lat' dir='ltr'><strong>daturus</strong></span> <span class='ocrx_word' id='word_1_489' title='bbox 1184 3361 1285 3408; x_wconf 90' lang='lat' dir='ltr'><strong>est.</strong></span> <span class='ocrx_word' id='word_1_490' title='bbox 1318 3350 1417 3419; x_wconf 87' lang='lat' dir='ltr'><strong>Qui</strong></span> <span class='ocrx_word' id='word_1_491' title='bbox 1450 3364 1580 3421; x_wconf 83' lang='lat' dir='ltr'><strong>puer</strong></span> <span class='ocrx_word' id='word_1_492' title='bbox 1608 3364 1730 3406; x_wconf 93' lang='lat' dir='ltr'><strong>cum</strong></span> <span class='ocrx_word' id='word_1_493' title='bbox 1835 3352 2142 3423; x_wconf 89' lang='lat' dir='ltr'><strong>blanditiis,</strong></span> <span class='ocrx_word' id='word_1_494' title='bbox 2176 3353 2372 3423; x_wconf 88' lang='lat' dir='ltr'><strong>partim</strong></span> <span class='ocrx_word' id='word_1_495' title='bbox 2405 3353 2607 3411; x_wconf 86' lang='lat' dir='ltr'><strong>viribus</strong></span> <span class='ocrx_word' id='word_1_496' title='bbox 2630 3355 2733 3411; x_wconf 86' lang='lat' dir='ltr'><strong>sibi</strong></span> <span class='ocrx_word' id='word_1_497' title='bbox 2760 3362 2800 3391; x_wconf 78' lang='grc' dir='ltr'><strong>ιη</strong></span> <span class='ocrx_word' id='word_1_498' title='bbox 2824 3357 2999 3414; x_wconf 89' lang='lat' dir='ltr'><strong>socias</strong></span> <span class='ocrx_word' id='word_1_499' title='bbox 3039 3358 3247 3413; x_wconf 87' lang='lat' dir='ltr'><strong>ascivit.</strong></span> <span class='ocrx_word' id='word_1_500' title='bbox 3298 3359 3431 3414; x_wconf 86' lang='lat' dir='ltr'><strong>Nam</strong></span> 
     </span>
    </p>
   </div>
   <div class='ocr_carea' id='block_1_36' title="bbox 150 3446 3441 3521">
    <p class='ocr_par' dir='ltr' id='par_1_36' title="bbox 150 3446 3441 3521">
     <span class='ocr_line' id='line_1_36' title="bbox 150 3446 3441 3521; baseline 0.001 -19"><span class='ocrx_word' id='word_1_501' title='bbox 150 3461 362 3516; x_wconf 82' lang='lat' dir='ltr'><strong>vespere</strong></span> <span class='ocrx_word' id='word_1_502' title='bbox 390 3446 612 3501; x_wconf 90' lang='lat' dir='ltr'><strong>domum</strong></span> <span class='ocrx_word' id='word_1_503' title='bbox 639 3446 706 3501; x_wconf 86' lang='lat' dir='ltr'><strong>ad</strong></span> <span class='ocrx_word' id='word_1_504' title='bbox 738 3454 943 3515; x_wconf 87' lang='lat' dir='ltr'><strong>patrem</strong></span> <span class='ocrx_word' id='word_1_505' title='bbox 976 3458 1253 3517; x_wconf 86' lang='lat' dir='ltr'><strong>regressus</strong></span> <span class='ocrx_word' id='word_1_506' title='bbox 1275 3455 1439 3512; x_wconf 89' lang='lat' dir='ltr'><strong>esset,</strong></span> <span class='ocrx_word' id='word_1_507' title='bbox 1462 3458 1582 3499; x_wconf 90' lang='lat' dir='ltr'><strong>eum</strong></span> <span class='ocrx_word' id='word_1_508' title='bbox 1603 3456 1732 3499; x_wconf 90' lang='lat' dir='ltr'><strong>suns</strong></span> <span class='ocrx_word' id='word_1_509' title='bbox 1837 3448 2178 3506; x_wconf 73' lang='lat' dir='ltr'><strong>Vincentium</strong></span> <span class='ocrx_word' id='word_1_510' title='bbox 2206 3450 2427 3506; x_wconf 89' lang='lat' dir='ltr'><strong>veniens</strong></span> <span class='ocrx_word' id='word_1_511' title='bbox 2450 3489 2467 3518; x_wconf 95' lang='lat'><strong>,</strong></span> <span class='ocrx_word' id='word_1_512' title='bbox 2511 3458 2695 3506; x_wconf 86' lang='lat' dir='ltr'><strong>contra</strong></span> <span class='ocrx_word' id='word_1_513' title='bbox 2740 3466 2862 3505; x_wconf 88' lang='lat' dir='ltr'><strong>eum</strong></span> <span class='ocrx_word' id='word_1_514' title='bbox 2903 3450 3018 3520; x_wconf 90' lang='lat' dir='ltr'><strong>ejus</strong></span> <span class='ocrx_word' id='word_1_515' title='bbox 3060 3452 3205 3507; x_wconf 80' lang='lat' dir='ltr'><strong>cives</strong></span> <span class='ocrx_word' id='word_1_516' title='bbox 3234 3451 3441 3521; x_wconf 86' lang='lat' dir='ltr'><strong>egressi</strong></span> 
     </span>
    </p>
   </div>
   <div class='ocr_carea' id='block_1_37' title="bbox 150 3538 3436 3612">
    <p class='ocr_par' dir='ltr' id='par_1_37' title="bbox 150 3538 3436 3612">
     <span class='ocr_line' id='line_1_37' title="bbox 150 3538 3436 3612; baseline 0 -15"><span class='ocrx_word' id='word_1_517' title='bbox 150 3545 344 3611; x_wconf 76' lang='lat' dir='ltr'><strong>genitor</strong></span> <span class='ocrx_word' id='word_1_518' title='bbox 387 3540 674 3611; x_wconf 87' lang='lat' dir='ltr'><strong>requisivit</strong></span> <span class='ocrx_word' id='word_1_519' title='bbox 722 3541 768 3596; x_wconf 90' lang='lat' dir='ltr'><strong>si</strong></span> <span class='ocrx_word' id='word_1_520' title='bbox 816 3540 947 3611; x_wconf 91' lang='lat' dir='ltr'><strong>quid</strong></span> <span class='ocrx_word' id='word_1_521' title='bbox 991 3550 1018 3588; x_wconf 79' lang='grc' dir='ltr'><em>ε</em></span> <span class='ocrx_word' id='word_1_522' title='bbox 1059 3541 1113 3595; x_wconf 92' lang='lat' dir='ltr'><strong>in</strong></span> <span class='ocrx_word' id='word_1_523' title='bbox 1160 3539 1251 3595; x_wconf 93' lang='lat' dir='ltr'><strong>illo</strong></span> <span class='ocrx_word' id='word_1_524' title='bbox 1279 3538 1366 3596; x_wconf 92' lang='lat' dir='ltr'><strong>die</strong></span> <span class='ocrx_word' id='word_1_525' title='bbox 1402 3553 1495 3595; x_wconf 81' lang='lat' dir='ltr'><strong>rex</strong></span> <span class='ocrx_word' id='word_1_526' title='bbox 1523 3538 1736 3595; x_wconf 88' lang='lat' dir='ltr'><strong>locutus</strong></span> <span class='ocrx_word' id='word_1_527' title='bbox 1836 3541 2038 3598; x_wconf 89' lang='lat' dir='ltr'><strong>bellum</strong></span> <span class='ocrx_word' id='word_1_528' title='bbox 2072 3551 2434 3612; x_wconf 91' lang='lat' dir='ltr'><strong>paraverunt,</strong></span> <span class='ocrx_word' id='word_1_529' title='bbox 2465 3544 2561 3597; x_wconf 90' lang='lat' dir='ltr'><strong>sed</strong></span> <span class='ocrx_word' id='word_1_530' title='bbox 2599 3556 2721 3598; x_wconf 86' lang='lat' dir='ltr'><strong>mox</strong></span> <span class='ocrx_word' id='word_1_531' title='bbox 2754 3540 2879 3597; x_wconf 90' lang='lat' dir='ltr'><strong>victi</strong></span> <span class='ocrx_word' id='word_1_532' title='bbox 2927 3540 3042 3612; x_wconf 90' lang='lat' dir='ltr'><strong>ejus</strong></span> <span class='ocrx_word' id='word_1_533' title='bbox 3084 3542 3215 3597; x_wconf 82' lang='lat' dir='ltr'><strong>socii</strong></span> <span class='ocrx_word' id='word_1_534' title='bbox 3259 3541 3436 3597; x_wconf 84' lang='lat' dir='ltr'><strong>eﬂ&#39;ecti</strong></span> 
     </span>
    </p>
   </div>
   <div class='ocr_carea' id='block_1_38' title="bbox 148 3628 3436 3703">
    <p class='ocr_par' dir='ltr' id='par_1_38' title="bbox 148 3628 3436 3703">
     <span class='ocr_line' id='line_1_38' title="bbox 148 3628 3436 3703; baseline 0 -16"><span class='ocrx_word' id='word_1_535' title='bbox 148 3631 345 3690; x_wconf 88' lang='lat' dir='ltr'><strong>fuisset.</strong></span> <span class='ocrx_word' id='word_1_536' title='bbox 373 3633 471 3689; x_wconf 91' lang='lat' dir='ltr'><strong>Ille</strong></span> <span class='ocrx_word' id='word_1_537' title='bbox 501 3633 640 3703; x_wconf 89' lang='lat' dir='ltr'><strong>patri</strong></span> <span class='ocrx_word' id='word_1_538' title='bbox 682 3632 861 3688; x_wconf 90' lang='lat' dir='ltr'><strong>omnia</strong></span> <span class='ocrx_word' id='word_1_539' title='bbox 888 3628 920 3669; x_wconf 74' lang='grc' dir='ltr'><strong>ιι</strong></span> <span class='ocrx_word' id='word_1_540' title='bbox 947 3641 1003 3688; x_wconf 91' lang='lat' dir='ltr'><strong>ut</strong></span> <span class='ocrx_word' id='word_1_541' title='bbox 1044 3632 1183 3689; x_wconf 88' lang='lat' dir='ltr'><strong>facta</strong></span> <span class='ocrx_word' id='word_1_542' title='bbox 1228 3629 1438 3689; x_wconf 78' lang='lat' dir='ltr'><strong>fuerant</strong></span> <span class='ocrx_word' id='word_1_543' title='bbox 1457 3673 1472 3697; x_wconf 93' lang='lat'><strong>,</strong></span> <span class='ocrx_word' id='word_1_544' title='bbox 1502 3641 1557 3686; x_wconf 92' lang='lat' dir='ltr'><strong>et</strong></span> <span class='ocrx_word' id='word_1_545' title='bbox 1593 3628 1735 3702; x_wconf 92' lang='lat' dir='ltr'><strong>quod</strong></span> <span class='ocrx_word' id='word_1_546' title='bbox 1837 3642 1985 3691; x_wconf 89' lang='lat' dir='ltr'><strong>sunt.</strong></span> <span class='ocrx_word' id='word_1_547' title='bbox 2009 3633 2139 3690; x_wconf 87' lang='lat' dir='ltr'><strong>lnde</strong></span> <span class='ocrx_word' id='word_1_548' title='bbox 2161 3632 2346 3689; x_wconf 83' lang='lat' dir='ltr'><strong>exiens</strong></span> <span class='ocrx_word' id='word_1_549' title='bbox 2367 3633 2665 3689; x_wconf 89' lang='lat' dir='ltr'><strong>Tarvisium</strong></span> <span class='ocrx_word' id='word_1_550' title='bbox 2692 3634 2927 3703; x_wconf 87' lang='lat' dir='ltr'><strong>pervasit</strong></span> <span class='ocrx_word' id='word_1_551' title='bbox 2945 3633 3056 3701; x_wconf 87' lang='lat' dir='ltr'><strong>pari</strong></span> <span class='ocrx_word' id='word_1_552' title='bbox 3085 3634 3245 3689; x_wconf 88' lang='lat' dir='ltr'><strong>modo</strong></span> <span class='ocrx_word' id='word_1_553' title='bbox 3271 3634 3436 3690; x_wconf 88' lang='lat' dir='ltr'><strong>etiam</strong></span> 
     </span>
    </p>
   </div>
   <div class='ocr_carea' id='block_1_39' title="bbox 149 3722 3439 3800">
    <p class='ocr_par' dir='ltr' id='par_1_39' title="bbox 149 3722 3439 3800">
     <span class='ocr_line' id='line_1_39' title="bbox 149 3722 3439 3800; baseline -0.003 -20"><span class='ocrx_word' id='word_1_554' title='bbox 149 3726 244 3781; x_wconf 84' lang='lat' dir='ltr'><strong>sibi</strong></span> <span class='ocrx_word' id='word_1_555' title='bbox 268 3741 359 3783; x_wconf 86' lang='lat' dir='ltr'><strong>rex</strong></span> <span class='ocrx_word' id='word_1_556' title='bbox 404 3726 651 3793; x_wconf 88' lang='lat' dir='ltr'><strong>dixerat,</strong></span> <span class='ocrx_word' id='word_1_557' title='bbox 675 3726 960 3783; x_wconf 88' lang='lat' dir='ltr'><strong>nuntiavit.</strong></span> <span class='ocrx_word' id='word_1_558' title='bbox 993 3724 1230 3781; x_wconf 84' lang='lat' dir='ltr'><strong>Audiens</strong></span> <span class='ocrx_word' id='word_1_559' title='bbox 1258 3725 1375 3781; x_wconf 62' lang='lat' dir='ltr'><strong>haec</strong></span> <span class='ocrx_word' id='word_1_560' title='bbox 1401 3722 1540 3779; x_wconf 82' lang='lat' dir='ltr'><strong>Aldu</strong></span> <span class='ocrx_word' id='word_1_561' title='bbox 1569 3724 1735 3778; x_wconf 83' lang='lat' dir='ltr'><strong>vehe-</strong></span> <span class='ocrx_word' id='word_1_562' title='bbox 1837 3739 1893 3787; x_wconf 78' lang='lat' dir='ltr'><strong>et</strong></span> <span class='ocrx_word' id='word_1_563' title='bbox 1922 3737 1948 3765; x_wconf 76' lang='grc' dir='ltr'><strong><em>ιι</em></strong></span> <span class='ocrx_word' id='word_1_564' title='bbox 1978 3728 2214 3800; x_wconf 89' lang='lat' dir='ltr'><strong>reliquas</strong></span> <span class='ocrx_word' id='word_1_565' title='bbox 2242 3727 2507 3785; x_wconf 87' lang='lat' dir='ltr'><strong>civitates.</strong></span> <span class='ocrx_word' id='word_1_566' title='bbox 2538 3725 2780 3799; x_wconf 90' lang='lat' dir='ltr'><strong>Cumque</strong></span> <span class='ocrx_word' id='word_1_567' title='bbox 2809 3737 2991 3783; x_wconf 84' lang='lat' dir='ltr'><strong>contra</strong></span> <span class='ocrx_word' id='word_1_568' title='bbox 3028 3742 3151 3783; x_wconf 81' lang='lat' dir='ltr'><strong>eum</strong></span> <span class='ocrx_word' id='word_1_569' title='bbox 3177 3727 3439 3784; x_wconf 47' lang='lat' dir='ltr'><strong>unum“.</strong></span> 
     </span>
    </p>
   </div>
   <div class='ocr_carea' id='block_1_40' title="bbox 152 3817 3441 3893">
    <p class='ocr_par' dir='ltr' id='par_1_40' title="bbox 152 3817 3441 3893">
     <span class='ocr_line' id='line_1_40' title="bbox 152 3817 3441 3893; baseline -0.001 -15"><span class='ocrx_word' id='word_1_570' title='bbox 152 3829 353 3877; x_wconf 86' lang='lat' dir='ltr'><strong>menter</strong></span> <span class='ocrx_word' id='word_1_571' title='bbox 395 3820 706 3892; x_wconf 86' lang='lat' dir='ltr'><strong>pertimuit,</strong></span> <span class='ocrx_word' id='word_1_572' title='bbox 758 3818 774 3858; x_wconf 77' lang='grc' dir='ltr'>ί</span> <span class='ocrx_word' id='word_1_573' title='bbox 820 3819 1148 3890; x_wconf 79' lang='lat' dir='ltr'><strong>fratremque</strong></span> <span class='ocrx_word' id='word_1_574' title='bbox 1194 3832 1349 3874; x_wconf 76' lang='lat' dir='ltr'><strong>Suum</strong></span> <span class='ocrx_word' id='word_1_575' title='bbox 1404 3817 1736 3873; x_wconf 78' lang='lat' dir='ltr'><strong>Grausonem</strong></span> <span class='ocrx_word' id='word_1_576' title='bbox 1841 3832 1952 3879; x_wconf 93' lang='lat' dir='ltr'><strong>tum</strong></span> <span class='ocrx_word' id='word_1_577' title='bbox 1979 3824 2277 3879; x_wconf 84' lang='lat' dir='ltr'><strong>exercitum</strong></span> <span class='ocrx_word' id='word_1_578' title='bbox 2306 3821 2605 3893; x_wconf 89' lang='lat' dir='ltr'><strong>colligeret,</strong></span> <span class='ocrx_word' id='word_1_579' title='bbox 2628 3832 2682 3877; x_wconf 92' lang='lat' dir='ltr'><strong>et</strong></span> <span class='ocrx_word' id='word_1_580' title='bbox 2711 3820 3037 3890; x_wconf 83' lang='lat' dir='ltr'><strong>Forojuliani</strong></span> <span class='ocrx_word' id='word_1_581' title='bbox 3060 3822 3113 3874; x_wconf 91' lang='lat' dir='ltr'><strong>in</strong></span> <span class='ocrx_word' id='word_1_582' title='bbox 3140 3820 3256 3889; x_wconf 80' lang='lat' dir='ltr'><strong>ejus</strong></span> <span class='ocrx_word' id='word_1_583' title='bbox 3282 3820 3441 3875; x_wconf 85' lang='lat' dir='ltr'><strong>auxi-</strong></span> 
     </span>
    </p>
   </div>
   <div class='ocr_carea' id='block_1_41' title="bbox 149 3908 3439 3987">
    <p class='ocr_par' dir='ltr' id='par_1_41' title="bbox 149 3908 3439 3987">
     <span class='ocr_line' id='line_1_41' title="bbox 149 3908 3439 3987; baseline 0.001 -18"><span class='ocrx_word' id='word_1_584' title='bbox 149 3911 407 3980; x_wconf 83' lang='lat' dir='ltr'><strong>ascitum,</strong></span> <span class='ocrx_word' id='word_1_585' title='bbox 456 3913 505 3967; x_wconf 89' lang='lat' dir='ltr'><strong>ei</strong></span> <span class='ocrx_word' id='word_1_586' title='bbox 545 3913 720 3967; x_wconf 87' lang='lat' dir='ltr'><strong>omnia</strong></span> <span class='ocrx_word' id='word_1_587' title='bbox 752 3924 870 3981; x_wconf 70' lang='lat' dir='ltr'><strong>quae</strong></span> <span class='ocrx_word' id='word_1_588' title='bbox 916 3925 1011 3967; x_wconf 78' lang='lat' dir='ltr'><strong>rex</strong></span> <span class='ocrx_word' id='word_1_589' title='bbox 1042 3910 1272 3980; x_wconf 77' lang='lat' dir='ltr'><strong>maligne</strong></span> <span class='ocrx_word' id='word_1_590' title='bbox 1316 3908 1524 3964; x_wconf 74' lang='lat' dir='ltr'><strong>loculus</strong></span> <span class='ocrx_word' id='word_1_591' title='bbox 1567 3908 1739 3963; x_wconf 64' lang='lat' dir='ltr'><strong>luerat</strong></span> <span class='ocrx_word' id='word_1_592' title='bbox 1838 3916 1970 3973; x_wconf 90' lang='lat' dir='ltr'><strong>lium</strong></span> <span class='ocrx_word' id='word_1_593' title='bbox 1996 3916 2147 3987; x_wconf 83' lang='lat' dir='ltr'><strong>juxta</strong></span> <span class='ocrx_word' id='word_1_594' title='bbox 2178 3915 2492 3972; x_wconf 86' lang='lat' dir='ltr'><strong>fidelitatem</strong></span> <span class='ocrx_word' id='word_1_595' title='bbox 2542 3930 2694 3972; x_wconf 83' lang='lat' dir='ltr'><strong>suam</strong></span> <span class='ocrx_word' id='word_1_596' title='bbox 2740 3915 2934 3971; x_wconf 88' lang='lat' dir='ltr'><strong>vellent</strong></span> <span class='ocrx_word' id='word_1_597' title='bbox 2984 3915 3244 3983; x_wconf 79' lang='lat' dir='ltr'><strong>proficisci</strong></span> <span class='ocrx_word' id='word_1_598' title='bbox 3271 3956 3287 3981; x_wconf 96' lang='lat'><strong>,</strong></span> <span class='ocrx_word' id='word_1_599' title='bbox 3322 3915 3439 3983; x_wconf 87' lang='lat' dir='ltr'><strong>ipse</strong></span> 
     </span>
    </p>
   </div>
   <div class='ocr_carea' id='block_1_42' title="bbox 150 3994 3441 4079">
    <p class='ocr_par' dir='ltr' id='par_1_42' title="bbox 150 3994 3441 4079">
     <span class='ocr_line' id='line_1_42' title="bbox 150 3994 3441 4079; baseline -0.003 -20"><span class='ocrx_word' id='word_1_600' title='bbox 150 4006 421 4061; x_wconf 85' lang='lat' dir='ltr'><strong>nuntiavit.</strong></span> <span class='ocrx_word' id='word_1_601' title='bbox 453 4005 553 4074; x_wconf 89' lang='lat' dir='ltr'><strong>Qui</strong></span> <span class='ocrx_word' id='word_1_602' title='bbox 584 4020 707 4059; x_wconf 82' lang='lat' dir='ltr'><strong>mox</strong></span> <span class='ocrx_word' id='word_1_603' title='bbox 731 4018 855 4060; x_wconf 90' lang='lat' dir='ltr'><strong>cum</strong></span> <span class='ocrx_word' id='word_1_604' title='bbox 893 4003 1081 4059; x_wconf 88' lang='lat' dir='ltr'><strong>amicis</strong></span> <span class='ocrx_word' id='word_1_605' title='bbox 1107 4012 1161 4058; x_wconf 90' lang='lat' dir='ltr'><strong>et</strong></span> <span class='ocrx_word' id='word_1_606' title='bbox 1202 4002 1268 4057; x_wconf 90' lang='lat' dir='ltr'><strong>iis</strong></span> <span class='ocrx_word' id='word_1_607' title='bbox 1295 4000 1488 4072; x_wconf 88' lang='lat' dir='ltr'><strong>quibus</strong></span> <span class='ocrx_word' id='word_1_608' title='bbox 1515 3999 1737 4055; x_wconf 88' lang='lat' dir='ltr'><strong>credere</strong></span> <span class='ocrx_word' id='word_1_609' title='bbox 1838 4009 2059 4066; x_wconf 71' lang='lat' dir='ltr'><strong>Alachis</strong></span> <span class='ocrx_word' id='word_1_610' title='bbox 2088 4008 2155 4065; x_wconf 82' lang='lat' dir='ltr'><strong>ad</strong></span> <span class='ocrx_word' id='word_1_611' title='bbox 2184 4017 2399 4079; x_wconf 64' lang='lat' dir='ltr'><strong>pontem</strong></span> <span class='ocrx_word' id='word_1_612' title='bbox 2431 4008 2728 4079; x_wconf 55' lang='lat' dir='ltr'><strong>“quentia</strong></span> <span class='ocrx_word' id='word_1_613' title='bbox 2756 4006 3011 4073; x_wconf 61' lang='lat' dir='ltr'><strong>ﬂuminis,</strong></span> <span class='ocrx_word' id='word_1_614' title='bbox 3039 4006 3181 4077; x_wconf 81' lang='lat' dir='ltr'><strong>quod</strong></span> <span class='ocrx_word' id='word_1_615' title='bbox 3208 4021 3238 4061; x_wconf 83' lang='lat' dir='ltr'><strong>a</strong></span> <span class='ocrx_word' id='word_1_616' title='bbox 3269 3994 3441 4062; x_wconf 60' lang='lat' dir='ltr'><strong>Fui-0.</strong></span> 
     </span>
    </p>
   </div>
   <div class='ocr_carea' id='block_1_43' title="bbox 150 4089 1749 4172">
    <p class='ocr_par' dir='ltr' id='par_1_43' title="bbox 150 4089 1738 4166">
     <span class='ocr_line' id='line_1_43' title="bbox 150 4089 1738 4166; baseline -0.006 -13"><span class='ocrx_word' id='word_1_617' title='bbox 150 4104 391 4166; x_wconf 82' lang='lat' dir='ltr'><strong>poterant</strong></span> <span class='ocrx_word' id='word_1_618' title='bbox 435 4095 720 4151; x_wconf 88' lang='lat' dir='ltr'><strong>consilium</strong></span> <span class='ocrx_word' id='word_1_619' title='bbox 759 4094 993 4150; x_wconf 90' lang='lat' dir='ltr'><strong>inierunt</strong></span> <span class='ocrx_word' id='word_1_620' title='bbox 1038 4091 1269 4163; x_wconf 86' lang='lat' dir='ltr'><strong>qualiter</strong></span> <span class='ocrx_word' id='word_1_621' title='bbox 1310 4089 1527 4146; x_wconf 85' lang='lat' dir='ltr'><strong>Alachis</strong></span> <span class='ocrx_word' id='word_1_622' title='bbox 1558 4098 1738 4160; x_wconf 84' lang='lat' dir='ltr'><strong>tyran-</strong></span> 
     </span>
    </p>
   </div>
   <div class='ocr_carea' id='block_1_44' title="bbox 1853 4089 3436 4172">
    <p class='ocr_par' dir='ltr' id='par_1_44' title="bbox 1853 4099 3436 4172">
     <span class='ocr_line' id='line_1_44' title="bbox 1853 4099 3436 4172; baseline 0.001 -17"><span class='ocrx_word' id='word_1_623' title='bbox 1853 4099 1957 4167; x_wconf 92' lang='lat' dir='ltr'><strong>iulii</strong></span> <span class='ocrx_word' id='word_1_624' title='bbox 1986 4100 2336 4172; x_wconf 88' lang='lat' dir='ltr'><strong>quadraginta</strong></span> <span class='ocrx_word' id='word_1_625' title='bbox 2365 4112 2489 4157; x_wconf 91' lang='lat' dir='ltr'><strong>octo</strong></span> <span class='ocrx_word' id='word_1_626' title='bbox 2514 4099 2746 4157; x_wconf 89' lang='lat' dir='ltr'><strong>millibus</strong></span> <span class='ocrx_word' id='word_1_627' title='bbox 2770 4100 2953 4167; x_wconf 89' lang='lat' dir='ltr'><strong>distat,</strong></span> <span class='ocrx_word' id='word_1_628' title='bbox 2975 4108 3030 4156; x_wconf 92' lang='lat' dir='ltr'><strong>et</strong></span> <span class='ocrx_word' id='word_1_629' title='bbox 3055 4108 3137 4156; x_wconf 87' lang='lat' dir='ltr'><strong>est</strong></span> <span class='ocrx_word' id='word_1_630' title='bbox 3162 4100 3217 4155; x_wconf 93' lang='lat' dir='ltr'><strong>in</strong></span> <span class='ocrx_word' id='word_1_631' title='bbox 3244 4100 3436 4156; x_wconf 89' lang='lat' dir='ltr'><strong>itinere</strong></span> 
     </span>
    </p>
   </div>
   <div class='ocr_carea' id='block_1_45' title="bbox 152 4179 3439 4263">
    <p class='ocr_par' dir='ltr' id='par_1_45' title="bbox 152 4179 3439 4263">
     <span class='ocr_line' id='line_1_45' title="bbox 152 4179 3439 4263; baseline 0.001 -21"><span class='ocrx_word' id='word_1_632' title='bbox 152 4204 272 4243; x_wconf 90' lang='lat' dir='ltr'><strong>num</strong></span> <span class='ocrx_word' id='word_1_633' title='bbox 304 4188 319 4239; x_wconf 83' lang='lat' dir='ltr'><strong>l</strong></span> <span class='ocrx_word' id='word_1_634' title='bbox 360 4202 530 4259; x_wconf 89' lang='lat' dir='ltr'><strong>regno</strong></span> <span class='ocrx_word' id='word_1_635' title='bbox 579 4187 879 4257; x_wconf 90' lang='lat' dir='ltr'><strong>privarent,</strong></span> <span class='ocrx_word' id='word_1_636' title='bbox 909 4184 1217 4256; x_wconf 87' lang='lat' dir='ltr'><strong>priusquam</strong></span> <span class='ocrx_word' id='word_1_637' title='bbox 1250 4182 1365 4252; x_wconf 92' lang='lat' dir='ltr'><strong>ipse</strong></span> <span class='ocrx_word' id='word_1_638' title='bbox 1392 4182 1471 4237; x_wconf 90' lang='lat' dir='ltr'><strong>eis</strong></span> <span class='ocrx_word' id='word_1_639' title='bbox 1507 4179 1737 4251; x_wconf 88' lang='lat' dir='ltr'><strong>aliquam</strong></span> <span class='ocrx_word' id='word_1_640' title='bbox 1841 4191 2085 4250; x_wconf 84' lang='lat' dir='ltr'><strong>Ticinum</strong></span> <span class='ocrx_word' id='word_1_641' title='bbox 2123 4192 2484 4263; x_wconf 88' lang='lat' dir='ltr'><strong>pergentibus,</strong></span> <span class='ocrx_word' id='word_1_642' title='bbox 2519 4192 2572 4247; x_wconf 95' lang='lat' dir='ltr'><strong>in</strong></span> <span class='ocrx_word' id='word_1_643' title='bbox 2600 4191 2731 4246; x_wconf 89' lang='lat' dir='ltr'><strong>silva</strong></span> <span class='ocrx_word' id='word_1_644' title='bbox 2762 4207 2883 4262; x_wconf 78' lang='lat' dir='ltr'><strong>qua:</strong></span> <span class='ocrx_word' id='word_1_645' title='bbox 2911 4188 3214 4261; x_wconf 89' lang='lat' dir='ltr'><strong>Capulanus</strong></span> <span class='ocrx_word' id='word_1_646' title='bbox 3241 4190 3439 4246; x_wconf 87' lang='lat' dir='ltr'><strong>dicitur</strong></span> 
     </span>
    </p>
   </div>
   <div class='ocr_carea' id='block_1_46' title="bbox 149 4273 3438 4364">
    <p class='ocr_par' dir='ltr' id='par_1_46' title="bbox 149 4273 3438 4364">
     <span class='ocr_line' id='line_1_46' title="bbox 149 4273 3438 4364; baseline -0.003 -17"><span class='ocrx_word' id='word_1_647' title='bbox 149 4282 414 4340; x_wconf 51' lang='lat' dir='ltr'><strong>lesione!!!</strong></span> <span class='ocrx_word' id='word_1_648' title='bbox 466 4280 645 4337; x_wconf 69' lang='lat' dir='ltr'><strong>facere</strong></span> <span class='ocrx_word' id='word_1_649' title='bbox 688 4287 890 4351; x_wconf 73' lang='grc' dir='ltr'><strong>Ροεδθιο</strong></span> <span class='ocrx_word' id='word_1_650' title='bbox 928 4277 1031 4347; x_wconf 72' lang='lat' dir='ltr'><strong>Qui</strong></span> <span class='ocrx_word' id='word_1_651' title='bbox 1075 4275 1337 4332; x_wconf 67' lang='grc' dir='ltr'><strong>ωδιιπίυε</strong></span> <span class='ocrx_word' id='word_1_652' title='bbox 1376 4274 1442 4329; x_wconf 71' lang='lat' dir='ltr'><strong>ad</strong></span> <span class='ocrx_word' id='word_1_653' title='bbox 1484 4273 1738 4344; x_wconf 55' lang='lat' dir='ltr'><strong>Palatium</strong></span> <span class='ocrx_word' id='word_1_654' title='bbox 1844 4281 2049 4351; x_wconf 89' lang='lat' dir='ltr'><strong>latens,</strong></span> <span class='ocrx_word' id='word_1_655' title='bbox 2084 4296 2205 4339; x_wconf 92' lang='lat' dir='ltr'><strong>cum</strong></span> <span class='ocrx_word' id='word_1_656' title='bbox 2238 4282 2701 4352; x_wconf 83' lang='lat' dir='ltr'><strong>Forojuliunurum</strong></span> <span class='ocrx_word' id='word_1_657' title='bbox 2733 4284 3000 4339; x_wconf 78' lang='lat' dir='ltr'><strong>exercitus</strong></span> <span class='ocrx_word' id='word_1_658' title='bbox 3027 4283 3255 4352; x_wconf 87' lang='lat' dir='ltr'><strong>sparsim</strong></span> <span class='ocrx_word' id='word_1_659' title='bbox 3287 4283 3438 4364; x_wconf 75' lang='lat' dir='ltr'><strong>veni-</strong></span> 
     </span>
    </p>
   </div>
   <div class='ocr_carea' id='block_1_47' title="bbox 156 4368 1749 4445">
    <p class='ocr_par' dir='ltr' id='par_1_47' title="bbox 156 4368 1741 4442">
     <span class='ocr_line' id='line_1_47' title="bbox 156 4368 1741 4442; baseline -0.003 -13"><span class='ocrx_word' id='word_1_660' title='bbox 156 4372 393 4442; x_wconf 82' lang='lat' dir='ltr'><strong>profecti,</strong></span> <span class='ocrx_word' id='word_1_661' title='bbox 426 4374 500 4429; x_wconf 87' lang='lat' dir='ltr'><strong>ita</strong></span> <span class='ocrx_word' id='word_1_662' title='bbox 528 4370 750 4428; x_wconf 83' lang='lat' dir='ltr'><strong>Alachis</strong></span> <span class='ocrx_word' id='word_1_663' title='bbox 778 4370 1027 4426; x_wconf 82' lang='lat' dir='ltr'><strong>dixerunt</strong></span> <span class='ocrx_word' id='word_1_664' title='bbox 1054 4387 1068 4423; x_wconf 94' lang='lat'><strong>:</strong></span> <span class='ocrx_word' id='word_1_665' title='bbox 1099 4369 1237 4439; x_wconf 92' lang='lat' dir='ltr'><strong>Quid</strong></span> <span class='ocrx_word' id='word_1_666' title='bbox 1263 4370 1499 4440; x_wconf 87' lang='lat' dir='ltr'><strong>dignaris</strong></span> <span class='ocrx_word' id='word_1_667' title='bbox 1526 4369 1581 4427; x_wconf 93' lang='lat' dir='ltr'><strong>in</strong></span> <span class='ocrx_word' id='word_1_668' title='bbox 1610 4368 1741 4425; x_wconf 84' lang='lat' dir='ltr'><strong>civi-</strong></span> 
     </span>
    </p>
   </div>
   <div class='ocr_carea' id='block_1_48' title="bbox 1853 4368 3438 4445">
    <p class='ocr_par' dir='ltr' id='par_1_48' title="bbox 1853 4374 3438 4445">
     <span class='ocr_line' id='line_1_48' title="bbox 1853 4374 3438 4445; baseline -0.003 -13"><span class='ocrx_word' id='word_1_669' title='bbox 1853 4384 1947 4441; x_wconf 86' lang='lat' dir='ltr'><strong>ret,</strong></span> <span class='ocrx_word' id='word_1_670' title='bbox 1980 4390 2169 4432; x_wconf 91' lang='lat' dir='ltr'><strong>omnes</strong></span> <span class='ocrx_word' id='word_1_671' title='bbox 2192 4390 2290 4431; x_wconf 92' lang='lat' dir='ltr'><strong>eos</strong></span> <span class='ocrx_word' id='word_1_672' title='bbox 2319 4376 2459 4432; x_wconf 87' lang='lat' dir='ltr'><strong>sicut</strong></span> <span class='ocrx_word' id='word_1_673' title='bbox 2490 4375 2774 4432; x_wconf 89' lang='lat' dir='ltr'><strong>veniebant</strong></span> <span class='ocrx_word' id='word_1_674' title='bbox 2806 4375 2987 4445; x_wconf 84' lang='lat' dir='ltr'><strong>jurare</strong></span> <span class='ocrx_word' id='word_1_675' title='bbox 3027 4374 3126 4431; x_wconf 90' lang='lat' dir='ltr'><strong>sibi</strong></span> <span class='ocrx_word' id='word_1_676' title='bbox 3154 4374 3438 4444; x_wconf 85' lang='lat' dir='ltr'><strong>compulit,</strong></span> 
     </span>
    </p>
   </div>
   <div class='ocr_carea' id='block_1_49' title="bbox 155 4463 3438 4540">
    <p class='ocr_par' dir='ltr' id='par_1_49' title="bbox 155 4463 3438 4540">
     <span class='ocr_line' id='line_1_49' title="bbox 155 4463 3438 4540; baseline 0.001 -19"><span class='ocrx_word' id='word_1_677' title='bbox 155 4476 252 4524; x_wconf 89' lang='lat' dir='ltr'><strong>tate</strong></span> <span class='ocrx_word' id='word_1_678' title='bbox 275 4467 543 4535; x_wconf 87' lang='lat' dir='ltr'><strong>residere,</strong></span> <span class='ocrx_word' id='word_1_679' title='bbox 566 4480 693 4523; x_wconf 90' lang='lat' dir='ltr'><strong>ecce</strong></span> <span class='ocrx_word' id='word_1_680' title='bbox 714 4465 891 4521; x_wconf 89' lang='lat' dir='ltr'><strong>omnis</strong></span> <span class='ocrx_word' id='word_1_681' title='bbox 919 4463 1109 4521; x_wconf 89' lang='lat' dir='ltr'><strong>civitas</strong></span> <span class='ocrx_word' id='word_1_682' title='bbox 1134 4474 1188 4522; x_wconf 92' lang='lat' dir='ltr'><strong>et</strong></span> <span class='ocrx_word' id='word_1_683' title='bbox 1212 4464 1491 4521; x_wconf 90' lang='lat' dir='ltr'><strong>universus</strong></span> <span class='ocrx_word' id='word_1_684' title='bbox 1517 4465 1741 4535; x_wconf 79' lang='lat' dir='ltr'><strong>populus</strong></span> <span class='ocrx_word' id='word_1_685' title='bbox 1843 4468 2129 4540; x_wconf 84' lang='lat' dir='ltr'><strong>diligenter</strong></span> <span class='ocrx_word' id='word_1_686' title='bbox 2157 4483 2356 4526; x_wconf 90' lang='lat' dir='ltr'><strong>cavens</strong></span> <span class='ocrx_word' id='word_1_687' title='bbox 2381 4484 2451 4525; x_wconf 91' lang='lat' dir='ltr'><strong>ne</strong></span> <span class='ocrx_word' id='word_1_688' title='bbox 2487 4470 2678 4539; x_wconf 88' lang='lat' dir='ltr'><strong>aliquis</strong></span> <span class='ocrx_word' id='word_1_689' title='bbox 2705 4484 2771 4525; x_wconf 83' lang='lat' dir='ltr'><strong>ex</strong></span> <span class='ocrx_word' id='word_1_690' title='bbox 2801 4468 2866 4525; x_wconf 91' lang='lat' dir='ltr'><strong>iis</strong></span> <span class='ocrx_word' id='word_1_691' title='bbox 2895 4479 3040 4526; x_wconf 90' lang='lat' dir='ltr'><strong>retro</strong></span> <span class='ocrx_word' id='word_1_692' title='bbox 3065 4483 3315 4525; x_wconf 88' lang='lat' dir='ltr'><strong>reversus</strong></span> <span class='ocrx_word' id='word_1_693' title='bbox 3343 4484 3438 4525; x_wconf 84' lang='lat' dir='ltr'><strong>ve-</strong></span> 
     </span>
    </p>
   </div>
   <div class='ocr_carea' id='block_1_50' title="bbox 153 4557 3444 4661">
    <p class='ocr_par' dir='ltr' id='par_1_50' title="bbox 153 4557 3444 4661">
     <span class='ocr_line' id='line_1_50' title="bbox 153 4557 3444 4661; baseline 0.001 -47"><span class='ocrx_word' id='word_1_694' title='bbox 153 4560 236 4615; x_wconf 87' lang='lat' dir='ltr'><strong>tibi</strong></span> <span class='ocrx_word' id='word_1_695' title='bbox 276 4559 454 4617; x_wconf 85' lang='lat' dir='ltr'><strong>fidelis</strong></span> <span class='ocrx_word' id='word_1_696' title='bbox 496 4559 713 4627; x_wconf 90' lang='lat' dir='ltr'><strong>existit,</strong></span> <span class='ocrx_word' id='word_1_697' title='bbox 778 4566 835 4615; x_wconf 89' lang='lat' dir='ltr'><strong>et</strong></span> <span class='ocrx_word' id='word_1_698' title='bbox 878 4557 1123 4614; x_wconf 91' lang='lat' dir='ltr'><strong>ebriosus</strong></span> <span class='ocrx_word' id='word_1_699' title='bbox 1171 4557 1262 4615; x_wconf 88' lang='lat' dir='ltr'><strong>ille</strong></span> <span class='ocrx_word' id='word_1_700' title='bbox 1306 4558 1631 4615; x_wconf 82' lang='lat' dir='ltr'><strong>Cunibertus</strong></span> <span class='ocrx_word' id='word_1_701' title='bbox 1668 4558 1739 4614; x_wconf 86' lang='lat' dir='ltr'><strong>ita</strong></span> <span class='ocrx_word' id='word_1_702' title='bbox 1766 4597 1821 4661; x_wconf 68' lang='grc' dir='ltr'><strong><em>υ</em></strong></span> <span class='ocrx_word' id='word_1_703' title='bbox 1846 4562 2120 4661; x_wconf 75' lang='lat' dir='ltr'><strong>nientibus</strong></span> <span class='ocrx_word' id='word_1_704' title='bbox 2168 4563 2272 4619; x_wconf 88' lang='lat' dir='ltr'><strong>hoc</strong></span> <span class='ocrx_word' id='word_1_705' title='bbox 2308 4561 2430 4618; x_wconf 84' lang='lat' dir='ltr'><strong>aliis</strong></span> <span class='ocrx_word' id='word_1_706' title='bbox 2459 4562 2736 4619; x_wconf 88' lang='lat' dir='ltr'><strong>indicaret.</strong></span> <span class='ocrx_word' id='word_1_707' title='bbox 2770 4561 2965 4633; x_wconf 63' lang='lat' dir='ltr'><strong>Sit-que</strong></span> <span class='ocrx_word' id='word_1_708' title='bbox 2994 4576 3183 4617; x_wconf 90' lang='lat' dir='ltr'><strong>omnes</strong></span> <span class='ocrx_word' id='word_1_709' title='bbox 3212 4576 3243 4616; x_wconf 87' lang='lat' dir='ltr'><strong>a</strong></span> <span class='ocrx_word' id='word_1_710' title='bbox 3276 4561 3444 4617; x_wconf 83' lang='lat' dir='ltr'><strong>Foro-</strong></span> 
     </span>
    </p>
   </div>
   <div class='ocr_carea' id='block_1_51' title="bbox 188 4648 3442 4727">
    <p class='ocr_par' dir='ltr' id='par_1_51' title="bbox 188 4648 3442 4727">
     <span class='ocr_line' id='line_1_51' title="bbox 188 4648 3442 4727; baseline 0.001 -20"><span class='ocrx_word' id='word_1_711' title='bbox 188 4652 482 4709; x_wconf 86' lang='lat' dir='ltr'><strong>dissolutus</strong></span> <span class='ocrx_word' id='word_1_712' title='bbox 501 4659 679 4720; x_wconf 85' lang='lat' dir='ltr'><strong>est,ut</strong></span> <span class='ocrx_word' id='word_1_713' title='bbox 699 4650 810 4722; x_wconf 92' lang='lat' dir='ltr'><strong>jam</strong></span> <span class='ocrx_word' id='word_1_714' title='bbox 829 4651 967 4707; x_wconf 88' lang='lat' dir='ltr'><strong>ultra</strong></span> <span class='ocrx_word' id='word_1_715' title='bbox 982 4649 1153 4706; x_wconf 88' lang='lat' dir='ltr'><strong>nullas</strong></span> <span class='ocrx_word' id='word_1_716' title='bbox 1174 4649 1556 4721; x_wconf 86' lang='lat' dir='ltr'><strong>pussithabere</strong></span> <span class='ocrx_word' id='word_1_717' title='bbox 1578 4651 1734 4708; x_wconf 87' lang='lat' dir='ltr'><strong>vires.</strong></span> <span class='ocrx_word' id='word_1_718' title='bbox 1766 4648 1813 4661; x_wconf 76' lang='lat'>&#39;</span> <span class='ocrx_word' id='word_1_719' title='bbox 1842 4654 1962 4727; x_wconf 91' lang='lat' dir='ltr'><strong>julii</strong></span> <span class='ocrx_word' id='word_1_720' title='bbox 1985 4648 2259 4712; x_wconf 73' lang='lat' dir='ltr'><strong>venientes</strong></span> <span class='ocrx_word' id='word_1_721' title='bbox 2289 4653 2405 4724; x_wconf 90' lang='lat' dir='ltr'><strong>ejus</strong></span> <span class='ocrx_word' id='word_1_722' title='bbox 2446 4663 2573 4710; x_wconf 87' lang='lat' dir='ltr'><strong>sunt</strong></span> <span class='ocrx_word' id='word_1_723' title='bbox 2613 4655 2963 4710; x_wconf 87' lang='lat' dir='ltr'><strong>sacramentis</strong></span> <span class='ocrx_word' id='word_1_724' title='bbox 2989 4654 3214 4710; x_wconf 88' lang='lat' dir='ltr'><strong>astricti.</strong></span> <span class='ocrx_word' id='word_1_725' title='bbox 3247 4661 3273 4690; x_wconf 84' lang='grc' dir='ltr'><strong>ο</strong></span> <span class='ocrx_word' id='word_1_726' title='bbox 3304 4654 3442 4722; x_wconf 90' lang='lat' dir='ltr'><strong>Quid</strong></span> 
     </span>
    </p>
   </div>
   <div class='ocr_carea' id='block_1_52' title="bbox 120 4741 3440 4818">
    <p class='ocr_par' dir='ltr' id='par_1_52' title="bbox 120 4741 3440 4818">
     <span class='ocr_line' id='line_1_52' title="bbox 120 4741 3440 4818; baseline 0.001 -19"><span class='ocrx_word' id='word_1_727' title='bbox 120 4774 123 4779; x_wconf 94' lang='lat'><strong><em>-</em></strong></span> <span class='ocrx_word' id='word_1_728' title='bbox 153 4741 411 4815; x_wconf 79' lang='lat' dir='ltr'><strong>Egredere</strong></span> <span class='ocrx_word' id='word_1_729' title='bbox 436 4787 453 4813; x_wconf 97' lang='lat'><strong>,</strong></span> <span class='ocrx_word' id='word_1_730' title='bbox 486 4752 543 4801; x_wconf 90' lang='lat' dir='ltr'><strong>et</strong></span> <span class='ocrx_word' id='word_1_731' title='bbox 570 4742 704 4800; x_wconf 88' lang='lat' dir='ltr'><strong>vade</strong></span> <span class='ocrx_word' id='word_1_732' title='bbox 729 4744 783 4800; x_wconf 91' lang='lat' dir='ltr'><strong>in</strong></span> <span class='ocrx_word' id='word_1_733' title='bbox 816 4741 1154 4799; x_wconf 88' lang='lat' dir='ltr'><strong>venationem</strong></span> <span class='ocrx_word' id='word_1_734' title='bbox 1180 4780 1198 4811; x_wconf 90' lang='lat'><strong>,</strong></span> <span class='ocrx_word' id='word_1_735' title='bbox 1227 4750 1282 4800; x_wconf 92' lang='lat' dir='ltr'><strong>et</strong></span> <span class='ocrx_word' id='word_1_736' title='bbox 1318 4756 1511 4800; x_wconf 85' lang='lat' dir='ltr'><strong>exerce</strong></span> <span class='ocrx_word' id='word_1_737' title='bbox 1537 4751 1589 4800; x_wconf 92' lang='lat' dir='ltr'><strong>te</strong></span> <span class='ocrx_word' id='word_1_738' title='bbox 1617 4759 1738 4801; x_wconf 92' lang='lat' dir='ltr'><strong>cum</strong></span> <span class='ocrx_word' id='word_1_739' title='bbox 1845 4748 1995 4818; x_wconf 89' lang='lat' dir='ltr'><strong>plura</strong></span> <span class='ocrx_word' id='word_1_740' title='bbox 2022 4747 2044 4802; x_wconf 90' lang='lat'><strong>?</strong></span> <span class='ocrx_word' id='word_1_741' title='bbox 2075 4747 2208 4804; x_wconf 89' lang='lat' dir='ltr'><strong>Cum</strong></span> <span class='ocrx_word' id='word_1_742' title='bbox 2235 4745 2382 4803; x_wconf 89' lang='lat' dir='ltr'><strong>omni</strong></span> <span class='ocrx_word' id='word_1_743' title='bbox 2412 4747 2626 4802; x_wconf 81' lang='lat' dir='ltr'><strong>Alacltis</strong></span> <span class='ocrx_word' id='word_1_744' title='bbox 2650 4748 2886 4815; x_wconf 85' lang='lat' dir='ltr'><strong>Austria,</strong></span> <span class='ocrx_word' id='word_1_745' title='bbox 2914 4761 2945 4803; x_wconf 91' lang='lat' dir='ltr'><strong>e</strong></span> <span class='ocrx_word' id='word_1_746' title='bbox 2971 4755 3156 4804; x_wconf 90' lang='lat' dir='ltr'><strong>contra</strong></span> <span class='ocrx_word' id='word_1_747' title='bbox 3178 4744 3440 4805; x_wconf 87' lang='lat' dir='ltr'><strong>Cuniber-</strong></span> 
     </span>
    </p>
   </div>
   <div class='ocr_carea' id='block_1_53' title="bbox 215 4902 3441 4976">
    <p class='ocr_par' dir='ltr' id='par_1_53' title="bbox 215 4902 3441 4976">
     <span class='ocr_line' id='line_1_53' title="bbox 215 4902 3441 4976; baseline -0.001 -13"><span class='ocrx_word' id='word_1_748' title='bbox 215 4907 341 4976; x_wconf 60' lang='grc' dir='ltr'><strong>ειτό</strong></span> <span class='ocrx_word' id='word_1_749' title='bbox 374 4908 481 4963; x_wconf 82' lang='lat' dir='ltr'><strong>lata</strong></span> <span class='ocrx_word' id='word_1_750' title='bbox 509 4922 622 4976; x_wconf 86' lang='lat' dir='ltr'><strong>non</strong></span> <span class='ocrx_word' id='word_1_751' title='bbox 644 4906 748 4976; x_wconf 88' lang='lat' dir='ltr'><strong>leg.</strong></span> <span class='ocrx_word' id='word_1_752' title='bbox 781 4902 949 4976; x_wconf 70' lang='lat' dir='ltr'><strong>Amb.</strong></span> <span class='ocrx_word' id='word_1_753' title='bbox 969 4972 982 4976; x_wconf 87' lang='lat'>_</span> <span class='ocrx_word' id='word_1_754' title='bbox 1044 4972 1056 4976; x_wconf 92' lang='lat'>_</span> <span class='ocrx_word' id='word_1_755' title='bbox 1416 4974 1422 4976; x_wconf 19' lang='grc' dir='ltr'><em>Α</em></span> <span class='ocrx_word' id='word_1_756' title='bbox 1919 4905 1944 4943; x_wconf 73' lang='grc' dir='ltr'><strong>ιι</strong></span> <span class='ocrx_word' id='word_1_757' title='bbox 1974 4906 2139 4974; x_wconf 81' lang='lat' dir='ltr'><strong>Mod.,</strong></span> <span class='ocrx_word' id='word_1_758' title='bbox 2166 4915 2223 4961; x_wconf 85' lang='lat' dir='ltr'><strong>ut</strong></span> <span class='ocrx_word' id='word_1_759' title='bbox 2248 4905 2387 4976; x_wconf 78' lang='lat' dir='ltr'><strong>facta</strong></span> <span class='ocrx_word' id='word_1_760' title='bbox 2418 4906 2620 4976; x_wconf 79' lang='lat' dir='ltr'><strong>fuerant</strong></span> <span class='ocrx_word' id='word_1_761' title='bbox 2646 4912 2765 4959; x_wconf 84' lang='lat' dir='ltr'><strong>nota</strong></span> <span class='ocrx_word' id='word_1_762' title='bbox 2790 4903 2928 4974; x_wconf 75' lang='lat' dir='ltr'><strong>fecit.</strong></span> <span class='ocrx_word' id='word_1_763' title='bbox 2953 4903 3199 4971; x_wconf 77' lang='lat' dir='ltr'><strong>Audiens,</strong></span> <span class='ocrx_word' id='word_1_764' title='bbox 3228 4911 3355 4969; x_wconf 86' lang='lat' dir='ltr'><strong>etc.,</strong></span> <span class='ocrx_word' id='word_1_765' title='bbox 3385 4912 3441 4961; x_wconf 79' lang='lat' dir='ltr'><strong>et</strong></span> 
     </span>
    </p>
   </div>
   <div class='ocr_carea' id='block_1_54' title="bbox 214 4972 2106 5051">
    <p class='ocr_par' dir='ltr' id='par_1_54' title="bbox 214 4972 2106 5051">
     <span class='ocr_line' id='line_1_54' title="bbox 214 4972 2106 5051; baseline -0.003 -16"><span class='ocrx_word' id='word_1_766' title='bbox 214 4975 240 5014; x_wconf 72' lang='grc' dir='ltr'>δ</span> <span class='ocrx_word' id='word_1_767' title='bbox 271 4979 433 5035; x_wconf 75' lang='lat' dir='ltr'><strong>Anth.</strong></span> <span class='ocrx_word' id='word_1_768' title='bbox 486 4988 542 5034; x_wconf 92' lang='lat' dir='ltr'><strong>et</strong></span> <span class='ocrx_word' id='word_1_769' title='bbox 578 4972 723 5033; x_wconf 64' lang='lat' dir='ltr'><strong>Mod.</strong></span> <span class='ocrx_word' id='word_1_770' title='bbox 757 4972 1009 5032; x_wconf 79' lang='lat' dir='ltr'><strong>:Alacltis</strong></span> <span class='ocrx_word' id='word_1_771' title='bbox 1036 4972 1219 5030; x_wconf 80' lang='lat' dir='ltr'><strong>iterum</strong></span> <span class='ocrx_word' id='word_1_772' title='bbox 1264 4974 1530 5031; x_wconf 77' lang='lat' dir='ltr'><strong>mandavit</strong></span> <span class='ocrx_word' id='word_1_773' title='bbox 1564 4991 1585 5032; x_wconf 89' lang='lat'><strong><em>:</em></strong></span> <span class='ocrx_word' id='word_1_774' title='bbox 1631 4976 1742 5051; x_wconf 86' lang='lat' dir='ltr'><strong>Ego</strong></span> <span class='ocrx_word' id='word_1_775' title='bbox 1845 4977 2106 5051; x_wconf 87' lang='lat' dir='ltr'><strong>ita_Li_nd.</strong></span> 
     </span>
    </p>
   </div>
   <div class='ocr_carea' id='block_1_55' title="bbox 156 5044 3294 5118">
    <p class='ocr_par' dir='ltr' id='par_1_55' title="bbox 156 5044 3294 5118">
     <span class='ocr_line' id='line_1_55' title="bbox 156 5044 3294 5118; baseline -0.001 -17"><span class='ocrx_word' id='word_1_776' title='bbox 156 5063 246 5101; x_wconf 78' lang='lat' dir='ltr'><strong>non</strong></span> <span class='ocrx_word' id='word_1_777' title='bbox 266 5051 411 5118; x_wconf 86' lang='lat' dir='ltr'><strong>dico,</strong></span> <span class='ocrx_word' id='word_1_778' title='bbox 437 5059 547 5104; x_wconf 88' lang='lat' dir='ltr'><strong>etc.</strong></span> <span class='ocrx_word' id='word_1_779' title='bbox 846 5116 887 5118; x_wconf 37' lang='grc' dir='ltr'>η</span> <span class='ocrx_word' id='word_1_780' title='bbox 951 5117 958 5118; x_wconf 16' lang='grc' dir='ltr'>ί</span> <span class='ocrx_word' id='word_1_781' title='bbox 1678 5044 1699 5051; x_wconf 69' lang='grc'>⁷</span> <span class='ocrx_word' id='word_1_782' title='bbox 1924 5048 1940 5086; x_wconf 71' lang='grc' dir='ltr'><strong>ί</strong></span> <span class='ocrx_word' id='word_1_783' title='bbox 1977 5048 2217 5103; x_wconf 81' lang='lat' dir='ltr'><strong>Fratrem</strong></span> <span class='ocrx_word' id='word_1_784' title='bbox 2237 5065 2384 5103; x_wconf 84' lang='lat' dir='ltr'><strong>suum</strong></span> <span class='ocrx_word' id='word_1_785' title='bbox 2417 5048 2731 5103; x_wconf 82' lang='lat' dir='ltr'><strong>Grausonem</strong></span> <span class='ocrx_word' id='word_1_786' title='bbox 2750 5044 2943 5113; x_wconf 67' lang='lat' dir='ltr'><strong>a/Tatus</strong></span> <span class='ocrx_word' id='word_1_787' title='bbox 2973 5047 3163 5113; x_wconf 84' lang='lat' dir='ltr'><strong>omnia,</strong></span> <span class='ocrx_word' id='word_1_788' title='bbox 3189 5055 3294 5101; x_wconf 89' lang='lat' dir='ltr'><strong>etc.</strong></span> 
     </span>
    </p>
   </div>
   <div class='ocr_carea' id='block_1_56' title="bbox 216 5116 3005 5188">
    <p class='ocr_par' dir='ltr' id='par_1_56' title="bbox 216 5116 3005 5188">
     <span class='ocr_line' id='line_1_56' title="bbox 216 5116 3005 5188; baseline -0.002 -13"><span class='ocrx_word' id='word_1_789' title='bbox 216 5129 237 5157; x_wconf 76' lang='grc' dir='ltr'>ε</span> <span class='ocrx_word' id='word_1_790' title='bbox 265 5124 336 5177; x_wconf 81' lang='grc' dir='ltr'><strong>τὸ</strong></span> <span class='ocrx_word' id='word_1_791' title='bbox 366 5116 543 5175; x_wconf 81' lang='lat' dir='ltr'><strong>odium</strong></span> <span class='ocrx_word' id='word_1_792' title='bbox 569 5134 676 5174; x_wconf 88' lang='lat' dir='ltr'><strong>non</strong></span> <span class='ocrx_word' id='word_1_793' title='bbox 703 5118 811 5187; x_wconf 85' lang='lat' dir='ltr'><strong>leg.</strong></span> <span class='ocrx_word' id='word_1_794' title='bbox 842 5116 963 5172; x_wconf 82' lang='lat' dir='ltr'><strong>Mod</strong></span> <span class='ocrx_word' id='word_1_795' title='bbox 1922 5122 1936 5188; x_wconf 83' lang='lat' dir='ltr'><strong>l</strong></span> <span class='ocrx_word' id='word_1_796' title='bbox 1980 5121 2091 5182; x_wconf 81' lang='lat' dir='ltr'><strong>AL,</strong></span> <span class='ocrx_word' id='word_1_797' title='bbox 2136 5136 2293 5188; x_wconf 82' lang='lat' dir='ltr'><strong>regno</strong></span> <span class='ocrx_word' id='word_1_798' title='bbox 2320 5120 2516 5187; x_wconf 79' lang='lat' dir='ltr'><strong>vitaque</strong></span> <span class='ocrx_word' id='word_1_799' title='bbox 2542 5121 2819 5186; x_wconf 70' lang='lat' dir='ltr'><strong>privarent.</strong></span> <span class='ocrx_word' id='word_1_800' title='bbox 2852 5118 3005 5171; x_wconf 83' lang='lat' dir='ltr'><strong>Lind.</strong></span> 
     </span>
    </p>
   </div>
   <div class='ocr_carea' id='block_1_57' title="bbox 216 5185 3436 5310">
    <p class='ocr_par' dir='ltr' id='par_1_57' title="bbox 216 5185 3436 5310">
     <span class='ocr_line' id='line_1_57' title="bbox 216 5185 3436 5259; baseline -0.002 -13"><span class='ocrx_word' id='word_1_801' title='bbox 216 5196 244 5237; x_wconf 72' lang='grc' dir='ltr'><em>ά</em></span> <span class='ocrx_word' id='word_1_802' title='bbox 270 5192 435 5247; x_wconf 80' lang='lat' dir='ltr'><strong>Amb.</strong></span> <span class='ocrx_word' id='word_1_803' title='bbox 464 5202 519 5247; x_wconf 91' lang='lat' dir='ltr'><strong>et</strong></span> <span class='ocrx_word' id='word_1_804' title='bbox 548 5191 691 5245; x_wconf 73' lang='lat' dir='ltr'><strong>Mod.</strong></span> <span class='ocrx_word' id='word_1_805' title='bbox 726 5207 740 5243; x_wconf 88' lang='lat'>:</span> <span class='ocrx_word' id='word_1_806' title='bbox 764 5185 1136 5259; x_wconf 25' lang='lat' dir='ltr'><strong>‘Cceperttntque</strong></span> <span class='ocrx_word' id='word_1_807' title='bbox 1165 5195 1307 5243; x_wconf 85' lang='lat' dir='ltr'><strong>tanta</strong></span> <span class='ocrx_word' id='word_1_808' title='bbox 1331 5190 1585 5259; x_wconf 82' lang='lat' dir='ltr'><strong>amplius,</strong></span> <span class='ocrx_word' id='word_1_809' title='bbox 1615 5201 1741 5259; x_wconf 90' lang='lat' dir='ltr'><strong>etc.,</strong></span> <span class='ocrx_word' id='word_1_810' title='bbox 1917 5187 1945 5227; x_wconf 75' lang='grc' dir='ltr'><strong>¹ί</strong></span> <span class='ocrx_word' id='word_1_811' title='bbox 1979 5192 2146 5259; x_wconf 79' lang='lat' dir='ltr'><strong>Mod.,</strong></span> <span class='ocrx_word' id='word_1_812' title='bbox 2177 5185 2453 5245; x_wconf 76' lang='lat' dir='ltr'><strong>desolatas.</strong></span> <span class='ocrx_word' id='word_1_813' title='bbox 2482 5185 2593 5252; x_wconf 80' lang='lat' dir='ltr'><strong>AL,</strong></span> <span class='ocrx_word' id='word_1_814' title='bbox 2617 5192 2863 5254; x_wconf 61' lang='lat' dir='ltr'><strong>desersus,</strong></span> <span class='ocrx_word' id='word_1_815' title='bbox 2888 5199 2933 5243; x_wconf 89' lang='lat' dir='ltr'><strong>et</strong></span> <span class='ocrx_word' id='word_1_816' title='bbox 2962 5189 3251 5242; x_wconf 76' lang='lat' dir='ltr'><strong>destitutus.</strong></span> <span class='ocrx_word' id='word_1_817' title='bbox 3280 5185 3436 5242; x_wconf 83' lang='lat' dir='ltr'><strong>Lind.</strong></span> 
     </span>
     <span class='ocr_line' id='line_1_58' title="bbox 216 5258 3436 5310; baseline 0 0"><span class='ocrx_word' id='word_1_818' title='bbox 216 5274 339 5310; x_wconf 74' lang='lat' dir='ltr'><strong>ansa</strong></span> <span class='ocrx_word' id='word_1_819' title='bbox 370 5277 714 5310; x_wconf 73' lang='lat' dir='ltr'><strong>mmasorem.</strong></span> <span class='ocrx_word' id='word_1_820' title='bbox 1924 5259 1943 5299; x_wconf 85' lang='lat'>1</span> <span class='ocrx_word' id='word_1_821' title='bbox 1980 5263 2137 5310; x_wconf 86' lang='lat' dir='ltr'><strong>Amh.</strong></span> <span class='ocrx_word' id='word_1_822' title='bbox 2171 5272 2226 5310; x_wconf 81' lang='lat' dir='ltr'><strong>et</strong></span> <span class='ocrx_word' id='word_1_823' title='bbox 2253 5260 2394 5310; x_wconf 84' lang='grc' dir='ltr'><strong>ΜοιΙ.</strong></span> <span class='ocrx_word' id='word_1_824' title='bbox 2442 5262 2651 5310; x_wconf 77' lang='lat' dir='ltr'><strong>Istriam</strong></span> <span class='ocrx_word' id='word_1_825' title='bbox 2696 5274 2926 5310; x_wconf 78' lang='lat' dir='ltr'><strong>semper.</strong></span> <span class='ocrx_word' id='word_1_826' title='bbox 2969 5272 3021 5310; x_wconf 90' lang='lat' dir='ltr'><strong>et</strong></span> <span class='ocrx_word' id='word_1_827' title='bbox 3050 5260 3117 5310; x_wconf 89' lang='lat' dir='ltr'><strong>ita</strong></span> <span class='ocrx_word' id='word_1_828' title='bbox 3149 5259 3269 5310; x_wconf 78' lang='lat' dir='ltr'><strong>leait</strong></span> <span class='ocrx_word' id='word_1_829' title='bbox 3309 5258 3436 5310; x_wconf 87' lang='lat' dir='ltr'><strong>alias</strong></span> 
     </span>
    </p>
   </div>
   <div class='ocr_carea' id='block_1_58' title="bbox 153 5260 1749 5403">
    <p class='ocr_par' dir='ltr' id='par_1_58' title="bbox 153 5274 1749 5403">
     <span class='ocr_line' id='line_1_59' title="bbox 153 5274 954 5334; baseline -0.002 -20"><span class='ocrx_word' id='word_1_830' title='bbox 153 5274 339 5330; x_wconf 78' lang='lat' dir='ltr'><strong>quanto</strong></span> <span class='ocrx_word' id='word_1_831' title='bbox 370 5277 714 5334; x_wconf 82' lang='lat' dir='ltr'><strong>pervasorem.</strong></span> <span class='ocrx_word' id='word_1_832' title='bbox 951 5322 954 5327; x_wconf 10' lang='grc' dir='ltr'><strong><em>ἢ</em></strong></span> 
     </span>
     <span class='ocr_line' id='line_1_60' title="bbox 162 5332 1749 5403; baseline 0 -15"><span class='ocrx_word' id='word_1_833' title='bbox 162 5400 174 5403; x_wconf 90' lang='lat'>_</span> <span class='ocrx_word' id='word_1_834' title='bbox 224 5341 248 5369; x_wconf 86' lang='lat'><strong><em>°</em></strong></span> <span class='ocrx_word' id='word_1_835' title='bbox 278 5334 395 5398; x_wconf 76' lang='lat' dir='ltr'><strong>AL,</strong></span> <span class='ocrx_word' id='word_1_836' title='bbox 422 5348 801 5403; x_wconf 72' lang='lat' dir='ltr'><strong>perueneram;</strong></span> <span class='ocrx_word' id='word_1_837' title='bbox 830 5332 901 5386; x_wconf 89' lang='lat' dir='ltr'><strong>al.</strong></span> <span class='ocrx_word' id='word_1_838' title='bbox 946 5349 960 5385; x_wconf 88' lang='lat'><strong>:</strong></span> <span class='ocrx_word' id='word_1_839' title='bbox 995 5332 1198 5403; x_wconf 79' lang='lat' dir='ltr'><strong>quando</strong></span> <span class='ocrx_word' id='word_1_840' title='bbox 1246 5332 1436 5403; x_wconf 74' lang='lat' dir='ltr'><strong>majori</strong></span> <span class='ocrx_word' id='word_1_841' title='bbox 1472 5332 1749 5401; x_wconf 84' lang='lat' dir='ltr'><strong>superbum</strong></span> 
     </span>
    </p>
   </div>
   <div class='ocr_carea' id='block_1_59' title="bbox 1853 5260 3442 5403">
    <p class='ocr_par' dir='ltr' id='par_1_59' title="bbox 1853 5260 3442 5402">
     <span class='ocr_line' id='line_1_61' title="bbox 1924 5260 3442 5328; baseline -0.002 -14"><span class='ocrx_word' id='word_1_842' title='bbox 1924 5260 1943 5299; x_wconf 81' lang='lat'>1</span> <span class='ocrx_word' id='word_1_843' title='bbox 1979 5263 2137 5315; x_wconf 82' lang='lat' dir='ltr'><strong>Amb.</strong></span> <span class='ocrx_word' id='word_1_844' title='bbox 2171 5272 2226 5318; x_wconf 92' lang='lat' dir='ltr'><strong>et</strong></span> <span class='ocrx_word' id='word_1_845' title='bbox 2253 5260 2394 5315; x_wconf 85' lang='lat' dir='ltr'><strong>Mod.</strong></span> <span class='ocrx_word' id='word_1_846' title='bbox 2442 5262 2651 5314; x_wconf 80' lang='lat' dir='ltr'><strong>Istriam</strong></span> <span class='ocrx_word' id='word_1_847' title='bbox 2696 5274 2926 5327; x_wconf 86' lang='lat' dir='ltr'><strong>semper,</strong></span> <span class='ocrx_word' id='word_1_848' title='bbox 2969 5272 3021 5311; x_wconf 91' lang='lat' dir='ltr'><strong>et</strong></span> <span class='ocrx_word' id='word_1_849' title='bbox 3050 5260 3117 5313; x_wconf 90' lang='lat' dir='ltr'><strong>ita</strong></span> <span class='ocrx_word' id='word_1_850' title='bbox 3144 5260 3269 5328; x_wconf 85' lang='lat' dir='ltr'><strong>legit</strong></span> <span class='ocrx_word' id='word_1_851' title='bbox 3309 5260 3442 5312; x_wconf 89' lang='lat' dir='ltr'><strong>alias</strong></span> 
     </span>
     <span class='ocr_line' id='line_1_62' title="bbox 1853 5329 3441 5402; baseline -0.002 -14"><span class='ocrx_word' id='word_1_852' title='bbox 1853 5332 2207 5402; x_wconf 88' lang='lat' dir='ltr'><strong>Lindenbrog.</strong></span> <span class='ocrx_word' id='word_1_853' title='bbox 2258 5331 2367 5386; x_wconf 84' lang='lat' dir='ltr'><strong>Nec</strong></span> <span class='ocrx_word' id='word_1_854' title='bbox 2416 5331 2767 5386; x_wconf 73' lang='lat' dir='ltr'><strong>litesitandurn</strong></span> <span class='ocrx_word' id='word_1_855' title='bbox 2811 5329 3020 5384; x_wconf 83' lang='lat' dir='ltr'><strong>videtur</strong></span> <span class='ocrx_word' id='word_1_856' title='bbox 3063 5330 3187 5396; x_wconf 87' lang='lat' dir='ltr'><strong>quin</strong></span> <span class='ocrx_word' id='word_1_857' title='bbox 3234 5331 3441 5385; x_wconf 83' lang='lat' dir='ltr'><strong>lstriam</strong></span> 
     </span>
    </p>
   </div>
   <div class='ocr_carea' id='block_1_60' title="bbox 158 5400 3215 5478">
    <p class='ocr_par' dir='ltr' id='par_1_60' title="bbox 158 5400 3215 5478">
     <span class='ocr_line' id='line_1_63' title="bbox 158 5400 3215 5478; baseline -0.001 -23"><span class='ocrx_word' id='word_1_858' title='bbox 158 5400 438 5478; x_wconf 60' lang='lat' dir='ltr'><strong>inmorata</strong></span> <span class='ocrx_word' id='word_1_859' title='bbox 454 5405 599 5476; x_wconf 84' lang='lat' dir='ltr'><strong>regni</strong></span> <span class='ocrx_word' id='word_1_860' title='bbox 627 5403 963 5478; x_wconf 62' lang='lat' dir='ltr'><strong>meeralioni</strong></span> <span class='ocrx_word' id='word_1_861' title='bbox 986 5400 1246 5478; x_wconf 64' lang='lat' dir='ltr'><strong>haberent.</strong></span> <span class='ocrx_word' id='word_1_862' title='bbox 1269 5400 1376 5459; x_wconf 80' lang='lat' dir='ltr'><strong>Séd</strong></span> <span class='ocrx_word' id='word_1_863' title='bbox 1407 5420 1506 5478; x_wconf 70' lang='lat' dir='ltr'><strong>non</strong></span> <span class='ocrx_word' id='word_1_864' title='bbox 1532 5400 1748 5478; x_wconf 78' lang='lat' dir='ltr'><strong>multum</strong></span> <span class='ocrx_word' id='word_1_865' title='bbox 1850 5400 2179 5478; x_wconf 78' lang='lat' dir='ltr'><strong>reponamus</strong></span> <span class='ocrx_word' id='word_1_866' title='bbox 2201 5418 2265 5457; x_wconf 89' lang='lat' dir='ltr'><strong>ex</strong></span> <span class='ocrx_word' id='word_1_867' title='bbox 2286 5402 2520 5478; x_wconf 84' lang='lat' dir='ltr'><strong>lectione</strong></span> <span class='ocrx_word' id='word_1_868' title='bbox 2542 5416 2728 5478; x_wconf 82' lang='lat' dir='ltr'><strong>eorum</strong></span> <span class='ocrx_word' id='word_1_869' title='bbox 2754 5417 2871 5478; x_wconf 70' lang='lat' dir='ltr'><strong>qua:</strong></span> <span class='ocrx_word' id='word_1_870' title='bbox 2901 5409 3215 5478; x_wconf 83' lang='lat' dir='ltr'><strong>sequuntur.</strong></span> 
     </span>
    </p>
   </div>
   <div class='ocr_carea' id='block_1_61' title="bbox 161 5470 2987 5544">
    <p class='ocr_par' dir='ltr' id='par_1_61' title="bbox 161 5470 2987 5544">
     <span class='ocr_line' id='line_1_64' title="bbox 161 5470 2987 5544; baseline 0.001 -23"><span class='ocrx_word' id='word_1_871' title='bbox 161 5470 242 5524; x_wconf 78' lang='lat' dir='ltr'><strong>diu</strong></span> <span class='ocrx_word' id='word_1_872' title='bbox 272 5473 453 5543; x_wconf 78' lang='lat' dir='ltr'><strong>feritas</strong></span> <span class='ocrx_word' id='word_1_873' title='bbox 480 5470 532 5531; x_wconf 72' lang='lat' dir='ltr'><strong>ei</strong></span> <span class='ocrx_word' id='word_1_874' title='bbox 552 5474 719 5529; x_wconf 82' lang='lat' dir='ltr'><strong>cruda</strong></span> <span class='ocrx_word' id='word_1_875' title='bbox 759 5472 1014 5530; x_wconf 81' lang='lat' dir='ltr'><strong>barbaries</strong></span> <span class='ocrx_word' id='word_1_876' title='bbox 1039 5475 1086 5527; x_wconf 81' lang='lat' dir='ltr'><strong>vi</strong></span> <span class='ocrx_word' id='word_1_877' title='bbox 1118 5476 1349 5529; x_wconf 80' lang='lat' dir='ltr'><strong>invasam</strong></span> <span class='ocrx_word' id='word_1_878' title='bbox 1376 5470 1591 5544; x_wconf 75' lang='lat' dir='ltr'><strong>regn&#39;um</strong></span> <span class='ocrx_word' id='word_1_879' title='bbox 1618 5477 1747 5530; x_wconf 84' lang='lat' dir='ltr'><strong>obti-</strong></span> <span class='ocrx_word' id='word_1_880' title='bbox 1910 5470 1961 5511; x_wconf 71' lang='grc' dir='ltr'><strong>ἰη</strong></span> <span class='ocrx_word' id='word_1_881' title='bbox 1993 5475 2158 5541; x_wconf 81' lang='lat' dir='ltr'><strong>Mod.,</strong></span> <span class='ocrx_word' id='word_1_882' title='bbox 2190 5474 2392 5527; x_wconf 81' lang='lat' dir='ltr'><strong>socians</strong></span> <span class='ocrx_word' id='word_1_883' title='bbox 2415 5473 2700 5537; x_wconf 82' lang='lat' dir='ltr'><strong>associavil,</strong></span> <span class='ocrx_word' id='word_1_884' title='bbox 2726 5482 2774 5526; x_wconf 84' lang='lat' dir='ltr'><strong>et</strong></span> <span class='ocrx_word' id='word_1_885' title='bbox 2786 5472 2987 5542; x_wconf 73' lang='lat' dir='ltr'><strong>junxit.</strong></span> 
     </span>
    </p>
   </div>
   <div class='ocr_carea' id='block_1_62' title="bbox 162 5541 3442 5623">
    <p class='ocr_par' dir='ltr' id='par_1_62' title="bbox 162 5541 3442 5623">
     <span class='ocr_line' id='line_1_65' title="bbox 162 5541 3442 5623; baseline -0.002 -23"><span class='ocrx_word' id='word_1_886' title='bbox 162 5541 471 5623; x_wconf 60' lang='lat' dir='ltr'><strong>nuit._Lind.</strong></span> <span class='ocrx_word' id='word_1_887' title='bbox 519 5619 531 5623; x_wconf 88' lang='lat'>_</span> <span class='ocrx_word' id='word_1_888' title='bbox 692 5617 704 5623; x_wconf 36' lang='lat'><strong>-</strong></span> <span class='ocrx_word' id='word_1_889' title='bbox 857 5615 869 5623; x_wconf 22' lang='grc' dir='ltr'><strong>Α</strong></span> <span class='ocrx_word' id='word_1_890' title='bbox 944 5616 957 5623; x_wconf 84' lang='lat'>_</span> <span class='ocrx_word' id='word_1_891' title='bbox 1125 5616 1169 5623; x_wconf 86' lang='lat'>__</span> <span class='ocrx_word' id='word_1_892' title='bbox 1227 5616 1240 5623; x_wconf 82' lang='lat'>_</span> <span class='ocrx_word' id='word_1_893' title='bbox 1310 5616 1357 5623; x_wconf 80' lang='lat'><strong>__</strong></span> <span class='ocrx_word' id='word_1_894' title='bbox 1435 5541 1500 5623; x_wconf 40' lang='grc'><strong>⁷-</strong></span> <span class='ocrx_word' id='word_1_895' title='bbox 1651 5617 1696 5623; x_wconf 87' lang='lat'>__</span> <span class='ocrx_word' id='word_1_896' title='bbox 1923 5553 1951 5581; x_wconf 78' lang='grc' dir='ltr'><strong>ιι</strong></span> <span class='ocrx_word' id='word_1_897' title='bbox 1982 5546 2066 5623; x_wconf 82' lang='lat' dir='ltr'><strong>A_|.</strong></span> <span class='ocrx_word' id='word_1_898' title='bbox 2113 5562 2125 5598; x_wconf 91' lang='lat'><strong>:</strong></span> <span class='ocrx_word' id='word_1_899' title='bbox 2175 5545 2397 5623; x_wconf 61' lang='lat' dir='ltr'><strong>reliquas</strong></span> <span class='ocrx_word' id='word_1_900' title='bbox 2448 5544 2671 5597; x_wconf 80' lang='lat' dir='ltr'><strong>civitates</strong></span> <span class='ocrx_word' id='word_1_901' title='bbox 2725 5541 2797 5623; x_wconf 60' lang='lat' dir='ltr'><strong>ut</strong></span> <span class='ocrx_word' id='word_1_902' title='bbox 2828 5550 3041 5623; x_wconf 35' lang='lat' dir='ltr'><strong>contra.</strong></span> <span class='ocrx_word' id='word_1_903' title='bbox 3078 5541 3442 5623; x_wconf 56' lang='lat' dir='ltr'><strong>Cltuttibertunt</strong></span> 
     </span>
    </p>
   </div>
   <div class='ocr_carea' id='block_1_63' title="bbox 229 5613 3443 5685">
    <p class='ocr_par' dir='ltr' id='par_1_63' title="bbox 229 5613 3443 5685">
     <span class='ocr_line' id='line_1_66' title="bbox 229 5613 3443 5685; baseline -0.002 -13"><span class='ocrx_word' id='word_1_904' title='bbox 229 5616 249 5654; x_wconf 71' lang='grc' dir='ltr'>ί</span> <span class='ocrx_word' id='word_1_905' title='bbox 285 5615 461 5672; x_wconf 80' lang='lat' dir='ltr'><strong>Unum</strong></span> <span class='ocrx_word' id='word_1_906' title='bbox 486 5619 531 5671; x_wconf 89' lang='lat' dir='ltr'><strong>ei</strong></span> <span class='ocrx_word' id='word_1_907' title='bbox 560 5617 802 5671; x_wconf 83' lang='lat' dir='ltr'><strong>tremisse.</strong></span> <span class='ocrx_word' id='word_1_908' title='bbox 843 5615 1000 5671; x_wconf 79' lang='lat' dir='ltr'><strong>Amb.</strong></span> <span class='ocrx_word' id='word_1_909' title='bbox 1038 5623 1093 5669; x_wconf 89' lang='lat' dir='ltr'><strong>et</strong></span> <span class='ocrx_word' id='word_1_910' title='bbox 1122 5616 1264 5671; x_wconf 86' lang='lat' dir='ltr'><strong>Mod.</strong></span> <span class='ocrx_word' id='word_1_911' title='bbox 1296 5616 1405 5680; x_wconf 82' lang='lat' dir='ltr'><strong>AL,</strong></span> <span class='ocrx_word' id='word_1_912' title='bbox 1436 5617 1609 5672; x_wconf 84' lang='lat' dir='ltr'><strong>triens.</strong></span> <span class='ocrx_word' id='word_1_913' title='bbox 1648 5617 1749 5673; x_wconf 85' lang='lat' dir='ltr'><strong>Ms.</strong></span> <span class='ocrx_word' id='word_1_914' title='bbox 1853 5617 2127 5672; x_wconf 71' lang='lat' dir='ltr'><strong>exercitum</strong></span> <span class='ocrx_word' id='word_1_915' title='bbox 2176 5614 2475 5685; x_wconf 78' lang='lat' dir='ltr'><strong>colligeret,</strong></span> <span class='ocrx_word' id='word_1_916' title='bbox 2524 5624 2677 5684; x_wconf 77' lang='lat' dir='ltr'><strong>atque</strong></span> <span class='ocrx_word' id='word_1_917' title='bbox 2717 5613 3041 5685; x_wconf 80' lang='lat' dir='ltr'><strong>Forojuliani</strong></span> <span class='ocrx_word' id='word_1_918' title='bbox 3079 5615 3132 5669; x_wconf 84' lang='lat' dir='ltr'><strong>in</strong></span> <span class='ocrx_word' id='word_1_919' title='bbox 3162 5617 3269 5684; x_wconf 81' lang='lat' dir='ltr'><strong>ejus</strong></span> <span class='ocrx_word' id='word_1_920' title='bbox 3296 5613 3443 5668; x_wconf 78' lang='lat' dir='ltr'><strong>auxi-</strong></span> 
     </span>
    </p>
   </div>
   <div class='ocr_carea' id='block_1_64' title="bbox 164 5680 1750 5756">
    <p class='ocr_par' dir='ltr' id='par_1_64' title="bbox 164 5680 1750 5756">
     <span class='ocr_line' id='line_1_67' title="bbox 164 5680 1750 5756; baseline 0.004 -17"><span class='ocrx_word' id='word_1_921' title='bbox 164 5680 339 5756; x_wconf 62' lang='grc' dir='ltr'><strong>μηδ..</strong></span> <span class='ocrx_word' id='word_1_922' title='bbox 387 5690 670 5743; x_wconf 80' lang='lat' dir='ltr'><strong>tremensis.</strong></span> <span class='ocrx_word' id='word_1_923' title='bbox 716 5686 1001 5742; x_wconf 83' lang='lat' dir='ltr'><strong>Tremissis</strong></span> <span class='ocrx_word' id='word_1_924' title='bbox 1038 5700 1205 5756; x_wconf 90' lang='lat' dir='ltr'><strong>genus</strong></span> <span class='ocrx_word' id='word_1_925' title='bbox 1239 5688 1463 5742; x_wconf 91' lang='lat' dir='ltr'><strong>nummi.</strong></span> <span class='ocrx_word' id='word_1_926' title='bbox 1493 5687 1666 5743; x_wconf 82' lang='lat' dir='ltr'><strong>Etiam</strong></span> <span class='ocrx_word' id='word_1_927' title='bbox 1696 5691 1750 5746; x_wconf 88' lang='lat' dir='ltr'><strong>in</strong></span> 
     </span>
    </p>
   </div>
   <div class='ocr_carea' id='block_1_65' title="bbox 164 5752 1749 5835">
    <p class='ocr_par' dir='ltr' id='par_1_65' title="bbox 164 5752 1749 5835">
     <span class='ocr_line' id='line_1_68' title="bbox 164 5752 1749 5835; baseline 0.003 -25"><span class='ocrx_word' id='word_1_928' title='bbox 293 5757 939 5835; x_wconf 52' lang='lat' dir='ltr'><strong>Langobard.,_ti_t._l0&#39;l_,</strong></span> <span class='ocrx_word' id='word_1_929' title='bbox 982 5752 1150 5829; x_wconf 73' lang='lat'><strong>§62;</strong></span> <span class='ocrx_word' id='word_1_930' title='bbox 1196 5759 1300 5829; x_wconf 86' lang='lat' dir='ltr'><strong>leg.</strong></span> <span class='ocrx_word' id='word_1_931' title='bbox 1342 5758 1749 5829; x_wconf 79' lang='lat' dir='ltr'><strong>Bejoariorum,</strong></span> 
     </span>
    </p>
   </div>
   <div class='ocr_carea' id='block_1_66' title="bbox 166 5830 928 5902">
    <p class='ocr_par' dir='ltr' id='par_1_66' title="bbox 166 5830 928 5902">
     <span class='ocr_line' id='line_1_69' title="bbox 166 5830 928 5902; baseline 0.004 -22"><span class='ocrx_word' id='word_1_932' title='bbox 166 5830 241 5880; x_wconf 80' lang='lat' dir='ltr'><strong>tit.</strong></span> <span class='ocrx_word' id='word_1_933' title='bbox 274 5845 352 5894; x_wconf 88' lang='lat' dir='ltr'><strong>Ill,</strong></span> <span class='ocrx_word' id='word_1_934' title='bbox 386 5832 413 5902; x_wconf 84' lang='lat'>§</span> <span class='ocrx_word' id='word_1_935' title='bbox 446 5834 498 5897; x_wconf 76' lang='grc'><strong>1,</strong></span> <span class='ocrx_word' id='word_1_936' title='bbox 529 5842 586 5887; x_wconf 87' lang='lat' dir='ltr'><strong>et</strong></span> <span class='ocrx_word' id='word_1_937' title='bbox 613 5830 760 5885; x_wconf 87' lang='lat' dir='ltr'><strong>alibi.</strong></span> <span class='ocrx_word' id='word_1_938' title='bbox 792 5830 928 5885; x_wconf 86' lang='lat' dir='ltr'><strong>Lind</strong></span> 
     </span>
    </p>
   </div>
   <div class='ocr_carea' id='block_1_67' title="bbox 230 5903 557 5971">
    <p class='ocr_par' dir='ltr' id='par_1_67' title="bbox 230 5903 557 5971">
     <span class='ocr_line' id='line_1_70' title="bbox 230 5903 557 5971; baseline 0.024 -20"><span class='ocrx_word' id='word_1_939' title='bbox 230 5904 468 5971; x_wconf 46' lang='lat' dir='ltr'><strong>8.Amb.,</strong></span> <span class='ocrx_word' id='word_1_940' title='bbox 492 5903 557 5958; x_wconf 86' lang='lat' dir='ltr'><strong>ei.</strong></span> 
     </span>
    </p>
   </div>
   <div class='ocr_carea' id='block_1_68' title="bbox 565 5992 1057 6065">
    <p class='ocr_par' dir='ltr' id='par_1_68' title="bbox 565 5992 1057 6065">
     <span class='ocr_line' id='line_1_71' title="bbox 565 5992 1057 6065; baseline 0.002 -4"><span class='ocrx_word' id='word_1_941' title='bbox 565 5997 833 6065; x_wconf 63' lang='lat' dir='ltr'><strong>Pareas.</strong></span> <span class='ocrx_word' id='word_1_942' title='bbox 873 5992 1057 6062; x_wconf 69' lang='lat' dir='ltr'><strong>XCV.</strong></span> 
     </span>
    </p>
   </div>
   <div class='ocr_carea' id='block_1_69' title="bbox 1853 5688 3444 5827">
    <p class='ocr_par' dir='ltr' id='par_1_69' title="bbox 1853 5688 3444 5827">
     <span class='ocr_line' id='line_1_72' title="bbox 1853 5688 3444 5827; baseline -0.006 -13"><span class='ocrx_word' id='word_1_943' title='bbox 1853 5688 1980 5795; x_wconf 50' lang='lat' dir='ltr'><strong>1mg&quot;</strong></span> <span class='ocrx_word' id='word_1_944' title='bbox 1987 5697 2269 5822; x_wconf 46' lang='lat' dir='ltr'><strong>,Aleffbuid</strong></span> <span class='ocrx_word' id='word_1_945' title='bbox 2298 5757 2489 5827; x_wconf 83' lang='lat' dir='ltr'><strong>plura?</strong></span> <span class='ocrx_word' id='word_1_946' title='bbox 2517 5757 2696 5812; x_wconf 81' lang='lat' dir='ltr'><strong>Alahis</strong></span> <span class='ocrx_word' id='word_1_947' title='bbox 2723 5768 2767 5813; x_wconf 83' lang='lat' dir='ltr'><strong>et</strong></span> <span class='ocrx_word' id='word_1_948' title='bbox 2796 5769 2899 5813; x_wconf 79' lang='lat' dir='ltr'><strong>tota</strong></span> <span class='ocrx_word' id='word_1_949' title='bbox 2931 5757 3087 5813; x_wconf 81' lang='lat' dir='ltr'><strong>Istria</strong></span> <span class='ocrx_word' id='word_1_950' title='bbox 3102 5765 3275 5810; x_wconf 85' lang='lat' dir='ltr'><strong>contra</strong></span> <span class='ocrx_word' id='word_1_951' title='bbox 3300 5753 3444 5827; x_wconf 56' lang='lat' dir='ltr'><strong>[Iliu-</strong></span> 
     </span>
    </p>
   </div>
   <div class='ocr_carea' id='block_1_70' title="bbox 1854 5824 3447 5903">
    <p class='ocr_par' dir='ltr' id='par_1_70' title="bbox 1854 5824 3447 5903">
     <span class='ocr_line' id='line_1_73' title="bbox 1854 5824 3447 5903; baseline -0.004 -18"><span class='ocrx_word' id='word_1_952' title='bbox 1854 5830 2104 5903; x_wconf 74' lang='lat' dir='ltr'><strong>nibertum</strong></span> <span class='ocrx_word' id='word_1_953' title='bbox 2128 5846 2241 5903; x_wconf 74' lang='lat' dir='ltr'><strong>curn</strong></span> <span class='ocrx_word' id='word_1_954' title='bbox 2264 5824 2369 5883; x_wconf 78' lang='lat' dir='ltr'><strong>suis</strong></span> <span class='ocrx_word' id='word_1_955' title='bbox 2398 5830 2647 5903; x_wconf 72' lang='lat' dir='ltr'><strong>venientes</strong></span> <span class='ocrx_word' id='word_1_956' title='bbox 2675 5833 2726 5903; x_wconf 71' lang='lat' dir='ltr'><strong>in</strong></span> <span class='ocrx_word' id='word_1_957' title='bbox 2749 5848 2948 5903; x_wconf 84' lang='lat' dir='ltr'><strong>campo,</strong></span> <span class='ocrx_word' id='word_1_958' title='bbox 2971 5844 3074 5887; x_wconf 86' lang='lat' dir='ltr'><strong>etc.</strong></span> <span class='ocrx_word' id='word_1_959' title='bbox 3105 5829 3256 5882; x_wconf 82' lang='lat' dir='ltr'><strong>Lind.</strong></span> <span class='ocrx_word' id='word_1_960' title='bbox 3289 5824 3447 5879; x_wconf 72' lang='lat' dir='ltr'><strong>[mia</strong></span> 
     </span>
    </p>
   </div>
   <div class='ocr_carea' id='block_1_71' title="bbox 1859 5901 2838 5961">
    <p class='ocr_par' dir='ltr' id='par_1_71' title="bbox 1859 5901 2838 5961">
     <span class='ocr_line' id='line_1_74' title="bbox 1859 5901 2838 5961; baseline 0.001 -3"><span class='ocrx_word' id='word_1_961' title='bbox 1859 5903 1945 5960; x_wconf 90' lang='lat' dir='ltr'><strong>hic</strong></span> <span class='ocrx_word' id='word_1_962' title='bbox 1974 5902 2167 5961; x_wconf 86' lang='lat' dir='ltr'><strong>iterum</strong></span> <span class='ocrx_word' id='word_1_963' title='bbox 2200 5902 2397 5959; x_wconf 85' lang='lat' dir='ltr'><strong>habent</strong></span> <span class='ocrx_word' id='word_1_964' title='bbox 2425 5901 2561 5957; x_wconf 80' lang='lat' dir='ltr'><strong>Mod.</strong></span> <span class='ocrx_word' id='word_1_965' title='bbox 2596 5910 2652 5957; x_wconf 88' lang='lat' dir='ltr'><strong>et</strong></span> <span class='ocrx_word' id='word_1_966' title='bbox 2679 5901 2838 5959; x_wconf 79' lang='lat' dir='ltr'><strong>Amh.</strong></span> 
     </span>
    </p>
   </div>
   <div class='ocr_carea' id='block_1_72' title="bbox 3045 5991 3123 6059">
    <p class='ocr_par' dir='ltr' id='par_1_72' title="bbox 3045 5991 3123 6059">
     <span class='ocr_line' id='line_1_75' title="bbox 3045 5991 3123 6059; baseline 0.077 -6"><span class='ocrx_word' id='word_1_967' title='bbox 3045 5991 3123 6059; x_wconf 77' lang='lat'><strong>20</strong></span> 
     </span>
    </p>
   </div>
  </div>
