3942 6348
565 296 658 356 523

1165 407 1391 466 CAPUT
1428 408 1528 465 Ill.1

562 532 635 588 De
657 528 927 587 Redualdo
955 526 1082 582 duce
1120 524 1484 597 Forojuliano,
1511 523 1643 578 etde
1676 521 1873 592 Ansfrit
1898 520 1987 592 qui
2017 520 2130 591 ejus

1110 598 1352 651 ducatum
1375 597 1578 650 invasit.

540 770 543 773 ν
627 697 697 751 At
724 706 852 751 vero
877 689 1204 760 Rodoaldus,
1236 703 1394 761 quem
1432 688 1571 760 apud
1611 684 1960 744 Forum-Julii
1998 700 2136 757 prte-

553 895 714 952 tionis
742 902 889 965 parte
915 906 1035 961 quae
1080 902 1203 965 tunc
1232 890 1483 965 temporis
1519 889 1587 965 de
1629 888 2132 965 translatioriecor-

554 969 699 1038 poris
726 958 894 1038 sancti
928 958 1193 1038 Benedicti
1229 960 1739 1038 circumferebantur
1767 975 1844 1038 ex_
1862 958 2003 1029 vulgi
2042 975 2137 1017 ore

554 1032 786 1101 referat;
816 1037 869 1089 in
890 1034 1122 1090 secanda
1150 1048 1277 1089 vero
1302 1047 1363 1087 ea
1380 1048 1496 1100 quae
1522 1032 1958 1101 sibiexiveritate
1988 1045 2136 1101 com-

551 1120 702 1177 perta
733 1100 960 1177 fuerant.
994 1104 1187 1177 Scribit
1214 1102 1682 1177 Ostiensisuin‘suo
1702 1100 1972 1177 Chronico
1994 1100 2137 1177 Casi-

549 1172 693 1244 iiate,
724 1193 840 1244 cap.
873 1176 944 1229 Η
972 1194 982 1229 :
1018 1193 1036 1226 ‹
1073 1174 1173 1238 Qui
1206 1189 1330 1227 vero
1368 1174 1513 1227 Pauli
1545 1172 1762 1244 Diaconi
1785 1173 1990 1227 veracis
2033 1173 2137 1226 uti-

547 1265 652 1319 que
680 1243 733 1303 et
777 1243 997 1319 insignis
1038 1243 1797 1319 liistoriographi_testin_ionio
1843 1258 2005 1319 super
2032 1243 2136 1319 hoc

544 1314 777 1444 {nempe
806 1314 1041 1371 traiislat.
1073 1332 1219 1382 corp.
1249 1315 1416 1369 sancti
1466 1315 1764 1379 Benedicti,
1808 1323 1861 1369 et
1894 1314 2048 1383 Sch.)
2078 1329 2136 1369 se

573 1391 723 1444 ulciri
754 1389 1078 1444 existimant.
1112 1388 1356 1439 noverint
1378 1385 1819 1440 consuetudinem
1853 1386 1990 1439 hanc
2016 1400 2136 1440 esse

573 1385 726 1446 ul'ciri
754 1389 1078 1454 existimant,
1112 1388 1356 1439 noverint
1378 1385 1819 1440 consuetudinem
1853 1386 1990 1439 hanc
2016 1400 2137 1440 esse

479 1487 489 1493 -
546 1476 724 1517 rerum
757 1457 1417 1531 εθδωτυιηνεοιίμιοτίὺυε
1441 1465 1562 1531 ,__ut
1601 1458 1652 1510 in
1704 1456 2008 1531 narratione
2029 1457 2133 1510 'sua

545 1527 852 1601 opinionem
912 1530 1048 1601 vulgi
1090 1539 1423 1601 sequantur.
1476 1527 1607 1601 Nam
1661 1528 1876 1601 etap‘ud
1921 1528 2134 1601 ALucam

542 1598 699 1657 beata
735 1601 892 1655 Maria
921 1599 1120 1667 Josepli
1153 1609 1357 1666 patrem
1403 1599 1608 1650 Domini
1640 1598 1872 1665 appellat
1903 1598 2085 1653 dicens
2120 1616 2132 1651 :

545 1673 656 1744 Ego
703 1686 746 1726 ct
800 1683 938 1739 pater
975 1680 1095 1744 tuus
1124 1671 1350 1722 dolentes
1388 1671 1739 1744 qna'rebonius
1782 1678 1859 1730 te,
1889 1678 1945 1744 et
1995 1669 2133 1744 apud

546 1740 786 1825 hlareiiiii
815 1742 1050 1835 Herodes
1080 1758 1175 1810 pro
1216 1756 1280 1821 eo
1310 1740 1450 1809 quod
1497 1741 1667 1835 puella
1696 1747 1856 1804 caput
1884 1740 2132 1808 Baptista:
2166 1775 2211 1835 Β

542 1814 815 1883 qna:sierit
844 1812 1037 1883 dicitur
1065 1812 1430 1874 Contristatus,
1451 1812 1588 1883 quod
1625 1825 1904 1883 uirumque
1932 1826 2135 1883 nequa-

541 1882 697 1954 quam
742 1900 923 1938 veriim
980 1882 1156 1954 fuiSse
1191 1897 1349 1935 nemo
1394 1882 1481 1951 qui
1537 1882 1753 1954 nesciat.
1789 1901 1818 1954 _i
1865 1882 2023 1935 Addit
2068 1882 2133 1937 ad

543 1951 655 2008 hare
708 1956 965 2009 Lauretus
1014 1953 1385 2017 Cassinensis,
1433 1954 1482 2005 in
1532 1966 1629 2005 suo
1677 1951 1859 2006 libello
1912 1956 1977 2006 de
2008 1968 2133 2009 vera

539 2026 702 2081 exist.
732 2041 882 2092 corp.
914 2025 1083 2078 sancti
1126 2023 1395 2078 Benedicti
1436 2024 1488 2076 in
1531 2023 1833 2078 Cassinensi
1872 2022 2130 2089 Ecclesia,

538 2107 849 2165 argumenta
882 2096 1053 2162 plura,
1096 2102 1152 2146 ut
1179 2094 1440 2148 Ostiensis
1476 2094 1881 2161 explicationem
1915 2096 2131 2159 firmet;

540 2164 827 2236 exquibus
855 2180 976 2221 cum
1003 2165 1255 2218 solidiora
1288 2166 1499 2236 l‘iuceus
1530 2164 1581 2217 in
1613 2164 1933 2232 appendices
1958 2165 1992 2216 ‘2
2021 2175 2076 2220 et
2102 2166 2135 2218 3

535 2240 601 2291 ad
632 2234 864 2292 Leonem
894 2238 1066 2305 ipsum
1093 2277 1107 2300 ,
1142 2237 1280 2305 typis
1310 2234 1562 2289 Romanis
1592 2250 1820 2288 excusas
1846 2277 1861 2300 ,
1892 2237 2134 2292 contule-

538 2310 647 2376 rit,
681 2310 829 2362 iSliUS
880 2308 1107 2361 referam
1140 2306 1297 2359 verba
1333 2322 1348 2360 :
1387 2324 1406 2356 ι
1444 2306 1631 2359 Mirum
1662 2314 1864 2377 autem
1910 2308 2134 2377 (scribit

536 2378 779 2441 Nuceus)
809 2378 976 2432 videri
1009 2388 1169 2443 queat
1202 2377 1383 2445 (quod
1426 2379 1625 2429 notavit
1658 2376 1954 2443 Lauretus')
1987 2378 2131 2434 Pauli

541 2447 867 2504 Warnefridi
915 2448 1231 2501 auctoritate
1270 2448 1605 2501 adversariis
1631 2447 1745 2500 niti.
1776 2450 1908 2501 L'um
1940 2449 2133 2507 Paulus

540 2531 819 2589 postquam
854 2518 1214 2572 translationis
1233 2557 1248 2582 ,
1279 2533 1369 2572 seu
1406 2519 1755 2583 surreptionis
1775 2561 1790 2584 ,
1818 2521 2130 2575 memoriam

538 2592 651 2645 suis
676 2592 990 2644 inseruisset
1014 2591 1433 2654 commentariis,
1456 2590 1708 2642 continuo
1728 2590 1951 2643 subdat:
1974 2608 1992 2641 ι
2024 2590 2131 2647 Sed

543 2681 561 2712 ι
600 2672 806 2716 certum
847 2661 999 2713 nobis
1042 2671 1124 2713 est
1152 2675 1212 2714 os
1236 2660 1363 2713 illud
1394 2660 1730 2724 venerabile,
1776 2674 1828 2714 et
1864 2663 2009 2715 omni
2040 2678 2132 2717 ne-

541 2751 560 2782 c
598 2743 745 2786 etate
775 2731 987 2786 suavius
1013 2771 1027 2793 .
1060 2739 1115 2783 et
1152 2731 1336 2784 oculos
1366 2746 1579 2797 semper
1604 2733 1841 2786 «mlestia
1873 2741 2132 2787 contuen-

537 2820 557 2857 ι
597 2813 673 2857 tes
693 2843 708 2867 ,
746 2813 939 2856 caetera
969 2817 1179 2870 quoque
1210 2806 1445 2857 membra
1470 2805 1675 2871 (nota),
1704 2804 1945 2871 quamvis
1976 2805 2024 2856 in
2055 2805 2123 2858 ci-

535 2892 555 2925 ι
598 2890 782 2929 iterem
803 2872 1037 2937 deﬂexa,
1065 2873 1448 2939 remansisse-3
1468 2888 1573 2942 quo
1596 2875 1875 2927 verborum
1904 2875 2129 2929 circuitu

531 2945 650 3015 quis
683 2961 787 2999 non
833 2944 978 2997 videt
1027 2943 1247 2997 Paulum
1290 2945 1444 3009 plane
1484 2943 1753 3013 corrigere
1790 2961 1851 2997 ac
1894 2954 2130 3001 relutare

534 3015 895 3072 narrationem
941 3031 1100 3083 quam
1143 3030 1207 3068 ex
1257 3016 1481 3068 aliorum
1532 3016 1714 3083 utique
1745 3020 2127 3081 monumentis,

533 3102 639 3141 non
671 3086 810 3140 enim
863 3100 962 3140 suo
1008 3100 1123 3140 aevo
1172 3085 1219 3138 id
1265 3086 1527 3141 accidisse
1571 3087 1819 3153 refertur,
1860 3088 2005 3155 prius
2032 3105 2126 3142 ex-

1431 295 1631 357 PAULI
1667 292 1943 354 DlACONI
1974 291 2129 379 QPP.
2171 289 2351 350 PARS
2389 289 2430 345 Ι.
2470 320 2530 333 -
2579 286 2973 348 HISTORICA.

3645 304 3725 361 624

2160 408 2215 466 Α
2238 402 2481 458 misimus
2524 401 2777 458 ducatum
2820 401 3076 469 tenuisse,
3104 414 3224 457 cum
3265 403 3329 460 ab
3355 406 3522 465 eadem
3559 412 3724 475 civitate

2237 495 2472 563 abesset,
2507 504 2534 533 α
2561 493 2768 551 Ansl‘rit
2790 495 2859 551 de
2897 503 3074 550 castro
3099 493 3125 533 ιι
3157 494 3353 552 Reunia
3391 499 3609 558 ducatum
3640 507 3728 578 ejus

2236 584 2439 657 absque
2482 586 2624 660 regis
2662 596 2788 642 nutu
2819 586 3074 657 pervasit.
3104 587 3219 656 Quo
3244 600 3517 660 comperto,
3543 594 3727 655 Rodoal.

2237 678 2337 736 dus
2364 679 2415 735 in
2448 678 2654 736 Istriam
2696 678 2849 751 fugit,
2882 692 2944 735 ac
2972 678 3165 737 deinde
3209 680 3406 753 navigio
3443 700 3525 755 per
3566 687 3729 747 Raven-

2237 880 2379 937 beati
2426 879 2598 934 Patris
2648 876 2915 933 Benedicti
2969 878 3293 946 pervenisse,
3336 880 3413 935 vel
3458 885 3659 941 membra
3696 890 3733 945 iii

2240 954 2511 1026 pulverem
2541 951 2712 1026 soluta
2762 949 3182 1026 synecdochicos
3213 952 3463 1026 intelligit,
3490 955 3560 1008 vel
3603 960 3735 1026 potius

2240 1019 2500 1099 tumulum
2547 1021 2753 1091 ipsum,
2794 1019 3163 1099 eorloquendi.
3204 1019 3622 1099 [n0d0-:iigtll'a|0-,
3659 1046 3735 1099 quo

2237 1097 2519 1167 continens
2538 1090 2645 1167 pro
2676 1108 2733 1147 re
2767 1098 3018 1167 contenta
3054 1090 3330 1159 accipitur.
3365 1090 3542 1149 Veiuiii
3584 1090 3642 1152 ita
3669 1090 3734 1167 iiii,

2238 1165 2429 1219 Paulus
2474 1164 2703 1238 priorem
2733 1165 3053 1238 sententiam
3084 1166 3617 1238 retrac‘taverit,rcerte
3650 1164 3736 1238 qua

2239 1238 2477 1290 membra
2525 1235 2652 1288 dicit
2700 1234 3022 1289 remansisse
3068 1235 3300 1300 Cassini,
3328 1250 3387 1290 ea
3422 1254 3440 1287 ί
3468 1237 3515 1291 in
3555 1234 3736 1297 cinerem

2238 1306 2445 1361 delluxa
2476 1306 2728 1369 affirmat,
2754 1313 2889 1376 θυι.)
2919 1304 2981 1358 Et
3011 1304 3235 1360 inferius
3259 1323 3320 1357 :.i
3351 1307 3567 1376 Denique
3583 1320 3736 1368 certum

2239 1388 2319 1431 est
2352 1377 2595 1441 Paulum,
2628 1390 2733 1430 non
2762 1375 2977 1445 quidem
3006 1377 3339 1441 szecularem,
3367 1379 3455 1433 sed
3479 1375 3576 1446 j'aiii
3601 1398 3739 1438 mona-

2238 1450 2422 1513 chuui,
2456 1450 2506 1500 in
2540 1449 2655 1514 ipso
2686 1447 3011 1501 monasterio
3052 1446 3355 1504 Cassinensi
3396 1452 3654 1507 scribendae
3684 1456 3739 1510 ili-

2238 1521 2417 1573 storiae
2460 1534 2570 1572 suae
2598 1518 2809 1572 dedisse
2837 1533 3080 1585 operam,
3110 1518 3252 1588 quod
3285 1529 3424 1587 patet
3459 1528 3559 1576 tuin
3594 1539 3644 1577 ex
3668 1524 3740 1583 lioc

2238 1589 2379 1664 loco,
2414 1590 2499 1643 ubi
2521 1590 2643 1664 ait:
2683 1606 2702 1640 ι
2731 1588 2824 1643 sed
2852 1599 3056 1664 certum
3102 1600 3181 1643 est
3213 1592 3365 1664 nobis
3393 1606 3451 1644 os
3472 1594 3620 1664 illud,
3643 1605 3737 1664 etc.,

2244 1678 2262 1713 t
2302 1660 2824 1735 reiiiaiisisse,i_tuin
2855 1676 2915 1714 ex
2947 1660 3041 1714 lib.
3066 1676 3102 1725 i,
3133 1676 3254 1730 cap.
3281 1662 3370 1731 26,
3401 1662 3484 1718 ubi
3527 1660 3741 1735 postquam

2241 1743 2483 1787 sanctum
2536 1729 2911 1803 Benedictum,
2963 1746 3121 1799 quem
3174 1729 3540 1803 suuni'ipsius'
3584 1729 3740 1792 Patrem

2245 1805 2538 1858 identidem
2570 1802 2821 1870 appellat,
2845 1802 3086 1872 pluribus
3108 1805 3512 1871 commendavit,
3533 1807 3590 1861 de
3612 1807 3742 1863 Marco

2241 1886 2398 1945 poeta
2425 1889 2486 1927 ac
2529 1874 2812 1938 monacho,
2860 1874 2974 1929 haec
3015 1875 3244 1930 scribit:
3283 1893 3304 1927 ε
3335 1876 3442 1931 Huc
3482 1887 3647 1945 autem,
3673 1880 3743 1934 hoc

2246 1966 2262 1996 ι
2303 1958 2407 2010 est,
2439 1948 2491 1999 in
2534 1945 2739 2019 Cassini
2790 1956 3048 2019 montem,
3083 1945 3419 2019 perveniens,
3451 1948 3500 2001 in
3530 1964 3682 2019 inagna
3704 1965 3743 2005 se

2245 2034 2265 2069 ι
2302 2032 2513 2085 semper
2559 2016 2887 2070 continentia
2930 2017 3246 2072 coarctavit.
3279 2019 3342 2073 Et
3372 2018 3481 2074 hate
3521 2016 3666 2074 omnia
3700 2037 3744 2076 er

2243 2106 2262 2139 ι
2302 2088 2460 2142 Marci
2497 2096 2668 2156 poeta:
2707 2088 2945 2142 carmine
2973 2091 3205 2157 sumpsi,
3236 2090 3327 2157 qui
3354 2090 3417 2143 ad
3445 2091 3655 2146 eumdem
3677 2090 3745 2146 Pa-

2243 2177 2262 2210 r
2302 2169 2434 2212 trem
2480 2159 2583 2212 huc
2634 2158 2872 2225 veniens,
2902 2168 3005 2213 etc.
3033 2178 3051 2211 ι
3109 2160 3181 2231 Et
3227 2163 3408 2227 paucis
3452 2163 3743 2231 interpositis:

2243 2247 2263 2282 ι
2302 2234 2517 2285 L‘ertum
2544 2239 2624 2283 est
2665 2231 2803 2283 hunc
2844 2231 3112 2300 egregium
3158 2230 3372 2285 Patrem
3403 2230 3747 2289 vocatuuicutli-

2242 2318 2261 2353 ι
2303 2311 2384 2355 tos
2414 2304 2481 2354 ob
2512 2301 2611 2354 hoc
2637 2302 2702 2354 ad
2735 2305 2873 2354 hunc
2920 2303 3150 2356 fertilem
3187 2302 3382 2370 locum,
3417 2314 3468 2356 ut
3504 2304 3577 2358 hic
3602 2310 3747 2358 multo-

2242 2390 2261 2424 ι
2304 2388 2418 2424 rum
2467 2374 2872 2436 monachorum,
2916 2372 3053 2427 sicut
3099 2382 3153 2428 et
3203 2389 3364 2441 nunc,
3412 2378 3510 2429 lleo
3555 2378 3745 2443 praesule,

2241 2464 2262 2497 ‹
2301 2446 2436 2512 facta
2466 2453 2568 2508 est,
2611 2443 2954 2512 congregatio
2997 2444 3173 2508 lieret,
3206 2453 3345 2499 etc.»
3379 2445 3627 2500 Concludit
3663 2457 3740 2500 tati.

2234 2517 2355 2569 deni
2385 2510 2758 2568 illabillonius:
2797 2510 3054 2569 (Maneat
3080 2530 3213 2585 ergo
3243 2518 3402 2570 fixum
3447 2515 3636 2570 Paulum
3672 2533 3745 2571 non

2234 2603 2298 2640 ex
2332 2586 2471 2654 vulgi
2502 2588 2774 2655 opinione,
2805 2601 2907 2638 non
2935 2601 3001 2639 ex
3033 2588 3385 2654 ignoratione,
3414 2591 3501 2642 sed
3538 2603 3593 2642 ex
3618 2603 3689 2640 sua
3712 2598 3748 2642 et

2232 2671 2449 2711 suorum
2482 2656 2839 2709 Cassinatium
2870 2658 3134 2711 sententia
3190 2668 3299 2711 tum
3332 2668 3530 2725 recepta
3572 2662 3748 2712 locutum

2235 2731 2421 2793 luisse,
2449 2728 2574 2782 dum
2598 2728 2767 2781 Gallis
2790 2743 2909 2781 ossa
2931 2730 3428 2793 sanctioBenedicti,
3452 2730 3748 2783 Lassinutibus

2232 2800 2443 2854 cineres
2500 2799 2772 2866 attribuit,
2821 2813 2922 2854 nec
2980 2816 3220 2870 unquam
3277 2801 3576 2856 sententiain
3625 2811 3748 2856 retra-

2231 2880 2423 2924 ctasse.
2440 2890 2458 2921 ι

2302 2942 2427 2996 llaec
2463 2950 2778 3011 argumenta
2804 2957 2922 3012 quae
2953 2941 3186 2997 Paulum
3234 2956 3472 2999 nostrum
3519 2942 3749 3013 respiciunt

2229 3011 2435 3082 integra
2467 3013 2633 3068 ferme
2670 3011 2847 3079 retuli,
2879 3028 2947 3067 ne
2989 3014 3225 3083 partium
3258 3017 3433 3069 studio
3465 3011 3610 3069 it’llel'i
3636 3014 3749 3068 vide-

2233 3099 2349 3149 rer;
2379 3095 2432 3137 at
2469 3085 2688 3139 minime
2717 3084 3105 3139 dissimulanda
3137 3095 3229 3139 est
3259 3092 3414 3141 lectio
3439 3088 3660 3142 Codicum
3684 3104 3749 3137 mi-

529 3157 860 3225 scripserat‘?
908 3157 975 3210 Et
998 3156 1263 3228 fortassis
1312 3158 1361 3209 id
1406 3156 1693 3228 scripserat
1722 3168 1772 3212 et
1808 3151 2122 3228 vulgaverat
2153 3151 2196 3213 C
2233 3164 2435 3209 trorum
2474 3172 2634 3228 mss.,_
2656 3158 2746 3225 qui
2779 3170 2875 3225 pro
2907 3156 3070 3209 verbo
3118 3161 3464 3227 requiescebat
3504 3158 3748 3223 Editoruui,

530 3240 820 3295 antequam
871 3226 1009 3296 apud
1055 3225 1357 3281 Cassinates
1401 3227 1468 3281 de
1498 3227 1574 3282 rei
1604 3230 1828 3282 veritate
1859 3225 2120 3284 sincerius

529 3300 742 3353 edoceri
777 3302 1067 3366 potuisset;
1102 3297 1241 3351 unde
1273 3299 1321 3351 id
1351 3307 1532 3365 postea
1578 3299 1886 3353 retractavit
1916 3300 2118 3354 subne-

530 3381 683 3440 ctetis
731 3378 938 3423 certum
980 3370 1077 3434 ipsi
1126 3378 1177 3422 et
1225 3370 1591 3423 CaSsinatibus
1636 3371 1799 3424 fuisse
1854 3373 2116 3440 integrum

530 3438 806 3495 Benedicti
857 3454 1055 3512 corpus
1100 3440 1303 3512 Cassini
1351 3443 1696 3495 remansisse.
1756 3438 2114 3511 Quippe'non

527 3512 737 3565 cineres
777 3511 1015 3574 tantum;
1047 3511 1141 3565 sed
1194 3528 1212 3561 ‹
1245 3525 1307 3566 os
1336 3522 1389 3565 et
1417 3515 1629 3575 oculos,
1662 3522 1717 3566 et
1760 3524 1978 3577 caetera,
2015 3518 2119 3571 hoc

533 3600 554 3634 ι
588 3591 671 3636 est
697 3580 1087 3636 uieiiibra.Non
1105 3596 1231 3649 ergo
1261 3594 1557 3651 surrepta.»
1595 3583 1649 3636 In
1684 3584 1835 3637 tertia
1867 3600 1992 3639 vero
2021 3600 2115 3653 ap-

530 3654 752 3724 pendice
783 3654 974 3706 iterum
1016 3663 1452 3724 argumentatur:
1489 3672 1508 3705 ι
1542 3654 1669 3707 Nam
1701 3655 1841 3724 quod
1872 3672 1937 3709 ex
1968 3656 2115 3711 Pauli

525 3722 745 3779 Diacoui
778 3722 1394 3792 testimonioregeritur,
1426 3726 1556 3779 satis
1584 3722 1851 3795 superque
1891 3727 1942 3779 in
1976 3744 2114 3795 prae-

523 3796 731 3850 cedenti
760 3806 940 3849 nostra
974 3796 1349 3849 dissertatione
1379 3795 1632 3864 rejectum
1664 3805 1768 3850 est.
1802 3799 1936 3863 Quid
1969 3802 2111 3854 enim

527 3881 621 3935 per
650 3884 667 3917 i
707 3882 768 3919 os
795 3875 849 3919 et
868 3865 1055 3921 oculos
1087 3880 1301 3934 semper
1325 3869 1562 3921 coelestia
1592 3877 1907 3924 contuentes
1946 3872 2115 3927 nani-

520 3952 612 3993 nto
644 3938 916 4006 percipere
946 3936 1116 4006 potuit
1142 3937 1357 4000 Paulus,
1388 3937 1487 3990 nisi
1513 3939 1795 3992 calvariam
1831 3950 1955 3994 tunc
1986 3957 2116 3997 coit-

519 4018 754 4064 stautciu
785 4023 904 4062 cum
933 4024 1067 4063 cavo
1094 4008 1411 4061 oculorum?
1439 4009 1576 4074 Quid
1603 4024 1698 4078 per
1728 4021 1919 4063 caetera
1949 4027 2114 4067 nieru-

518 4081 638 4144 bra,
671 4079 773 4133 nisi
801 4080 1042 4148 corporis
1071 4081 1375 4133 universam
1405 4082 1759 4149 cuinpagemi
1792 4081 1941 4147 Quod
1969 4085 2111 4139 enim

520 4151 719 4223 subdit,
755 4169 774 4202 ‹
812 4151 935 4206 licet
966 4152 1019 4205 in
1060 4152 1295 4205 Cinereni
1336 4150 1566 4223 detluxa,
1604 4167 1767 4223 inuri
1798 4155 2111 4223 asserenda,

519 4222 614 4276 sed
667 4226 1019 4290 permittendo
1045 4261 1059 4286 ,
1104 4230 1159 4275 et
1208 4235 1274 4275 ex
1315 4231 1494 4276 mente
1533 4222 1803 4277 Gallorum
1855 4222 2109 4292 loquitur,

520 4308 667 4363 quasi
694 4293 938 4347 diceret:
973 4292 1227 4360 Quamvis
1275 4294 1423 4347 vobis
1474 4294 1765 4348 concedam
1811 4295 1862 4347 in
1902 4298 2111 4354 cineres

521 4364 758 4417 ineiubra
791 4364 1096 4427 deﬂuxisse,
1128 4365 1429 4417 communis
1452 4379 1513 4419 ea
1547 4374 1629 4419 est
1652 4366 1953 4420 mortalium
1978 4381 2112 4422 con-

520 4434 675 4494 ditio;
713 4452 731 4484 ‹
771 4436 916 4487 solus
965 4436 1162 4503 quippe
1202 4435 1429 4488 Sanctus
1472 4447 1778 4489 sanctorum
1828 4453 1932 4490 non
1979 4440 2111 4495 vidit

2225 3228 2371 3280 clare
2406 3237 2565 3295 atque
2595 3226 2713 3281 sine
2764 3229 2869 3281 ulla
2912 3228 3109 3280 vitiata:
3156 3226 3439 3298 scriptura:
3486 3232 3745 3297 suSpicione,

2225 3298 2418 3351 habent
2452 3299 2754 3367 requiescit;
2782 3314 2951 3367 eaque
2982 3300 3145 3353 lectio
3175 3304 3465 3355 COIlCterdl
3492 3318 3597 3354 cuin
3621 3304 3746 3353 altero

2220 3367 2460 3441 ejusdem
2494 3371 2641 3423 Pauli
2666 3371 2863 3437 capite,
2891 3370 2962 3427 26
2991 3384 3186 3438 nempe
3219 3370 3340 3426 libri
3368 3390 3404 3439 i,
3435 3373 3516 3426 ubi
3543 3374 3745 3441 legimus:

2226 3455 2246 3489 ι
2284 3440 2525 3508 Denique
2571 3454 2693 3494 cum
2740 3441 2919 3495 divitia
2968 3443 3342 3499 admonitione
3389 3461 3416 3498 a
3465 3440 3666 3499 Sublacu
3710 3443 3746 3494 iu

2221 3511 2362 3585 hunc
2418 3513 2504 3585 ubi
2552 3512 2840 3585 requiescit
2893 3513 3067 3585 locum
3119 3529 3215 3582 per
3265 3515 3627 3585 quinquaginta
3666 3516 3748 3569 fere

2220 3583 2387 3636 tnillia
2418 3584 2716 3650 adveniret,
2743 3598 2848 3638 etc.
2871 3602 2888 3634 ο
2922 3583 2977 3637 Si
3009 3600 3137 3639 vero
3178 3583 3431 3655 genuiua—
3454 3583 3561 3641 hanc
3597 3586 3745 3648 tuerit,

2220 3661 2277 3707 ut
2316 3669 2379 3707 ex
2411 3655 2631 3723 antiquo
2676 3657 2970 3724 praiseriim
3004 3656 3365 3712 Attiliro‘siauo
3408 3658 3608 3726 Codice,
3634 3671 3746 3724 cuius

2218 3734 2490 3793 specimen
2521 3726 2573 3779 in
2607 3726 2707 3780 hac
2748 3740 2924 3781 nosua
2982 3726 3234 3782 Editione
3283 3728 3626 3792 exhibuimus,
3663 3743 3748 3796 per-

2216 3799 2444 3852 suadere
2480 3796 2608 3850 niihi
2654 3812 2759 3851 non
2806 3808 3006 3852 temere
3050 3813 3291 3866 possem,
3316 3802 3423 3867 jam
3456 3802 3652 3854 Paulum
3678 3814 3747 3851 llo-

2216 3877 2390 3921 struin
2423 3868 2563 3922 Italis
2615 3878 2671 3922 et
2704 3869 3070 3923 Cassiiiatibus
3106 3884 3223 3923 suis
3268 3870 3529 3925 laveriteiii
3568 3872 3747 3924 habere-

2216 3953 2353 3993 mus.
2386 3942 2633 4006 Quiiiimo
2655 3954 2725 3994 ex
2758 3940 2921 3995 altera
2944 3942 3297 4009 subsequenti
3327 3956 3611 3997 nostrorum
3632 3942 3749 3995 Codi-

2214 4025 2333 4064 cum
2381 4011 2610 4065 lectione
2658 4024 2968 4080 arguinenta
3000 4011 3281 4067 Gallorum
3327 4028 3567 4069 enervata
3602 4013 3746 4067 conci-

2214 4081 2419 4147 derent,
2452 4085 2496 4136 si
2529 4098 2675 4145 vere,
2705 4093 2760 4135 ut
2786 4089 2867 4138 est
2894 4085 2946 4136 iu
2969 4086 3331 4151 Ambrosiano
3358 4097 3413 4139 ct
3437 4081 3747 4147 Μωιουιίευδὶ,

2216 4153 2409 4206 Paulus
2451 4155 2779 4222 scripserat:
2816 4172 2835 4205 ι
2866 4154 2972 4210 Sed
3018 4166 3230 4209 certum
3288 4168 3371 4212 est
3409 4158 3553 4213 uoltis
3581 4175 3631 4212 os
3653 4154 3748 4208 illud

2216 4225 2546 4290 venerabile,
2601 4236 2654 4279 et
2710 4225 2857 4279 omni
2915 4236 3132 4281 nectare
3208 4232 3458 4295 suavius,
3516 4242 3564 4283 et
3611 4232 3749 4282 oculos

2212 4307 2424 4370 semper
2470 4297 2705 4352 caelestia
2745 4307 3084 4364 contuentes,
3130 4310 3327 4355 caetera
3381 4315 3582 4370 quoque
3624 4313 3750 4353 ineiu-

2212 4366 2327 4431 bra,
2360 4384 2600 4442 quamvis
2642 4370 2875 4434 deiluxa,
2923 4372 3267 4426 remansisse.
3296 4393 3313 4424 ι
3368 4366 3566 4442 Qtnppe
3604 4384 3749 4442 sensus

2211 4447 2355 4514 esset
2406 4441 2529 4509 (nisi
2574 4440 2809 4514 fortasse
2849 4442 3176 4508 hallucinor}
3230 4460 3326 4509 pro
3376 4440 3631 4514 comperto
3674 4440 3749 4514 lia-

526 4523 543 4555 ι
575 4506 1027 4592 corruptionem.)
1061 4506 1227 4573 Cujus
1250 4506 1297 4559 vi
1323 4508 1739 4592 comparationis
1764 4518 1946 4592 aperte
1973 4509 2105 4565 indi-
2136 4532 2190 4592 ο
2215 4506 2648 4592 ὺιιίξεθξΡδυΙυπι
2693 4515 2745 4565 iii
2773 4512 2996 4566 (Sassina
3024 4506 3240 4567 servat-iv
3264 4531 3463 4585 eurpus
3496 4506 3750 4592 Sanctibe'

517 4583 605 4629 cat
638 4591 728 4641 per
759 4576 997 4627 membra
1048 4591 1260 4629 cinerea
1309 4576 1452 4629 aliud
1506 4592 1611 4630 non
1666 4577 1969 4647 intelligere
2022 4598 2104 4635 vo-

520 4648 717 4709 luisse,
747 4661 904 4715 quain
936 4661 1044 4699 non
1075 4648 1383 4714 incorrupta
1406 4684 1424 4713 ,
1452 4648 1547 4702 sed
1576 4649 1628 4701 in
1666 4649 1876 4702 cineres
1903 4654 2103 4709 sensim

517 4717 788 4792 abeuntia,
819 4731 937 4785 qua:
962 4715 1198 4770 cinerum
1222 4716 1580 4792 appellatione
1606 4732 1711 4773 non
1740 4720 2103 4792 infrequenter

517 4789 684 4856 accipi
714 4788 888 4841 solere
918 4798 1114 4841 norunt
1137 4789 1350 4852 eruditi,
1375 4799 1477 4843 etc.
1515 4807 1535 4842 ι
1866 4808 1877 4811 ν

591 4858 727 4913 Galli
767 4868 974 4935 contra,
1009 4874 1104 4935 pro
1140 4860 1335 4935 quibus
1363 4863 1627 4935 acerrime
1672 4863 1948 4931 liucusiiue
1996 4882 2101 4935 pu-

514 4939 745 4999 gnarunt
791 4930 887 4982 viri
934 4930 1265 4995 doctissimi,
1310 4946 1443 5000 quos
1488 4933 1537 4986 in
1589 4949 1683 4988 sua
1722 4930 2101 4996 dissertatione

516 5002 784 5056 recensuit
831 5014 1016 5054 eorum
1065 5010 1366 5070 postremus
1410 5001 1769 5069 Mabillonins,
1817 5009 2016 5061 saeculo
2061 5025 2099 5064 ll

518 5072 883 5136 Benedictino,
925 5072 979 5125 in
1028 5072 1166 5126 hanc
1205 5076 1370 5125 lenne
1398 5080 1724 5130 sententiain
1755 5078 1895 5130 hunc
1923 5080 2096 5133 locum

515 5144 819 5210 explicant,
877 5143 1151 5211 conceptis
1216 5144 1500 5198 Mabillonii
1571 5150 1792 5202 verbis:
1846 5165 1864 5199 ι
1904 5148 2097 5205 Paulus

517 5215 725 5288 (scribit.
753 5216 866 5282 ille)
910 5216 1079 5288 sancti
1127 5214 1393 5288 Benedicti
1443 5232 1563 5271 ossa
1605 5218 1774 5274 Gallis
1818 5221 2093 5288 conoedit,

515 5287 607 5338 sed
641 5289 876 5339 membra
908 5286 957 5337 in
980 5287 1188 5339 cineres
1211 5287 1416 5338 delluxa
1444 5288 1811 5345 Cassinatibtts
1840 5286 2092 5348 Vindicat.

515 5362 644 5417 Qua:
676 5358 947 5411 membra?
983 5375 1001 5407 ‹
1026 5372 1087 5409 os
1132 5366 1186 5409 et
1232 5359 1433 5431 oculos,
1464 5371 1516 5411 et
1545 5372 1739 5415 cmteia
1765 5383 1782 5413 ι
1816 5363 1865 5414 id
1904 5379 2094 5431 genus,

520 5430 568 5479 id
617 5441 718 5485 est,
751 5444 964 5488 carnea,
1003 5450 1019 5477 ι
1051 5432 1292 5496 quamvis
1319 5427 1372 5481 iii
1403 5434 1636 5485 cinerem
1685 5427 1949 5488 delluxafi
1986 5427 2102 5489 Cte-

516 5509 650 5558 tera,
683 5500 917 5564 inquam,
954 5510 1145 5574 praeter
1174 5516 1316 5574 ossa,
1355 5516 1467 5574 qua:
1499 5515 1621 5556 ante
1653 5503 1818 5558 Gallis
1857 5508 2097 5574 assigna-

515 5580 681 5620 tentt.
729 5572 931 5633 Quippe
978 5570 1120 5621 nulla
1154 5569 1517 5626 Cassitiatibus
1560 5578 1797 5631 membra
1850 5569 2100 5632 concedit

515 5653 627 5717 nisi
652 5659 666 5687 ι
700 5640 750 5690 in
779 5654 1012 5717 cinerem
1041 5643 1304 5717 detlua‘an
1340 5642 1626 5717 Nott__ergo
1656 5663 1800 5712 ossa,
1832 5665 1951 5717 qua:
1995 5666 2100 5704 non

514 5712 664 5760 taeile
698 5727 747 5760 ιιι
795 5714 1027 5762 inn-rem
1061 5711 1418 5767 resolvuntur.
1454 5711 1602 5772 Unde
1648 5711 2001 5774 cumPaulus
2048 5737 2098 5774 in

514 5779 608 5838 lib.
649 5795 727 5844 rt,
759 5780 989 5848 cap.-’iti,
1021 5783 1092 5834 ait
1143 5783 1484 5841 i’t-tiouaceiii
1530 5792 1594 5842 ad
1642 5806 1855 5846 sacrum
1904 5808 2101 5864 corpus

2217 4582 2662 4651 iiedicti,-neinpe
2696 4600 2715 4633 ι
2745 4597 2825 4650 os,
2852 4592 2908 4639 et
2954 4590 3159 4650 oculos,
3204 4598 3261 4640 et
3304 4582 3496 4642 caétera
3536 4584 3747 4643 membri.

2214 4660 2459 4730 quamvis
2513 4655 2806 4730 deuota,»
2849 4654 2967 4730 hoc
3014 4667 3098 4730 est
3143 4671 3240 4711 sua
3304 4673 3553 4730 compage
3591 4657 3748 4730 soluta;

2213 4733 2376 4793 atque
2416 4726 2461 4782 is
2512 4727 2630 4780 ideo
2669 4727 2957 4796 insigniora
2997 4728 3083 4779 ilia
3129 4731 3379 4783 membra
3409 4726 3690 4798 designavit,
3711 4734 3751 4776 ut

2213 4811 2421 4869 sacrum
2474 4800 2663 4869 pignus
2705 4798 3115 4868 magtiil'aceret;
3159 4802 3474 4856 continebat
3515 4802 3641 4856 eiiiin
3667 4810 3750 4849 ius

2210 4867 2340 4943 illud
2370 4875 2513 4923 omni
2538 4867 2771 4924 'nectaie
2803 4867 3048 4943 suaviu~,
3079 4881 3133 4926 et
3172 4875 3365 4927 oculos
3395 4889 3597 4943 semper
3622 4871 3751 4943 ciale-

2210 4942 2311 4993 stia
2342 4952 2711 4996 contuentes.»
2748 4946 2855 4994 :\ec
2884 4940 3013 4995 satis
3062 4953 3315 4999 constare
3348 4955 3473 5012 puto
3500 4940 3629 5012 quod
3664 4941 3748 4995 Ma-

2211 5012 2459 5065 billouius
2501 5014 2743 5067 absolute
2789 5013 3046 5079 asseruit,
3089 5014 3315 5069 Paulum
3367 5027 3596 5073 nostrum
3637 5019 3752 5083 post-

2210 5097 2367 5151 quam
2418 5084 2741 5138 iiiouacliuin
2790 5084 3115 5138 indueratin
3163 5087 3393 5142 Cassino
3441 5096 3609 5142 monte
3647 5087 3751 5137 hanc

2210 5155 2679 5229 Langobardorum
2730 5155 3005 5229 historiam
3049 5155 3359 5227 scripsisse,
3388 5170 3666 5229 quanquam
3693 5156 3765 5205 vir.

2208 5224 2546 5279 doetissiiiius
2596 5226 2755 5295 digna
2814 5227 3028 5296 ingenio
3077 5224 3177 5281 suo
3237 5224 3422 5285 utatur
3473 5224 3750 5298 conjectura,

2206 5300 2403 5366 quippe
2432 5300 2711 5364 scrupulus
2756 5300 2931 5352 adhuc
2974 5310 3141 5353 restat
3169 5316 3236 5354 ex
3291 5301 3486 5357 Leonis
3531 5302 3751 5354 Ostiensis

2206 5385 2323 5444 cap.
2351 5369 2418 5423 15
2448 5369 2529 5444 sui
2559 5369 2828 5444 chronici,
2864 5369 2983 5444 ubi,
3017 5372 3084 5425 de
3129 5385 3397 5427 accusata
3435 5374 3589 5427 Paulo
3626 5368 3750 5444 vi:le

2207 5443 2428 5505 lacteus,
2456 5440 2706 5495 Caroluin
2741 5453 2945 5511 regem,
2965 5442 3020 5515 in
3044 5446 3215 5498 virum
3247 5446 3651 5523 scientissimum

3502 5528 3681 5563 sermo!
3713 5523 3750 5562 id

3502 5516 3750 5571 seriCerdia

2281 5663 2302 5725 ἐι
2335 5654 2447 5719 AL,
2483 5656 2749 5725 Aufridus.
2775 5657 2931 5714 Lind.

2277 5724 2303 5762 ιι
2330 5728 2447 5808 ρετ,
2481 5724 2695 5808 (tenuia.
2742 5730 2895 5787 Litid.
2937 5732 3041 5788 Sed
3088 5734 3355 5792 servanda
3398 5733 3565 5808 prima
3602 5724 3751 5790 lectio.

2209 5808 2261 5852 ut
2294 5797 2417 5851 alibi
2449 5804 2647 5856 notavi.
