3942 6348
175 330 268 387 625

1014 392 1017 395 γ
1063 327 1151 384 DE
1190 326 1436 386 GESTIS
1476 324 2123 384 LANGOBARDORUM.
2166 357 2235 368 -—
2264 327 2391 386 LIB.
2434 329 2525 385 Vl.

3329 334 3432 396 69.6

169 465 275 509 nam
300 447 550 505 Ticinum
578 445 644 501 ad
674 443 1021 503 Cunibertum
1067 461 1251 519 regem
1295 448 1562 517 pervenit.
1593 449 1736 501 Ans-
1763 444 1952 507 Abat.
2005 445 2151 502 llanc
2196 457 2374 502 autem
2431 446 2678 502 heresim
2737 446 3038 502 excitarunt
3083 457 3106 487 α
3137 445 3428 519 Gregorius
3492 478 3493 481 η

168 545 247 601 frit
274 556 403 599 vero
441 555 547 596 non
582 547 864 595 contentus
907 538 1156 595 ducatum
1207 539 1732 611 Foroiulianensium

166 650 361 707 regere,
387 635 605 702 insuper
630 642 817 687 contra
845 645 1026 701 regem
1056 630 1412 688 Cunibertum
1443 632 1738 697 rebellans,

168 741 377 797 regnum
409 726 526 795 ejus
560 723 814 779 invadere
839 724 1029 779 voluit.
1060 723 1165 785 Sed
1208 724 1634 793 comprehensus
1684 724 1738 779 in

168 817 387 885 Verona,
416 816 486 872 ad
525 830 705 887 regem
734 816 947 881 ductus,
978 815 1178 871 evulsis
1205 815 1376 871 oculis
1405 815 1458 871 in
1491 815 1742 870 exsilium

166 920 398 970 retrusus
441 920 546 967 est.
586 911 1051 980 Forojulianorum
1098 920 1276 966 autem
1318 911 1568 966 ducatum
1621 916 1745 979 post

164 1004 287 1071 haec,
316 1004 436 1059 Ado
481 1002 644 1058 frater
687 1000 948 1057 Rodoaldi
992 1002 1098 1058 loci
1129 1011 1156 1040 ει
1182 1002 1476 1058 servatoris
1519 1001 1740 1057 nomine

163 1109 247 1166 per
270 1109 471 1151 annum
496 1102 553 1151 et
581 1108 793 1151 menses
819 1103 1025 1165 septem
1054 1094 1396 1166 gubernavit.

758 1226 985 1284 CAPUT
1022 1226 1117 1282 ιν.

162 1367 228 1423 De
254 1366 458 1438 synodo
506 1382 620 1434 quia
661 1365 802 1436 apud
853 1365 1345 1438 Constantinopolim
1374 1368 1516 1436 facta
1556 1372 1661 1431 est,
1691 1370 1739 1418 et

506 1440 570 1491 de
597 1438 813 1508 epistola
850 1437 1091 1491 Damiani
1122 1437 1345 1507 episcopi

446 1280 523 1289 ,μ’

217 1556 348 1611 Dum
383 1555 503 1609 haec
540 1554 592 1608 in
624 1552 771 1607 ltalia
802 1560 1079 1623 geruntur,
1110 1549 1137 1589 δ
1167 1550 1389 1607 haeresis
1418 1552 1555 1620 apud
1600 1550 1738 1606 Con-

159 1645 552 1714 stantinopolim
584 1654 698 1697 orta
728 1651 833 1707 est;
866 1656 1175 1709 quzeunam
1206 1642 1261 1695 in
1294 1642 1522 1695 Domino
1554 1650 1738 1695 nostro

160 1737 266 1811 Jesu
293 1736 515 1792 Christo
562 1736 891 1791 voluntatem
934 1743 989 1790 et
1030 1734 1397 1804 operationem
1450 1748 1736 1789 assevera-

161 1875 436 1931 sericordia
461 1882 689 1940 motum,
719 1874 789 1928 ita
821 1888 1071 1945 proceres
1100 1888 1226 1928 suos
1254 1872 1542 1927 allocutum
1572 1872 1735 1927 fuisse

163 1958 366 2005 narrat;
405 1964 426 1998 ι
465 1947 635 2001 Dicite
677 1945 801 2015 quid
846 1961 1009 2012 super
1052 1946 1154 1999 hoc
1199 1945 1352 1998 vobis
1400 1946 1643 2009 videtur;
1678 1954 1739 2015 at

158 2020 220 2076 illi
244 2037 255 2070 :
277 2018 493 2082 anete,
529 2014 795 2086 inquiunt,
824 2024 883 2071 ut
907 2024 1164 2070 eruantur
1206 2017 1322 2082 ejus
1349 2016 1515 2076 oculi,
1545 2030 1612 2069 ne
1640 2014 1738 2069 ali-

163 2092 349 2159 quando
383 2088 591 2157 aliquas
621 2089 774 2159 alieni
814 2096 998 2141 contra
1040 2102 1133 2159 vos
1160 2086 1389 2159 litteras
1422 2087 1637 2159 dirigat.
1675 2089 1738 2141 lit

163 2156 255 2225 ubi,
282 2162 361 2214 vel
395 2156 637 2227 quando,
668 2158 740 2211 ait
771 2173 882 2218 rex,
919 2168 1027 2212 tam
1070 2156 1331 2226 insignem
1380 2157 1736 2223 historiogra-

164 2232 304 2300 phnm
332 2240 430 2284 aut
470 2239 681 2299 poetam
725 2229 966 2283 invenire
1001 2228 1331 2282 valebimus?
1356 2246 1375 2280 ι
1414 2227 1550 2295 Ergo
1579 2238 1737 2281 ante-

165 2318 302 2371 quam
330 2309 618 2356 accusatus
654 2301 939 2371 historiam
984 2300 1180 2354 Paulus
1227 2300 1735 2371 scripserat,_testi-

166 2368 322 2426 monio
348 2373 568 2437 Leonis,
598 2370 921 2426 Warnefridi
952 2385 1067 2424 aevo
1095 2370 1452 2437 proximioris,
1480 2368 1571 2437 qui
1602 2371 1737 2423 bene

166 2444 293 2497 illum
327 2452 573 2511 noverat,
604 2444 875 2511 multaque
901 2443 1053 2495 nobis
1075 2440 1141 2494 de
1168 2441 1307 2494 illius
1335 2441 1436 2493 vita
1465 2442 1736 2509 gestisque

165 2516 393 2575 servavit,
427 2531 548 2581 quae
578 2515 700 2567 alibi
746 2514 940 2567 frustra
973 2512 1365 2579 qumsierimus.
1396 2512 1732 2565 Mettensium

166 2586 761 2655 quidemepiscOpornm
792 2583 1067 2655 historiam
1102 2583 1296 2655 Paulus
1327 2584 1645 2655 scripserat;
1682 2593 1735 2655 at

167 2653 276 2726 quis
312 2662 467 2711 homo
498 2657 795 2725 prmsertim
827 2654 1010 2726 Gallus
1043 2656 1169 2707 tanti
1204 2653 1409 2726 fecerit,
1444 2661 1500 2706 tit
1544 2655 1595 2706 in
1638 2654 1734 2705 ad-

170 2724 480 2783 mirationem
518 2728 777 2793 traheret,
819 2724 1043 2795 ejusque
1090 2727 1281 2778 merito
1328 2725 1459 2777 iram
1505 2736 1735 2777 exente-

166 2798 271 2854 ret?
300 2801 517 2855 Accedit
562 2800 721 2854 etiam
773 2798 1032 2851 vetustius
1079 2797 1305 2850 alterum
1357 2796 1424 2848 ab
1468 2795 1735 2849 llilderieo

166 2869 339 2925 abbate
364 2886 471 2925 non
503 2869 791 2925 obscurum
835 2877 1207 2935 argumentum
1250 2866 1300 2920 in
1329 2867 1600 2933 epitaphio
1631 2880 1737 2934 quo

168 2942 380 3011 Magistri
426 2941 587 2996 vitam
630 2950 685 2995 et
728 2938 1042 2995 memoriam
1092 2938 1405 2994 celebravit.
1453 2938 1508 2991 In
1551 2952 1616 2992 eo
1662 2940 1738 2993 le-

166 3012 318 3081 gimus
344 3030 358 3066 :

276 3104 451 3156 Divina
473 3104 702 3167 instinctu
725 3101 909 3167 regalis
933 3103 1151 3164 protinus
1175 3099 1283 3167 aula

271 3168 345 3217 0b
365 3169 525 3216 decus
553 3176 603 3215 et
630 3160 989 3228 lumen’patrize
1013 3172 1068 3228 te
1087 3166 1289 3223 sumpsit
1310 3160 1543 3228 alendum
1573 3176 1585 3211 :

272 3232 385 3280 Cum
412 3240 497 3279 tua
530 3236 635 3290 post
654 3223 899 3277 'l‘ibridem
926 3223 1117 3290 populis
1141 3233 1193 3273 et
1214 3226 1418 3286 regibus
1439 3226 1549 3275 altis

271 3292 409 3342 Tune
435 3289 631 3355 placida.
646 3289 956 3355 cunctisvita
976 3289 1292 3355 studiumque
1315 3295 1559 3347 maneret,

272 3352 447 3405 Omnia
468 3355 658 3415 sophiae
681 3354 856 3415 cepisti
882 3352 1094 3400 eulmina
1118 3363 1270 3399 sacras
1297 3388 1312 3411 ,

273 3417 414 3479 Rege
433 3410 672 3466 monente
695 3410 775 3476 pio
798 3415 1015 3479 Batchis,
1045 3410 1312 3479 penetrare
1337 3410 1596 3479 decenter,

274 3474 491 3531 Pltfrima
516 3474 767 3541 capt::sses
788 3478 939 3539 digne
964 3488 1074 3541 eum
1097 3475 1323 3541 dogmata
1347 3490 1358 3529 ;
1386 3474 1523 3541 cujus

277 3537 864 3605 Resplendensgcunctas,
888 3540 1087 3605 superis
1112 3542 1166 3586 ut
1192 3537 1404 3585 Phoebus
1427 3539 1488 3584 ab
1513 3538 1657 3585 astris

278 3603 502 3665 Arctoas,
527 3603 675 3653 rutilo
696 3603 937 3650 decorasu
966 3603 1146 3649 lumine
1169 3607 1370 3661 gentes.

171 3691 375 3760 Quibus,
408 3690 468 3744 ni
508 3701 626 3743 mea
657 3686 922 3760 menfallit
949 3686 1235 3760 sententia,
1270 3683 1741 3760 Langobardorum

172 3755 441 3818 Historiam
492 3760 687 3815 innuit.
720 3756 856 3812 Hinc
885 3756 1128 3826 sequitur
1172 3755 1320 3810 Pauli
1364 3755 1743 3811 monachatum

170 3835 469 3891 describens
496 3849 510 3886 :

283 3926 399 3977 Hac
418 3926 519 3975 sint
541 3922 638 3986 iam
657 3921 855 3973 nimium
881 3921 1045 3971 fluvidi
1071 3933 1182 3970 cum
1208 3919 1361 3981 gloria
1386 3919 1538 3983 saecli,
1559 3924 1678 3983 etc.;

170 4024 351 4079 resque
379 4010 434 4063 in
461 4022 528 4062 eo
558 4014 698 4079 statu
728 4003 1013 4079 ab__eodetu
1061 4014 1236 4073 gestas
1268 4003 1744 4079 enumeratLutin

172 4074 363 4150 integra
388 4081 553 4150 illius
573 4074 829 4150 epitaphii
865 4074 1098 4150 lectione
1124 4080 1248 4150 ante
1276 4083 1510 4150 nostram
1545 4074 1747 4150 Editio—

175 4144 308 4207 nern'.
339 4155 513 4219 Atque
540 4148 668 4202 inde
693 4148 1014 4219 conjecerim
1044 4146 1159 4219 ipso
1186 4144 1439 4199 Bachisio
1467 4159 1591 4214 rege
1612 4148 1736 4219 hor.

174 4233 309 4277 tante
346 4217 647 4276 scribendae
703 4218 945 4273 Historiae
1015 4217 1239 4283 primam
1291 4230 1505 4270 manum
1556 4217 1745 4270 admo—

176 4296 327 4359 visse,
359 4301 632 4359 utcunque
661 4290 715 4344 in
746 4287 968 4344 Cassino
997 4297 1183 4359 monte
1224 4286 1404 4359 fractis
1444 4286 1748 4359 Langobare

176 4357 351 4419 dorum
375 4366 537 4419 rebus
549 4357 802 4416 fortassis
822 4359 1131 4413 absolverit.
1155 4357 1261 4414 Sed
1290 4360 1437 4429 plura
1466 4358 1570 4429 iam
1594 4358 1745 4413 oneri

176 4446 366 4491 essent.
414 4490 417 4491 ,

244 4516 269 4543 ι
295 4508 405 4576 AL,
437 4503 760 4560 servationis.
793 4498 949 4557 Lind.
980 4499 1106 4576 Loci
1155 4508 1460 4576 servatores
1484 4510 1607 4576 sunt
1655 4500 1744 4576 qui
1778 4510 1814 4576 ς

1849 538 2150 607 patriarcha
2192 539 2826 607 Constantinopolitanus,
2861 536 2890 576 ἀ
2919 537 3201 607 Macarius,
3239 550 3263 577 °
3292 540 3430 615 Pyr-

1843 628 1994 696 rhus,
2026 629 2221 685 Paulus
2262 640 2317 687 et
2344 630 2555 687 Petrus.
2583 632 2751 700 Quam
2779 631 2848 685 ob
2874 643 3088 685 causam
3118 633 3430 691 Constanti-

1844 734 1947 776 nus
1973 722 2243 791 Augustus
2278 720 2295 760 τ
2330 734 2542 778 centum
2576 725 2958 795 quinquaginta
2983 729 3267 797 episcopos
3296 741 3431 782 con-

1842 813 2048 882 gregari
2077 811 2202 870 fecit
2229 833 2241 867 :
2275 814 2413 871 inter
2440 830 2574 886 quos
2602 818 2762 872 etiam
2794 819 3005 875 fuerunt
3035 820 3194 891 legati
3226 829 3431 876 saneta:

1843 906 2101 964 Romanae
2149 908 2422 976 Ecclesiae,
2457 910 2606 966 missi
2644 914 2711 967 ab
2737 911 3014 980 Agathone
3061 929 3219 985 papa,
3254 913 3427 970 Joan-

1843 1015 1940 1056 nes
1988 1000 2282 1065 Diaconus,
2314 1011 2368 1057 et
2415 1001 2646 1058 Joannes
2690 1013 2715 1050 ε
2745 1002 3057 1061 Portuensis
3110 1006 3428 1076 episcopus,

1844 1092 1937 1163 qui
1962 1106 2152 1148 omnes
2178 1093 2422 1149 eamdem
2456 1094 2704 1151 hazresim
2748 1097 3157 1153 damnaverunt.
3189 1098 3263 1153 Ea
3297 1098 3427 1152 hora

1844 1195 2005 1243 tantm
2046 1202 2359 1242 aranearum
2394 1189 2511 1244 telae
2540 1190 2592 1244 in
2626 1189 2802 1244 medio
2843 1191 3023 1259 populi
3072 1191 3415 1255 ceciderunt,

1843 1290 1901 1335 ut
1952 1296 2139 1335 omnes
2179 1282 2520 1337 mirarentur.
2555 1281 2633 1336 Ac
2676 1297 2772 1351 per
2800 1282 2899 1337 hoc
2941 1283 3299 1354 signiﬁcatum
3341 1291 3426 1339 est

1841 1373 1983 1443 quod
2008 1372 2033 1408 δ
2057 1372 2243 1427 sordes
2277 1373 2545 1428 haeretica:
2592 1376 2868 1443 pravitatis
2912 1375 3146 1443 depulsae
3197 1375 3323 1430 sint.
3361 1375 3428 1428 Et

1844 1464 2132 1535 Gregorius
2176 1464 2393 1534 quidem
2446 1465 2744 1532 patriarcha
2791 1475 3064 1521 correctus
3106 1475 3211 1531 est,
3242 1464 3427 1521 caeteri

1842 1569 1970 1610 vero
2000 1555 2050 1607 iti
2080 1570 2175 1609 sua
2207 1552 2223 1591 ί
2253 1554 2562 1610 defensione
2592 1557 2608 1605 l
2645 1566 3045 1624 perseverantes
3075 1558 3429 1612 anathematis

1842 1648 2044 1702 ultione
2090 1648 2340 1716 perculsi.
2370 1649 2448 1702 Eo
2496 1657 2736 1718 tempore
2785 1650 3092 1714 Damianus,
3127 1650 3427 1705 Ticinensis

1846 1740 2094 1795 Ecclesia:
2124 1742 2431 1810 episcopus,
2463 1740 2489 1778 ιε
2519 1742 2619 1796 sub
2662 1742 2875 1796 nomine
2925 1743 3178 1797 Mansueli
3227 1742 3428 1797 Medio-

1840 1875 2086 1999 qui,l.l‘ala
2118 1890 2213 1945 per
2258 1873 2518 1947 synodum
2564 1876 2846 1941 sententia,
2881 1875 2949 1931 ab
2988 1875 3193 1932 honore
3234 1877 3430 1933 decidit

1842 1960 1945 1999 non
1976 1964 1986 1998 t
2012 1957 2203 1999 tcatus.

1842 1957 2203 2014 pnnttncatus.

1911 2027 1934 2091 ξ
1979 2016 2044 2091 E_t
2096 2016 2145 2069 lii
2196 2015 3030 2091 quoqueCon‘stantinopolitani
3079 2020 3421 2091 patriarchae.

1838 2086 1971 2141 Vide
1997 2086 2266 2141 Zonaram
2292 2100 2347 2143 et
2373 2089 2777 2157 Theophanem.

1913 2158 1934 2197 ί
1975 2158 2299 2232 «ᾼΝυιιιθτῃςγ
2331 2159 2703 2232 episcoporum
2741 2158 2962 2232 ‘(scribit
3008 2160 3285 2223 Baronius)
3333 2164 3425 2232 qui

1837 2230 2043 2299 synodo
2090 2229 2395 2284 interfuiSse
2426 2230 2693 2291 dicuntur,
2724 2229 2966 2284 diversus
3001 2246 3028 2284 a
3062 2233 3287 2286 diversis
3331 2229 3428 2286 a'u-

1836 2301 2075 2354 etoribus
2108 2302 2341 2360 ponitur.
2378 2301 2644 2356 Ducentos
2691 2301 2958 2369 octoginta
2993 2317 3181 2357 novem
3226 2304 3425 2357 habent

1839 2372 2072 2424 Annales
2092 2371 2557 2443 (ἑωιοηε-ιιηιηιτιηι
2590 2371 2729 2438 apud
2751 2372 3077 2441 Cedrenum,
3102 2388 3259 2440 quam
3285 2375 3447 2443 apud

1836 2442 2237 2507 Theophanem.
2289 2442 2530 2506 Photius,
2580 2443 2630 2495 iti
2662 2443 2909 2509 epistola,
2958 2443 3071 2496 sive
3120 2442 3427 2507 libello,’de

1836 2512 2089 2582 Synodis,
2125 2521 2371 2566 numerat
2399 2514 2975 2581 centum'septuaginta
3004 2532 3017 2578 ;
3050 2527 3263 2568 centum
3299 2529 3426 2568 vero

1836 2584 2216 2651 quinquaginta
2251 2584 2444 2637 Paulus
2494 2584 2782 2641 Diaconus.
2818 2584 3130 2639 Theodorus
3176 2586 3423 2641 Balsama

1838 2655 1983 2723 ponit
2014 2666 2227 2708 centum
2257 2656 2589 2723 septuaginta
2634 2664 2689 2708 et
2727 2671 2911 2709 unum.
2948 2656 2999 2708 In
3032 2656 3215 2708 ultima
3247 2666 3424 2711 autem

1838 2726 2047 2780 actione
2077 2725 2312 2792 ejusdem
2359 2726 2546 2795 synodi
2593 2734 2938 2778 numerantur
2982 2726 3261 2789 subscripti
3308 2742 3426 2779 om-

1839 2812 1933 2850 nes
1976 2800 2209 2864 episcopi
2260 2811 2380 2849 cum
2434 2796 2635 2863 legatis,
2683 2796 3007 2865 presbyteris
3056 2806 3111 2851 et
3158 2797 3421 2861 diaconis,

1836 2877 2053 2922 centum
2102 2866 2372 2935 sexaginta
2419 2880 2546 2929 sex;
2580 2881 2707 2921 veru
2734 2883 2762 2917 η
2797 2867 2911 2931 ipso
2956 2866 3147 2936 synodi
3198 2866 3426 2919 exordio
3460 2888 3465 2889 ν

1839 2940 1992 3006 longe
2024 2939 2200 2990 minor
2230 2950 2483 2991 numerus
2520 2938 2770 3001 habetur,
2800 2938 2940 3005 quod
2970 2938 3205 3003 episcopi
3237 2950 3427 2991 omnes
3464 2978 3467 2979 ν

1839 3018 1982 3063 tanta
2016 3007 2277 3062 brevitate
2308 3008 2563 3076 temporis
2595 3009 2812 3061 minime
2845 3009 3122 3075 pervenire
3152 3010 3427 3076 potuerint

1839 3079 2376 3145 Constantinopolim.
2411 3097 2429 3129 ι
2483 3078 2577 3133 llis
2624 3078 2761 3131 addo
2809 3081 3083 3141 Anastas.,
3132 3077 3182 3132 iii
3235 3088 3425 3134 sancto

1765 3176 1815 3242 α
1845 3150 3115 3242 Mens."er-¥i=9re.9¥.i2§2mnascerere:

1919 3231 1945 3269 ε
1978 3222 2086 3284 AI.,
2113 3222 2376 3291 episcopus
2408 3218 2664 3274 Tulensis.
2706 3221 2860 3274 Lind.
2899 3222 3207 3276 Anastasius
3253 3220 3428 3289 ponti-

1846 3293 1996 3348 ﬁcios
2028 3290 2229 3360 legatos
2256 3290 2771 3359 Constantinopolim
2800 3292 2867 3344 ab
2914 3291 3187 3360 Agathone
3232 3293 3426 3347 missos

1846 3362 2034 3433 synodi
2079 3362 2416 3417 celebrandae
2458 3361 2933 3433 causa,gsuseeptis
2966 3363 3231 3417 divalihus
3274 3361 3427 3417 Dono

1845 3431 2227 3505 praedecessori
2277 3448 2376 3505 suo
2418 3434 2614 3497 missis,
2649 3431 2718 3486 ita
2753 3435 2992 3505 nominat
3023 3451 3034 3486 :
3060 3433 3187 3505 rEt
3231 3433 3430 3487 direxit

1852 3502 2252 3561 Abundantium
2300 3504 2702 3567 Paternensem,
2745 3502 3006 3559 Joannem
3050 3503 3427 3573 Rhegitauum,

1847 3587 1903 3630 et
1957 3577 2214 3630 Joannem
2262 3574 2610 3630 Portuensem
2655 3576 2955 3643 episcopos,
2986 3574 3327 3629 Theodorum
3375 3583 3433 3629 et
3470 3620 3473 3623 ,

1850 3647 2132 3716 Georgium
2176 3647 2536 3717 presbyteros,
2570 3646 2830 3701 Joannem
2865 3646 3153 3717 Diaconum
3202 3653 3256 3699 et
3290 3643 3433 3699 Con-

1848 3720 2172 3783 Stantiuum,
2220 3716 2559 3772 Theodorum
2616 3718 2986 3786 presbyterum
3035 3716 3431 3782 Ravennatem,

1849 3800 2009 3859 atque
2047 3782 2326 3858 religiosos
2372 3801 2556 3842 servos
2600 3782 2698 3859 Dei
2749 3782 3059 3859 monachos,
3088 3797 3224 3840 εις.»
3262 3786 3322 3839 lli
3363 3786 3432 3842 ab
3478 3782 3482 3791 ’

1852 3855 2174 3929 imperatore
2222 3860 2444 3929 bonorc_
2471 3858 2706 3913 maximo
2753 3859 2956 3929 accepti
3008 3855 3241 3920 fuerunt,
3272 3866 3433 3925 atque

1851 3927 2084 3997 dimissi,
2116 3929 2355 3985 fraudem
2396 3927 2606 3984 Macarii
2657 3932 2710 3983 in
2758 3927 2963 3998 s’ynodo
3007 3928 3435 3998 detexerunt,et

1851 4014 2051 4057 rectam
2084 4003 2445 4058 Romanorum
2494 3997 2801 4071 pontiﬁcum
2835 4000 2989 4054 ﬁdem
3030 4000 3229 4068 optime
3260 3997 3434 4054 vindi-

1851 4082 2061 4128 carunt.
3474 4120 3475 4125 η

1926 4143 1951 4180 h
1986 4144 2110 4198 llaec
2140 4143 2266 4197 item
2297 4156 2362 4197 ex
2392 4141 2718 4199 nostratibus
2759 4146 2976 4195 narrant
3016 4139 3350 4208 Anastasius,
3379 4145 3435 4195 et

1852 4214 2053 4270 Histor.
2084 4213 2347 4268 Miscella.

1930 4283 1945 4322 ὶ
1988 4285 2127 4339 Mod.
2140 4327 2152 4347 ,
2173 4286 2513 4339 dissensione;

1928 4356 1942 4408 i
1984 4357 2139 4411 Amb.
2164 4366 2219 4410 et
2247 4356 2429 4410 Mod.:
2476 4363 2848 4427 perseverantes
2878 4354 3292 4411 anathematizati
3318 4362 3438 4410 sunt

1853 4431 2022 4498 diuino
2047 4428 2238 4481 ultione
2264 4428 2503 4498 perculsi.

1926 4493 1954 4537 ’ί
1987 4493 2449 4554 Eminentissimus
2499 4498 2774 4563 Batonius,
2808 4498 2861 4552 in
2894 4497 3141 4570 notisrad
3182 4497 3441 4570 Martyro-

178 4547 450 4633 mittuiiiur
496 4592 525 4630 a
576 4576 837 4643 prtefeetis
890 4571 1165 4642 prastorio,
1196 4573 1281 4627 vel
1327 4573 1631 4637 comitibus,
1665 4547 1746 4627 vel
1776 4547 2085 4640 l)logium,
2122 4570 2338 4637 Paulum
2389 4579 2630 4643 nostrum
2673 4547 2904 4643 erroris
2928 4549 3103 4640 arguit
3149 4572 3250 4624 hoc
3297 4547 3438 4643 loco,

178 4651 483 4718 pnesidibus
509 4648 645 4716 juris
686 4643 893 4701 dicendi
940 4656 1122 4707 causa,
1157 4645 1467 4718 u_t_ex_p|ic_at
1502 4644 1561 4698 υ.
1588 4643 1753 4712 Cuia-

180 4715 305 4783 cius,
327 4715 773 4775 Observationum
804 4718 895 4770 lib.
922 4729 1000 4777 Ill,
1027 4728 1147 4782 cap.
1175 4715 1261 4768 14.
1294 4715 1448 4769 Lind.

244 4793 270 4831 δ
298 4790 767 4848 Monothelitarum
817 4787 1038 4841 literesis
1068 4785 1121 4838 in
1163 4785 1382 4839 Oriente
1412 4785 1618 4840 initium
1661 4786 1757 4839 ha-

184 4864 287 4917 buit
332 4879 439 4918 non
488 4862 571 4914 his
622 4859 969 4927 temporibus,
1005 4866 1073 4927 ut
1100 4864 1278 4909 noster
1306 4858 1518 4923 asserit,
1547 4858 1640 4911 sed
1671 4857 1755 4911 vel

184 4935 245 4989 ab
271 4937 383 5002 ipso
409 4932 611 4989 Christi
638 4945 777 4984 anno
803 4926 1256 5002 616_eruditorum
1289 4928 1754 5002 dissertationibus

188 4999 416 5069 plurimis
465 5004 865 5071 investigatum.
917 4999 1028 5053 Hoc
1074 5007 1334 5071 tempore,
1366 4999 1571 5071 scilicet
1617 5013 1758 5054 anno

189 5076 305 5140 6st),
329 5088 479 5131 sexta
531 5069 767 5145 synodus
809 5072 1042 5145 ad‘cam
1088 5069 1522 5145 exstirpandam,
1576 5082 1761 5145 sa_neto

190 5148 457 5217 Agathone
504 5142 716 5201 summo
764 5142 1031 5217 pontifice,
1059 5150 1232 5217 atque
1276 5142 1571 5217 imperante
1613 5142 1760 5196 Con-

191 5212 415 5274 stantino
448 5220 743 5287 Pogonato,
775 5223 956 5287 coacta
999 5212 1117 5267 fuit.
1165 5212 1386 5287 Exstant
1420 5212 1579 5287 illius
1607 5218 1757 5287 Acta,

193 5303 303 5359 qua:
333 5283 594 5347 Baronius
622 5285 917 5359 supplenda
946 5283 1225 5359 contendit
1250 5283 1463 5354 scriptis
1492 5285 1760 5340 Anastasii

195 5355 578 5418 Bibliothecarii
611 5360 669 5414 in
696 5358 810 5411 Vita
835 5355 962 5410 dicti
994 5356 1276 5423 pontiﬁcis.

261 5446 282 5473 ε
312 5436 474 5501 Mod,
505 5431 777 5501 Georgius,
819 5437 873 5501 et
916 5427 999 5501 sic
1044 5428 1197 5501 intra,
1247 5441 1413 5501 eaque
1464 5428 1620 5483 lectio
1667 5442 1765 5497 ge-

198 5506 377 5573 nuina;
411 5496 621 5562 constat
644 5496 789 5556 cnim
813 5496 1094 5573 Georgium
1117 5496 1766 5573 Ctinstan‘tinopolitanum

199 5568 539 5645 patriai-ebant
571 5583 739 5630 sextio
778 5571 983 5645 synodo
1012 5584 1131 5622 cum
1163 5568 1399 5645 Macario
1441 5572 1765 5645 interfuisse,

202 5641 299 5703 duo
325 5650 586 5719 principua
618 5641 1080 5719 Monothelitarum
1099 5642 1332 5719 .capita;
1361 5641 1621 5719 Georgius
1662 5658 1770 5719 tne-

206 5710 574 5778 liore'consilio
604 5720 672 5772 ab
701 5730 886 5772 errore
916 5710 1159 5781 resipuit,
1192 5721 1249 5765 ut
1279 5710 1476 5767 Paulus
1504 5714 1662 5767 etiam
1694 5717 1773 5768 in-

206 5789 275 5845 ira
295 5802 485 5849 narrat.

322 5862 685 5923 Amiocbenus
721 5859 1028 5933 episcopus,
1059 5853 1325 5916 maximus
1370 5855 1459 5914 ille
1500 5852 1773 5931 falsarios,

1834 4643 1995 4714 'quod
2034 4649 2237 4714 asserat
2261 4648 2516 4714 sanctum
2539 4640 2850 4714 Damianum
2882 4641 3195 4714 Papiensem
3228 4641 3436 4714 episco-

1857 4711 1980 4785 pum
2024 4712 2303 4785 epistolam
2333 4711 2611 4785 scripsisse
2636 4712 2856 4785 nomine
2888 4711 3144 4785 Mitisueti
3173 4711 3439 4780 archiepi-

1858 4780 2003 4854 scopi
2052 4782 2463 4854 Mediolaucnsis
2511 4783 2576 4835 ad
2625 4780 3265 4854 Constantinopolitanatn
3307 4798 3421 4852 syn-

1857 4852 2019 4911 odum
2065 4866 2247 4909 contra
2289 4852 2680 4916 Monothelitas,
2712 4869 2831 4907 cum
2868 4856 2917 4906 in
2942 4854 3166 4907 concilio
3200 4852 3441 4906 Roinano

1858 4930 1959 4983 sub
2008 4927 2286 4997 Agathone
2335 4925 2628 4997 reperiatur
2670 4925 3002 4997 subscriptus
3046 4924 3283 4997 Magnus,
3324 4938 3439 4997 non

1861 5010 2035 5053 autem
2062 4994 2372 5049 'Damianus
2416 4995 2695 5064 episcopus
2750 4995 3028 5063 Papiensis
3055 5010 3073 5064 _:
3114 5012 3131 5045 t
3163 4995 3269 5057 Sed
3314 4994 3448 5064 (reg

1862 5071 2089 5138 Spondet
2119 5067 2369 5137 llghellus
2409 5062 2766 5119 communiter
2794 5062 3080 5138 probatus)?
3104 5066 3148 5117 si
3192 5064 3275 5138 vir
3306 5063 3451 5138 peri--

1865 5133 2103 5195 tissimus
2129 5133 2307 5191 rerum
2336 5133 2815 5190 ecclesiasticarum
2846 5139 3040 5191 rectius
3071 5137 3167 5188 hac
3194 5133 3307 5188 vice
3328 5134 3442 5189 cal-

1864 5213 2012 5267 culos
2043 5210 2322 5278 posuisset,
2357 5207 2779 5277 advertissetque
2811 5209 3053 5276 Magnum
3086 5204 3445 5278 P0piliensem

1849 5278 1925 5338 'se
1972 5276 2370 5346 subscripsisse,
2422 5295 2523 5330 non
2578 5276 2920 5345 Papiensem,
2972 5276 3441 5343 Anastasiumque,

1868 5356 1954 5425 qui
1987 5367 2050 5425 eo
2071 5352 2297 5425 concilio
2322 5348 2636 5425 interfuerat
2664 5349 3000 5415 ργωρθθεὶεςθ
3033 5347 3170 5425 hunc
3201 5355 3441 5425 nostrum

1873 5416 2179 5480 Damianum
2212 5422 2520 5489 Papiensem
2551 5420 2878 5487 episcopum,
2917 5433 3020 5471 non
3050 5416 3186 5489 adeo
3215 5416 3441 5489 demira-
3506 5473 3510 5477 ,

1872 5509 1955 5551 tus
1987 5496 2167 5547 fuisset
2200 5488 2417 5545 Paulum
2454 5491 2759 5552 Diaetinum,
2794 5491 2881 5557 qui
2912 5503 3030 5543 eam
3058 5488 3341 5557 epistolam
3370 5495 3446 5540 at-

1875 5567 2056 5623 tribuit
2090 5563 2337 5616 Damiano
2374 5563 2645 5629 episcopo,
2673 5563 2761 5629 qui
2799 5575 2893 5628 per
2924 5561 2975 5613 id
3005 5569 3211 5627 tempus
3236 5567 3444 5613 tantum

1876 5636 2151 5710 presbyter
2178 5641 2320 5696 erat,
2367 5633 2618 5710 illamque
2660 5633 2953 5710 epistolam.
2984 5629 3277 5710 dictaverat
3305 5645 3446 5710 anno

1877 5702 2156 5777 antequam
2204 5703 2513 5777 succederet
2540 5703 2837 5777 Anastasio,
2863 5704 2953 5777 qui
2987 5704 3146 5757 etiam
3169 5704 3305 5777 ’Aipse
3337 5702 3443 5777 lio-

1880 5770 2032 5838 mani'
2068 5776 2273 5832 concilii
2320 5774 2547 5828 decretis
2584 5770 2961 5842 subseripsiSse
3012 5773 3297 5843 reperitur.
3340 5770 3446 5826 Nec

1881 5864 2058 5913 tamen
2084 5850 2244 5905 Paulo
2270 5847 2499 5903 Diacono
2525 5845 2758 5902 dandum
2787 5848 2914 5903 vitio
2942 5856 3023 5903 est
3049 5842 3093 5901 si
3117 5842 3328 5902 duxerit
3356 5856 3449 5911 [ηις
