3942 6348
549 280 645 340 631

1137 399 1367 458 CAPUT
1398 399 1514 457 XII.

546 495 808 566 Quomodo
854 492 956 549 Leo
1001 488 1282 576 Iustiniani
1331 495 1412 618 in?
1432 493 1666 549 exsiliunt
1719 489 1850 546 trusi
1901 500 2119 559 regnum

1229 581 1390 619 invasi
1420 606 1434 619 .

615 656 813 711 Contra
860 658 1001 710 hunc
1042 654 1402 711 Justinianum
1434 655 1543 711 Leo
1572 652 1915 725 Augustalem
1944 648 2118 719 digni-

545 758 705 804 tatem
748 748 1039 817 arripiens,
1088 738 1210 803 eum
1259 763 1426 818 regno
1474 747 1737 817 privavit;
1784 754 2115 815 regnumque

543 840 902 896 Romanorum
928 840 1096 895 tribus
1114 840 1266 898 annis
1288 854 1497 911 regens,
1522 849 1546 877 ο
1568 838 1929 897 Iustinianum
1955 847 2118 892 exsu-

543 931 647 987 lem
678 931 731 987 in
760 932 929 988 Ponto
956 934 1213 987 servavit.

1131 1045 1356 1103 CAPUT
1395 1045 1535 1103 XIII.

546 1135 812 1203 Quomodo
838 1136 1069 1192 Tiberius
1100 1137 1318 1192 Leonem
1361 1152 1642 1207 superans,
1685 1144 1731 1190 et
1768 1136 1823 1190 in
1860 1148 2117 1189 carcerem

850 1209 1143 1280 conjiciens,
1174 1206 1447 1277 imperator
1476 1206 1681 1275 eﬂ'ectus
1710 1218 1804 1260 est.

616 1298 953 1370 Rursumque
981 1299 1226 1355 Tiberius
1255 1308 1438 1353 contra
1469 1298 1606 1381 hunc
1638 1297 1867 1353 Leonem
1890 1294 1918 1335 δ
1943 1296 2119 1352 insur-

544 1404 700 1460 gens,
730 1400 754 1429 ο
776 1405 995 1461 regnum
1024 1393 1139 1460 ejus
1168 1392 1378 1455 invasit,
1396 1402 1623 1459 eumque
1643 1396 1871 1457 totoque
1897 1387 2011 1456 ipse
2031 1400 2118 1441 re-

546 1484 727 1553 gnavit
753 1492 989 1554 tempore
1018 1483 1070 1539 in
1109 1482 1293 1539 eadem
1319 1483 1532 1538 civitate
1568 1481 1621 1536 in
1653 1479 1893 1536 custodia
1925 1478 2114 1535 tenuit.

1242 1594 1257 1623 ι

549 1662 818 1729 Quomodo
833 1679 966 1735 papa
980 1590 1562 1732 Sergigf
1576 1661 1846 1735 synodum,
1864 1663 2117 1735 nolentem

670 1734 898 1789 sanctam
921 1738 1149 1804 quintam
1172 1734 1424 1804 synodum
1452 1734 1724 1803 suscipere,
1753 1734 1990 1787 correxit.

618 1826 725 1881 Hoc
749 1835 986 1895 tempore
1008 1825 1239 1897 synodus
1261 1824 1517 1893 Aquileiae
1544 1822 1676 1877 facta
1701 1822 1771 1878 ob
1795 1823 2112 1894 imperitiam

550 1916 696 1985 ﬁdei,
720 1917 746 1953 ά
771 1917 1013 1987 quintum
1061 1916 1360 1972 universale
1388 1915 1671 1970 concilium
1706 1916 1979 1986 suscipere
2004 1915 2119 1971 dif-

544 2050 1138 2115 ConstantinOpolitani,
1166 2049 1230 2104 ad
1254 2047 1627 2118 supplendam,
1653 2055 1711 2101 ut
1731 2045 1901 2102 Grteci
1925 2047 2117 2117 praefe-

548 2123 738 2177 rebant
758 2162 772 2187 ,
805 2123 1040 2188 quintam
1071 2130 1125 2175 et
1153 2130 1355 2175 sextam
1386 2119 1646 2189 synodos,
1678 2120 1729 2172 in
1759 2118 1953 2186 quibus
1987 2119 2116 2175 nulli

546 2208 782 2245 canones
812 2192 937 2245 editi
970 2200 1119 2247 erant
1152 2193 1214 2243 ad
1245 2191 1542 2257 disciplina:
1585 2190 2031 2257 restaurationem
2062 2198 2119 2244 et

550 2262 980 2317 reformationem
1013 2278 1240 2315 morum.
1292 2261 1364 2314 De
1388 2256 1531 2314 anno
1560 2256 1933 2312 celebrationis
1976 2260 2116 2315 illius

554 2334 785 2385 maxima
817 2333 952 2385 inter
976 2333 1213 2385 eruditos
1239 2329 1624 2393 controversia,
1651 2330 1742 2382 sed
1773 2331 1947 2396 plures
1974 2344 2117 2385 anno

553 2402 748 2456 Christi
770 2401 865 2456 691
889 2401 1177 2467 assignant.
1204 2400 1335 2455 Vide
1358 2402 1664 2465 Baronium,
1689 2414 1829 2452 anno
1852 2402 2118 2467 sequenti,

554 2473 639 2525 ubi
666 2487 855 2527 causas
875 2487 1059 2527 omnes
1082 2466 1246 2526 refert
1274 2485 1368 2527 cur
1398 2470 1617 2540 Sergius
1646 2469 1850 2540 synodo
1879 2466 2116 2528 subseri?

550 2542 677 2597 bere
707 2543 987 2596 recusavit.

619 2615 644 2644 ⁸
677 2614 874 2667 Exacm
901 2626 1041 2667 anno
1066 2610 1277 2667 decimo
1300 2610 1533 2681 imperii,
1557 2608 1828 2681 utscribit
1852 2609 2119 2678 Nicepho-

544 2697 658 2747 rus,
687 2682 1013 2738 Iustinianus
1047 2682 1085 2735 ll
1127 2698 1156 2735 a
1190 2680 1411 2737 Leontio
1453 2680 1697 2751 patricio,
1728 2695 1887 2751 quem
1932 2694 2117 2740 noster

545 2751 778 2807 Leonem
810 2754 1060 2819 appellat,
1094 2753 1161 2806 ab
1189 2753 1317 2821 imp.
1352 2750 1664 2806 exturbatus
1692 2763 1794 2805 est.
1845 2750 1996 2807 lluuc
2022 2753 2117 2808 Ju-

544 2825 803 2877 stinianus
829 2822 1190 2878 Orientalibus
1220 2822 1390 2890 copiis
1435 2821 1742 2891 praefectum
1773 2822 1977 2878 honore
2010 2826 2119 2892 pri-

543 2904 796 2958 vaverat,
844 2904 896 2949 et
926 2896 1130 2964 integro
1162 2894 1392 2948 triennio
1436 2896 1487 2948 in
1533 2893 1774 2964 custodia
1811 2892 2114 2964 habuerat,

546 2979 667 3018 mox
697 2965 970 3019 dimissum
1001 2963 1220 3019 Graeciae
1252 2964 1582 3032 praefecerat.
1629 2963 1831 3017 Memor
1861 2962 2119 3022 Leontius

546 3033 880 3103 injuriarum,
907 3036 1123 3108 iuvante
1146 3034 1403 3108 Callinico
1435 3035 1759 3108 patriarcha,
1793 3049 1951 3104 quem
1981 3036 2113 3108 imp.

545 3107 699 3196 paulo
726 3115 847 3160 ante
876 3105 1045 3160 occidi
1078 3104 1903 3196 mandavetzat,influsﬁniauum
1940 3104 2113 3196 ipso}
2139 3130 2188 3196 ς

544 3175 621 3243 git
646 3219 660 3241 ,
712 3189 1038 3245 exosumque
1082 3174 1288 3244 populis
1316 3174 1384 3229 ob
1416 3176 1633 3229 nimiam
1666 3177 1927 3245 saevitiam
1958 3177 2117 3234 facile

546 3245 784 3313 deponit,
811 3246 986 3315 lingua
1032 3260 1269 3313 nasoque
1293 3246 1594 3299 mutilatum
1617 3246 1668 3298 in
1689 3244 2117 3305 Chersonensem

547 3318 731 3389 urbem
747 3316 1023 3389 deportat.
1066 3315 1365 3389 Jnustiuiano
1394 3316 1461 3389 ab
1488 3329 1550 3389 ea
1580 3315 1883 3389 calamitate
1912 3332 2116 3389 cogno-

546 3399 668 3439 men
699 3385 1045 3449 Rhinotmeti,
1075 3385 1261 3441 Graeco
1288 3387 1545 3440 vocabulo
1572 3395 1652 3440 est
1672 3384 1940 3442 additum.

614 3454 643 3494 δ
674 3455 857 3520 Amb.,
883 3455 1153 3509 rebellans.

618 3534 641 3562 ο
673 3526 983 3594 Apsimarus
1013 3526 1228 3580 militari
1278 3525 1466 3582 favore
1516 3524 1569 3580 in
1620 3526 1901 3597 imperium
1942 3529 2117 3585 subli-

542 3605 737 3657 matus,
763 3605 966 3651 mutato
990 3597 1203 3651 nomine
1225 3597 1468 3651 Tiberius
1491 3598 1807 3665 appellatus,
1826 3602 2118 3657 comitante

548 3666 717 3720 navali
742 3668 935 3731 classe,
957 3681 1076 3735 qute
1103 3669 1168 3719 ab
1192 3667 1369 3722 Africa
1403 3677 1683 3737 postquam
1716 3684 1833 3723 eam
1858 3670 2118 3727 Saraceni

541 3746 930 3808 occupaverant
975 3752 1032 3791 re
1078 3738 1267 3792 infecta
1310 3740 1551 3805 redibat,
1595 3738 2115 3808 ConstantinOpolim

544 3808 800 3874 veniens,
850 3806 1128 3880 Leontium
1159 3822 1318 3880 anno
1365 3809 1572 3877 imperii
1597 3809 1702 3880 Asui
1747 3812 1905 3864 tertio
1932 3806 2073 3880 cepit
2099 3851 2117 3878 ,

545 3891 779 3947 nasoque
810 3878 1108 3932 mutilatum
1156 3878 1205 3930 in
1238 3879 1560 3933 Monasterio
1594 3878 1849 3933 Dalmata:
1896 3878 2117 3936 servan-

541 3950 666 4001 dum
712 3948 970 4003 militibus
1015 3948 1267 4005 tradidit.
1321 3958 1380 4013 ut
1409 3947 1763 4018 Theophanes
1792 3962 1845 4005 et
1875 3951 2116 4009 Zonaras

541 4028 777 4071 narrant.
828 4042 835 4055 '

609 4087 633 4123 ά
664 4089 773 4152 ΑΙ..
802 4104 915 4154 qua:
944 4097 1061 4142 tunc
1090 4086 1372 4143 universale
1401 4089 1692 4144 concilium.
1724 4090 1882 4146 Lind.

614 4169 637 4196 ε
670 4159 791 4214 llzec
817 4159 1012 4213 Paulus
1042 4160 1106 4213 ad
1139 4160 1355 4213 verbum
1386 4174 1448 4214 ex
1483 4161 1645 4226 Beda,
1673 4162 1767 4216 lib.
1789 4178 1840 4216 vn
1872 4162 1938 4217 de
1964 4161 2116 4219 lEtao

541 4229 679 4302 tibus
728 4230 948 4302 mundi,
991 4240 1054 4302 _et
1100 4230 1272 4283 firmat
1303 4229 1617 4285 Anastasius
1649 4234 1699 4285 in
1732 4234 1949 4302 Sergio,
1999 4236 2114 4290 haec

540 4300 777 4353 scribens
805 4318 819 4354 :
854 4318 872 4351 ι
905 4298 1071 4370 Hujus
1105 4301 1433 4368 temporibus
1459 4298 2115 4370 Aquileiensis'Ecclesite

544 4370 1009 4450 archiepiscopus,
1058 4379 1114 4425 et
1157 4371 1394 4450 synodus
1421 4388 1538 4450 qua:
1566 4373 1673 4450 sub
1696 4389 1762 4428 eo
1792 4382 2113 4450 congregata

544 4449 625 4492 est
650 4479 665 4505 ,
720 4449 806 4508 qut
855 4449 1096 4494 sanctum

1423 274 1625 336 PAULI
1663 274 1934 337 DIACONI
1971 270 2124 335 OPP.
2165 262 2347 330 PARS
2379 269 2421 325 l.
2459 274 2533 314 έ-
2568 264 2954 325 HISTORlCA.

3616 276 3696 338 63!

2144 392 2196 454 Α
2222 385 2373 449 ludit,
2421 383 2589 439 donec
2630 379 2952 437 salutaribus
2996 375 3139 433 beati
3168 388 3309 448 papae
3349 379 3494 454 Sergii
3532 391 3696 449 moniti;

2218 481 2509 539 instructa,
2551 483 2606 528 et
2648 470 2764 539 ipsa
2792 484 2912 525 cum
2944 468 3155 523 caeteris
3179 466 3362 525 Christi
3390 471 3605 532 Ecclesiis
3626 495 3698 535 an-

2218 582 2385 625 nuere
2427 565 2692 623 consentit
2712 572 2760 619 ε.
2823 562 2984 619 Facta
3036 567 3211 616 autem
3259 572 3336 617 est
3380 564 3482 621 hzcc
3519 572 3702 638 synodus

2219 656 2706 725 Constantinopoli,
2739 652 3068 724 temporibus
3101 651 3270 722 Vigilii
3298 668 3452 725 papaa,
3476 660 3561 713 sub
3581 660 3703 720 lusti-

2220 766 2380 808 mano
2407 749 2668 821 principe,
2697 756 2884 803 contra
2914 743 3258 801 Theodorum
3300 755 3353 800 et
3391 762 3553 805 omnes
3573 750 3705 809 hatre-

2221 842 2354 898 ticos
2376 843 2468 912 qui
2493 841 2700 896 beatam
2727 837 2944 895 Mariam
2973 836 3147 892 solum
3174 835 3445 905 hominem,
3470 853 3558 896 non
3580 841 3713 900 Deum.

2218 943 2273 992 et
2301 934 2601 998 hominem,
2632 930 2886 1003 genuisse
2917 927 3273 984 affirmabant.
3327 928 3381 984 In
3423 944 3514 1000 qua
3552 935 3709 1003 synodo

2217 1028 2481 1086 catholice
2501 1036 2584 1083 est
2606 1027 2902 1082 institutum
2927 1033 2987 1079 ut
3010 1023 3161 1079 beata
3185 1023 3340 1078 Maria
3361 1020 3583 1094 fsemper
3600 1026 3710 1098 virgo

2219 1121 2466 1185 Θιοτόκος
2491 1121 2786 1185 diceretur,
2811 1117 2960 1188 quia,
2990 1115 3129 1170 sicut
3156 1112 3406 1168 catholica
3435 1112 3549 1169 ﬁdes
3573 1116 3707 1185 habet,

2219 1230 2326 1271 non
2356 1214 2626 1270 hominem
2657 1212 2830 1268 solum
2856 1251 2873 1279 ,
2918 1207 3015 1265 sed
3045 1221 3168 1263 vere
3210 1205 3369 1262 Deum
3413 1214 3463 1263 et
3499 1207 3709 1266 hominem

2218 1307 2421 1379 88mm.
2822 1371 3046 1430 CAPUT
3072 1368 3189 1426 XV.

2292 1468 2368 1524 De
2398 1468 2696 1524 Theodafdo
2738 1479 2856 1538 rege
2884 1466 3186 1537 Anglorum,
3217 1460 3667 1538 quomodo__Romatu

2451 1541 2652 1595 veniens
2681 1533 3086 1606 baptizatus'est,
3119 1537 3382 1602 statimque
3407 1533 3533 1586 obiit.

2289 1635 2387 1691 His
2414 1634 2599 1690 diebus
2626 1636 2650 1673 Β
2679 1630 2981 1687 Cedoaldus
3024 1644 3120 1684 rex
3169 1627 3446 1698 Anglorum
3482 1626 3714 1712 Saxonum,

2220 1726 2309 1797 qui
2341 1726 2503 1781 multa
2550 1726 2603 1779 in
2634 1738 2725 1779 sua
2759 1720 2926 1791 patria
2956 1719 3093 1775 bella
3123 1727 3379 1789 gesserat,
3425 1718 3484 1772 ad
3508 1718 3715 1773 Christum

2220 1829 2510 1873 conversus
2549 1813 2773 1870 Romam
2819 1808 3144 1882 properavit.
3200 1808 3296 1876 Qui
3336 1808 3398 1863 ad
3440 1807 3717 1863 Cunibertutu

2217 1922 2397 1979 regem
2426 1906 2668 1971 veniens,
2715 1905 2782 1960 ab
2806 1917 2872 1959 eo
2897 1902 3122 1958 miriﬁce
3145 1908 3419 1970 susceptus
3443 1908 3519 1956 est
3539 1918 3550 1955 :
3575 1901 3612 1955 is
3630 1914 3718 1956 cum

2218 2058 2461 2117 tempore
2487 2062 2593 2117 quo
2620 2046 2772 2115 pauci
2790 2043 3073 2117 admodum
3100 2041 3311 2117 inorbe
3329 2041 3604 2117 universov
3626 2055 3719 2113 syn-

2216 2114 2380 2176 odum
2436 2114 2673 2185 recipere
2717 2116 3056 2172 recusabant.
3091 2114 3456 2185 Schismaticis
3479 2114 3612 2182 paulo
3633 2119 3719 2185 post

2218 2191 2319 2245 sub
2334 2182 2627 2243 Adalnaiilo
2646 2202 2769 2257 rege
2794 2187 3022 2241 accessit
3043 2185 3359 2256 Agrestinus
3380 2183 3463 2238 ille
3484 2182 3717 2257 monachus

2217 2259 2564 2316 Luxoviensis
2610 2252 2915 2313 monasterii
2941 2296 2957 2322 ,
3008 2252 3115 2324 qui'
3144 2270 3240 2325 per
3267 2257 3509 2325 Aureum,
3532 2252 3718 2325 ejusdem

2215 2332 2361 2399 regis
2406 2332 2689 2394 notarium,
2713 2328 2778 2382 ad
2810 2323 3051 2382 sanctum
3078 2323 3314 2399 At'talam
3347 2323 3717 2399 Bobiensemab-

2216 2390 2393 2457 batem
2425 2400 2627 2454 litteras
2657 2390 2867 2453 mittere
2900 2412 3004 2452 non
3036 2396 3284 2461 erubuit,
3326 2397 3389 2449 ad
3416 2390 3720 2449 detestandum

2223 2473 2454 2525 schisma
2485 2470 2886 2525 sollicitaturus.
2922 2468 3206 2523 Postremo
3236 2466 3539 2542 Fortunatus
3561 2464 3720 2542 episco

2218 2556 2320 2611 pus
2351 2542 2670 2605 Gradensis,
2717 2554 2873 2611 quem
2905 2554 3064 2608 supra
3086 2538 3290 2611 gnotavi
3319 2535 3719 2611 ad_schismat_i'cos

2220 2600 2510 2681 aufugisSe,
2537 2600 2746 2666 sublato
2768 2600 3056 2665 Gradensis
3085 2607 3339 2682 Ecclesia:
3362 2605 3615 2682 thesauro;
3629 2600 3720 2682 Hac

2219 2672 2537 2752 perdurasse
2568 2682 2799 2755 schisma
2850 2695 3017 2751 usque
3065 2680 3131 2734 ad
3184 2687 3364 2755 notata
3406 2676 3557 2731 ferme
3587 2672 3719 2755 Sergii

2219 2763 2455 2817 tempora
2503 2753 2716 2807 indubie
2753 2751 3142 2806 demonstrant.
3206 2751 3276 2804 At
3322 2756 3533 2817 uterque
3569 2751 3719 2817 citatus

2219 2814 2503 2900 cardinalis
2530 2821 2918 2900 observatnsub
2965 2821 3192 2900 hiat-tino
3229 2833 3366 2890 papa
3391 2814 3721 2900 aquileienseot

2218 2894 2509 2949 antistitem
2541 2908 2681 2965 anno
2708 2892 2810 2947 649
2837 2892 3047 2965 synodo
3076 2884 3419 2965 Lateraneosi
3451 2884 3721 2965 interfuisse.

2220 2965 2455 3033 itemque
2504 2964 2606 3020 sub
2653 2971 2841 3035 sancto
2866 2955 3152 3035 'Agathone
3183 2958 3557 3035 subscripsisse
3579 2955 3723 3034 litteris

2218 3035 2284 3090 ad
2316 3027 2693 3105 imperatorem
2721 3034 2881 3100 datis,
2922 3027 2989 3088 'et
3014 3047 3136 3088 cum
3166 3047 3237 3105 eo
3267 3033 3441 3105 plures
3468 3027 3721 3105 ipsjnsepi-

2219 3096 2754 3176 seopi'snffragauei.
2812 3096 2880 3176 At
2927 3119 3031 3176 non
3085 3096 3410 3176 unica'haec
3455 3096 3723 3176 difﬁcultas:

2219 3167 2460 3248 emergit
2494 3167 2657 3232 altEra
2704 3192 2771 3231 ex
2820 3175 2970 3231 Pauli
3001 3176 3170 3248 nostri
3202 3174 3381 3229 verbis
3405 3212 3420 3236 ,
3465 3168 3563 3248 imo
3589 3167 3725 3226 Bede.

2219 3238 2500 3316 quem'ille
2530 3248 2940 3315 transcripserat
2960 3287 2973 3311 ,
3018 3245 3255 3316 scilicet,
3284 3258 3364 3316 an
3403 3238 3617 3316 synodus
3639 3248 3727 3316 αρξε

2220 3306 2271 3372 in
2306 3319 2406 3374 hoc
2435 3318 2582 3373 Pauli
2613 3306 2786 3387 capite
2808 3306 3069 3386 Aquileia:
3095 3306 3455 3389 faeta'dicitui'
3477 3308 3638 3389 eadem
3663 3306 3727 3357 illa

2219 3390 2291 3460 sit
2318 3404 2434 3460 qua:
2465 3384 2895 3460 Pelagii'papaal
2942 3399 3183 3460 tempore
3207 3426 3225 3452 ,
3277 3400 3344 3438 an
3388 3384 3543 3460 altera
3580 3384 3727 3460 iterant

2215 3454 2393 3531 Sergii
2433 3454 2672 3531 tempore
2700 3454 2914 3531 coacta.
2960 3459 3200 3512 Priorem
3249 3454 3555 3531 sententiam
3600 3454 3728 3531 secuti

2217 3529 2342 3584 sunt
2370 3530 2628 3584 Baronius
2671 3538 2724 3583 et
2745 3529 3004 3594 Norisius,
3032 3538 3337 3597 postremus
3365 3538 3425 3597 ea
3453 3529 3728 3590 potissuunm

2218 3606 2373 3656 nixus
2400 3601 2721 3666 conjectura,
2757 3617 2776 3652 α
2810 3599 2949 3669 quod
2979 3594 3045 3654 ex
3072 3598 3166 3652 illo
3198 3594 3450 3651 adverbio
3475 3603 3627 3648 posse
3651 3600 3727 3669 non

2218 3672 2445 3726 obscure
2476 3657 2777 3738 colligatur,
2828 3657 2967 3738 quod
3012 3669 3102 3723 ille
3141 3681 3321 3730 error,
3365 3679 3427 3719 ac
3473 3673 3660 3738 pravum
3682 3657 3730 3734 de

2217 3742 2422 3811 synodo
2458 3756 2491 3794 v
2526 3733 2778 3805 judicium
2828 3733 3089 3811 diurante
3136 3738 3384 3811 Sergium
3430 3733 3558 3811 apud
3603 3733 3729 3811 λαωέ

2218 3794 2445 3867 leienses
2480 3794 2795 3865 in'valu’crat.
2832 3829 2851 3862 ι
2888 3810 3119 3864 Alteram
3150 3794 3440 3862 Bollandus
3466 3794 3517 3857 in
3548 3794 3729 3867 notisad

2220 3864 2589 3937 uniusheu
2624 3882 2897 3952 llonorati,
2925 3881 3115 3952 Pagius
3146 3879 3200 3933 in
3226 3877 3426 3952 Critica
3452 3871 3661 3952 chronpl.

2218 3967 2415 4007 annum
2443 3954 2639 4006 Christi
2673 3950 2795 4015 699,
2839 3960 2894 4005 et
2934 3946 3022 4005 alii
3066 3950 3268 4019 plures.
3321 3946 3573 4019 Palladius
3594 3946 3732 4019 iunior

2218 4024 2269 4076 in
2311 4024 2532 4078 historia
2564 4014 2922 4091 It‘orojuliensi
2952 4014 3240 4075 vernaculo
3282 4017 3474 4091 scripta
3520 4014 3650 4091 Bedz'e
3675 4018 3730 4091 ac

2218 4092 2362 4172 Pauli
2395 4095 2570 4172 nostri
2603 4078 2883 4172 lectionem
2915 4091 3165 4172 corrigit,
3196 4100 3252 4145 et
3283 4078 3406 4172 loco
3433 4084 3592 4172 Sergi}

2214 4164 2357 4232 gium
2387 4162 2632 4232 reponit,
2683 4163 2753 4218 ita
2803 4163 2965 4232 utrad
3006 4150 3211 4230 primos
3240 4154 3592 4232 accedat,_sed
3620 4150 3727 4232 huic,

2216 4221 2372 4288 Pedo:
2402 4221 2461 4288 et
2486 4221 2631 4288 Pauli
2662 4234 2827 4290 nostri
2858 4221 3085 4288 Codices
3114 4240 3437 4300 repugnant.
3476 4221 3730 4300 Bollandius

2216 4305 2568 4372 incongruum
2598 4303 2824 4361 credidit
2870 4304 3109 4372 Sergium
3158 4297 3425 4372 synodum
3474 4297 3603 4351 illam
3644 4302 3733 4372 cot-

2217 4367 2421 4429 rexisse
2448 4375 2549 4429 dici
2567 4414 2584 4438 ,
2626 4390 2746 4444 quae
2774 4390 2839 4429 CL
2867 4384 2921 4428 et
2949 4367 3381 4444 a'mplius'annos
3410 4367 3729 4444 praecesserat.

1143 4432 1710 4515 quintumnniversale
1736 4432 2020 4499 concilium
2056 4455 2113 4499 ut
2141 4490 2190 4515 η
2216 4445 2511 4515 Pagiusque
2560 4432 2709 4513 putat
2755 4444 2972 4499 Paulum
3024 4432 3179 4498 Beda!
3232 4432 3598 4515 proximiorem
3626 4432 3733 4515 illius

544 4490 666 4581 [ista
696 4490 949 4563 etsuis."
964 4490 2113 4581 “suapea;{timuista'jgpgas};Lean;
2138 4490 2191 4551 Ι)
2215 4490 2734 4571 mansimus.
2755 4490 2774 4578 ζ
2797 4490 3485 4581 ’ῖέιὶἶιῖπηῖἷῦηιΓὲίῖἐιῧςί
3502 4490 3732 4562 Anastasii

542 4578 661 4632 simi
695 4593 841 4647 papae
872 4580 1087 4635 monitis
1109 4591 1267 4648 atque
1288 4581 1544 4636 doctrinis
1570 4578 1834 4649 instrueti,
1858 4588 2104 4642 conversi

542 4658 685 4720 sunt,
712 4649 977 4717 iidemque
999 4651 1299 4720 venerabile
1323 4652 1608 4706 concilium
1633 4668 1753 4707 cum
1784 4656 2107 4711 satisfactio-

544 4735 611 4775 ne
642 4732 1012 4791 susceperunt.
1058 4719 1122 4775 Et
1147 4721 1236 4790 qui
1267 4724 1410 4789 prius
1440 4722 1540 4777 sub
1568 4726 1767 4778 erroris
1797 4726 1924 4778 vitio
1955 4736 2105 4782 tene-

545 4790 756 4860 bantur,
806 4790 1048 4847 doctrina
1103 4792 1406 4860 apostolicae
1455 4794 1598 4847 sedis
1648 4794 1927 4849 illuminati
1981 4812 2102 4852 cum

544 4877 672 4930 pace
710 4872 1059 4917 consonantes
1090 4862 1299 4915 veritati
1340 4862 1404 4915 ad
1448 4863 1657 4931 propria
1708 4866 1928 4919 relaxati
1979 4876 2106 4923 sunt

543 4934 675 5001 (vel,
708 4942 767 4987 ut
794 4933 933 5007 alias
956 4934 1163 5007 legitur,
1201 4935 1395 5007 reversi
1429 4935 1595 5007 sunt).
1630 4952 1649 4986 ι
1705 4934 1756 4988 ld
1789 4944 1967 4990 autem
1997 4953 2104 5007 quo

541 5014 695 5071 pacto
720 5004 959 5059 evenerit
988 5004 1159 5057 fusius
1190 5003 1419 5069 explicat
1456 5006 1912 5061 eminentissimus
1944 5003 2103 5062 Nori-

541 5072 675 5143 sius,
705 5088 768 5129 ex
799 5090 905 5143 quo
937 5073 1252 5143 praecedenti
1293 5074 1382 5127 lib.
1416 5089 1488 5142 tv,
1516 5091 1635 5143 cap.
1667 5075 1763 5141 54,
1797 5078 2103 5133 schismatis

545 5142 825 5198 historiam
854 5142 1021 5215 usque
1063 5144 1125 5196 ad
1170 5144 1479 5199 divisionem
1512 5142 1869 5215 Aquileiensis
1898 5149 2099 5203 dioece-

541 5227 666 5269 seos
687 5214 894 5281 repetii.
920 5215 1262 5290 Prosequitur
1280 5216 1553 5271 lattdaliss.
1575 5214 1760 5271 auctor
1775 5232 1891 5285 cap.
1916 5219 1963 5290 li,
1992 5219 2019 5290 §
2042 5219 2095 5286 6,

543 5298 607 5338 ea
636 5299 753 5351 qua:
792 5299 885 5353 per
913 5286 1283 5357 schismaticos
1308 5295 1471 5357 gesta
1514 5296 1638 5340 sunt
1682 5298 1801 5357 post
1830 5286 2098 5357 Agilul'phi

545 5366 802 5418 mortem,
839 5369 956 5408 cum
991 5355 1351 5410 'l‘heodoliuda
1404 5357 1578 5425 regina
1606 5398 1619 5421 ,
1671 5355 1944 5425 accepta'a
1976 5355 2098 5416 divo

543 5425 797 5495 Gregorio
846 5426 979 5495 Mag.
1011 5441 1042 5476 ν
1071 5426 1311 5495 synodo,
1366 5429 1687 5493 monitisque
1734 5429 1861 5482 satis
1909 5432 2094 5488 edocla

542 5494 815 5567 cazholicis
833 5494 1114 5567 manifesto
1134 5496 1384 5560 adhaesit;
1411 5498 1547 5551 unde
1578 5498 1862 5567 Firminus,
1886 5499 2093 5567 Petrus,

544 5563 931 5629 Providentius,
960 5566 1153 5633 aliique
1180 5567 1345 5621 lstrim
1370 5569 1601 5636 episcopi
1632 5568 1696 5623 ad
1728 5585 1824 5624 nos
1847 5563 2095 5627 necesse;

540 5645 684 5703 runt,
714 5650 879 5702 cuque
909 5636 1152 5703 exemplo
1180 5639 1414 5691 nonnulli
1446 5637 1681 5695 Venetiae
1708 5642 1968 5694 antistites
1994 5641 2093 5696 sub

541 5702 1005 5780 Langobardorum
1035 5706 1235 5761 ditione
1262 5709 1551 5780 constituti,
1583 5709 1713 5765 solis
1743 5712 2093 5780 Aquileiensi-

546 5776 643 5831 bus
683 5774 734 5829 iu
774 5773 1061 5839 rebellione
1088 5779 1589 5871 perseverantibus,
1637 5796 1703 5836 eo
1753 5773 2089 5849 potissimum

2212 4587 2410 4656 verbis,
2442 4588 2543 4641 sub
2566 4586 2895 4656 Aquileiensi
2924 4586 3201 4654 episcOpo,
3224 4586 3315 4653 qui
3344 4580 3509 4656 Sergii
3537 4582 3731 4656 tempore

2209 4655 2467 4719 sedebat,
2516 4651 2749 4727 synodus
2780 4651 2974 4727 coacta
2993 4651 3223 4727 dicatur,
3245 4651 3733 4727 ’ςεοηειςυὲςιιηῖ,ιῆίῖ⁸

2210 4710 2361 4793 poris
2385 4710 2521 4781 ratio
2545 4710 2669 4783 cum
2699 4727 2845 4781 Pauli
2876 4725 3189 4780 cbronotaxi
3206 4710 3338 4779 haec
3363 4710 3429 4778 ad
3453 4710 3630 4776 Tiberii
3652 4710 3733 4793 Αιξς

2206 4785 2386 4851 simari
2440 4805 2679 4866 tempora
2730 4797 3031 4852 referentis.
3089 4797 3233 4852 Inter
3295 4807 3480 4849 omnes
3510 4785 3733 4866 convenit

2207 4868 2440 4921 schisma
2479 4857 2620 4932 quod
2657 4868 2847 4937 Vigilio
2887 4881 3020 4937 papa
3065 4866 3265 4922 factum
3316 4873 3402 4922 est
3448 4859 3541 4918 sub
3583 4857 3735 4921 Sergio

2208 4938 2446 5004 tandem,
2479 4939 2589 4993 Deo
2614 4939 2854 5007 iuvante,
2886 4952 3149 4993 cessasse.

2280 5008 2299 5047 ί
2335 4996 2445 5063 Ms.
2469 4996 2631 5063 Lind:
2653 5026 2665 5060 :
2717 4996 2932 5075 Semper
2960 5009 3123 5078 virgo,
3170 5023 3277 5062 non
3316 5007 3444 5061 sicut
3489 4996 3733 5056 Tlteodom

2203 5078 2422 5143 dicebat,
2446 5080 2535 5134 sed
2562 5081 2691 5132 sicut
2717 5078 2998 5141 Catholica,
3032 5089 3135 5133 etc.

2275 5131 2302 5198 tt
2323 5131 2655 5221 Cedoaldum
2704 5131 2862 5221 quem
2885 5131 3062 5221 ’Avocat
3092 5131 3299 5221 noster,
3352 5144 3490 5221 Beda
3519 5131 3731 5221 Cﬁdi’lfig

2201 5221 2527 5286 Cedvallam,
2580 5220 2661 5274 vel
2691 5212 3023 5274 Ceadvallam
3055 5212 3316 5280 nominat,
3362 5229 3417 5272 et
3444 5212 3586 5280 Angli
3623 5217 3733 5286 _q||05

2200 5280 2785 5345 recensetBarouiusad
2809 5305 3002 5344 annum
3031 5290 3135 5345 689
3162 5280 3735 5354 Ccdvaldradum._bon-

2199 5362 2330 5416 nulli
2361 5360 2752 5425 Britannorum,
2797 5375 2901 5415 non
2926 5375 3058 5431 vero
3088 5362 3387 5431 Saxonum,
3414 5368 3580 5423 regem
3597 5349 3731 5431 fuisse

2196 5415 2547 5499 eouteuduut,
2582 5415 2883 5503 quosinler
2915 5430 3182 5487 Sandcrus
3202 5431 3273 5503 ab
3292 5415 3732 5503 eodemvmrdinalc

2196 5504 2409 5570 citatus,
2438 5497 2831 5572 isquc'Paulum
2860 5504 3057 5556 erroris
3081 5502 3272 5569 arguit,
3309 5513 3485 5568 quem,
3514 5497 3555 5545 si
3579 5497 3729 5572 revera

2195 5568 2403 5640 fuisset,
2447 5568 2733 5627 in'Betlam
2785 5581 2990 5626 vertere
3031 5568 3307 5630 debuerat.
3351 5582 3468 5623 cum
3491 5579 3550 5617 ex
3575 5573 3632 5638 eo
3656 5568 3729 5640 ηιξ·

2194 5655 2305 5697 ster
2333 5638 2446 5697 hare
2476 5644 2543 5699 de
2572 5642 2817 5697 Cedvalla
2846 5657 2990 5712 rege,
3035 5642 3221 5712 utalia
3257 5640 3430 5712 plura,
3471 5638 3728 5712 exscripsi?

2194 5725 2273 5769 rat
2298 5729 2313 5767 :
2361 5715 2427 5767 ad
2455 5713 2880 5768 emendationem
2912 5711 3132 5766 Galfridi
3159 5707 3478 5765 auctoritate
3505 5707 3727 5781 nituntuf.

2194 5761 2312 5853 :1...
2327 5761 2389 5838 ιιῖ
2400 5761 2481 5840 ἐρ’
2491 5761 3077 5856 istm..."saeuit;
3088 5761 3224 5840 ne;
3240 5761 3349 5858 uno
3373 5784 3599 5849 tempore
3614 5761 3711 5855 Oed
