3942 6348
249 232 344 292 653

1170 229 1262 290 DE
1302 228 1547 289 GESTIS
1582 226 2223 289 LANGOBARDORUM.
2260 258 2333 275 --
2372 229 2501 287 LIB.
2542 227 2630 287 Vl.

3364 224 3474 289 634

243 346 462 407 Romam
500 342 857 415 pervenisset,
900 356 930 399 a
960 340 1151 415 Sergio
1197 358 1332 413 papa
1359 344 1681 412 baptizatus,
1729 343 1828 399 Pe-
1863 348 1911 408 Α
2003 343 2029 372 ⁸
2051 340 2225 415 gente,
2248 344 2554 415 renascentis
2577 350 2730 415 quem
2748 336 2923 415 Christi
2943 341 3100 415 gratia
3120 354 3356 411 purgans,

243 453 456 512 trosque
486 446 570 497 est
613 439 937 509 appellatus,
978 445 1005 475 ι
1030 446 1085 492 et
1113 437 1289 493 adhuc
1318 437 1372 492 in
1402 435 1539 491 albis
1570 435 1836 492 constitu-

243 546 337 601 tus,
370 533 441 588 ad
476 546 636 602 regna
663 531 902 587 coelestia
933 530 1200 599 migravit.
1234 528 1399 600 Cujus
1427 542 1626 598 corpus
1658 528 1711 583 in
1740 527 1836 583 ba-

240 626 379 682 silica
411 625 556 681 beati
587 625 729 680 Petri
776 623 1047 694 sepultum
1077 629 1180 688 est,
1233 631 1288 678 et
1314 621 1417 677 hoc
1444 634 1606 692 super
1634 632 1694 699 se
1720 619 1834 692 epi-

240 717 477 790 taphium
508 716 836 787 descriptum
869 715 1031 772 habet
1063 731 1076 769 :

291 850 521 915 Culmen,
543 864 683 914 opes,
703 851 945 913 sobolem,
973 848 1209 912 pollentia
1227 861 1406 915 regna,
1432 848 1727 914 triumphos,

352 912 592 976 Exuvias,
623 912 879 976 proceres,
908 912 1109 975 mtenia,
1134 922 1310 975 castra,
1339 912 1472 963 lares
1498 950 1512 974 ,

290 975 516 1041 quaeque
541 975 730 1041 pati-nm
756 977 908 1025 virtus
936 983 1122 1041 etquae
1145 984 1469 1041 congesserat
1488 977 1597 1026 inse

349 1039 379 1079 ι)
405 1036 618 1089 Cedo'ald
637 1041 953 1101 armipotens,
980 1036 1122 1101 liquit
1143 1036 1311 1086 arnore
1333 1036 1451 1101 Dei,

292 1100 352 1151 Ut
372 1101 582 1151 Petrum
602 1098 876 1162 sedemque
900 1098 1039 1165 Petri
1060 1112 1147 1148 rex
1167 1104 1401 1149 cerneret
1425 1100 1632 1163 hospes,

351 1166 374 1194 ε
404 1162 557 1223 Cujus
580 1161 716 1212 fonte
741 1174 902 1210 meras
926 1167 1148 1211 sumeret
1170 1160 1324 1210 almus
1347 1173 1497 1223 aquas
1517 1199 1533 1223 ,

351 1176 374 1194 ε
404 1176 557 1225 unus
580 1176 716 1212 route
741 1176 902 1210 meras
926 1176 1148 1211 sumeret
1170 1176 1324 1210 annus
1347 1176 1497 1223 aquas
1517 1199 1533 1223 ,

286 1224 734 1289 Splendiﬁcumque
756 1224 899 1284 jubar
922 1223 1130 1272 radianti
1148 1231 1377 1285 carperet
1401 1224 1576 1274 haustu
1601 1255 1618 1282 ,

348 1287 375 1326 d
403 1287 476 1334 Ex
498 1300 597 1334 uno
620 1285 844 1334 viviﬁcus
866 1285 1097 1334 splendor
1120 1285 1307 1334 ubique
1334 1284 1427 1334 fuit
1455 1323 1470 1334 .

325 1287 375 1326 ’ά
402 1287 476 1337 Ex
498 1300 597 1349 quo
620 1287 844 1337 viviﬁcus
866 1287 1097 1348 splendor
1120 1287 1307 1347 ubique
1334 1287 1427 1335 fuit
1455 1323 1470 1345 ,

292 1349 704 1413 PerSpiciensque
730 1349 891 1413 alacer
917 1347 1148 1397 recidivae
1172 1348 1372 1413 praemia
1391 1348 1503 1397 vitae
1532 1384 1548 1412 ,

346 1410 661 1461 Barbaricam
687 1412 875 1461 rabiem
901 1422 1082 1472 nomen
1109 1417 1161 1460 et
1180 1410 1473 1472 indejsuum.

289 1472 567 1523 Conversus
582 1475 823 1521 convertit
847 1484 1016 1532 ovans,
1050 1471 1357 1533 Petrumque
1378 1471 1543 1521 vocari

344 1536 557 1598 Sergius
579 1536 785 1585 antistes
802 1535 946 1596 jussit
965 1541 1020 1583 ut
1040 1534 1147 1596 ipse
1173 1540 1330 1596 pater.

239 1686 389 1742 rallas
415 1701 481 1742 ex
515 1687 633 1753 ipso
661 1685 804 1742 Beda
832 1694 1117 1758 recenset:
1171 1685 1403 1755 primum
1441 1700 1674 1758 eumque
1724 1702 1816 1744 re-

235 1774 346 1828 gem
390 1758 667 1813 Britonum
690 1772 840 1813 anno
870 1756 995 1822 653,
1044 1759 1271 1813 alterum
1296 1773 1327 1813 a
1358 1758 1496 1813 Beda
1545 1756 1817 1814 memora-

234 1838 334 1884 tum
365 1845 508 1885 anno
536 1828 663 1894 678,
692 1830 964 1885 diversum
996 1843 1024 1881 a
1056 1839 1262 1894 nosuo,
1303 1831 1501 1899 quique
1530 1844 1818 1886 successo-

233 1916 335 1955 rem
366 1902 550 1955 habuit
580 1910 906 1969 postremum
924 1899 1256 1954 Cedvallam.
1294 1918 1313 1953 t
1348 1900 1540 1957 Verum
1565 1900 1819 1956 Alfordus

233 1975 307 2043 (ut
357 1976 567 2026 notavit
610 1970 801 2041 Pagius
848 1969 1152 2043 in‘Critica)
1184 1984 1327 2043 anno
1356 1971 1480 2043 687,
1529 1986 1676 2027 num.
1728 1974 1817 2039 10,

228 2040 460 2099 Ostendit
513 2043 840 2098 cardinalem
893 2040 1262 2096 doctissimum
1309 2041 1418 2097 falli
1471 2053 1575 2096 tam
1627 2044 1679 2097 in
1722 2059 1822 2096 nu-

228 2129 374 2169 mero
403 2128 564 2185 quam
606 2113 877 2185 inApatria
912 2122 1207 2185 etjgenere
1247 2112 1657 2185 cetlvallarum;
1711 2114 1819 2185 duo

228 2186 369 2240 enim
401 2182 605 2240 tantum
654 2182 920 2239 Gedvalla:
972 2183 1142 2245 fuere.
1192 2193 1246 2239 et
1288 2182 1558 2239 Cedvallae
1598 2183 1818 2239 secundi

227 2271 524 2318 successor,
577 2271 682 2311 non
707 2254 986 2317 Cedvalla,
1013 2253 1108 2325 sed
1142 2255 1251 2318 Ina,
1301 2270 1395 2309 seu
1427 2255 1535 2315 lue.
1582 2255 1820 2325 appella-

228 2337 312 2382 tus
340 2329 457 2381 fuit.
492 2327 570 2383 Ex
596 2327 807 2382 duobus
838 2324 1101 2381 Cedvallis
1131 2340 1266 2379 unus
1293 2341 1476 2380 revera
1510 2327 1817 2392 Britannus;

226 2398 358 2455 alter
384 2398 528 2454 Saxo
552 2398 676 2464 fuit,
712 2412 810 2453 nec
839 2398 1015 2452 solum
1044 2396 1199 2450 titulo
1224 2404 1378 2452 tenus
1398 2397 1668 2452 Saxonum
1701 2412 1815 2464 rex,

227 2470 348 2537 quia
376 2472 618 2526 Saxones
645 2467 957 2533 debellavit,
991 2478 1048 2521 ut
1076 2467 1367 2522 arbitratur
1398 2468 1681 2533 Baronius,
1722 2469 1816 2522 sed

228 2543 350 2609 quia
370 2540 438 2597 de
464 2543 615 2612 regio
642 2541 913 2596 Saxonum
941 2552 1138 2610 genere
1166 2538 1341 2593 editus
1368 2547 1472 2604 est,
1505 2548 1565 2594 ut
1587 2540 1817 2612 scripto-

228 2627 315 2682 res
339 2613 487 2682 Angli
514 2611 825 2668 constanter
872 2619 1192 2682 asserunt.)
1228 2618 1462 2682 _Annum
1484 2611 1817 2682 baptismatis

232 2679 491 2737 Cedvalla:
548 2686 620 2737 ita
681 2690 834 2737 notat
886 2682 1082 2736 citatus
1138 2679 1323 2735 Beda:
1382 2698 1403 2733 t
1443 2680 1815 2735 Pontiﬁcatum

234 2765 417 2823 agente
445 2755 659 2825 Sergio,
708 2753 1113 2825 baptizatusest
1139 2753 1225 2825 die
1257 2760 1442 2825 sancto
1469 2751 1684 2805 Sahbati
1720 2767 1816 2820 pa-

232 2826 436 2894 schalis,
479 2823 621 2881 anno
650 2825 719 2879 ab
764 2823 1137 2879 lncarnatione
1169 2823 1375 2878 Domini
1425 2826 1817 2878 sexcentesimo

234 2898 588 2967 octuagesimo
617 2911 798 2960 nono;
850 2904 919 2967 et,
950 2895 1004 2950 in
1032 2894 1188 2967 albis__
1211 2893 1387 2967 adhuc
1417 2895 1653 2967 positus,
1697 2895 1814 2947 lan-

235 2964 406 3034 guore'
427 2976 739 3038 correptus,
779 2965 1102 3022 duodecimo
1149 2964 1509 3038 Kalendarum
1543 2964 1811 3038 Maiarum

237 3038 316 3092 die
338 3041 544 3095 solutus
576 3034 657 3094 est
706 3055 736 3094 a
779 3053 961 3102 carne,
1007 3047 1112 3092 etc.
1145 3055 1165 3089 ι
1215 3034 1592 3106 Martyrologio
1634 3035 1817 3105 Angli-

2064 401 2293 467 Protinus
2308 406 2522 467 albatum
2547 401 2730 467 vexit!
2756 404 2804 453 lu
2826 401 3080 467 arce'joli.

2000 466 2125 517 Mira
2149 466 2272 516 fides
2296 468 2451 530 regis,
2468 465 2730 530 clementia
2751 465 3183 530 maxima'Cbristi,

2059 530 2205 595 Cujus
2222 528 2476 595 consilium
2496 528 2655 578 nullus
2676 530 2811 578 adire
2825 534 3018 595 potest.

2000 593 2026 632 s
2053 592 2235 656 Sospes
2257 592 2386 656 enim
2408 594 2614 640 veniens
2635 591 2866 656 supremo
2888 603 2949 640 ex
2974 592 3095 641 orbe
3118 591 3336 644 Britanni
3364 629 3383 656 ,

2060 654 2159 703 Per
2182 654 2337 717 varias
2358 660 2557 717 gentes,
2574 665 2671 717 per
2695 655 2840 717 freta,
2873 664 3063 715 perque
3089 658 3215 717 vias,

2060 666 2159 703 rer
2182 666 2337 702 varias
2358 666 2557 761 gentes,
2584 666 2671 714 per
2695 666 2840 715 ireta,
2873 666 3063 715 perque
3089 668 3215 717 vias,

1997 715 2181 786 Urbem
2205 714 2489 786 Bomueam
2510 715 2643 786 vidit,
2670 715 3008 786 templumque
3032 722 3299 768 verendum

2055 777 2445 839 AspexitPetri,
2475 778 2669 839 mystica
2694 777 2817 826 dona
2844 789 3046 839 gerens.

1993 838 2235 893 Candidus
2258 841 2388 889 inter
2411 838 2531 888 oves
2554 838 2730 902 Christi
2753 838 2999 888 sociabilis
3025 839 3136 902 ibit,

2052 902 2268 964 Corpore
2290 914 2399 949 nam
2419 899 2679 961 tumulum,
2698 907 2866 949 mente
2887 914 3099 962 superna
3121 899 3284 953 tenet.

1991 964 2326 1017 Commutasse
2350 964 2507 1025 magis
2526 971 2829 1024 sceptrorum
2850 964 3057 1025 insignia
3070 964 3264 1022 credas,

2054 1027 2214 1087 Quem
2237 1024 2449 1088 regnum
2467 1024 2642 1074 Christi
2668 1024 2994 1087 promeruisse
3019 1026 3158 1076 vides
3180 1025 3227 1076 ιι.

2514 1107 2737 1164 CAPUT
2787 1106 2926 1163 XVI.

2037 1181 2305 1249 Quomodo
2334 1195 2545 1250 regnum
2574 1178 2895 1234 Francorum
2921 1179 3059 1251 apud
3087 1178 3288 1237 Gallias
3311 1182 3403 1236 sub

2191 1253 2475 1325 majoribus
2501 1253 2683 1306 domus
2713 1252 2868 1322 regiae
2887 1266 2994 1306 esse
3019 1254 3245 1322 ceperit.

1997 1343 2111 1401 Hoc
2160 1351 2405 1414 tempore
2450 1342 2588 1412 apud
2636 1342 2839 1398 Gallias
2867 1342 3198 1398 Francorum
3244 1343 3508 1415 regibnsa

1923 1438 2083 1494 solita
2112 1436 2426 1494 fortitudine
2452 1445 2508 1493 et
2535 1436 2759 1493 scientia
2789 1437 3269 1508 {degenerantibus,
3324 1438 3379 1494 lii
3418 1438 3507 1510 qui

1931 1524 2221 1599 imajores
2267 1529 2457 1586 domus
2506 1528 2698 1600 regalis
2739 1543 2860 1586 esse
2904 1529 3219 1586 videbantur
3270 1530 3504 1588 admini-

1846 1729 1895 1790 Β
1920 1693 3509 1790 ειίπξίδέῖξιξξιιεοἢειςῖξπξῑρςέαείξὲυεεεὲξειέῑιξερξπλξτρο

1922 1776 2302 1818 PONTIFICANTE
2351 1777 2673 1818 APOSTOLICO
2717 1778 2841 1818 νικο
2891 1775 3087 1819 DOIIINO
3134 1765 3330 1819 SEBGIO
3377 1779 3508 1819 ΡΛΡΔ

1926 1849 2064 1888 ΔιηΝο
2086 1849 2344 1888 SECUNDO.

2003 1902 2019 1941 ί
2054 1902 2259 1960 Glosste
2286 1904 2475 1979 Isidori
2500 1923 2513 1959 :
2544 1905 2959 1979 Architriclinius
2982 1907 3147 1979 major
3177 1906 3397 1979 domus;
3424 1904 3511 1979 di-

1920 1975 2059 2049 c_itu_r
2077 1979 2234 2031 etiam
2269 1978 2499 2049 provisor
2528 1978 2660 2049 regis
2682 1980 2839 2039 aulw,
2890 1981 2969 2033 vel
3003 1975 3503 2049 prafecmspafatii.

1919 2045 2195 2124 Cedrenns
2217 2061 2341 2101 eum
2362 2045 2768 2124 «piamen-vocat
2788 2050 2970 2124 genius
2988 2045 3183 2124 locum,
3207 2047 3326 2117 quia
3350 2049 3508 2124 unice

1923 2114 2199 2182 huc.facit,
2232 2114 2414 2170 totum'
2454 2119 2738 2173 ascribam.
2794 2120 2847 2173 In
2905 2120 3083 2173 Leone
3137 2114 3509 2187 Iconomaclio,

1921 2202 1974 2272 p.
1991 2188 2113 2242 373:
2128 2187 2139 2205 ⁸
2150 2194 2386 2278 Ιιστρρήτε
2400 2188 2471 2261 [F
2480 2229 2490 2240 .
2514 2187 2772 2279 iaroprjenl
2784 2190 2961 2279 βὲιότι
2984 2190 3093 2279 ἔρος
3107 2191 3190 2279 ςᾲν
3209 2192 3342 2279 pina.
3352 2202 3511 2279 Sipus/-

1918 2261 2033 2336 γίᾳς
2050 2261 2178 2315 κατὰ
2203 2259 2340 2336 γέὺᾳς
2354 2259 2555 2336 ἇρχειν,
2573 2259 2823 2336 κᾴὶ-μηδέν
2846 2264 3051 2321 διοικεῖν
3072 2259 3299 2320 ulna-art
3319 2259 3513 2333 ἀλόγώς

1920 2332 2099 2407 strains
2128 2331 2219 2407 ³ςαὶ
2255 2331 2616 2407 πίνβιῖνῇιςιοεςά
2648 2331 2701 2387 δὲ
2742 2335 2825 2389 τὸν
2851 2340 3008 2387 Μαῖαν
3036 2341 3173 2403 μῆνα
3212 2331 3512 2407 προκαθέζετ

1922 2403 2041 2482 creat
2070 2403 2155 2457 ἓπί
2193 2403 2389 2463 παντὸς
2420 2408 2504 2482 τοῖς
2529 2401 2719 2465 ἔθνους,
2750 2409 2837 2459 καὶ
2854 2401 3397 2482 Ῑτροσκὺνείνραῦτοῖς.
3425 2404 3509 2458 καὶ

1921 2474 2432 2550 ἀντιπροσκυνεῖσβαι
2464 2474 2576 2550 ﬁsso
2618 2476 2816 2550 αὐτῶν,
2850 2472 3243 2550 δαξροφορεῑσθᾳί
3282 2495 3334 2529 τε
3381 2476 3513 2550 κατὰ

1921 2495 2432 2550 αντιπροσκυνεισυαι
2474 2495 2576 2528 υπο
2618 2496 2816 2540 αντων,
2850 2495 3045 2549 σωροφο
3081 2495 3243 2529 ιισυαι
3282 2495 3334 2529 τε
3381 2497 3513 2529 κατα

1920 2546 2205 2620 omnia»,
2232 2543 2649 2620 mia'tvudidévat
2670 2544 3029 2620 abroigfxstu
3046 2495 3103 2602 Si
3128 2545 3358 2620 πρόοικογ
3386 2547 3516 2620 γνὼ-

1919 2636 2016 2684 μην
2043 2612 2223 2680 αὐτοῦ,
2257 2619 2342 2690 καὶ
2365 2622 2469 2690 τοξο-
2480 2614 2655 2676 ἔθνους
2686 2619 2755 2677 εἰς
2781 2618 2838 2673 τὸ
2852 2611 3068 2690 idco-tusi?
3095 2611 3261 2690 «sint.
3291 2611 3354 2671 τά
3381 2611 3516 2690 npti-

1919 2706 2117 2755 γματα.
2167 2689 2400 2740 Annales
2430 2685 2756 2739 Francorum
2786 2702 2817 2741 a
2849 2689 2905 2740 P.
2960 2688 3167 2743 Pithmn
3190 2687 3232 2755 j.
3257 2702 3307 2740 c.
3337 2685 3465 2741 editi
3496 2704 3509 2740 :

1926 2754 1961 2806 ἰ
1986 2754 2160 2827 Reges
2187 2756 2402 2826 quidem
2434 2755 2774 2822 dicebantur,
2824 2758 2916 2811 sed
2962 2754 3199 2827 potestas
3228 2758 3367 2826 regis
3405 2768 3512 2811 tota

1921 2826 2060 2898 apud
2119 2828 2375 2895 majorem
2432 2827 2638 2898 domus
2685 2826 3016 2893 habebatur,
3094 2836 3320 2898 excepto
3373 2828 3511 2896 quod

1919 2897 2119 2969 chartae
2145 2907 2199 2952 et
2228 2898 2499 2969 privilegia
2524 2896 2670 2969 regis
2699 2899 2913 2955 nomine
2940 2896 3334 2966 scribebantur,
3375 2908 3429 2952 et
3455 2899 3509 2953 in

1922 2967 2105 3040 Martis
2132 2982 2402 3037 campum,
2424 2967 2536 3036 'qui
2580 2984 2673 3023 rex
2703 2969 3001 3034 dicebatur,
3051 2972 3290 3040 plaustro
3344 2969 3514 3025 bobus
3576 3022 3581 3027 .

1922 3038 2260 3094 trahentibus
2290 3051 2496 3103 vectus,
2546 3048 2711 3109 atque
2754 3043 2804 3095 in
2840 3042 2958 3097 loco
3001 3038 3254 3096 eminenti
3296 3040 3513 3110 sedens,

235 3122 358 3164 cano
383 3109 652 3167 Cedvallte
682 3112 826 3182 regis
857 3122 1055 3163 nomen
1086 3106 1411 3170 inscribitur,
1444 3115 1499 3163 et
1529 3107 1667 3162 inter
1691 3121 1817 3161 san-
1840 3107 1889 3170 C
1921 3110 2087 3182 semel
2120 3110 2183 3182 in
2206 3125 2347 3165 anno
2377 3127 2406 3165 a
2440 3106 2649 3182 populis
2691 3113 2860 3177 visus,
2911 3113 3118 3181 publica
3149 3112 3286 3166 dona
3318 3106 3515 3166 solem;

235 3190 339 3234 ctos
364 3194 695 3238 numeratur.

302 3258 326 3287 ι
350 3251 519 3307 Causa
569 3252 728 3324 hujus
772 3250 908 3307 ritus
937 3246 1243 3324 explicatur
1276 3247 1617 3324 distinctione
1648 3247 1703 3315 4,
1730 3248 1815 3305 tit.

237 3319 397 3388 Quare
419 3326 576 3380 cond.
600 3319 726 3379 aest.
756 3325 891 3377 trad.
926 3321 1147 3377 Christ.:
1167 3339 1189 3375 t
1217 3323 1344 3377 Post
1369 3321 1696 3390 baptismum
1717 3330 1823 3375 tra-

234 3395 364 3448 ditur
390 3394 713 3451 Christianis
740 3395 904 3451 vestis
934 3393 1182 3460 candida,
1222 3407 1343 3463 qua:
1364 3391 1635 3461 significat
1659 3392 1820 3448 inno-

233 3466 450 3520 ccntiam
497 3475 554 3523 et
586 3468 869 3536 puritatem
898 3464 1288 3532 Christianam,
1334 3478 1493 3533 quam
1527 3470 1651 3536 post
1672 3463 1818 3536 abla-

234 3544 307 3589 tas
329 3548 535 3594 veteres
560 3534 798 3593 maculas
824 3537 1002 3591 studio
1032 3544 1233 3591 sanctae
1262 3534 1687 3590 conversationis
1718 3534 1822 3589 im-

235 3610 539 3664 maculatam
571 3624 789 3677 servare
833 3606 1017 3675 debet,
1039 3606 1108 3662 ad
1154 3606 1645 3677 repraesentandam
1694 3615 1823 3661 ante

236 3680 451 3734 tribunal
477 3680 701 3734 Christi.
760 3676 953 3735 Cuncti
984 3690 1115 3733 vero
1149 3676 1323 3732 renati
1365 3677 1501 3731 albis
1528 3676 1823 3731 induuntur

238 3752 456 3807 vestibus
485 3752 553 3804 ad
585 3751 959 3818 ministerium.
997 3748 1327 3817 resurgentis
1358 3747 1637 3802 Ecclesiae.
1690 3749 1819 3803 Item

240 3830 443 3876 utuntur
470 3822 725 3889 haptizati
767 3821 903 3875 albis
952 3818 1215 3888 vestibus,
1262 3827 1321 3874 ut
1364 3833 1591 3889 quorum
1634 3832 1822 3888 primae

238 3893 514 3961 nativitatis
542 3894 732 3947 faciem
760 3891 955 3948 vetusti
1001 3890 1203 3946 erroris
1232 3905 1442 3961 pannus
1492 3889 1817 3957 fuscaverat,

237 3958 433 4035 habitus
471 3964 727 4020 secundae
774 3962 1196 4035 regenerationis
1232 3958 1423 4031 gloriae
1455 3961 1705 4035 praeferat
1735 3963 1820 4015 in-

235 4033 535 4091 dumentum
564 4053 579 4101 ;
611 4035 807 4105 tegitur
832 4033 975 4090 éuim
1006 4042 1128 4104 post
1157 4046 1364 4105 sacram
1396 4033 1702 4105 unctionem
1726 4046 1821 4086 ca-

235 4115 320 4171 put
347 4107 459 4177 ejus
486 4103 717 4175 mystico
738 4103 1024 4177 velamine,
1060 4114 1118 4158 ut
1148 4103 1495 4177 intelligatuse
1523 4104 1822 4177 diademate

235 4173 455 4245 regni'et
478 4173 803 4233 sacerdotali
836 4175 1093 4245 dignitate
1125 4176 1305 4256 potiri.
1342 4192 1361 4227 ι
1400 4174 1516 4228 Huc
1551 4173 1823 4256 pertinent

238 4246 271 4301 Ι.
300 4262 326 4300 v
356 4246 413 4303 C.
438 4249 713 4304 Tlieodos.
738 4248 806 4303 de
831 4247 1123 4311 spectacul.
1157 4248 1243 4300 illa
1274 4245 1435 4301 verba
1464 4262 1475 4298 :
1510 4260 1530 4296 ι
1551 4248 1823 4311 Quinqua-

238 4262 271 4301 ι.
300 4262 326 4300 v
356 4262 413 4303 υ.
438 4262 713 4304 'I'neouos.
738 4262 806 4303 ne
831 4262 1123 4317 spectacui.
1157 4262 1243 4300 ma
1274 4262 1435 4301 verna
1464 4262 1475 4298 :
1510 4262 1530 4296 ι
1551 4262 1823 4311 quinqua-

234 4319 436 4384 gesimae
461 4320 677 4385 diebus,
718 4319 955 4389 quandiu
980 4317 1220 4389 caelestis
1267 4316 1447 4371 lumen
1474 4316 1673 4389 lavacri
1705 4317 1823 4370 imi-

236 4393 386 4445 lautia
432 4406 630 4446 novam
672 4387 847 4446 sancti
894 4388 1237 4458 baptismatis
1277 4390 1451 4444 lucem
1499 4387 1820 4443 vestimenta

231 4469 504 4518 testantur.
539 4481 560 4515 ι
595 4460 757 4515 Lind.

246 4602 256 4604 _
297 4531 322 4571 δ
352 4534 617 4588 Baronius
649 4531 852 4587 notavit
890 4532 1090 4604 Anglos
1135 4531 1224 4602 qui
1264 4528 1570 4587 Cedvallam
1598 4528 1823 4604 Cedval-

233 4602 370 4673 dradi
399 4606 620 4660 nomine
649 4613 861 4670 vocant,
893 4601 1106 4659 versum
1139 4606 1281 4658 hunc
1310 4606 1385 4659 ita
1428 4604 1604 4673 legere
1653 4619 1667 4657 :
1713 4601 1827 4657 Rea:

231 4672 614 4745 Cedsaldradus
644 4675 789 4745 liquit
820 4690 993 4729 amore
1027 4675 1145 4729 Dei.

232 4750 481 4871 “edim:
540 4742 704 4819 Cujus
755 4749 897 4817 [ante
941 4762 1117 4801 sacras
1154 4752 1376 4801 sumeret
1424 4744 1573 4799 albus
1640 4758 1824 4817 aquas.

272 4834 320 4871 In
359 4858 374 4871 .

271 4818 374 4874 ind.

294 4889 319 4928 ἀ
346 4891 502 4947 Amb.
525 4909 561 4964 εί
581 4890 668 4948 Es
697 4906 798 4964 quo
826 4889 1055 4959 uiuificus
1082 4887 1471 4964 [ulgorgtbigue
1498 4888 1634 4964 ﬂuit.

300 4965 322 4993 ε
349 4966 430 5019 Al.
456 4982 470 5016 :
517 4963 675 5019 Unda
708 4958 1054 5020 renascentem
1083 4958 1229 5033 (qua:
1258 4958 1447 5016 Christi
1475 4960 1669 5032 gratia)
1699 4976 1824 5031 pur-

249 5048 372 5105 juns.
404 5035 569 5091 Lind.

307 5103 328 5189 ξ
351 5108 460 5189 ᾼ.Ι.,
486 5108 542 5160 in
566 5105 832 5189 altepofi.
862 5104 1019 5188 bind.

306 5184 328 5221 ε
362 5172 557 5248 Hospes
604 5172 743 5232 enirn
791 5177 993 5231 ueniens
1037 5190 1275 5246 suprema
1313 5190 1378 5231 ea:
1407 5173 1531 5231 urbe
1560 5172 1851 5247 Britanni.j

249 5242 386 5301 Lind.

312 5314 335 5353 ιι
364 5321 484 5375 l’ost
510 5334 700 5376 versus
724 5319 910 5387 hosce,
952 5332 1176 5388 quorum
1208 5327 1395 5375 auctor
1422 5320 1586 5373 fertur
1609 5326 1828 5372 sanctus

254 5384 552 5459 Benedictus
583 5384 997 5447 Mediolanensis
1027 5390 1485 5459 archiepiscopus,
1516 5389 1584 5443 de
1612 5405 1717 5458 quo
1748 5390 1828 5441 in-

258 5458 344 5537 fra.
368 5464 538 5537 capite
564 5462 659 5530 29,
698 5463 834 5517 Beda
868 5464 1029 5537 refert
1060 5469 1113 5517 et
1133 5462 1358 5515 alteram
1384 5464 1557 5537 soluta
1580 5461 1827 5515 oratione

260 5533 654 5601 inscriptionem,
682 5549 904 5603 nempe:
931 5534 1028 5587 HIC
1053 5547 1338 5587 nuposrrus
1361 5547 1456 5586 esr
1473 5533 1825 5603 Cesennia,

261 5615 329 5661 ουι
353 5618 414 5656 ετ
442 5604 677 5671 Penus,
711 5601 821 5659 nsx‘
841 5606 1121 5670 Sxxosuu,
1155 5619 1247 5658 suo
1276 5621 1360 5658 DIE
1390 5618 1691 5658 ouonscmo
1722 5601 1827 5656 Kx-

266 5685 517 5731 ιῑισυηωι
555 5679 842 5742 MAIARUI,
891 5691 1195 5730 INDICTIONE
1243 5690 1513 5739 SECUNDA,
1561 5688 1649 5737 QUI
1686 5687 1827 5727 \IXIT

266 5757 402 5804 usus
429 5754 553 5808 rtus
582 5762 741 5803 IINUS
766 5762 1040 5817 TBIGINTA,
1091 5761 1396 5810 IMPEBANTE
1427 5760 1624 5803 DOIINO
1650 5744 1827 5803 Jusrt-

1922 3181 2061 3235 niter
2088 3181 2186 3237 sibi
2216 3181 2744 3253 oblataaccipiebat,
2776 3192 2953 3239 stante
2976 3198 3157 3238 coram
3189 3181 3392 3253 majore
3419 3183 3517 3237 do-

1922 3266 2064 3324 mus,
2096 3260 2152 3307 et
2179 3268 2298 3323 quae
2327 3252 2585 3322 deinceps
2630 3268 2696 3307 eo
2726 3269 2867 3308 anno
2897 3256 3103 3323 agenda
3135 3252 3315 3308 essent
3344 3269 3515 3324 popu-

1922 3321 1987 3377 lis
2016 3321 2383 3379 annuntiaiite.
2428 3321 2625 3393 Sicque
2653 3338 2779 3395 rege
2809 3321 3026 3380 domum
3074 3321 3366 3390 redeunte,
3414 3340 3516 3380 ρω-

1923 3401 2038 3465 tera
2098 3395 2249 3465 regni
2300 3395 2511 3464 negmia
2559 3396 2729 3464 major
2780 3396 2971 3450 domus
3025 3396 3455 3452 administrabat.
3488 3414 3507 3447 ι

1922 3463 2078 3536 l_.ind.
2129 3463 2507 3536 Postpug’nam
2550 3463 2945 3521 Testricianam
2993 3469 3287 3535 scriptores
3335 3481 3512 3521 rerum

1922 3533 2301 3608 Francicarum
2343 3533 2529 3591 notant
2559 3537 2625 3590 ad
2674 3538 2907 3605 majores
2936 3533 3127 3592 domus
3174 3538 3374 3608 regiam
3423 3554 3518 3592 an-

1921 3607 2224 3678 ctoritatem
2260 3606 2426 3662 fuisse
2469 3608 2723 3670 delatam,
2774 3608 2844 3662 ita
2893 3618 2949 3663 ut
2993 3626 3011 3661 t
3050 3611 3171 3664 exin
3221 3606 3376 3678 reges
3432 3611 3513 3678 (ut

1921 3677 2107 3732 scribit
2140 3678 2558 3748 Erchanbertus)
2590 3694 2803 3744 nomen,
2837 3695 2942 3733 non
2984 3680 3262 3747 honorem,
3291 3677 3513 3735 habere

1920 3760 2219 3818 creperum.
2269 3750 2471 3817 Quibus
2500 3762 2674 3805 tamen
2706 3750 2791 3803 ubi
2820 3753 3165 3805 constitutum
3199 3751 3388 3816 fuerat,
3440 3751 3516 3805 vi-

1922 3831 2038 3892 ραις
2067 3830 2184 3875 erat
2204 3821 2531 3887 exuberans,
2572 3821 2925 3891 custodiaque
2947 3823 3087 3892 jugis
3113 3835 3238 3892 erga
3268 3822 3389 3875 illos
3418 3821 3515 3875 ha-

1923 3889 2168 3955 bebatur,
2209 3905 2277 3946 ne
2300 3892 2497 3960 aliquid
2541 3892 2661 3961 jure
2711 3889 2988 3958 porestatis
3010 3889 3454 3961 agere'possent.
3486 3909 3506 3945 ι

1928 3961 1981 4032 [η
2012 3976 2072 4015 ea
2108 3977 2301 4032 pugna,
2354 3979 2472 4032 quae
2499 3977 2640 4017 anno
2690 3964 2790 4015 687
2833 3965 3189 4018 communiter
3238 3963 3506 4024 tribuitur,

1922 4030 2290 4088 Theodericus
2319 4030 2408 4088 res
2434 4032 2623 4098 victus,
2655 4043 2708 4087 et
2727 4034 3032 4088 Bertliarius
3065 4033 3278 4103 pessimi
3308 4033 3513 4088 consilii

1924 4112 2114 4157 auctor
2144 4103 2452 4173 proﬁigatus
2479 4113 2582 4171 est,
2636 4104 2887 4174 Pippinus
2936 4107 3106 4159 sancti
3158 4104 3364 4159 Arnulﬁ
3417 4118 3511 4158 ne-

1924 4187 2021 4241 pos
2044 4174 2107 4227 ad
2138 4175 2383 4229 altiorem
2411 4174 2700 4245 potentiam
2727 4177 2984 4231 elevatus.
3030 4177 3165 4231 llinc
3193 4178 3453 4229 turbatam
3477 4190 3510 4230 a

1924 4255 2109 4299 nosuo
2138 4245 2536 4315 clironologiam
2565 4248 2852 4301 observare
2885 4247 3005 4302 licet
3030 4264 3046 4312 ;
3076 4261 3197 4302 cum
3227 4248 3368 4301 enim
3399 4247 3514 4312 jun-

1923 4323 2013 4385 gat
2041 4318 2208 4369 sancti
2227 4318 2429 4371 Arnulfi
2462 4326 2699 4387 tempora
2733 4332 2850 4371 cum
2876 4318 3022 4372 obitu
3043 4317 3308 4373 Cedvallae
3345 4318 3509 4386 regis,

1925 4388 2015 4459 qui
2044 4401 2198 4459 anno
2228 4386 2332 4443 689
2369 4404 2399 4442 e
2443 4386 2583 4459 vivis
2624 4398 2952 4453 excesserat,
2996 4389 3206 4459 quando
3256 4388 3513 4457 Pippiuns

1850 4476 1903 4538 Ι)
1929 4456 2325 4538 lleristallensis
2357 4456 2527 4528 major
2554 4461 2744 4538 domus
2775 4462 2875 4514 hoc
2897 4456 3139 4538 munere
3176 4456 3508 4538 fungebatur,

1928 4538 1984 4583 et
2010 4530 2075 4582 ad
2120 4546 2315 4583 annum
2346 4545 2513 4599 usque
2556 4531 2659 4585 7M
2688 4545 2807 4584 cum
2860 4530 2966 4585 vita
3014 4532 3235 4587 dimisit.
3284 4533 3511 4586 Sanctus

1929 4613 2060 4655 vero
2088 4598 2342 4655 Arnulfus
2368 4598 2479 4670 jam
2503 4611 2627 4656 ante
2655 4617 2852 4655 annum
2884 4601 3013 4668 6M,
3057 4618 3161 4673 quo
3206 4602 3272 4657 ad
3304 4604 3515 4672 episco-

1931 4682 2084 4743 patus
2108 4674 2350 4727 ordinem
2384 4683 2659 4741 promotus
2689 4673 2740 4727 in
2771 4673 2912 4743 regia
2957 4674 3281 4729 Francorum
3328 4686 3513 4741 regum

1928 4742 2206 4816 ﬂoruerat,
2263 4746 2538 4816 nescioan
2572 4744 2743 4814 major
2790 4745 2981 4799 domus
3028 4746 3304 4816 dignitate,
3354 4759 3512 4810 quam

1929 4813 2280 4885 Fredegarius
2310 4815 2536 4884 Pippino
2564 4816 2763 4879 tribuit,
2806 4819 2904 4870 etsi
2933 4813 3173 4871 sanctum
3204 4817 3510 4884 episcolium

1926 4886 2274 4941 consiliorum
2309 4888 2617 4954 participem
2647 4886 2826 4942 faciat.
2862 4887 2970 4941 Hoc
3000 4903 3159 4942 unum
3194 4887 3356 4940 Paulo
3384 4900 3512 4937 con-

1928 4960 2206 5023 cesserim,
2251 4958 2334 5012 vel
2358 4958 2426 5011 ab
2454 4973 2519 5012 eo
2543 4966 2784 5027 tempore
2828 4957 3063 5013 Francos
3110 4972 3264 5027 reges
3298 4959 3350 5010 in
3372 4954 3516 5009 desi-

1927 5028 2067 5099 diam
2092 5029 2291 5084 sensim
2339 5028 2609 5094 incidisse,
2651 5028 2800 5096 .quod
2829 5038 2887 5083 et
2934 5029 3267 5099 Eghinardus
3308 5029 3359 5082 in
3397 5027 3512 5080 Vita

1927 5098 2102 5153 Caroli
2135 5102 2304 5171 Magni
2336 5102 2548 5171 scribit:
2586 5117 2604 5151 ι
2636 5098 3085 5171 Merovingorum,
3117 5101 3183 5153 de
3205 5115 3303 5168 qna
3322 5098 3507 5150 Franci

1927 5184 2080 5240 rcges
2110 5169 2295 5226 creare
2322 5169 2461 5223 soliti
2491 5178 2667 5237 erant,
2719 5185 2888 5240 usque
2928 5170 2981 5225 iu
3028 5173 3384 5224 Cliildericusn
3421 5184 3510 5223 rc-

1925 5253 2068 5309 gein,
2100 5242 2190 5310 qui
2214 5243 2366 5311 jussu
2397 5240 2654 5311 Stephani
2705 5241 2862 5297 Rom.
2915 5240 3174 5311 pontiﬁcis
3212 5241 3509 5307 deposims,

1927 5327 1990 5367 ac
2014 5314 2293 5379 detonsus,
2338 5322 2498 5381 atque
2531 5316 2581 5366 in
2614 5313 2996 5368 monasterium
3039 5322 3215 5367 trusus
3260 5319 3363 5376 est,
3414 5311 3517 5365 du-

1927 5397 2075 5438 rasse
2105 5385 2454 5453 perhibetur:
2500 5399 2619 5453 quae
2660 5384 2785 5438 licet
2833 5387 2882 5438 in
2916 5386 3006 5437 illo
3034 5382 3175 5437 finita
3217 5388 3387 5451 possit
3433 5383 3513 5437 vi-

1927 5453 2064 5520 deri,
2096 5465 2272 5509 tamen
2299 5455 2609 5523 jamdudum
2639 5457 2835 5509 nullius
2871 5455 3066 5525 vigoris
3086 5464 3219 5518 erat,
3252 5468 3348 5508 nec
3366 5454 3510 5520 quid-

1928 5540 2085 5596 quam
2119 5528 2170 5579 in
2200 5540 2260 5580 se
2284 5527 2509 5590 clarum,
2563 5535 2753 5593 praeter
2801 5528 2956 5580 inane
3003 5527 3140 5591 regis
3168 5527 3506 5589 vocabulum,

1931 5597 2247 5666 prteferobat
2272 5636 2287 5663 ,
2320 5614 2341 5651 ι
2393 5604 2447 5652 et
2490 5606 2684 5651 cratera
2709 5635 2726 5661 ,
2776 5598 2969 5667 quibus
3011 5596 3289 5652 infelicem
3327 5612 3510 5664 regum

1930 5677 2052 5722 tunc
2086 5670 2351 5740 temporis
2379 5668 2766 5740 conditionem,
2816 5683 2923 5726 non
2966 5682 3125 5726 secus
3171 5682 3234 5724 ac
3274 5667 3512 5726 Erchan-

1928 5740 2131 5805 bertus.
2163 5738 2437 5798 describit.

2968 5918 2971 5921 ,
3000 5908 3029 5917 -‘
3040 5902 3073 5923 δτι
