3942 6348
556 327 663 386 639

1445 324 1649 383 PAULI
1691 324 1962 384 DIACONI
2002 320 2154 379 OPP.
2195 320 2374 379 PARS
2408 322 2456 376 Ι.
2488 350 2543 363 -
2597 321 2979 380 HISTOBICA.
3028 364 3033 367 ‹

3652 342 3727 402 ϐω

554 458 684 500 vero
712 429 943 515 Ariperti
968 426 1202 499 insulam
1248 440 1304 497 in
1342 454 1446 513 qua
1496 441 1846 514 Aosprandus
1873 438 2130 513 confuge—
2156 438 2209 501 Α
2242 448 2336 490 sua
2368 434 2746 491 adhortatione
2788 434 3153 501 imminerent.
3209 434 3353 504 Quoa
3385 446 3449 498 ita
3481 457 3655 520 quoque
3673 456 3729 511 (εί.

552 547 636 594 rat
662 536 941 602 invadens,
973 536 1090 607 ejus
1116 535 1368 608 oppidum
1396 535 1580 593 diruit.

1124 646 1352 703 CAPUT
1389 646 1557 703 XXII.

1124 646 1352 704 CAPUT
1389 646 1557 703 XXII.

554 718 823 802 Quomodo
849 719 1111 802 Arimtus
1139 719 1430 802 Ansprandi
1472 734 1680 802 uxorem
1723 718 2134 802 [illumque-ejus

623 802 669 846 et
697 790 860 859 ﬁliam
883 790 1097 846 diuersis
1122 792 1285 845 modis
1307 791 1610 861 deturpavit,
1636 800 1682 844 et
1705 791 1962 861 quomodo
1984 790 2132 845 Liut-

619 864 882 945 arandum
920 864 989 916 ad
1028 871 1224 931 patrem
1264 878 1411 917 suum
1455 863 1509 916 in
1553 860 1854 933 Bojoariam
1896 863 1969 917 ire
2016 878 2133 933 per-

620 942 779 987 πήδη.

619 1023 734 1080 Rex
764 1024 925 1094 igitur
950 1025 1257 1095 Anpertus,
1290 1025 1605 1081 confirmato
1632 1039 1820 1097 regno,
1852 1024 2131 1096 Sigibran-

547 1116 676 1173 dum
731 1118 1035 1189 Ansprandi
1083 1118 1249 1174 filium
1298 1119 1468 1175 oculis
1514 1120 1785 1189 privavit,
1833 1133 2131 1191 omnesque

547 1212 638 1281 qui
669 1212 717 1265 ei
744 1212 1211 1280 consanguinitate
1234 1212 1402 1282 juncti
1449 1213 1661 1269 fuerant
1696 1209 1927 1270 diversis
1950 1214 2131 1271 modis

545 1301 757 1358 afflixit.
788 1302 1047 1359 Minorem
1077 1318 1289 1374 quoque
1320 1306 1618 1375 Ansprandi
1652 1306 1820 1361 ﬁlium
1844 1305 2132 1377 Liutprau-

547 1393 676 1450 dum
728 1395 782 1451 in
824 1395 1065 1452 custodia
1104 1398 1297 1465 tenuit,
1325 1407 1351 1435 ι
1378 1413 1536 1468 quem
1579 1398 1701 1469 quia
1744 1400 2127 1470 despicabilem

543 1500 831 1557 personam
870 1496 927 1545 et
970 1487 1149 1544 adhuc
1177 1488 1634 1546 adolescentulum
1675 1506 1796 1547 esse
1831 1494 2125 1563 perspexit,

543 1593 651 1634 non
682 1581 853 1635 solum
880 1580 937 1635 in
964 1580 1079 1650 ejus
1102 1595 1330 1651 corpore
1357 1582 1647 1637 vindictam
1685 1583 1919 1653 aliquam
1972 1583 2130 1639 mini-

545 1688 633 1727 me
662 1672 906 1744 ingessit,
933 1673 1028 1729 sed
1056 1689 1177 1729 eum
1198 1715 1213 1741 ,
1247 1682 1307 1729 ut
1343 1673 1409 1729 ad
1440 1685 1643 1745 patrem
1671 1690 1824 1730 suum
1859 1686 2124 1747 pergeret,

546 1764 695 1821 abire
724 1766 993 1836 permisit.
1033 1766 1187 1833 Quod
1218 1766 1311 1822 Dei
1341 1767 1729 1837 omnipotentis
1759 1781 1889 1823 nutu
1926 1769 2124 1825 factum

541 1856 705 1914 fuisse
731 1899 747 1923 ,
790 1859 882 1929 qui
914 1873 1039 1914 eum
1090 1859 1157 1914 ad
1199 1860 1346 1931 regni
1376 1861 2125 1935 gubernaculaprzeparabat,

539 1950 760 2007 dubium
789 1966 893 2006 non
924 1959 1031 2007 est.
1071 1952 1233 2022 igitur
1264 1952 1625 2023 Liutprandus
1651 1956 1716 2010 ad
1744 1966 1951 2026 patrem
1973 1972 2127 2014 suum

546 2043 602 2098 in
644 2043 948 2115 Bojoariam
982 2046 1276 2114 profectus,
1318 2049 1367 2103 ei
1415 2049 1484 2104 de
1524 2065 1624 2105 suo
1670 2051 1900 2108 adventu
1927 2053 2131 2109 inaesti-

541 2136 743 2194 mabile
803 2138 1053 2208 gaudium
1124 2141 1269 2197 fecit.
1362 2144 1592 2199 Uxorem
1644 2159 1771 2201 vero
1820 2147 2128 2218 AnSprandi

543 2227 573 2270 lt
602 2230 1013 2288 Theuderadam
1045 2234 1286 2300 nomine,
1314 2249 1407 2290 rex
1439 2236 1721 2304 Aripertus
1741 2238 2129 2309 comprehendi

540 2318 693 2377 fecit.
744 2321 874 2388 Qua:
902 2337 1023 2378 cum
1055 2338 1115 2380 se
1141 2325 1414 2381 voluntate
1445 2326 1671 2383 feminea
1699 2329 1938 2399 reginam
1982 2329 2129 2386 futu-

540 2423 654 2464 ram
682 2425 802 2465 esse
810 2411 1057 2480 jactaret,
1074 2428 1204 2469 naso
1228 2423 1388 2484 atque
1402 2418 1619 2471 auribus
1644 2418 1917 2485 abscissis,
1935 2419 2131 2477 decore

540 2514 656 2557 suae
678 2503 829 2559 faciei
846 2504 1124 2575 deturpata
1152 2514 1254 2563 est.
1287 2508 1407 2563 Pari
1433 2510 1593 2565 etiam
1618 2511 1777 2567 modo
1802 2523 1855 2567 et
1876 2527 2129 2583 germana

539 2590 885 2665 Liutprandi,
915 2598 1135 2654 nomine
1181 2609 1202 2638 ο
1248 2600 1482 2668 Aurona,
1534 2596 1790 2661 deformis
1807 2604 1995 2662 eﬂecta
2022 2615 2126 2665 est.

1106 2716 1334 2775 CAPUT
1374 2719 1544 2776 XXIII

539 2778 805 2849 Quomodo
832 2786 974 2857 apud
1001 2786 1200 2871 Gallias
1237 2792 1405 2860 major
1446 2796 1629 2848 domus
1672 2795 1890 2853 Anschis
1917 2797 2126 2871 Arnum

1112 2862 1252 2928 ﬁlius
1280 2872 1402 2917 tunc
1432 2874 1557 2918 erat.

613 2947 725 3005 Hoc
750 2959 992 3022 tempore
1033 2956 1172 3022 apud
1196 2955 1399 3012 Callias
1438 2958 1489 3013 in
1521 2958 1847 3018 Francorum
1878 2978 2123 3035 regnum,

537 3035 565 3077 δ
594 3039 817 3108 Anchis,
870 3045 1079 3100 Arnulfi
1138 3048 1319 3117 filius,
1370 3051 1458 3121 qui
1507 3053 1575 3109 de
1618 3054 1837 3111 nomine
1879 3057 2127 3113 Anchise

538 3133 806 3204 quondam
849 3136 1068 3206 Troiani
1110 3139 1368 3208 creditur,
1404 3143 1737 3214 appellatus,
1770 3147 1871 3204 sub
1909 3150 2128 3207 nomine

542 3222 770 3279 ma’oris
796 3224 1261 3314 domustgerebat
1291 3232 1648 3303 principatum
1682 3243 1729 3291 °.

1099 3340 1330 3398 CAPUT
1370 3316 1574 3399 xxw.‘

540 3404 615 3463 De
640 3417 800 3465 morte
835 3410 1051 3484 Aldognis
1083 3412 1223 3484 apud
1257 3412 1645 3484 Forum-Julii,
1683 3427 1733 3474 et
1772 3418 1961 3474 ducatu
1987 3419 2126 3477 Fer-

883 3482 1036 3551 dulﬁ,
1057 3483 1148 3554 qui
1174 3501 1207 3538 a
1237 3486 1436 3541 Sclavis
1460 3482 1655 3543 occisus
1684 3499 1778 3545 est.

2236 524 2432 580 fectum
2478 534 2583 582 est.
2636 525 2808 582 Causa
2854 535 3031 582 autem
3078 541 3277 598 magna;
3318 529 3367 585 in
3408 533 3571 593 eadem
3602 540 3729 602 Foro.

2232 620 2358 679 Julii
2410 623 2682 692 provincia
2726 622 3038 694 perditionis
3084 623 3182 678 ista
3229 624 3324 679 fuit
3362 643 3375 678 :
3418 629 3646 692 irruerunt
3676 640 3730 694 la-

2233 717 2468 772 trunculi
2497 717 2775 773 Slavorum
2806 732 2968 786 super
2995 731 3234 788 gregem,
3264 725 3316 774 et
3339 729 3555 789 pastores
3576 729 3730 798 ovium,

2231 824 2351 881 qua:
2378 809 2430 864 in
2461 823 2646 864 eorum
2674 808 2867 865 vicinia
2912 808 3278 877 pascebantur,
3316 819 3363 864 et
3399 811 3461 867 de
3484 815 3551 869 eis
3573 821 3728 885 praedas

2234 897 2551 969 abegerunt.
2616 899 2947 956 Subsecutus
2999 906 3103 971 estx
3135 900 3229 954 bos
3276 908 3441 957 rector
3483 902 3572 960 loci
3608 908 3731 979 illius,

2231 1002 2388 1056 quem
2423 987 2438 1039 i
2478 988 2751 1045 sculdahis
2797 989 2975 1060 lingua
3004 991 3213 1061 propria
3247 990 3448 1059 dicunt,
3478 995 3549 1050 vir
3570 998 3731 1068 nobilis,

2231 1080 2518 1152 animoque
2569 1089 2626 1138 et
2650 1081 2852 1138 viribus
2895 1091 3086 1152 potens
3109 1122 3126 1149 ,
3167 1082 3260 1138 sed
3290 1093 3456 1140 tamen
3480 1087 3662 1145 eosdem
3682 1092 3735 1145 la-

2239 1175 2516 1231 trunculos
2544 1174 2757 1246 assequi
2787 1190 2891 1231 non
2923 1174 3115 1247 potuit.
3175 1174 3270 1232 Cui
3310 1176 3489 1235 exinde
3515 1185 3735 1240 revertenti

2231 1268 2334 1322 dux
2363 1266 2648 1323 Ferdulfus
2677 1267 2892 1323 obviam
2941 1268 3113 1323 factus
3139 1277 3240 1323 est.
3290 1268 3449 1336 Quem
3478 1271 3587 1327 dum
3611 1273 3735 1329 inter-

2230 1369 2444 1431 rogaret
2468 1360 2594 1432 quid
2623 1360 2691 1416 de
2738 1360 2845 1416 illis
2886 1360 3195 1415 latrunculis
3225 1359 3414 1416 factum
3457 1372 3599 1429 esset,
3619 1362 3638 1400 ι
3667 1369 3736 1419 Ar-

2229 1452 2348 1523 gaid
2404 1452 2424 1523 (
2448 1451 2530 1509 sic
2557 1452 2699 1507 enim
2730 1466 2922 1507 nomen
2951 1450 3223 1522 habebat)
3262 1453 3466 1509 eosdem
3490 1454 3653 1524 fugisse
3675 1472 3735 1511 re-

2231 1544 2470 1615 spondit.
2510 1544 2664 1600 Tunc
2707 1545 2755 1601 ei
2807 1543 3092 1601 Ferdulfus
3138 1544 3451 1615 indignans,
3481 1546 3543 1601 ita
3585 1548 3737 1601 locutus

2230 1648 2342 1695 est:
2386 1639 2611 1707 Quando
2656 1648 2712 1695 tu
2757 1639 2954 1710 aliquid
2984 1639 3195 1695 fortiter
3236 1640 3406 1695 facere
3446 1640 3638 1709 poteris.
3671 1640 3734 1708 qui

2228 1730 2570 1801 Argaid'ab1
2602 1746 2729 1802 arga
2775 1747 2970 1789 nomen
3001 1731 3286 1787 deductum
3325 1732 3517 1787 habes?
3559 1731 3637 1786 Cui
3657 1731 3735 1802 ille,

2156 1813 2206 1876 B
2232 1820 2469 1877 maxima
2512 1822 2815 1878 stimulatus
2859 1823 2935 1877 ira
2961 1862 2977 1889 ,
3030 1832 3090 1878 ut
3117 1831 3232 1878 erat
3261 1822 3339 1877 vir
3369 1822 3665 1888 fortissimus,
3688 1823 3739 1877 ita

614 3573 822 3631 Mortuo
848 3591 1062 3648 quoque
1086 3579 1227 3647 apud
1260 3581 1614 3640 Forum-Julii
1650 3584 1669 3623 ί
1701 3586 1931 3657 Aldone,
1963 3603 2125 3661 quem
2162 3576 2163 3581 “

539 3666 849 3725 dixeramus
879 3671 979 3727 loci
1006 3681 1332 3730 servatorem
1359 3674 1541 3744 fuisse,
1570 3677 1845 3736 Ferdnlfus
1875 3682 2123 3739 ducatum

540 3760 810 3831 suscepit,
839 3769 866 3810 ε
896 3764 986 3833 qui
1036 3764 1104 3820 de
1155 3766 1394 3836 partibus
1441 3767 1669 3839 Liguriae
1711 3771 1924 3828 exstitit
1963 3775 2125 3831 homo

539 3850 817 3920 lubricus,
876 3864 931 3910 et
968 3855 1162 3912 elatus.
1218 3858 1317 3928 Qui
1364 3859 1491 3916 dum
1542 3862 1776 3919 victoria:
1816 3864 2026 3922 laudem
2054 3868 2123 3924 de

540 3938 569 3980 ¹ι
590 3942 760 3999 Slavis
788 3945 988 4003 habere
1017 3946 1034 3985 ί
1064 3949 1311 4019 cupiens,
1348 3966 1537 4023 magna
1566 3954 1664 4009 sibi
1693 3966 1745 4010 et
1770 3955 2124 4026 Furojulianis

538 4035 861 4093 detrimenta
892 4039 1113 4096 invexit.
1151 4042 1198 4096 Is
1226 4045 1440 4113 praemia
1474 4045 1788 4114 quibusdam
1826 4047 2000 4104 Slavis
2030 4048 2126 4105 de-

543 4127 645 4194 dit,
691 4137 750 4184 ut
778 4132 1068 4188 exercitum
1110 4132 1392 4191 Slavorum
1434 4136 1487 4192 in
1513 4139 1759 4195 eamdem
1801 4141 2124 4211 provinciam

609 4270 637 4299 ⁸
676 4264 788 4341 AL,
817 4265 977 4333 Quem
1003 4268 1121 4331 quia
1143 4268 1291 4324 uilem
1313 4271 1410 4325 sibi
1438 4285 1710 4341 personam
1736 4272 1935 4341 habuit,
1964 4285 2012 4330 et
2030 4276 2126 4329 ad-

538 4331 637 4418 huc
665 4331 1038 4421 adolescentem
1071 4331 1468 4423 esse.co_rtspe:_cit
1485 4359 1630 4423 ,_non
1656 4345 1822 4401 solum
1850 4346 1904 4401 in
1921 4331 2123 4417 'corpus

538 4410 652 4475 ejus
678 4422 779 4460 non
811 4410 971 4471 sttuit,
1005 4419 1109 4464 etc.
1143 4410 1296 4467 Lind.
1320 4424 1374 4469 et
1398 4413 1541 4470 Mod.

610 4475 638 4515 δ
677 4478 859 4543 Amb.,
892 4480 1230 4539 Theodoram.

2237 1913 2545 1983 respondit:
2580 1914 2671 1969 Sic
2693 1914 2820 1970 velit
2849 1913 2989 1970 Deus
3008 1954 3026 1982 ,
3058 1922 3117 1969 ut
3139 1929 3246 1972 non
3276 1923 3426 1969 antea
3456 1923 3490 1951 ω
3510 1929 3594 1985 ego
3614 1925 3657 1969 et
3682 1923 3736 1980 tu,

2233 2004 2507 2073 Ferdulfe,
2537 2021 2794 2062 exeamus
2822 2006 2893 2062 de
2914 2007 3014 2061 hac
3036 2008 3168 2074 vita,
3190 2022 3348 2077 quam
3373 2015 3658 2079 cognoscant
3677 2004 3738 2060 alii

2240 2100 2361 2169 quis
2385 2113 2450 2154 ex
2483 2098 2636 2154 nobis
2661 2099 2832 2168 magis
2858 2108 2940 2155 est
2968 2114 3111 2169 arga.
3163 2098 3286 2154 llaec
3313 2113 3427 2155 cum
3454 2098 3544 2153 sibi
3567 2100 3738 2153 invicem

2231 2188 2473 2259 vulgaria
2506 2190 2665 2245 verba
2690 2190 2852 2246 locuti
2882 2190 3130 2257 fuissent,
3163 2190 3382 2261 contigit
3401 2206 3497 2245 non
3527 2199 3625 2261 post
3644 2189 3741 2244 mul-

2235 2288 2317 2336 tos
2337 2280 2452 2336 dies
2482 2289 2542 2335 ut
2565 2282 2831 2338 exercitus
2858 2281 3145 2338 Slavorum
3166 2322 3182 2347 ,
3218 2297 3313 2352 pro
3334 2297 3542 2353 quorum
3568 2281 3759 2335 adventu-

2232 2375 2337 2431 dnx
2384 2374 2669 2431 Ferdulfus
2701 2376 2919 2445 praemia
2964 2374 3214 2440 dederat,
3241 2391 3359 2430 cum
3387 2376 3572 2448 magnis
3593 2375 3739 2429 viribus

2237 2467 2570 2523 adventaret.
2607 2467 2853 2534 Quicum
2884 2477 3057 2523 castra
3085 2467 3140 2523 in
3166 2482 3374 2524 summo
3401 2469 3576 2523 montis
3595 2468 3741 2521 vertice

2233 2560 2579 2633 posuissent,
2609 2569 2665 2617 et
2691 2575 2828 2631 pene
2864 2576 2927 2616 ex
2975 2561 3122 2616 omni
3157 2573 3306 2633 parte
3335 2561 3539 2617 difﬁcile
3562 2572 3675 2615 esset
3695 2558 3739 2612 ad

2232 2666 2329 2709 eos
2357 2652 2639 2718 accedere,
2670 2651 2953 2707 Ferdulfus
2968 2651 3073 2708 dux
3101 2667 3223 2708 cum
3253 2654 3479 2708 exercitu
3506 2660 3530 2688 ιι
3553 2650 3737 2715 veniens,

2233 2745 2396 2816 coepit
2426 2743 2673 2800 eumdem
2704 2751 2942 2800 montem
2973 2745 3203 2800 circuire
3223 2786 3238 2810 ,
3268 2754 3327 2799 ut
3352 2759 3444 2815 per
3462 2744 3565 2799 loca
3586 2741 3739 2813 planio-

2233 2851 2291 2894 ra
2335 2852 2499 2908 super
2543 2851 2639 2891 eos
2684 2845 2865 2907 posset
2913 2836 3139 2893 irruere.
3189 2837 3339 2893 Tunc
3359 2834 3649 2907 Argaid,de
3670 2845 3742 2899 quo

2233 2930 2617 3002 pratntisimus,
2644 2930 2715 2985 ita
2749 2928 2999 2986 Ferdulfo
3028 2930 3172 2986 dixit
3201 2948 3217 2987 :
3251 2931 3522 2993 Memento,
3544 2927 3630 2983 dux
3653 2924 3743 2979 Fct-

2233 3019 2401 3087 dulfe,
2434 3022 2574 3090 quod
2611 3034 2700 3076 me
2736 3034 2858 3077 esse
2884 3022 3112 3077 inertem
3152 3030 3213 3077 et
3249 3021 3479 3077 inutilem
3507 3017 3686 3081 dixeris,
3708 3024 3745 3071 et

2241 3115 2452 3187 vulgari
2484 3115 2649 3171 verbo
2679 3129 2802 3186 arga
2850 3116 3148 3171 vocaveris.
3215 3114 3365 3171 Nunc
3409 3120 3569 3169 autem
3596 3111 3655 3167 ira
3681 3106 3743 3161 Dei

2151 3183 2202 3253 ο
2236 3183 2420 3263 veniat
2446 3222 2614 3279 super
2640 3183 2789 3264 illum
2820 3209 2908 3279 qui
2939 3208 3212 3279 posterior
3234 3208 3441 3264 emobis
3464 3207 3524 3261 ad
3552 3207 3633 3260 hos
3664 3201 3745 3258 Sla-

2235 3315 2330 3356 vos
2358 3301 2673 3356 accesserit.
2712 3301 2780 3355 Et
2809 3300 2923 3356 haec
2958 3300 3177 3367 dicens,
3208 3314 3364 3356 verso
3382 3312 3511 3369 equo
3536 3310 3617 3367 per
3638 3305 3744 3362 aspe-

2230 3393 2453 3449 ritatem
2483 3391 2698 3454 montis.
2730 3391 2871 3446 unde
2896 3391 3076 3461 gravis
3100 3400 3224 3447 erat
3246 3404 3509 3455 ascensus,
3540 3386 3596 3442 ad
3614 3394 3743 3441 casm

2232 3483 2565 3541 contendere
2605 3483 2770 3553 coepit
2810 3484 3109 3541 Slavorum.
3158 3482 3441 3539 Ferdulfus
3470 3493 3585 3536 vero
3605 3486 3747 3545 appro.

2237 3578 2414 3633 brium
2455 3578 2701 3646 ducens,
2755 3576 2799 3632 si
2854 3592 2958 3631 non
3010 3576 3123 3646 ipse
3176 3590 3276 3647 per
3330 3577 3505 3633 eadem
3569 3566 3745 3627 difﬁcilia

2227 3668 2343 3726 loca
2392 3684 2554 3740 super
2591 3670 2777 3726 Slavos
2808 3670 3070 3736 irrueret,
3122 3684 3250 3725 eum
3297 3684 3394 3741 per
3434 3680 3600 3739 aspera
3638 3675 3744 3733 que-

2228 3778 2332 3835 que
2361 3772 2417 3819 et
2460 3762 2701 3819 difficilia
2744 3762 2998 3833 inviaque
3048 3762 3167 3818 loca
3212 3772 3425 3819 secutus
3469 3769 3562 3817 est.
3619 3757 3743 3824 Quem

2228 3870 2356 3912 snus
2384 3857 2654 3913 exercitus
2685 3864 2838 3927 turpe
2865 3856 3067 3913 ducens
3097 3855 3293 3914 ducem
3337 3871 3441 3911 non
3468 3851 3629 3923 sequi,
3653 3846 3744 3902 sui»

2228 3951 2378 4022 sequi
2423 3958 2479 4006 et
2523 3949 2638 4020 ipse
2684 3950 2871 4021 coepit.
2931 3948 3188 4007 Videntes
3222 3950 3401 4021 itaque
3429 3947 3747 4009 Slavieosper

2232 4050 2257 4079 ο
2284 4041 2489 4099 devexa
2525 4041 2644 4099 loca
2670 4042 3051 4113 supervenire,
3094 4048 3527 4114 praeparaverunt
3551 4052 3602 4093 se
3626 4030 3745 4087 virili-

2229 4144 2333 4205 ter,
2384 4147 2441 4193 et
2489 4136 2659 4209 magis
2708 4135 2972 4207 lapidibus
3018 4150 3083 4192 ac
3135 4135 3414 4193 securibus
3455 4145 3598 4205 quam
3628 4122 3747 4183 armis

2230 4273 2410 4349 ditur;
2471 4270 2706 4349 Legibus
2750 4271 3225 4349 Langobardorum
3255 4266 3581 4349 _Liutprandi
3618 4266 3745 4349 regii.

2228 4345 2313 4401 tit.
2348 4342 2437 4417 29,
2469 4342 2496 4413 ς
2524 4335 2581 4407 [ξ
2599 4352 2670 4417 _et
2700 4335 3171 4417 alim-Servatur
3195 4345 3357 4417 etiam
3390 4335 3523 4417 nunc
3549 4335 3746 4417 in'pluri;

2230 4397 2334 4470 mis
2359 4397 2663 4482 Germania:
2696 4397 2846 4469 locis.
2879 4397 3155 4470 Lind.”an
3173 4397 3526 4471 additionibus
3550 4397 3680 4482 etiam
3700 4397 3746 4481 9d

2232 4485 2338 4554 leg.
2367 4474 2593 4548 Salicas,
2623 4483 2652 4555 ᾗ
2680 4485 2787 4539 ηε
2824 4504 2844 4537 ι
2878 4486 2942 4541 Et
2972 4486 3016 4540 si
3045 4486 3371 4553 gastaldius,
3405 4492 3491 4538 aut
3515 4474 3746 4555 sculdltaiS.

614 4557 640 4587 ε
680 4542 861 4618 Amb.,
912 4552 1101 4607 Arona.
1148 4552 1313 4621 Mod.,
1359 4555 1596 4614 Auruna.
1636 4557 1738 4614 Ms.
1787 4557 1971 4631 Lind.,
2018 4553 2204 4619 Λυσι)
2230 4542 2316 4611 νεῖ
2341 4556 2442 4610 ΙοοῘ
2473 4542 2813 4626 ρτπένδείιυις
2837 4575 2855 4609 ⁸
2891 4542 3232 4631 νδίάδοίίεδο
3270 4542 3562 4631 Ecéatdttt'
3593 4544 3748 4631 ‘Hﬁ'f:

538 4634 676 4674 rora.

610 4687 639 4766 tl
677 4688 788 4766 ΑΙ..
817 4690 1044 4766 Achises.
1075 4693 1228 4749 Lind.
1261 4696 1429 4763 Mod.,
1458 4698 1627 4753 Amris.
1654 4699 1838 4766 Amb.,
1864 4702 2069 4756 Atracis.

611 4765 636 4793 ο
679 4761 804 4839 llaec
836 4763 962 4839 item
988 4764 1237 4836 leguntur
1257 4766 1306 4820 in
1334 4761 1471 4823 libro
1495 4769 1561 4822 de
1582 4761 1859 4839 Episcopis
1893 4773 2121 4828 Metten-

540 4831 685 4907 sibus
714 4846 743 4907 a
777 4832 939 4907 Paulo
977 4831 1165 4891 nostro
1208 4840 1437 4907 scripta;
1471 4854 1591 4894 nam
1624 4831 1854 4899 fortasse
1886 4842 2124 4899 Francos

539 4917 571 4957 a
615 4903 1082 4981 TrOja__deducttis
1129 4903 1499 4981 ipseiq’uoque
1548 4913 1747 4981 legerat
1790 4915 1840 4969 in
1886 4914 2125 4970 historiis

539 4976 715 5045 gentis
737 4975 997 5054 illius,__et
1024 4977 1199 5054 Caroli
1227 4975 1397 5051 Magni
1416 4975 1625 5052 'generi'
1636 4985 1897 5051 plaudens
1925 4985 2123 5054 ubique

542 5048 862 5126 recantavit.
917 5048 1192 5105 Notundus
1234 5048 1409 5126 tamen
1428 5048 1713 5120 'prazse'nti
1743 5058 1920 5126 capite
1949 5048 2125 5111 conti-

542 5126 735 5172 nuatus
759 5116 900 5195 illius
919 5135 1071 5175 error
1093 5136 1159 5195 ex
1187 5116 1519 5179 antecedenti
1550 5127 1722 5180 sancti
1753 5116 1957 5181 Arnnlti
1990 5143 2122 5195 prae-

541 5196 755 5269 postera
784 5188 1103 5269 chronotaxi
1126 5237 1139 5262 ,
1173 5196 1368 5269 quippe
1394 5196 1592 5269 Anchis
1617 5236 1633 5262 ,
1682 5199 1763 5252 vel
1809 5188 2121 5269 Ansegisus,

541 5259 748 5315 ut'aliis
773 5260 968 5317 dicitur
990 5306 1004 5329 ,
1052 5259 1208 5340 ante:
1229 5259 1396 5321 lilium
1444 5259 1725 5337 Pippinum
1752 5270 1816 5324 ad
1847 5259 2124 5340 superiora

544 5342 785 5399 tempora
813 5343 894 5387 est
924 5335 1299 5392 retraltendns.
1360 5381 1365 5387 .

618 5402 637 5437 ί
680 5402 791 5473 _AI.,
825 5405 1021 5460 Adone.
1050 5406 1234 5473 Lind.,
1263 5418 1317 5463 et
1345 5410 1416 5463 ita
1442 5408 1583 5464 Mod.
1614 5420 1669 5465 et
1696 5411 1853 5465 Amb.

615 5473 642 5553 ξ
679 5471 989 5553 bimum!”
1018 5482 1105 5553 qui
1130 5481 1193 5553 de
1221 5471 1454 5553 partibus
1485 5480 1714 5552 Liguria:
1741 5482 1948 5537 laudem
1969 5528 1983 5553 ,
2016 5492 2126 5544 etc.

613 5534 643 5621 ⁸)
862 5558 919 5600 et
944 5534 1107 5621 Mod.,
1136 5534 1358 5617 Scl'avis,
1390 5534 1626 5621 semper.

621 5606 637 5646 ί
681 5616 842 5687 Αωι).
872 5628 925 5672 et
951 5606 1117 5684 Mod.,,
1152 5623 1309 5687 cupit.

617 5685 784 5765 ’__M§.
827 5688 1009 5765 Lind.,
1056 5685 1387 5758 schulduizo;
1435 5709 1544 5760 an,
1593 5697 1909 5752 scnldabem.
1958 5698 2129 5765 Mod.,

544 5757 839 5839 sculi-talin:
864 5760 1098 5839 liabet!"
1119 5776 1261 5839 saepe
1279 5764 1403 5839 haec
1429 5757 1540 5820 vox
1563 5766 1612 5821 in
1637 5769 1737 5838 legi
1748 5772 1844 5825 hns
1868 5757 2129 5839 Langobi

546 5832 627 5893 ut.
658 5827 784 5900 U5,
814 5830 843 5903 ᾗ
872 5830 932 5888 Si
960 5834 1072 5913 quis
1096 5827 1382 5893 scltulthais
1403 5880 1421 5911 ,
1468 5847 1555 5893 aut
1589 5827 1809 5899 aCto‘i'em
1832 5844 1966 5919 regis
1979 5827 2131 5899 ccci-

2156 5914 2197 5935 La

2227 4642 2365 4683 casn
2386 4615 2768 4695 est'quaerere,
2800 4615 3049 4699 exigere,
3082 4636 3139 4681 et
3167 4642 3375 4682 scnucn
3402 4624 3640 4699 demtum;
3655 4615 3749 4699 “ille

2227 4689 2582 4769 compositum
2606 4689 3195 4769 sculdahus,"scuftet.us,
3225 4699 3372 4767 Belg.
3400 4695 3582 4754 schout,
3609 4689 3749 4769 (lerat.

2227 4768 2506 4822 schuttheis
2532 4809 2546 4827 ,
2599 4776 2650 4822 et
2682 4769 2930 4836 sclmttze,
2976 4767 3340 4836 quaestorem,
3371 4776 3460 4821 aut
3482 4767 3747 4818 exactorem.

2230 4840 2446 4908 proprie
2475 4839 2737 4907 designat.
2779 4841 2985 4895 Clossae
3022 4849 3237 4895 veteres
3268 4857 3281 4894 :
3329 4840 3656 4895 Scuwssws,
3690 4836 3747 4893 ρι’

2229 4911 2420 4964 daneus
2448 4910 2623 4976 iudex.
2656 4928 2675 4961 ι

2301 4980 2327 5019 ιι
2370 4964 2508 5051 Ατξια
2536 4981 2608 5034 ait
2637 4981 2681 5032 ei
2713 4979 2809 5050 (sic
2834 4980 2972 5034 enim
3005 4996 3189 5035 nomen
3216 4979 3484 5047 habebat):
3515 4971 3639 5029 Nam
3662 4964 3750 5051 δίε·

2229 5069 2316 5107 vos
2349 5037 2544 5120 [rustra
2566 5037 2767 5106 secutus
2799 5052 2891 5106 es?
2940 5051 3041 5119 Qui
3068 5051 3275 5107 eosdem
3302 5037 3492 5121 fugisse
3526 5037 3753 5113 respondit.

2231 5124 2385 5179 Lind.

2311 5177 2330 5233 ι
2379 5193 2577 5264 Legum
2611 5191 3105 5262 Langobardorum,
3154 5193 3237 5247 tit.
3268 5190 3396 5256 4‘20.
3429 5188 3456 5259 ᾗ
3489 5188 3508 5243 ί
3540 5198 3601 5264 ².⁴
3626 5177 3744 5264 "ff:

2230 5268 2318 5335 qui
2350 5253 2595 5333 aliiBrga
2628 5253 2849 5319 dixerit.
2891 5264 2945 5318 Si
2973 5253 3102 5333 quis
3123 5264 3288 5317 alium
3313 5253 3753 5335 arga'perfurot‘e‘llls

2152 5348 2162 5361 ο
2229 5311 2595 5401 sintsient":
2631 5311 3301 5403 ἕΐιῖὲξεὶτὲἰὶὂῖῗροιετίι,
3334 5311 3752 5403 cinaedus"?!

2230 5424 2328 5478 per
2354 5391 2591 5462 furorem
2623 5391 2843 5460 dixissEt
2867 5448 2885 5476 ,
2937 5414 3064 5460 tunc
3088 5391 3322 5473 'jnratu's
3350 5404 3487 5478 dicat
3518 5391 3753 5478 βυθός-Ἣ

2232 5453 2891 5550 ἔῖἐθ’”ιὶόἰι⁷’ἕοᾷἓίονέἶῖιῖ
2927 5497 2946 5529 ι
2992 5453 3227 5550 secum
3260 5453 3488 5550 εποιειιίι
3518 5453 3616 5521 Haec
3642 5453 3752 5550 aut

2235 5538 2531 5606 Gcrmanos
2560 5538 2660 5602 vox
2680 5588 2695 5613 ,
2741 5563 2900 5616 quam
2951 5561 3049 5617 ego
3077 5564 3106 5599 e
3136 5546 3324 5601 Crmco
3352 5544 3620 5617 deductam
3641 5538 3751 5617 puto,

2234 5601 2357 5676 nam
2385 5601 2463 5675 illi
2492 5601 2919 5694 dpyévrgpi'grum
2946 5601 3526 5694 ersocordetnndicunt.
3570 5601 3699 5660 Ιιίιιάο

2305 5702 2345 5728 ω
2386 5686 2543 5748 Anth.
2568 5686 2631 5743 ἐι
2664 5686 2829 5754 ΜΜ..
2856 5706 2947 5760 ego
2976 5700 3020 5744 et
3052 5702 3126 5755 tu,
3156 5689 3263 5742 dua:
3296 5686 3550 5752 Ferdulfe.

2307 5771 2335 5800 ιι
2379 5763 2533 5818 Atnb.
2562 5771 2616 5833 et
2642 5761 2811 5829 Mod.,
2834 5764 3212 5833 superveniens.

2309 5842 2336 5872 ο
2364 5833 2533 5909 Mod.,
2561 5832 2783 5890 diversa.
