3942 6348
220 314 292 374 δι(

1118 311 1208 369 os
1247 309 1501 371 assus
1537 306 2182 371 LANGOBARDORUM.
2206 292 2292 356 ‘4;-
2321 313 2455 374 LIB.
2496 314 2588 374 VI.

3339 321 3445 374 ΜΞ

216 446 359 497 eontra
402 446 503 492 eos
541 440 839 505 pugnantes
864 474 878 499 ,
926 444 1062 500 pene
1089 444 1277 485 omnes
1324 429 1562 499 dejectos
1600 426 1754 499 equis
1782 427 1835 488 Δ
1858 434 1958 495 est,
1993 428 2229 500 Ratchis,
2257 438 2316 488 et
2343 431 2607 501 Ratchait,
2648 440 2703 490 et
2733 442 2756 472 ο
2784 431 3103 488 Ahistulium
3133 448 3276 490 viros
3304 443 3447 492 stre-

217 533 546 601 peremerunt,
576 523 762 593 sicque
783 521 1061 578 victoriam
1090 536 1195 576 non
1227 519 1454 585 viribus,
1478 517 1575 574 sed
1604 532 1761 584 casu,

217 619 354 689 adepti
383 626 531 673 sunt.
573 615 649 670 lbi
680 614 854 671 omnis
897 612 1147 669 nobilitas
1185 612 1345 684 periit
1388 609 1769 681 Forojuliano-

217 726 333 776 rum,
362 707 434 762 ibi
484 706 766 763 Ferdull'us
792 707 898 760 dux
928 704 1123 760 cecidit
1143 745 1157 766 ,
1211 703 1283 760 ibi
1321 710 1376 759 et
1404 702 1495 759 ille
1523 717 1610 773 qui
1642 714 1765 756 eum

218 808 565 873 provocaverat
602 798 894 855 exstinctus
931 806 1036 854 est.
1066 796 1327 868 Tantique
1350 796 1422 851 ibi
1464 797 1561 852 viri
1602 795 1767 852 fortes

219 911 289 967 per
311 897 665 952 contentionis
712 895 911 949 malum
958 903 1014 950 et
1045 902 1072 933 ι
1102 892 1475 963 imprudentiae
1518 891 1771 949 debellati

220 998 348 1054 sunt,
377 989 560 1059 quanti
593 996 812 1059 possent
842 1001 938 1057 per
979 1001 1139 1042 unam
1177 984 1518 1041 concordiam
1545 993 1600 1040 et
1628 982 1773 1040 salu-

218 1083 288 1138 bre
327 1080 605 1137 consilium
654 1080 825 1135 multa
855 1078 1021 1134 millia
1050 1087 1293 1134 sternere
1315 1077 1653 1133 aemulorum.
1698 1075 1774 1134 lbi

220 1185 368 1233 tamen
400 1188 541 1229 unus
582 1188 615 1229 e
658 1171 1023 1243 Langobardis
1050 1213 1065 1238 ,
1112 1170 1329 1227 nomine
1360 1169 1654 1236 Munichis,
1684 1169 1774 1241 qui

220 1277 342 1340 pater
373 1276 493 1337 post
524 1266 669 1323 Petri
697 1264 1163 1336 Forojulianorum
1198 1272 1251 1320 et
1301 1262 1421 1320 Ursi
1461 1261 1776 1319 Cenetensis

220 1362 378 1417 ducum
411 1361 644 1425 exstitit,
668 1360 817 1416 solus
841 1359 1051 1416 fortiter
1066 1367 1119 1416 et
1141 1358 1363 1415 viriliter
1389 1356 1533 1414 fecit.
1574 1356 1624 1411 ls
1651 1371 1773 1412 cum

223 1454 270 1508 de
300 1468 429 1520 equo
477 1449 721 1522 dejeclus
754 1459 897 1507 esset
925 1493 940 1518 ,
971 1458 1028 1506 et
1056 1466 1176 1506 eum
1215 1464 1349 1505 unus
1374 1449 1442 1506 de
1469 1447 1651 1505 Slavis
1686 1464 1777 1505 su-

223 1546 305 1600 bito
327 1545 585 1600 invadens
609 1543 726 1613 ejus
753 1558 944 1599 manus
970 1543 1095 1599 fune
1112 1542 1439 1613 colligassct,
1464 1542 1579 1613 ipse
1608 1542 1777 1598 mani-

222 1636 296 1690 bus
314 1634 485 1705 ligatis
516 1634 756 1689 lanceam
787 1633 856 1689 ab
882 1633 1125 1703 ejusdem
1165 1632 1310 1690 Slavi
1353 1632 1571 1691 dextera
1598 1643 1778 1689 extra-

222 1725 346 1787 hens,
374 1740 493 1780 eum
526 1738 647 1778 cum
675 1725 785 1794 ipsa
814 1725 1077 1802 percussit
1101 1732 1129 1793 ,'
1158 1736 1212 1781 et
1242 1724 1434 1796 ligatus
1466 1741 1561 1795 per
1585 1741 1775 1796 aspera

1875 534 2010 577 nues
2039 522 2241 592 genuit.
2280 525 2518 591 Quorum
2543 523 2569 561 ά
2598 524 2843 581 nativitas
2884 524 3234 581 humilitatem
3267 527 3452 583 matris

1872 612 1940 669 ad
1970 613 2191 683 gloriam
2218 616 2410 673 erexit.
2450 617 2548 686 Qui
2574 618 2703 685 dux,
2729 617 3063 688 congregatis
3089 618 3325 674 omnium
3353 634 3451 673 no-

1872 704 2059 762 biliutu
2088 707 2179 778 qui
2218 708 2273 765 in
2320 709 2459 765 bello
2510 709 2579 766 de
2616 724 2725 781 quo
2767 709 2997 767 diximus
3041 710 3284 767 obierant
3311 710 3457 779 filiis,

1844 798 1953 857 sic
1977 812 2076 855 eos
2100 814 2222 855 cum
2246 800 2360 856 suis
2388 802 2524 857 natis
2561 802 2765 872 pariter
2794 801 3038 871 nutrivit,
3082 816 3147 859 ac
3184 801 3230 860 si
3259 809 3315 861 et
3356 801 3459 873 ipsi

1874 889 1942 946 ab
1969 903 2037 947 eo
2064 891 2226 963 geniti
2255 891 2497 949 fuissent.

2428 1028 2655 1086 CAPUT
2709 1027 2917 1087 XXVII.

1876 1140 1956 1201 De
1976 1141 2183 1215 Gisuffo
2221 1142 2691 1201 Beneventanorum
2722 1146 2866 1213 duce,
2908 1147 3159 1215 quomodo
3187 1146 3380 1203 Suram
3418 1156 3465 1203 et

2407 1217 2513 1271 alia
2542 1227 2709 1271 castra
2736 1219 2940 1274 invasit.

1952 1331 2063 1389 Hac
2136 1332 2366 1405 denique
2425 1342 2625 1402 aetate,
2686 1335 2919 1392 Gisulfus
2965 1337 3464 1394 Beueventanorum

1882 1422 2142 1492 eductor,
2191 1425 2381 1482 Suram
2412 1424 2774 1484 Romanorum
2805 1429 3095 1495 civitatem,
3136 1439 3155 1478 ι
3199 1431 3464 1502 Hirpinos,

1880 1527 2040 1589 atque
2072 1528 2096 1567 (ς
2127 1522 2342 1588 Arcem,
2375 1520 2488 1590 pari
2514 1521 2673 1577 modo
2693 1522 2888 1592 oppida
2915 1524 3074 1593 cepit.
3102 1524 3202 1591 Qui
3233 1523 3470 1581 Gisulfus

1880 1618 2119 1680 tempore
2148 1608 2371 1667 Joannis
2398 1627 2549 1683 papze
2575 1626 2697 1667 cum
2727 1614 2870 1669 omni
2902 1628 2993 1669 sua
3024 1612 3216 1671 virtute
3240 1616 3465 1687 Campa-

1882 1706 2023 1757 niam
2059 1704 2226 1771 venit,
2258 1704 2502 1761 incendia
2548 1716 2602 1761 et
2629 1706 3055 1777 deprzedationes
3082 1708 3302 1775 faciens,
3331 1712 3471 1767 mul-

218 1832 265 1873 te
288 1818 389 1871 loca
419 1815 680 1887 dejiciens
705 1798 912 1873 evasit.
942 1817 1066 1874 Ilaec
1095 1817 1215 1875 ideo
1239 1819 1320 1875 vel
1345 1819 1574 1874 maxime
1601 1820 1653 1874 in
1679 1820 1779 1876 hac

1906 1813 1968 1854 os
1994 1798 2324 1869 captivorum
2353 1801 2517 1870 cepit,
2565 1810 2619 1857 et
2649 1817 2814 1872 usque
2856 1804 2908 1857 in
2950 1803 3123 1859 locum
3155 1804 3243 1873 qui
3274 1804 3472 1861 Ilorrea

219 1910 461 1979 posuimus
509 1909 727 1963 historia
756 1950 772 1975 ,
824 1923 894 1964 ne
935 1911 1063 1981 quid
1111 1911 1270 1967 alicui
1302 1926 1396 1982 per
1424 1910 1781 1969 contentionis

221 2000 389 2055 malum
415 1998 589 2055 simile
608 1999 904 2071 contingat.

779 2145 1004 2204 CAPUT
1034 2146 1200 2203 XXV.

223 2258 284 2316 De
303 2259 490 2315 ducatu
512 2256 719 2313 Corvuli
742 2259 883 2331 apud
911 2257 1288 2383 famuli-Julii.
1312 2258 1400 2314 aui
1428 2275 1461 2313 a
1489 2275 1606 2319 reae
1628 2275 1786 2315 excie-

858 2347 918 2383 ca
942 2347 1001 2383 us
1029 2346 1080 2383 es
1106 2369 1120 2383 .

858 2346 1001 2385 catus
1029 2346 1120 2389 est.

279 2423 475 2478 Mortuo
504 2423 684 2494 itaque
719 2421 971 2478 Ferdulfo
1016 2422 1154 2478 duce
1198 2438 1298 2478 uoc
1346 2423 1529 2491 modo,
1582 2422 1634 2477 in
1669 2422 1789 2493 ejus

222 2518 321 2574 loco
343 2517 622 2573 ordinatus
651 2526 734 2574 est
759 2516 1020 2573 Corvulus
1040 2558 1056 2583 ,
1098 2516 1186 2586 qui
1217 2531 1386 2586 pauco
1426 2527 1666 2585 tempore
1691 2516 1788 2571 du-

221 2621 376 2666 catum
403 2622 615 2677 tenens,
650 2610 775 2666 dum
805 2625 985 2683 regem
1015 2608 1351 2680 oﬂ'endisset,
1383 2608 1581 2665 evulsis
1617 2608 1790 2665 oculis

222 2704 522 2763 dedecorose
556 2704 710 2760 vixit.
764 2722 769 2726 δ

772 2821 999 2880 CAPUT
1034 2819 1228 2877 XXVI.

220 2936 288 2992 De
335 2937 606 2996 i’emmoue
655 2936 1113 3008 Forojulianorum
1152 2938 1297 3004 duce,
1347 2944 1396 2993 et
1431 2936 1495 2992 de
1531 2936 1794 2993 uatiuitate

699 3010 855 3064 trium
881 3010 1111 3079 ﬁliorum
1138 3010 1275 3075 eius.

283 3127 538 3197 Deinceps

217 3219 305 3274 fuit
332 3222 490 3275 homo
517 3220 850 3290 ingeniosus,
879 3230 934 3275 et
963 3220 1108 3275 utilis
1146 3220 1349 3287 patriae.
1398 3218 1495 3275 Hic
1521 3227 1671 3290 patre
1697 3234 1793 3289 ge-

216 3314 347 3367 nitus
367 3312 392 3349 δ
420 3314 746 3379 Billonense,
769 3312 858 3383 qui
881 3313 950 3369 de
979 3312 1195 3367 Belluno
1222 3312 1429 3367 fuerat:
1456 3312 1549 3368 sed
1578 3321 1795 3382 propter

213 3405 521 3461 seditionem
561 3420 719 3476 quam
764 3405 873 3460 illic
909 3404 1131 3471 fecerat,
1184 3405 1235 3458 iu
1282 3403 1631 3460 Forum-Julii
1674 3413 1796 3475 post

214 3497 449 3563 veniens,
482 3496 555 3550 ibi
590 3494 809 3565 pacifice
833 3494 985 3549 vixit.
1017 3494 1113 3549 Hic
1144 3492 1363 3550 Pemmo
1409 3494 1593 3549 habuit
1616 3494 1797 3564 conju-

213 3602 324 3655 gem
352 3588 674 3657 Ratbergam
706 3588 948 3642 nomine.
978 3588 1108 3655 Quae
1145 3601 1267 3642 cum
1298 3596 1443 3643 esset
1472 3588 1605 3642 facie
1636 3587 1796 3644 rusti-

210 3696 338 3736 cana
360 3727 376 3750 ,
425 3697 571 3753 saepe
610 3683 860 3737 maritum
906 3681 1326 3750 deprecabatur,
1358 3690 1434 3747 ut,
1462 3695 1521 3736 se
1550 3681 1792 3748 dimissa,

209 3775 363 3829 aliam
396 3790 617 3830 uxorem
646 3773 889 3836 duceret,
930 3788 1092 3844 quam
1138 3773 1270 3828 tanti
1318 3772 1468 3839 ducis
1514 3772 1797 3845 conjugem

207 3881 327 3923 esse
352 3867 589 3924 deceret.
620 3866 726 3922 Sed
756 3866 893 3937 ipse,
926 3874 985 3921 ut
1013 3873 1129 3921 erat
1154 3864 1237 3920 vir
1264 3865 1500 3934 sapiens,
1536 3864 1652 3933 plus
1681 3865 1799 3935 ejus

208 3975 410 4029 mores,
442 3972 498 4018 et
523 3961 878 4018 humilitatem
903 4004 917 4027 ,
962 3960 1428 4030 verecundumque
1468 3957 1796 4029 pudicitiam,

216 4068 366 4120 quam
398 4056 641 4127 corporis
690 4054 1169 4126 pulchritudinem,
1217 4053 1316 4109 sibi
1357 4053 1692 4122 complacere
1722 4052 1802 4107 di-

218 4148 385 4207 cebat.
415 4151 491 4209 De
518 4150 621 4207 hac
660 4164 789 4221 ergo
813 4148 1039 4220 conjuge
1085 4158 1195 4204 tres
1241 4146 1462 4205 Pemmo
1503 4145 1657 4214 filios,
1701 4146 1803 4201 hoc

279 4356 309 4386 ⁸
330 4350 517 4412 Amb..
543 4350 961 4418 imprudentiam.

271 4419 301 4459 δ
327 4421 448 4489 ΔΙ.,
482 4419 719 4489 Billione,
756 4423 845 4491 qui
882 4422 946 4477 de
984 4419 1207 4476 Biliione
1230 4437 1331 4475 non
1363 4423 1550 4492 fueral,
1576 4419 1663 4473 sed
1684 4435 1806 4489 pro-

206 4500 340 4557 pter,
375 4503 484 4549 etc.
520 4493 675 4548 Lind.

271 4573 300 4637 «ξ
337 4564 455 4637 AL,
488 4564 843 4637 Altistolfum;
868 4564 963 4637 aL,
995 4564 1297 4637 Aistulfum.
1325 4561 1482 4620 Lind.

267 4634 296 4674 ά
332 4636 454 4701 AL,
482 4634 732 4705 gnavitos.
765 4635 919 4692 Lind.

270 4710 299 4739 °
334 4706 455 4771 AL,
489 4708 595 4760 dua:
618 4705 886 4762 Orsuram.
918 4706 1074 4763 Lind.

272 4774 294 4813 ί
334 4778 451 4849 AL,
489 4776 788 4847 Hirpinum,
811 4787 959 4849 atque
981 4778 1274 4833 Arminium.
1307 4776 1463 4831 Lind.

267 4858 297 4895 Β
336 4848 601 4903 Restituit
630 4847 887 4903 Barouius
921 4850 1157 4904 vitiatam
1202 4850 1390 4902 horum
1424 4847 1694 4902 nominum
1729 4856 1807 4904 le—

192 4918 471 4980 ctionem,
502 4933 563 4972 ac
609 4936 705 4988 pro
732 4924 899 4985 Sura,
940 4922 1127 4977 Soram
1155 4938 1170 4985 ;
1202 4935 1299 4989 pro
1353 4920 1618 4987 llirpiuos,
1652 4921 1811 4989 Arpi-

196 4999 371 5052 num;
402 5006 499 5059 pro
526 4994 720 5059 Arcon,
757 4992 1021 5048 Arcanum
1051 4991 1293 5061 reponit:
1326 4990 1463 5053 loca,
1490 4999 1547 5043 ut
1578 4991 1688 5059 ipse
1723 5008 1814 5055 pa-

197 5062 302 5113 tria
336 5061 585 5116 Sci-anus
611 5064 723 5129 ait,
762 5079 943 5129 parum
977 5064 1117 5117 inter
1155 5077 1214 5117 se
1244 5061 1490 5117 distantia
1512 5104 1526 5125 ,
1558 5072 1611 5117 et
1637 5063 1815 5119 adhuc

204 5131 526 5186 notissima.
573 5134 645 5187 De
691 5134 789 5188 hae
820 5134 1006 5188 Gisnlfi
1036 5132 1189 5188 ducis
1229 5131 1629 5201 depraedatione
1672 5136 1814 5187 Ana-

205 5204 440 5274 stasius,
472 5207 523 5257 in
555 5203 759 5260 Joanne
790 5204 851 5260 VI
880 5222 893 5259 :
924 5223 944 5256 (
981 5205 1218 5260 Cisulfus
1246 5204 1350 5258 dux
1392 5203 1564 5270 gentis
1607 5203 1816 5274 Lango-

214 5267 513 5329 bardorum
541 5276 991 5342 Ilencventi,cum
1017 5276 1069 5329 in
1092 5274 1235 5330 omni
1262 5290 1353 5329 sua
1379 5267 1572 5328 virtute
1594 5277 1645 5329 in
1664 5267 1819 5330 Cain-

220 5347 437 5403 naniam
485 5347 711 5414 veniret,
760 5348 1003 5402 incendia
1052 5355 1107 5401 et
1152 5344 1576 5415 depraedatioues
1623 5349 1817 5401 multas

225 5423 530 5481 exerceret,
563 5433 791 5486 cumque
814 5419 1054 5486 captivos
1082 5433 1187 5471 non
1229 5432 1425 5485 paucos
1452 5416 1713 5487 cepisset,
1765 5426 1820 5473 et

228 5493 397 5559 usque
424 5489 489 5542 ad
521 5489 695 5542 locum
721 5491 810 5559 qui
841 5489 1040 5544 Horrea
1068 5489 1264 5543 dicitur
1294 5488 1549 5543 fossatum
1581 5488 1816 5554 fecisset,

233 5557 515 5634 tutllusque
542 5557 951 5634 exstitissetqui
976 5560 1022 5615 ei
1058 5560 1316 5634 potuisset
1355 5560 1625 5623 resis'cre,
1659 5559 1821 5634 deno-

235 5630 460 5697 minatus
490 5630 749 5697 pontifex,
783 5630 959 5685 missis
980 5631 1346 5686 sacerdotibus
1369 5647 1490 5685 cum
1513 5632 1821 5695 apostolicis

236 5691 797 5769 donariis-universos
840 5704 1078 5769 captivos
1114 5703 1183 5757 de
1221 5716 1407 5757 eorum
1448 5691 1691 5756 manibus
1728 5718 1819 5757 re-

234 5761 421 5843 gemit,
453 5761 505 5827 et
535 5774 680 5826 illum
722 5788 842 5829 cum
886 5761 981 5829 suo
1019 5774 1158 5829 stolo
1199 5774 1265 5826 ad
1308 5774 1517 5843 propria
1565 5773 1821 5841 repedare

239 5826 379 5894 fecit,
407 5826 441 5896 ’›
469 5846 597 5900 Acta
625 5826 749 5903 haec
764 5826 1641 5911 suumsuum“;eam;vos
1661 5826 1817 5915 me:

1882 1890 2080 1946 dicitur
2108 1900 2517 1948 castrametatus
2545 1902 2647 1958 est,
2698 1894 2980 1965 nullusque
3016 1897 3064 1952 ei
3105 1897 3352 1953 resistere
3382 1912 3472 1968 pun

1885 1985 2005 2041 tuit.
2040 1984 2121 2040 Ad
2151 1983 2292 2040 hunc
2331 1978 2569 2055 pontifex
2599 1987 2773 2043 missis
2798 1988 3163 2045 sacerdotibus
3190 2004 3311 2044 cum
3339 2004 3474 2059 apo-

1885 2074 2093 2131 stolicis
2120 2075 2379 2142 donariis,
2414 2077 2691 2135 universos
2720 2079 2958 2149 captivos
2986 2079 3054 2134 de
3082 2094 3267 2136 eorum
3298 2080 3473 2136 mani-

1887 2170 1987 2226 bus
2013 2170 2263 2239 redemit,
2310 2171 2593 2243 ipsumque
2634 2172 2825 2229 ducem
2856 2188 2976 2230 cum
3015 2186 3115 2229 suo
3142 2173 3380 2231 exercitu
3407 2171 3476 2229 ad

1888 2266 2105 2337 propria
2134 2265 2394 2339 repedare
2422 2266 2565 2325 fecit.

2424 2379 2653 2438 CAPUT
2700 2378 2937 2437 XXVIII.

1890 2470 1967 2529 De
1990 2473 2263 2529 donatione
2291 2489 2442 2541 quam
2472 2473 2735 2544 Aripertus
2777 2472 3024 2529 Romana:
3056 2472 3298 2531 Ecclesiae
3324 2474 3445 2544 fecit

2217 2553 2265 2599 et
2294 2546 2358 2599 de
2387 2543 2585 2599 duobus
2612 2543 2893 2615 Anglorum
2917 2544 3142 2616 regibus.

1966 2634 2076 2690 Hoc
2105 2643 2347 2704 tempore
2380 2636 2662 2704 Aripertus
2682 2650 2774 2692 rex
2801 2635 3290 2708 Langobardorum,
3314 2637 3484 2695 dona-

1893 2726 2090 2782 tionem
2115 2726 2420 2794 patrimonii
2448 2728 2661 2797 Alpium
2684 2724 2714 2764 ¹ι
2745 2728 3059 2793 Cottiarum,
3077 2745 3194 2799 qua:
3215 2731 3484 2800 quondam

1892 2820 1957 2874 ad
1986 2818 2070 2887 ius
2113 2819 2479 2887 pertinuerant
2528 2819 2833 2889 apostolicae
2870 2820 3035 2887 sedis,
3067 2820 3159 2877 sed
3203 2834 3234 2875 a
3279 2821 3485 2891 Lango-

1893 2913 2074 2970 bardis
2122 2914 2292 2969 multo
2338 2922 2578 2984 tempore
2625 2910 2837 2969 fuerant
2883 2913 3093 2980 ablatae,
3135 2912 3383 2981 restituit,
3431 2920 3486 2970 et

1896 3008 2033 3065 banc
2058 3009 2398 3065 donationem
2426 3008 2602 3064 aureis
2630 3016 2901 3063 exaratam
2929 3006 3121 3063 litteris
3148 3006 3372 3063 Romam
3405 3006 3485 3061 di-

581 3142 713 3183 νετο
762 3126 982 3182 pemmo
1029 3126 1281 3182 ducatum
1335 3126 1646 3197 promeruit,
1699 3124 1790 3194 qui
1820 3169 1865 3197 η
1895 3100 2051 3197 rexit.
2081 3099 2175 3156 His
2203 3100 2363 3197 etiam
2392 3098 2602 3197 diebus,
2635 3098 2740 3153 duo
2768 3112 2921 3197 reges
2962 3098 3268 3197 Saxonum,
3299 3098 3365 3197 ad
3396 3112 3486 3153 ve-

1819 3169 1867 3236 (ἶ
1898 3195 2053 3267 stigia
2079 3194 2442 3264 apostolorum
2476 3192 2699 3248 Romam
2730 3191 3028 3261 venientes,
3058 3192 3160 3249 sub
3184 3190 3486 3262 velocitate,

1899 3298 1959 3345 ut
1986 3288 2265 3361 Optabant,
2297 3286 2537 3344 defuncti
2563 3295 2708 3342 sunt.

2460 3402 2686 3460 CAPUT
2730 3400 2923 3458 XXIX.

2084 3497 2159 3554 De
2196 3498 2473 3554 Benedicto
2505 3494 2880 3550 Mediolanemi
2908 3508 3311 3565 arcmeprscopo.

1970 3590 2121 3646 Tunc
2150 3605 2361 3660 quoque
2390 3587 2533 3643 venit
2565 3587 2883 3644 Benedictus
2912 3586 3343 3657 archiepiscopus
3372 3586 3486 3643 Me-

1900 3683 2226 3739 diolanensis
2252 3682 2499 3747 Romam,
2533 3690 2587 3735 et
2615 3693 2829 3735 causam
2869 3679 2976 3749 egit
3003 3693 3100 3749 pro
3131 3678 3368 3735 Ecclesia
3395 3678 3491 3735 Ti-

1900 3775 2125 3833 cinensi.
2154 3775 2259 3832 Sed
2285 3774 2456 3830 victus
2474 3781 2574 3839 est,
2597 3787 2665 3829 eo
2685 3772 2824 3840 quod
2870 3787 2900 3826 a
2943 3771 3130 3841 priscis
3166 3771 3493 3841 temporibus

1908 3864 1927 3905 ⁸
1952 3865 2268 3922 Ticinenses
2295 3864 2531 3935 episcopi
2555 3878 2584 3919 a
2607 3864 2846 3919 Romana
2869 3861 3078 3919 fuerant
3100 3864 3334 3921 Ecclesia
3364 3880 3493 3921 con-

1902 3957 2119 4013 secrati.
2155 3957 2274 4012 Fuit
2300 3968 2477 4013 autem
2508 3956 2676 4011 isdem
2709 3954 3030 4011 venerabilis
3060 3956 3378 4011 Benedictus
3405 3970 3493 4010 ar-

1904 4049 2294 4119 chiepiscopus,
2325 4050 2404 4104 vir
2430 4047 2655 4120 egregiae
2680 4047 2997 4112 sanctitatis,
3023 4047 3089 4102 de
3126 4062 3231 4117 quo
3254 4063 3349 4116 per
3378 4048 3494 4104 uni-

1905 4159 2115 4201 versam
2142 4142 2343 4198 Italiam
2374 4143 2527 4199 bona:
2553 4141 2820 4210 Opinionis
2849 4140 2991 4197 fama
3020 4141 3278 4213 flagravit.

1907 4352 2002 4418 vit,
2030 4366 2130 4407 nec
2158 4366 2257 4421 ego
2299 4350 2439 4405 illius
2476 4348 2845 4404 chronotaxim
2894 4348 3067 4418 quoad
3123 4347 3260 4404 hanc
3303 4348 3490 4405 Gisulfi

1908 4422 2277 4479 excursionem
2310 4422 2428 4478 loco
2464 4435 2683 4477 movere
2723 4421 2897 4476 ausim
2927 4436 2992 4477 ex
3022 4421 3316 4477 continenti
3345 4423 3491 4477 Ana-

1909 4495 2057 4550 stasii
2088 4494 2416 4549 narratione.

1834 4557 1890 4619 D
1981 4563 2012 4605 ιι
2043 4565 2225 4624 Amb..
2255 4562 2568 4619 Cottiarum.
2602 4564 2734 4618 Vide
2761 4563 3011 4619 Anastas.
3041 4565 3092 4620 in
3132 4563 3337 4620 Joanne
3377 4564 3496 4631 \‘ll,

1912 4637 2131 4704 Bedam,
2165 4636 2405 4691 Adonem
2439 4637 2813 4703 Viennensem,
2861 4645 2915 4690 et
2958 4636 3320 4692 Rermannum
3359 4635 3500 4692 Con-

1913 4718 2163 4773 tractum,
2191 4724 2219 4761 a
2246 4722 2351 4777 quo
2379 4707 2600 4777 insignis
2640 4708 2752 4763 luce
2788 4708 3007 4764 donatio
3052 4722 3175 4763 cum
3218 4722 3360 4763 anno
3397 4709 3498 4765 707

1911 4780 2181 4847 alligatur.

1990 4850 2008 4889 ι
2046 4851 2140 4903 Ms.
2175 4849 2367 4905 Lind.:
2423 4849 2706 4905 Ticinensis
2741 4850 3061 4921 episcopatus
3105 4848 3286 4906 Romae
3334 4849 3500 4918 fuerat

1914 4921 2148 4975 Ecclesia
2169 4931 2484 4975 consecrata.
2517 4921 2913 4989 Antiquissima;
2940 4923 3095 4992 hujus
3120 4921 3501 4977 controversiae

1915 4993 2174 5055 rationes,
2208 4994 2396 5061 quibus
2426 4992 2850 5047 Mediolanenses
2887 4993 3270 5061 archiepiscopi
3304 5001 3501 5045 metro-

1918 5065 2271 5131 politanorum
2310 5063 2429 5131 jura
2481 5066 2533 5117 in
2575 5062 2885 5118 Ticinenses
2933 5065 3214 5131 episcOpos
3252 5078 3503 5117 exercere

1918 5136 2070 5188 inito
2096 5146 2287 5188 conatu
2316 5150 2418 5189 non
2448 5135 2613 5189 semel
2645 5134 2743 5187 sibi
2788 5144 3182 5200 asseverarunt,
3224 5133 3502 5188 clamanti-

1919 5208 2015 5261 bus
2041 5206 2301 5273 integram
2342 5205 2638 5261 libertatem
2669 5204 3034 5259 Ticineusibus
3055 5250 3069 5271 ,
3100 5204 3502 5259 accuratissime

1918 5275 2132 5344 collegit
2156 5277 2235 5328 vir
2255 5278 2324 5330 cl.
2350 5276 2649 5331 Ludovicus
2671 5277 2930 5331 Antonius
2954 5274 3276 5330 Muratorius
3296 5284 3500 5341 noster,

1922 5346 1973 5401 in
2002 5362 2163 5400 aurea
2193 5363 2288 5401 sua
2318 5348 2726 5417 dissertatione,
2767 5362 2925 5417 quam
2955 5346 3263 5417 appendicis
3289 5344 3503 5417 nomine

1920 5420 2163 5485 apposuit
2189 5419 2254 5471 ad
2286 5416 2459 5474 lom.l
2494 5416 2929 5474 Anecdotorum:
2982 5416 3037 5471 in
3074 5432 3193 5472 eam
3239 5416 3502 5487 pernitiem

1922 5497 2157 5545 veterum
2201 5499 2545 5543 monumenta
2578 5491 2658 5543 vir
2700 5488 3073 5555 antiquitatum
3114 5488 3501 5557 peritissimus,

1920 5570 1975 5615 et
2020 5560 2388 5641 publici_boni
2428 5561 2857 5641 nutantissimus,
2904 5559 3159 5641 collegit,
3203 5574 3505 5641 quaencomf

1920 5630 2166 5687 meutarii
2199 5632 2340 5686 vices
2362 5630 2653 5700 rependcnt
2673 5630 2736 5683 ad
2761 5632 2902 5684 hunc
2925 5630 3071 5684 Pauli
3094 5630 3287 5689 locum.
3321 5631 3504 5685 Exstat

1921 5704 2081 5758 etiam
2118 5702 2399 5774 peculiaris
2427 5704 2563 5758 alter
2593 5701 2803 5757 libellus
2828 5712 3048 5774 auctore
3074 5704 3138 5760 Ρ.
3171 5701 3452 5758 Enstachio
3475 5715 3503 5754 a

1922 5784 2111 5851 sancto
2145 5772 2370 5840 Ubaldo,
2400 5784 2679 5851 utrumque
2707 5772 2959 5832 consulat
2982 5777 3181 5851 lector;
3224 5790 3345 5851 nam
3386 5786 3501 5847 pro-

1920 5846 2131 5917 positus
2162 5854 2403 5909 notarum
2432 5847 2621 5903 modus
2646 5853 2790 5903 tanta
2821 5862 2929 5903 non
2959 5846 3175 5910 patitur.
3340 5846 3345 5851 ’
3395 5846 3400 5865 ‘
