  <div class='ocr_page' id='page_1' title='image "/cluster/home/n/w/nwhite01/storage/ocr_20150623/95/hvd.32044010719722/348.png"; bbox 0 0 3942 6348; ppageno 0'>
   <div class='ocr_carea' id='block_1_1' title="bbox 197 379 292 436">
    <p class='ocr_par' dir='ltr' id='par_1_1' title="bbox 197 379 292 436">
     <span class='ocr_line' id='line_1_1' title="bbox 197 379 292 436; baseline -0.021 0"><span class='ocrx_word' id='word_1_1' title='bbox 197 379 292 436; x_wconf 61' lang='grc' dir='ltr'><strong>ως</strong></span> 
     </span>
    </p>
   </div>
   <div class='ocr_carea' id='block_1_2' title="bbox 1075 368 2517 427">
    <p class='ocr_par' dir='ltr' id='par_1_2' title="bbox 1075 368 2517 427">
     <span class='ocr_line' id='line_1_2' title="bbox 1075 368 2517 427; baseline -0.001 -2"><span class='ocrx_word' id='word_1_2' title='bbox 1075 371 1165 426; x_wconf 83' lang='lat' dir='ltr'><strong>DE</strong></span> <span class='ocrx_word' id='word_1_3' title='bbox 1201 369 1438 427; x_wconf 74' lang='lat' dir='ltr'><strong>GESTIS</strong></span> <span class='ocrx_word' id='word_1_4' title='bbox 1477 368 2112 426; x_wconf 69' lang='lat' dir='ltr'><strong>LANGOBABDOBUM.</strong></span> <span class='ocrx_word' id='word_1_5' title='bbox 2152 399 2222 409; x_wconf 97' lang='lat'>—</span> <span class='ocrx_word' id='word_1_6' title='bbox 2260 369 2387 424; x_wconf 87' lang='lat' dir='ltr'><strong>LIB.</strong></span> <span class='ocrx_word' id='word_1_7' title='bbox 2434 369 2517 424; x_wconf 76' lang='lat' dir='ltr'><strong>VI.</strong></span> 
     </span>
    </p>
   </div>
   <div class='ocr_carea' id='block_1_3' title="bbox 3335 369 3439 423">
    <p class='ocr_par' dir='ltr' id='par_1_3' title="bbox 3335 369 3439 423">
     <span class='ocr_line' id='line_1_3' title="bbox 3335 369 3439 423; baseline -0.01 0"><span class='ocrx_word' id='word_1_8' title='bbox 3335 369 3439 423; x_wconf 74' lang='lat'><strong>650</strong></span> 
     </span>
    </p>
   </div>
   <div class='ocr_carea' id='block_1_4' title="bbox 195 479 3444 557">
    <p class='ocr_par' dir='ltr' id='par_1_4' title="bbox 195 479 3444 557">
     <span class='ocr_line' id='line_1_4' title="bbox 195 479 3444 557; baseline -0.003 -11"><span class='ocrx_word' id='word_1_9' title='bbox 195 489 462 550; x_wconf 85' lang='lat' dir='ltr'><strong>obtinebat</strong></span> <span class='ocrx_word' id='word_1_10' title='bbox 515 484 889 557; x_wconf 74' lang='lat' dir='ltr'><strong>principatum.</strong></span> <span class='ocrx_word' id='word_1_11' title='bbox 919 482 1042 537; x_wconf 82' lang='lat' dir='ltr'><strong>Fuit</strong></span> <span class='ocrx_word' id='word_1_12' title='bbox 1067 491 1246 536; x_wconf 87' lang='lat' dir='ltr'><strong>autem</strong></span> <span class='ocrx_word' id='word_1_13' title='bbox 1292 480 1373 535; x_wconf 89' lang='lat' dir='ltr'><strong>vir</strong></span> <span class='ocrx_word' id='word_1_14' title='bbox 1408 483 1557 535; x_wconf 67' lang='lat' dir='ltr'><strong>mirae</strong></span> <span class='ocrx_word' id='word_1_15' title='bbox 1601 482 1765 535; x_wconf 88' lang='lat' dir='ltr'><strong>anda-</strong></span> <span class='ocrx_word' id='word_1_16' title='bbox 1792 485 1846 542; x_wconf 75' lang='grc' dir='ltr'>Α</span> <span class='ocrx_word' id='word_1_17' title='bbox 1873 484 2239 550; x_wconf 82' lang='lat' dir='ltr'><strong>cogitaverunt</strong></span> <span class='ocrx_word' id='word_1_18' title='bbox 2269 480 2661 550; x_wconf 80' lang='lat' dir='ltr'><strong>imprOperavit.</strong></span> <span class='ocrx_word' id='word_1_19' title='bbox 2693 481 2843 548; x_wconf 83' lang='lat' dir='ltr'><strong>Quod</strong></span> <span class='ocrx_word' id='word_1_20' title='bbox 2879 491 2934 535; x_wconf 93' lang='lat' dir='ltr'><strong>ut</strong></span> <span class='ocrx_word' id='word_1_21' title='bbox 2967 480 3140 536; x_wconf 88' lang='lat' dir='ltr'><strong>facere</strong></span> <span class='ocrx_word' id='word_1_22' title='bbox 3181 479 3444 538; x_wconf 86' lang='lat' dir='ltr'><strong>deberent</strong></span> 
     </span>
    </p>
   </div>
   <div class='ocr_carea' id='block_1_5' title="bbox 192 572 1762 650">
    <p class='ocr_par' dir='ltr' id='par_1_5' title="bbox 192 572 1762 650">
     <span class='ocr_line' id='line_1_5' title="bbox 192 572 1762 650; baseline -0.008 -11"><span class='ocrx_word' id='word_1_23' title='bbox 192 586 299 644; x_wconf 66' lang='lat' dir='ltr'><strong>eis,</strong></span> <span class='ocrx_word' id='word_1_24' title='bbox 333 581 426 650; x_wconf 85' lang='lat' dir='ltr'><strong>qui</strong></span> <span class='ocrx_word' id='word_1_25' title='bbox 457 581 640 633; x_wconf 88' lang='lat' dir='ltr'><strong>hostes</strong></span> <span class='ocrx_word' id='word_1_26' title='bbox 680 590 807 632; x_wconf 89' lang='lat' dir='ltr'><strong>suos</strong></span> <span class='ocrx_word' id='word_1_27' title='bbox 847 572 1202 644; x_wconf 77' lang='lat' dir='ltr'><strong>aggredienda</strong></span> <span class='ocrx_word' id='word_1_28' title='bbox 1224 573 1401 626; x_wconf 87' lang='lat' dir='ltr'><strong>statim</strong></span> <span class='ocrx_word' id='word_1_29' title='bbox 1427 573 1762 627; x_wconf 81' lang='lat' dir='ltr'><strong>conterebat.</strong></span> 
     </span>
    </p>
   </div>
   <div class='ocr_carea' id='block_1_6' title="bbox 193 663 1765 740">
    <p class='ocr_par' dir='ltr' id='par_1_6' title="bbox 193 663 1765 740">
     <span class='ocr_line' id='line_1_6' title="bbox 193 663 1765 740; baseline -0.008 -11"><span class='ocrx_word' id='word_1_30' title='bbox 193 685 214 711; x_wconf 73' lang='grc' dir='ltr'>ι</span> <span class='ocrx_word' id='word_1_31' title='bbox 240 674 375 728; x_wconf 80' lang='lat' dir='ltr'><strong>Nam</strong></span> <span class='ocrx_word' id='word_1_32' title='bbox 425 685 586 740; x_wconf 83' lang='lat' dir='ltr'><strong>supra</strong></span> <span class='ocrx_word' id='word_1_33' title='bbox 633 683 789 723; x_wconf 89' lang='lat' dir='ltr'><strong>suum</strong></span> <span class='ocrx_word' id='word_1_34' title='bbox 817 666 1098 736; x_wconf 82' lang='lat' dir='ltr'><strong>quemdam</strong></span> <span class='ocrx_word' id='word_1_35' title='bbox 1129 663 1488 718; x_wconf 89' lang='lat' dir='ltr'><strong>adversarium</strong></span> <span class='ocrx_word' id='word_1_36' title='bbox 1522 663 1765 717; x_wconf 80' lang='lat' dir='ltr'><strong>Rhenum</strong></span> 
     </span>
    </p>
   </div>
   <div class='ocr_carea' id='block_1_7' title="bbox 193 753 1767 833">
    <p class='ocr_par' dir='ltr' id='par_1_7' title="bbox 193 753 1767 833">
     <span class='ocr_line' id='line_1_7' title="bbox 193 753 1767 833; baseline -0.007 -15"><span class='ocrx_word' id='word_1_37' title='bbox 193 777 575 833; x_wconf 75' lang='lat' dir='ltr'><strong>transgressus,</strong></span> <span class='ocrx_word' id='word_1_38' title='bbox 613 775 733 816; x_wconf 90' lang='lat' dir='ltr'><strong>cum</strong></span> <span class='ocrx_word' id='word_1_39' title='bbox 783 773 886 814; x_wconf 88' lang='lat' dir='ltr'><strong>uno</strong></span> <span class='ocrx_word' id='word_1_40' title='bbox 927 766 1129 812; x_wconf 85' lang='lat' dir='ltr'><strong>tantum</strong></span> <span class='ocrx_word' id='word_1_41' title='bbox 1180 756 1412 811; x_wconf 71' lang='lat' dir='ltr'><strong>satellite</strong></span> <span class='ocrx_word' id='word_1_42' title='bbox 1457 770 1555 809; x_wconf 90' lang='lat' dir='ltr'><strong>suo</strong></span> <span class='ocrx_word' id='word_1_43' title='bbox 1592 753 1767 820; x_wconf 81' lang='lat' dir='ltr'><strong>irruit,</strong></span> 
     </span>
    </p>
   </div>
   <div class='ocr_carea' id='block_1_8' title="bbox 189 845 1772 922">
    <p class='ocr_par' dir='ltr' id='par_1_8' title="bbox 189 845 1772 922">
     <span class='ocr_line' id='line_1_8' title="bbox 189 845 1772 922; baseline -0.004 -15"><span class='ocrx_word' id='word_1_44' title='bbox 189 868 414 922; x_wconf 85' lang='lat' dir='ltr'><strong>eumque</strong></span> <span class='ocrx_word' id='word_1_45' title='bbox 458 854 510 907; x_wconf 85' lang='lat' dir='ltr'><strong>in</strong></span> <span class='ocrx_word' id='word_1_46' title='bbox 550 865 649 906; x_wconf 89' lang='lat' dir='ltr'><strong>suo</strong></span> <span class='ocrx_word' id='word_1_47' title='bbox 689 850 935 906; x_wconf 81' lang='lat' dir='ltr'><strong>cubiculo</strong></span> <span class='ocrx_word' id='word_1_48' title='bbox 966 849 1289 903; x_wconf 83' lang='lat' dir='ltr'><strong>residentem</strong></span> <span class='ocrx_word' id='word_1_49' title='bbox 1319 863 1439 902; x_wconf 90' lang='lat' dir='ltr'><strong>cum</strong></span> <span class='ocrx_word' id='word_1_50' title='bbox 1467 847 1578 902; x_wconf 90' lang='lat' dir='ltr'><strong>suis</strong></span> <span class='ocrx_word' id='word_1_51' title='bbox 1607 845 1772 900; x_wconf 87' lang='lat' dir='ltr'><strong>truci-</strong></span> 
     </span>
    </p>
   </div>
   <div class='ocr_carea' id='block_1_9' title="bbox 190 937 1772 1012">
    <p class='ocr_par' dir='ltr' id='par_1_9' title="bbox 190 937 1772 1012">
     <span class='ocr_line' id='line_1_9' title="bbox 190 937 1772 1012; baseline -0.003 -17"><span class='ocrx_word' id='word_1_52' title='bbox 190 945 353 997; x_wconf 87' lang='lat' dir='ltr'><strong>davit.</strong></span> <span class='ocrx_word' id='word_1_53' title='bbox 379 943 524 998; x_wconf 85' lang='lat' dir='ltr'><strong>Bella</strong></span> <span class='ocrx_word' id='word_1_54' title='bbox 550 955 763 1012; x_wconf 80' lang='lat' dir='ltr'><strong>quoque</strong></span> <span class='ocrx_word' id='word_1_55' title='bbox 787 941 948 994; x_wconf 90' lang='lat' dir='ltr'><strong>multa</strong></span> <span class='ocrx_word' id='word_1_56' title='bbox 973 955 1095 994; x_wconf 89' lang='lat' dir='ltr'><strong>cum</strong></span> <span class='ocrx_word' id='word_1_57' title='bbox 1121 939 1443 1004; x_wconf 81' lang='lat' dir='ltr'><strong>Saxonibus,</strong></span> <span class='ocrx_word' id='word_1_58' title='bbox 1465 946 1520 993; x_wconf 92' lang='lat' dir='ltr'><strong>et</strong></span> <span class='ocrx_word' id='word_1_59' title='bbox 1540 937 1772 991; x_wconf 82' lang='lat' dir='ltr'><strong>maxime</strong></span> 
     </span>
    </p>
   </div>
   <div class='ocr_carea' id='block_1_10' title="bbox 191 1027 1770 1099">
    <p class='ocr_par' dir='ltr' id='par_1_10' title="bbox 191 1027 1770 1099">
     <span class='ocr_line' id='line_1_10' title="bbox 191 1027 1770 1099; baseline -0.004 -10"><span class='ocrx_word' id='word_1_60' title='bbox 191 1050 305 1089; x_wconf 80' lang='lat' dir='ltr'><strong>curn</strong></span> <span class='ocrx_word' id='word_1_61' title='bbox 343 1032 373 1070; x_wconf 66' lang='grc' dir='ltr'>δ</span> <span class='ocrx_word' id='word_1_62' title='bbox 407 1033 652 1087; x_wconf 77' lang='lat' dir='ltr'><strong>Rathodo</strong></span> <span class='ocrx_word' id='word_1_63' title='bbox 681 1031 979 1087; x_wconf 87' lang='lat' dir='ltr'><strong>Frisionum</strong></span> <span class='ocrx_word' id='word_1_64' title='bbox 1026 1046 1173 1099; x_wconf 81' lang='lat' dir='ltr'><strong>rege,</strong></span> <span class='ocrx_word' id='word_1_65' title='bbox 1219 1030 1425 1084; x_wconf 82' lang='lat' dir='ltr'><strong>fortiter</strong></span> <span class='ocrx_word' id='word_1_66' title='bbox 1463 1029 1642 1098; x_wconf 78' lang='lat' dir='ltr'><strong>gessit.</strong></span> <span class='ocrx_word' id='word_1_67' title='bbox 1670 1027 1770 1082; x_wconf 88' lang='lat' dir='ltr'><strong>Ilic</strong></span> 
     </span>
    </p>
   </div>
   <div class='ocr_carea' id='block_1_11' title="bbox 192 1120 1770 1191">
    <p class='ocr_par' dir='ltr' id='par_1_11' title="bbox 192 1120 1770 1191">
     <span class='ocr_line' id='line_1_11' title="bbox 192 1120 1770 1191; baseline -0.003 -12"><span class='ocrx_word' id='word_1_68' title='bbox 192 1137 241 1179; x_wconf 89' lang='lat' dir='ltr'><strong>et</strong></span> <span class='ocrx_word' id='word_1_69' title='bbox 264 1136 286 1164; x_wconf 73' lang='grc' dir='ltr'><em>ε</em></span> <span class='ocrx_word' id='word_1_70' title='bbox 319 1125 457 1182; x_wconf 86' lang='lat' dir='ltr'><strong>alios</strong></span> <span class='ocrx_word' id='word_1_71' title='bbox 511 1125 648 1180; x_wconf 84' lang='lat' dir='ltr'><strong>ﬁlios</strong></span> <span class='ocrx_word' id='word_1_72' title='bbox 679 1123 880 1189; x_wconf 80' lang='lat' dir='ltr'><strong>habuit,</strong></span> <span class='ocrx_word' id='word_1_73' title='bbox 907 1122 1000 1178; x_wconf 89' lang='lat' dir='ltr'><strong>sed</strong></span> <span class='ocrx_word' id='word_1_74' title='bbox 1024 1138 1088 1176; x_wconf 90' lang='lat' dir='ltr'><strong>ex</strong></span> <span class='ocrx_word' id='word_1_75' title='bbox 1125 1122 1205 1176; x_wconf 87' lang='lat' dir='ltr'><strong>his</strong></span> <span class='ocrx_word' id='word_1_76' title='bbox 1224 1120 1447 1176; x_wconf 84' lang='lat' dir='ltr'><strong>Carolus</strong></span> <span class='ocrx_word' id='word_1_77' title='bbox 1473 1121 1770 1191; x_wconf 65' lang='lat' dir='ltr'><strong>pracipuus</strong></span> 
     </span>
    </p>
   </div>
   <div class='ocr_carea' id='block_1_12' title="bbox 188 1205 1516 1284">
    <p class='ocr_par' dir='ltr' id='par_1_12' title="bbox 188 1205 1516 1284">
     <span class='ocr_line' id='line_1_12' title="bbox 188 1205 1516 1284; baseline -0.001 -19"><span class='ocrx_word' id='word_1_78' title='bbox 188 1205 414 1275; x_wconf 66' lang='lat' dir='ltr'><strong>entilil,</strong></span> <span class='ocrx_word' id='word_1_79' title='bbox 452 1212 540 1284; x_wconf 79' lang='lat' dir='ltr'><strong>qui</strong></span> <span class='ocrx_word' id='word_1_80' title='bbox 570 1214 620 1269; x_wconf 92' lang='lat' dir='ltr'><strong>ei</strong></span> <span class='ocrx_word' id='word_1_81' title='bbox 663 1222 783 1282; x_wconf 86' lang='lat' dir='ltr'><strong>post</strong></span> <span class='ocrx_word' id='word_1_82' title='bbox 834 1212 884 1265; x_wconf 92' lang='lat' dir='ltr'><strong>in</strong></span> <span class='ocrx_word' id='word_1_83' title='bbox 914 1212 1207 1281; x_wconf 89' lang='lat' dir='ltr'><strong>principatu</strong></span> <span class='ocrx_word' id='word_1_84' title='bbox 1238 1211 1516 1267; x_wconf 86' lang='lat' dir='ltr'><strong>successit.</strong></span> 
     </span>
    </p>
   </div>
   <div class='ocr_carea' id='block_1_13' title="bbox 690 1300 1269 1359">
    <p class='ocr_par' dir='ltr' id='par_1_13' title="bbox 690 1300 1269 1359">
     <span class='ocr_line' id='line_1_13' title="bbox 690 1300 1269 1359; baseline -0.003 0"><span class='ocrx_word' id='word_1_85' title='bbox 690 1300 917 1359; x_wconf 82' lang='lat' dir='ltr'><strong>CAPUT</strong></span> <span class='ocrx_word' id='word_1_86' title='bbox 980 1302 1077 1358; x_wconf 85' lang='lat' dir='ltr'><strong>XX</strong></span> <span class='ocrx_word' id='word_1_87' title='bbox 1091 1303 1269 1357; x_wconf 73' lang='lat' dir='ltr'><strong>XVIII.</strong></span> 
     </span>
    </p>
   </div>
   <div class='ocr_carea' id='block_1_14' title="bbox 197 1390 1762 1462">
    <p class='ocr_par' dir='ltr' id='par_1_14' title="bbox 197 1390 1762 1462">
     <span class='ocr_line' id='line_1_14' title="bbox 197 1390 1762 1462; baseline -0.003 -14"><span class='ocrx_word' id='word_1_88' title='bbox 197 1393 465 1462; x_wconf 77' lang='lat' dir='ltr'><strong>Quomodo</strong></span> <span class='ocrx_word' id='word_1_89' title='bbox 521 1393 870 1460; x_wconf 84' lang='lat' dir='ltr'><strong>Liutprandus</strong></span> <span class='ocrx_word' id='word_1_90' title='bbox 917 1409 1007 1446; x_wconf 74' lang='lat' dir='ltr'><strong>rex</strong></span> <span class='ocrx_word' id='word_1_91' title='bbox 1063 1393 1301 1448; x_wconf 83' lang='lat' dir='ltr'><strong>Rotharit</strong></span> <span class='ocrx_word' id='word_1_92' title='bbox 1349 1408 1494 1445; x_wconf 84' lang='lat' dir='ltr'><strong>suum</strong></span> <span class='ocrx_word' id='word_1_93' title='bbox 1525 1390 1762 1446; x_wconf 77' lang='lat' dir='ltr'><strong>rebellem</strong></span> 
     </span>
    </p>
   </div>
   <div class='ocr_carea' id='block_1_15' title="bbox 448 1463 1508 1532">
    <p class='ocr_par' dir='ltr' id='par_1_15' title="bbox 448 1463 1508 1532">
     <span class='ocr_line' id='line_1_15' title="bbox 448 1463 1508 1532; baseline -0.002 -16"><span class='ocrx_word' id='word_1_94' title='bbox 448 1465 656 1530; x_wconf 81' lang='lat' dir='ltr'><strong>occidit,</strong></span> <span class='ocrx_word' id='word_1_95' title='bbox 683 1475 728 1517; x_wconf 89' lang='lat' dir='ltr'><strong>et</strong></span> <span class='ocrx_word' id='word_1_96' title='bbox 758 1465 820 1516; x_wconf 89' lang='lat' dir='ltr'><strong>de</strong></span> <span class='ocrx_word' id='word_1_97' title='bbox 847 1463 1063 1516; x_wconf 85' lang='lat' dir='ltr'><strong>audacia</strong></span> <span class='ocrx_word' id='word_1_98' title='bbox 1092 1463 1314 1532; x_wconf 78' lang='lat' dir='ltr'><strong>ejusdem</strong></span> <span class='ocrx_word' id='word_1_99' title='bbox 1355 1463 1508 1531; x_wconf 86' lang='lat' dir='ltr'><strong>regis.</strong></span> 
     </span>
    </p>
   </div>
   <div class='ocr_carea' id='block_1_16' title="bbox 259 1555 1765 1625">
    <p class='ocr_par' dir='ltr' id='par_1_16' title="bbox 259 1555 1765 1625">
     <span class='ocr_line' id='line_1_16' title="bbox 259 1555 1765 1625; baseline -0.001 -15"><span class='ocrx_word' id='word_1_100' title='bbox 259 1558 328 1610; x_wconf 71' lang='lat' dir='ltr'><strong>At</strong></span> <span class='ocrx_word' id='word_1_101' title='bbox 350 1571 484 1611; x_wconf 83' lang='lat' dir='ltr'><strong>vero</strong></span> <span class='ocrx_word' id='word_1_102' title='bbox 512 1555 868 1624; x_wconf 89' lang='lat' dir='ltr'><strong>Liutprandus</strong></span> <span class='ocrx_word' id='word_1_103' title='bbox 890 1571 986 1612; x_wconf 90' lang='lat' dir='ltr'><strong>rex</strong></span> <span class='ocrx_word' id='word_1_104' title='bbox 1018 1571 1136 1610; x_wconf 92' lang='lat' dir='ltr'><strong>cum</strong></span> <span class='ocrx_word' id='word_1_105' title='bbox 1169 1556 1218 1609; x_wconf 92' lang='lat' dir='ltr'><strong>in</strong></span> <span class='ocrx_word' id='word_1_106' title='bbox 1239 1570 1400 1625; x_wconf 87' lang='lat' dir='ltr'><strong>regno</strong></span> <span class='ocrx_word' id='word_1_107' title='bbox 1421 1556 1765 1610; x_wconf 88' lang='lat' dir='ltr'><strong>confirmatus</strong></span> 
     </span>
    </p>
   </div>
   <div class='ocr_carea' id='block_1_17' title="bbox 195 1647 1766 1718">
    <p class='ocr_par' dir='ltr' id='par_1_17' title="bbox 195 1647 1766 1718">
     <span class='ocr_line' id='line_1_17' title="bbox 195 1647 1766 1718; baseline 0.001 -16"><span class='ocrx_word' id='word_1_108' title='bbox 195 1658 359 1710; x_wconf 86' lang='lat' dir='ltr'><strong>esset,</strong></span> <span class='ocrx_word' id='word_1_109' title='bbox 393 1664 513 1702; x_wconf 91' lang='lat' dir='ltr'><strong>eum</strong></span> <span class='ocrx_word' id='word_1_110' title='bbox 547 1647 788 1703; x_wconf 82' lang='lat' dir='ltr'><strong>Rotharit</strong></span> <span class='ocrx_word' id='word_1_111' title='bbox 810 1648 923 1718; x_wconf 88' lang='lat' dir='ltr'><strong>ejus</strong></span> <span class='ocrx_word' id='word_1_112' title='bbox 943 1649 1363 1718; x_wconf 87' lang='lat' dir='ltr'><strong>consanguineus</strong></span> <span class='ocrx_word' id='word_1_113' title='bbox 1395 1648 1655 1717; x_wconf 80' lang='lat' dir='ltr'><strong>perimere</strong></span> <span class='ocrx_word' id='word_1_114' title='bbox 1679 1665 1766 1703; x_wconf 84' lang='lat' dir='ltr'><strong>vo-</strong></span> 
     </span>
    </p>
   </div>
   <div class='ocr_carea' id='block_1_18' title="bbox 192 1738 1766 1805">
    <p class='ocr_par' dir='ltr' id='par_1_18' title="bbox 192 1738 1766 1805">
     <span class='ocr_line' id='line_1_18' title="bbox 192 1738 1766 1805; baseline -0.001 -12"><span class='ocrx_word' id='word_1_115' title='bbox 192 1739 310 1793; x_wconf 88' lang='lat' dir='ltr'><strong>luit.</strong></span> <span class='ocrx_word' id='word_1_116' title='bbox 354 1738 405 1792; x_wconf 89' lang='lat' dir='ltr'><strong>Is</strong></span> <span class='ocrx_word' id='word_1_117' title='bbox 452 1739 592 1793; x_wconf 89' lang='lat' dir='ltr'><strong>enim</strong></span> <span class='ocrx_word' id='word_1_118' title='bbox 640 1740 945 1793; x_wconf 78' lang='lat' dir='ltr'><strong>convivium</strong></span> <span class='ocrx_word' id='word_1_119' title='bbox 993 1739 1040 1793; x_wconf 92' lang='lat' dir='ltr'><strong>ei</strong></span> <span class='ocrx_word' id='word_1_120' title='bbox 1075 1739 1128 1792; x_wconf 89' lang='lat' dir='ltr'><strong>in</strong></span> <span class='ocrx_word' id='word_1_121' title='bbox 1155 1738 1313 1791; x_wconf 86' lang='lat' dir='ltr'><strong>domo</strong></span> <span class='ocrx_word' id='word_1_122' title='bbox 1339 1753 1429 1791; x_wconf 89' lang='lat' dir='ltr'><strong>sua</strong></span> <span class='ocrx_word' id='word_1_123' title='bbox 1462 1739 1598 1805; x_wconf 91' lang='lat' dir='ltr'><strong>apud</strong></span> <span class='ocrx_word' id='word_1_124' title='bbox 1627 1739 1766 1792; x_wconf 83' lang='lat' dir='ltr'><strong>Tici-</strong></span> 
     </span>
    </p>
   </div>
   <div class='ocr_carea' id='block_1_19' title="bbox 1874 571 3445 641">
    <p class='ocr_par' dir='ltr' id='par_1_19' title="bbox 1874 571 3445 641">
     <span class='ocr_line' id='line_1_19' title="bbox 1874 571 3445 641; baseline -0.001 -15"><span class='ocrx_word' id='word_1_125' title='bbox 1874 573 2116 626; x_wconf 89' lang='lat' dir='ltr'><strong>bortatus</strong></span> <span class='ocrx_word' id='word_1_126' title='bbox 2142 583 2242 626; x_wconf 91' lang='lat' dir='ltr'><strong>est.</strong></span> <span class='ocrx_word' id='word_1_127' title='bbox 2271 573 2369 640; x_wconf 83' lang='lat' dir='ltr'><strong>Qui</strong></span> <span class='ocrx_word' id='word_1_128' title='bbox 2400 572 2578 626; x_wconf 84' lang='lat' dir='ltr'><strong>statim</strong></span> <span class='ocrx_word' id='word_1_129' title='bbox 2623 572 2743 641; x_wconf 84' lang='lat' dir='ltr'><strong>ejus</strong></span> <span class='ocrx_word' id='word_1_130' title='bbox 2797 572 3020 641; x_wconf 86' lang='lat' dir='ltr'><strong>pedibus</strong></span> <span class='ocrx_word' id='word_1_131' title='bbox 3067 571 3355 640; x_wconf 79' lang='lat' dir='ltr'><strong>provoluti,</strong></span> <span class='ocrx_word' id='word_1_132' title='bbox 3396 573 3445 627; x_wconf 89' lang='lat' dir='ltr'><strong>ei</strong></span> 
     </span>
    </p>
   </div>
   <div class='ocr_carea' id='block_1_20' title="bbox 1871 663 3450 732">
    <p class='ocr_par' dir='ltr' id='par_1_20' title="bbox 1871 663 3450 732">
     <span class='ocr_line' id='line_1_20' title="bbox 1871 663 3450 732; baseline -0.001 -14"><span class='ocrx_word' id='word_1_133' title='bbox 1871 675 1994 718; x_wconf 87' lang='lat' dir='ltr'><strong>sunt</strong></span> <span class='ocrx_word' id='word_1_134' title='bbox 2016 675 2204 716; x_wconf 91' lang='lat' dir='ltr'><strong>cuncta</strong></span> <span class='ocrx_word' id='word_1_135' title='bbox 2236 679 2354 730; x_wconf 67' lang='lat' dir='ltr'><strong>quae</strong></span> <span class='ocrx_word' id='word_1_136' title='bbox 2377 663 2665 716; x_wconf 84' lang='lat' dir='ltr'><strong>machinati</strong></span> <span class='ocrx_word' id='word_1_137' title='bbox 2695 672 2847 718; x_wconf 88' lang='lat' dir='ltr'><strong>erant</strong></span> <span class='ocrx_word' id='word_1_138' title='bbox 2876 663 3123 732; x_wconf 75' lang='lat' dir='ltr'><strong>professi.</strong></span> <span class='ocrx_word' id='word_1_139' title='bbox 3154 663 3304 718; x_wconf 82' lang='lat' dir='ltr'><strong>Etde</strong></span> <span class='ocrx_word' id='word_1_140' title='bbox 3325 664 3450 717; x_wconf 85' lang='lat' dir='ltr'><strong>aliis</strong></span> 
     </span>
    </p>
   </div>
   <div class='ocr_carea' id='block_1_21' title="bbox 1876 753 3446 822">
    <p class='ocr_par' dir='ltr' id='par_1_21' title="bbox 1876 753 3446 822">
     <span class='ocr_line' id='line_1_21' title="bbox 1876 753 3446 822; baseline 0.001 -16"><span class='ocrx_word' id='word_1_141' title='bbox 1876 768 2086 822; x_wconf 84' lang='lat' dir='ltr'><strong>quoque</strong></span> <span class='ocrx_word' id='word_1_142' title='bbox 2131 753 2381 808; x_wconf 83' lang='lat' dir='ltr'><strong>similiter</strong></span> <span class='ocrx_word' id='word_1_143' title='bbox 2426 753 2575 808; x_wconf 87' lang='lat' dir='ltr'><strong>fecit.</strong></span> <span class='ocrx_word' id='word_1_144' title='bbox 2633 753 2737 809; x_wconf 89' lang='lat' dir='ltr'><strong>Sed</strong></span> <span class='ocrx_word' id='word_1_145' title='bbox 2794 763 2973 810; x_wconf 89' lang='lat' dir='ltr'><strong>tamen</strong></span> <span class='ocrx_word' id='word_1_146' title='bbox 3019 753 3278 810; x_wconf 90' lang='lat' dir='ltr'><strong>confessis</strong></span> <span class='ocrx_word' id='word_1_147' title='bbox 3323 769 3446 810; x_wconf 88' lang='lat' dir='ltr'><strong>mox</strong></span> 
     </span>
    </p>
   </div>
   <div class='ocr_carea' id='block_1_22' title="bbox 1873 845 2786 916">
    <p class='ocr_par' dir='ltr' id='par_1_22' title="bbox 1873 845 2786 916">
     <span class='ocr_line' id='line_1_22' title="bbox 1873 845 2786 916; baseline 0 -16"><span class='ocrx_word' id='word_1_148' title='bbox 1873 855 2032 901; x_wconf 66' lang='lat' dir='ltr'><strong>tantae</strong></span> <span class='ocrx_word' id='word_1_149' title='bbox 2058 846 2273 901; x_wconf 82' lang='lat' dir='ltr'><strong>malitiae</strong></span> <span class='ocrx_word' id='word_1_150' title='bbox 2298 845 2505 916; x_wconf 87' lang='lat' dir='ltr'><strong>culpam</strong></span> <span class='ocrx_word' id='word_1_151' title='bbox 2532 847 2786 915; x_wconf 85' lang='lat' dir='ltr'><strong>pepercit.</strong></span> 
     </span>
    </p>
   </div>
   <div class='ocr_carea' id='block_1_23' title="bbox 2397 957 2914 1016">
    <p class='ocr_par' dir='ltr' id='par_1_23' title="bbox 2397 957 2914 1016">
     <span class='ocr_line' id='line_1_23' title="bbox 2397 957 2914 1016; baseline 0.006 -4"><span class='ocrx_word' id='word_1_152' title='bbox 2397 957 2622 1013; x_wconf 80' lang='lat' dir='ltr'><strong>CAPUT</strong></span> <span class='ocrx_word' id='word_1_153' title='bbox 2669 957 2914 1016; x_wconf 80' lang='lat' dir='ltr'><strong>XXXIX.</strong></span> 
     </span>
    </p>
   </div>
   <div class='ocr_carea' id='block_1_24' title="bbox 1871 1047 3438 1175">
    <p class='ocr_par' dir='ltr' id='par_1_24' title="bbox 1871 1047 3438 1175">
     <span class='ocr_line' id='line_1_24' title="bbox 1871 1047 3438 1175; baseline 0.004 -74"><span class='ocrx_word' id='word_1_154' title='bbox 1871 1047 1948 1104; x_wconf 88' lang='lat' dir='ltr'><strong>De</strong></span> <span class='ocrx_word' id='word_1_155' title='bbox 1968 1057 2123 1104; x_wconf 82' lang='lat' dir='ltr'><strong>morte</strong></span> <span class='ocrx_word' id='word_1_156' title='bbox 2151 1047 2338 1118; x_wconf 80' lang='lat' dir='ltr'><strong>Gisulﬁ</strong></span> <span class='ocrx_word' id='word_1_157' title='bbox 2363 1048 2892 1175; x_wconf 55' lang='lat' dir='ltr'><strong>ducisRBeneuelztani,</strong></span> <span class='ocrx_word' id='word_1_158' title='bbox 2927 1059 2977 1106; x_wconf 88' lang='lat' dir='ltr'><strong>et</strong></span> <span class='ocrx_word' id='word_1_159' title='bbox 3003 1051 3187 1106; x_wconf 78' lang='lat' dir='ltr'><strong>ducatu</strong></span> <span class='ocrx_word' id='word_1_160' title='bbox 3208 1052 3306 1121; x_wconf 78' lang='lat' dir='ltr'><strong>ﬁlii</strong></span> <span class='ocrx_word' id='word_1_161' title='bbox 3326 1053 3438 1124; x_wconf 87' lang='lat' dir='ltr'><strong>ejus</strong></span> 
     </span>
     <span class='ocr_line' id='line_1_25' title="bbox 2565 1137 2809 1175; baseline 0.004 -1"><span class='ocrx_word' id='word_1_162' title='bbox 2565 1137 2708 1174; x_wconf 88' lang='lat' dir='ltr'><strong>omoa</strong></span> <span class='ocrx_word' id='word_1_163' title='bbox 2769 1138 2809 1175; x_wconf 78' lang='grc' dir='ltr'><strong>ι.</strong></span> 
     </span>
    </p>
   </div>
   <div class='ocr_carea' id='block_1_25' title="bbox 2565 1137 2809 1175">
    <p class='ocr_par' dir='ltr' id='par_1_25' title="bbox 2565 1137 2809 1175">
     <span class='ocr_line' id='line_1_26' title="bbox 2565 1137 2809 1175; baseline 0.004 -1"><span class='ocrx_word' id='word_1_164' title='bbox 2565 1137 2809 1175; x_wconf 74' lang='grc' dir='ltr'><strong>οιηοαιαι.</strong></span> 
     </span>
    </p>
   </div>
   <div class='ocr_carea' id='block_1_26' title="bbox 1944 1209 3444 1282">
    <p class='ocr_par' dir='ltr' id='par_1_26' title="bbox 1944 1209 3444 1282">
     <span class='ocr_line' id='line_1_27' title="bbox 1944 1209 3444 1282; baseline 0.004 -18"><span class='ocrx_word' id='word_1_165' title='bbox 1944 1209 2200 1266; x_wconf 82' lang='lat' dir='ltr'><strong>Defuncto</strong></span> <span class='ocrx_word' id='word_1_166' title='bbox 2253 1211 2432 1282; x_wconf 83' lang='lat' dir='ltr'><strong>itaque</strong></span> <span class='ocrx_word' id='word_1_167' title='bbox 2488 1211 2700 1267; x_wconf 86' lang='lat' dir='ltr'><strong>Gisulfo</strong></span> <span class='ocrx_word' id='word_1_168' title='bbox 2759 1212 3255 1269; x_wconf 88' lang='lat' dir='ltr'><strong>Beneventanorum</strong></span> <span class='ocrx_word' id='word_1_169' title='bbox 3285 1214 3444 1280; x_wconf 89' lang='lat' dir='ltr'><strong>duce,</strong></span> 
     </span>
    </p>
   </div>
   <div class='ocr_carea' id='block_1_27' title="bbox 1870 1301 3445 1375">
    <p class='ocr_par' dir='ltr' id='par_1_27' title="bbox 1870 1301 3445 1375">
     <span class='ocr_line' id='line_1_28' title="bbox 1870 1301 3445 1375; baseline 0.004 -19"><span class='ocrx_word' id='word_1_170' title='bbox 1870 1301 2163 1356; x_wconf 79' lang='lat' dir='ltr'><strong>Samnitum</strong></span> <span class='ocrx_word' id='word_1_171' title='bbox 2194 1311 2218 1338; x_wconf 79' lang='grc' dir='ltr'><strong><em>ο</em></strong></span> <span class='ocrx_word' id='word_1_172' title='bbox 2252 1303 2474 1370; x_wconf 89' lang='lat' dir='ltr'><strong>populus</strong></span> <span class='ocrx_word' id='word_1_173' title='bbox 2505 1302 2861 1360; x_wconf 81' lang='lat' dir='ltr'><strong>Romoaldum</strong></span> <span class='ocrx_word' id='word_1_174' title='bbox 2917 1304 3035 1375; x_wconf 85' lang='lat' dir='ltr'><strong>ejus</strong></span> <span class='ocrx_word' id='word_1_175' title='bbox 3071 1304 3237 1363; x_wconf 87' lang='lat' dir='ltr'><strong>filium</strong></span> <span class='ocrx_word' id='word_1_176' title='bbox 3267 1305 3334 1363; x_wconf 91' lang='lat' dir='ltr'><strong>ad</strong></span> <span class='ocrx_word' id='word_1_177' title='bbox 3359 1321 3445 1363; x_wconf 88' lang='lat' dir='ltr'><strong>re-</strong></span> 
     </span>
    </p>
   </div>
   <div class='ocr_carea' id='block_1_28' title="bbox 1871 1395 2532 1465">
    <p class='ocr_par' dir='ltr' id='par_1_28' title="bbox 1871 1395 2532 1465">
     <span class='ocr_line' id='line_1_29' title="bbox 1871 1395 2532 1465; baseline 0.002 -16"><span class='ocrx_word' id='word_1_178' title='bbox 1871 1395 2098 1465; x_wconf 85' lang='lat' dir='ltr'><strong>gendum</strong></span> <span class='ocrx_word' id='word_1_179' title='bbox 2131 1409 2188 1450; x_wconf 90' lang='lat' dir='ltr'><strong>se</strong></span> <span class='ocrx_word' id='word_1_180' title='bbox 2211 1395 2532 1451; x_wconf 87' lang='lat' dir='ltr'><strong>sublimavit.</strong></span> 
     </span>
    </p>
   </div>
   <div class='ocr_carea' id='block_1_29' title="bbox 2468 1509 2834 1564">
    <p class='ocr_par' dir='ltr' id='par_1_29' title="bbox 2468 1509 2834 1564">
     <span class='ocr_line' id='line_1_30' title="bbox 2468 1509 2834 1564; baseline 0.003 -1"><span class='ocrx_word' id='word_1_181' title='bbox 2468 1509 2693 1564; x_wconf 82' lang='lat' dir='ltr'><strong>CAPUT</strong></span> <span class='ocrx_word' id='word_1_182' title='bbox 2725 1509 2834 1564; x_wconf 83' lang='lat' dir='ltr'><strong>XL.</strong></span> 
     </span>
    </p>
   </div>
   <div class='ocr_carea' id='block_1_30' title="bbox 1872 1599 3435 1664">
    <p class='ocr_par' dir='ltr' id='par_1_30' title="bbox 1872 1599 3435 1664">
     <span class='ocr_line' id='line_1_31' title="bbox 1872 1599 3435 1664; baseline 0.003 -12"><span class='ocrx_word' id='word_1_183' title='bbox 1872 1599 2135 1664; x_wconf 84' lang='lat' dir='ltr'><strong>Quomodo</strong></span> <span class='ocrx_word' id='word_1_184' title='bbox 2167 1600 2335 1654; x_wconf 87' lang='lat' dir='ltr'><strong>beatus</strong></span> <span class='ocrx_word' id='word_1_185' title='bbox 2366 1599 2625 1654; x_wconf 70' lang='lat' dir='ltr'><strong>Petronax</strong></span> <span class='ocrx_word' id='word_1_186' title='bbox 2655 1601 3011 1655; x_wconf 77' lang='lat' dir='ltr'><strong>monasterium</strong></span> <span class='ocrx_word' id='word_1_187' title='bbox 3056 1603 3223 1656; x_wconf 87' lang='lat' dir='ltr'><strong>sancti</strong></span> <span class='ocrx_word' id='word_1_188' title='bbox 3260 1601 3435 1656; x_wconf 80' lang='lat' dir='ltr'><strong>Patr-is</strong></span> 
     </span>
    </p>
   </div>
   <div class='ocr_carea' id='block_1_31' title="bbox 1939 1670 3434 1742">
    <p class='ocr_par' dir='ltr' id='par_1_31' title="bbox 1939 1670 3434 1742">
     <span class='ocr_line' id='line_1_32' title="bbox 1939 1670 3434 1742; baseline 0.004 -21"><span class='ocrx_word' id='word_1_189' title='bbox 1939 1670 2192 1742; x_wconf 71' lang='lat' dir='ltr'><strong>Benedicti</strong></span> <span class='ocrx_word' id='word_1_190' title='bbox 2216 1672 2353 1737; x_wconf 86' lang='lat' dir='ltr'><strong>apud</strong></span> <span class='ocrx_word' id='word_1_191' title='bbox 2379 1671 2648 1742; x_wconf 70' lang='lat' dir='ltr'><strong>Cossitium</strong></span> <span class='ocrx_word' id='word_1_192' title='bbox 2676 1673 2954 1742; x_wconf 82' lang='lat' dir='ltr'><strong>reparavit,</strong></span> <span class='ocrx_word' id='word_1_193' title='bbox 2975 1680 3022 1725; x_wconf 88' lang='lat' dir='ltr'><strong>et</strong></span> <span class='ocrx_word' id='word_1_194' title='bbox 3044 1674 3108 1726; x_wconf 82' lang='lat' dir='ltr'><strong>de</strong></span> <span class='ocrx_word' id='word_1_195' title='bbox 3129 1673 3434 1728; x_wconf 85' lang='lat' dir='ltr'><strong>monasterio</strong></span> 
     </span>
    </p>
   </div>
   <div class='ocr_carea' id='block_1_32' title="bbox 1940 1739 2414 1794">
    <p class='ocr_par' dir='ltr' id='par_1_32' title="bbox 1940 1739 2414 1794">
     <span class='ocr_line' id='line_1_33' title="bbox 1940 1739 2414 1794; baseline 0.002 -2"><span class='ocrx_word' id='word_1_196' title='bbox 1940 1741 2102 1792; x_wconf 82' lang='lat' dir='ltr'><strong>sancti</strong></span> <span class='ocrx_word' id='word_1_197' title='bbox 2137 1739 2414 1794; x_wconf 82' lang='lat' dir='ltr'><strong>Vincentii.</strong></span> 
     </span>
    </p>
   </div>
   <div class='ocr_carea' id='block_1_33' title="bbox 193 1828 3442 1900">
    <p class='ocr_par' dir='ltr' id='par_1_33' title="bbox 193 1828 3442 1900">
     <span class='ocr_line' id='line_1_34' title="bbox 193 1828 3442 1900; baseline 0.002 -16"><span class='ocrx_word' id='word_1_198' title='bbox 193 1846 316 1884; x_wconf 83' lang='lat' dir='ltr'><strong>nam</strong></span> <span class='ocrx_word' id='word_1_199' title='bbox 348 1829 687 1899; x_wconf 64' lang='lat' dir='ltr'><strong>praeparavit,</strong></span> <span class='ocrx_word' id='word_1_200' title='bbox 716 1830 768 1882; x_wconf 92' lang='lat' dir='ltr'><strong>in</strong></span> <span class='ocrx_word' id='word_1_201' title='bbox 797 1845 897 1897; x_wconf 89' lang='lat' dir='ltr'><strong>qua</strong></span> <span class='ocrx_word' id='word_1_202' title='bbox 927 1829 1084 1883; x_wconf 89' lang='lat' dir='ltr'><strong>domo</strong></span> <span class='ocrx_word' id='word_1_203' title='bbox 1113 1829 1256 1882; x_wconf 88' lang='lat' dir='ltr'><strong>viros</strong></span> <span class='ocrx_word' id='word_1_204' title='bbox 1301 1828 1640 1897; x_wconf 81' lang='lat' dir='ltr'><strong>fortissimos,</strong></span> <span class='ocrx_word' id='word_1_205' title='bbox 1673 1829 1760 1897; x_wconf 87' lang='lat' dir='ltr'><strong>qui</strong></span> <span class='ocrx_word' id='word_1_206' title='bbox 1794 1839 1842 1900; x_wconf 74' lang='grc' dir='ltr'>Β</span> <span class='ocrx_word' id='word_1_207' title='bbox 1935 1828 2088 1884; x_wconf 91' lang='lat' dir='ltr'><strong>Circa</strong></span> <span class='ocrx_word' id='word_1_208' title='bbox 2121 1829 2232 1883; x_wconf 82' lang='lat' dir='ltr'><strong>haec</strong></span> <span class='ocrx_word' id='word_1_209' title='bbox 2263 1840 2500 1899; x_wconf 81' lang='lat' dir='ltr'><strong>tempora</strong></span> <span class='ocrx_word' id='word_1_210' title='bbox 2539 1829 2556 1868; x_wconf 78' lang='grc' dir='ltr'><em>τ</em></span> <span class='ocrx_word' id='word_1_211' title='bbox 2589 1831 2853 1887; x_wconf 88' lang='lat' dir='ltr'><strong>Petronax</strong></span> <span class='ocrx_word' id='word_1_212' title='bbox 2898 1832 3028 1890; x_wconf 86' lang='lat' dir='ltr'><strong>civis</strong></span> <span class='ocrx_word' id='word_1_213' title='bbox 3053 1834 3328 1891; x_wconf 65' lang='lat' dir='ltr'><strong>Brexiante</strong></span> <span class='ocrx_word' id='word_1_214' title='bbox 3353 1849 3442 1889; x_wconf 79' lang='lat' dir='ltr'><strong>ur-</strong></span> 
     </span>
    </p>
   </div>
   <div class='ocr_carea' id='block_1_34' title="bbox 189 1920 1761 1991">
    <p class='ocr_par' dir='ltr' id='par_1_34' title="bbox 189 1920 1761 1991">
     <span class='ocr_line' id='line_1_35' title="bbox 189 1920 1761 1991; baseline -0.003 -15"><span class='ocrx_word' id='word_1_215' title='bbox 189 1937 367 1991; x_wconf 78' lang='lat' dir='ltr'><strong>regem</strong></span> <span class='ocrx_word' id='word_1_216' title='bbox 398 1921 768 1975; x_wconf 86' lang='lat' dir='ltr'><strong>convivantem</strong></span> <span class='ocrx_word' id='word_1_217' title='bbox 798 1920 1216 1989; x_wconf 84' lang='lat' dir='ltr'><strong>exstinguerent,</strong></span> <span class='ocrx_word' id='word_1_218' title='bbox 1264 1927 1496 1974; x_wconf 89' lang='lat' dir='ltr'><strong>armatos</strong></span> <span class='ocrx_word' id='word_1_219' title='bbox 1539 1920 1761 1973; x_wconf 77' lang='lat' dir='ltr'><strong>abscon-</strong></span> 
     </span>
    </p>
   </div>
   <div class='ocr_carea' id='block_1_35' title="bbox 188 2009 1763 2079">
    <p class='ocr_par' dir='ltr' id='par_1_35' title="bbox 188 2009 1763 2079">
     <span class='ocr_line' id='line_1_36' title="bbox 188 2009 1763 2079; baseline -0.004 -13"><span class='ocrx_word' id='word_1_220' title='bbox 188 2015 284 2068; x_wconf 86' lang='lat' dir='ltr'><strong>dit.</strong></span> <span class='ocrx_word' id='word_1_221' title='bbox 311 2011 467 2079; x_wconf 87' lang='lat' dir='ltr'><strong>Quod</strong></span> <span class='ocrx_word' id='word_1_222' title='bbox 496 2027 616 2066; x_wconf 86' lang='lat' dir='ltr'><strong>cum</strong></span> <span class='ocrx_word' id='word_1_223' title='bbox 647 2010 974 2077; x_wconf 82' lang='lat' dir='ltr'><strong>Liutprando</strong></span> <span class='ocrx_word' id='word_1_224' title='bbox 1002 2011 1298 2064; x_wconf 88' lang='lat' dir='ltr'><strong>nuntiatum</strong></span> <span class='ocrx_word' id='word_1_225' title='bbox 1326 2009 1530 2075; x_wconf 85' lang='lat' dir='ltr'><strong>fuisset,</strong></span> <span class='ocrx_word' id='word_1_226' title='bbox 1554 2025 1673 2064; x_wconf 91' lang='lat' dir='ltr'><strong>eum</strong></span> <span class='ocrx_word' id='word_1_227' title='bbox 1698 2009 1763 2062; x_wconf 92' lang='lat' dir='ltr'><strong>ad</strong></span> 
     </span>
    </p>
   </div>
   <div class='ocr_carea' id='block_1_36' title="bbox 190 2101 1766 2173">
    <p class='ocr_par' dir='ltr' id='par_1_36' title="bbox 190 2101 1766 2173">
     <span class='ocr_line' id='line_1_37' title="bbox 190 2101 1766 2173; baseline -0.001 -17"><span class='ocrx_word' id='word_1_228' title='bbox 190 2104 444 2173; x_wconf 80' lang='lat' dir='ltr'><strong>palatium</strong></span> <span class='ocrx_word' id='word_1_229' title='bbox 490 2117 645 2157; x_wconf 70' lang='lat' dir='ltr'><strong>sutum</strong></span> <span class='ocrx_word' id='word_1_230' title='bbox 690 2102 906 2158; x_wconf 87' lang='lat' dir='ltr'><strong>evocari</strong></span> <span class='ocrx_word' id='word_1_231' title='bbox 961 2102 1241 2170; x_wconf 66' lang='lat' dir='ltr'><strong>praicepit;</strong></span> <span class='ocrx_word' id='word_1_232' title='bbox 1299 2115 1479 2170; x_wconf 89' lang='lat' dir='ltr'><strong>quem,</strong></span> <span class='ocrx_word' id='word_1_233' title='bbox 1524 2101 1664 2154; x_wconf 88' lang='lat' dir='ltr'><strong>sicut</strong></span> <span class='ocrx_word' id='word_1_234' title='bbox 1716 2101 1766 2155; x_wconf 90' lang='lat' dir='ltr'><strong>ei</strong></span> 
     </span>
    </p>
   </div>
   <div class='ocr_carea' id='block_1_37' title="bbox 198 2195 1764 2264">
    <p class='ocr_par' dir='ltr' id='par_1_37' title="bbox 198 2195 1764 2264">
     <span class='ocr_line' id='line_1_38' title="bbox 198 2195 1764 2264; baseline -0.003 -14"><span class='ocrx_word' id='word_1_235' title='bbox 198 2196 402 2250; x_wconf 84' lang='lat' dir='ltr'><strong>dictum</strong></span> <span class='ocrx_word' id='word_1_236' title='bbox 428 2197 621 2260; x_wconf 83' lang='lat' dir='ltr'><strong>fuerat,</strong></span> <span class='ocrx_word' id='word_1_237' title='bbox 651 2195 873 2250; x_wconf 84' lang='lat' dir='ltr'><strong>loricam</strong></span> <span class='ocrx_word' id='word_1_238' title='bbox 905 2196 1006 2249; x_wconf 87' lang='lat' dir='ltr'><strong>sub</strong></span> <span class='ocrx_word' id='word_1_239' title='bbox 1032 2205 1178 2250; x_wconf 88' lang='lat' dir='ltr'><strong>veste</strong></span> <span class='ocrx_word' id='word_1_240' title='bbox 1202 2195 1438 2249; x_wconf 83' lang='lat' dir='ltr'><strong>indutum</strong></span> <span class='ocrx_word' id='word_1_241' title='bbox 1468 2195 1580 2264; x_wconf 90' lang='lat' dir='ltr'><strong>ipse</strong></span> <span class='ocrx_word' id='word_1_242' title='bbox 1609 2209 1764 2247; x_wconf 84' lang='lat' dir='ltr'><strong>manu</strong></span> 
     </span>
    </p>
   </div>
   <div class='ocr_carea' id='block_1_38' title="bbox 190 2285 1764 2354">
    <p class='ocr_par' dir='ltr' id='par_1_38' title="bbox 190 2285 1764 2354">
     <span class='ocr_line' id='line_1_39' title="bbox 190 2285 1764 2354; baseline -0.001 -15"><span class='ocrx_word' id='word_1_243' title='bbox 190 2293 522 2354; x_wconf 84' lang='lat' dir='ltr'><strong>pertractans</strong></span> <span class='ocrx_word' id='word_1_244' title='bbox 551 2285 770 2352; x_wconf 81' lang='lat' dir='ltr'><strong>reperit.</strong></span> <span class='ocrx_word' id='word_1_245' title='bbox 798 2285 896 2351; x_wconf 81' lang='lat' dir='ltr'><strong>Qui</strong></span> <span class='ocrx_word' id='word_1_246' title='bbox 929 2285 1173 2338; x_wconf 67' lang='lat' dir='ltr'><strong>liotbarit</strong></span> <span class='ocrx_word' id='word_1_247' title='bbox 1216 2301 1334 2339; x_wconf 89' lang='lat' dir='ltr'><strong>cum</strong></span> <span class='ocrx_word' id='word_1_248' title='bbox 1389 2299 1448 2339; x_wconf 91' lang='lat' dir='ltr'><strong>se</strong></span> <span class='ocrx_word' id='word_1_249' title='bbox 1496 2285 1764 2339; x_wconf 78' lang='lat' dir='ltr'><strong>detectum</strong></span> 
     </span>
    </p>
   </div>
   <div class='ocr_carea' id='block_1_39' title="bbox 185 2375 1763 2445">
    <p class='ocr_par' dir='ltr' id='par_1_39' title="bbox 185 2375 1763 2445">
     <span class='ocr_line' id='line_1_40' title="bbox 185 2375 1763 2445; baseline -0.003 -15"><span class='ocrx_word' id='word_1_250' title='bbox 185 2379 550 2444; x_wconf 75' lang='lat' dir='ltr'><strong>cognovisset,</strong></span> <span class='ocrx_word' id='word_1_251' title='bbox 577 2377 756 2430; x_wconf 84' lang='lat' dir='ltr'><strong>statim</strong></span> <span class='ocrx_word' id='word_1_252' title='bbox 790 2387 908 2445; x_wconf 91' lang='lat' dir='ltr'><strong>post</strong></span> <span class='ocrx_word' id='word_1_253' title='bbox 937 2391 995 2431; x_wconf 88' lang='lat' dir='ltr'><strong>se</strong></span> <span class='ocrx_word' id='word_1_254' title='bbox 1046 2375 1301 2431; x_wconf 84' lang='lat' dir='ltr'><strong>exsiliens</strong></span> <span class='ocrx_word' id='word_1_255' title='bbox 1351 2387 1554 2444; x_wconf 82' lang='lat' dir='ltr'><strong>spatam</strong></span> <span class='ocrx_word' id='word_1_256' title='bbox 1581 2377 1763 2444; x_wconf 81' lang='lat' dir='ltr'><strong>evagi-</strong></span> 
     </span>
    </p>
   </div>
   <div class='ocr_carea' id='block_1_40' title="bbox 185 2467 1763 2536">
    <p class='ocr_par' dir='ltr' id='par_1_40' title="bbox 185 2467 1763 2536">
     <span class='ocr_line' id='line_1_41' title="bbox 185 2467 1763 2536; baseline -0.003 -15"><span class='ocrx_word' id='word_1_257' title='bbox 185 2467 353 2531; x_wconf 86' lang='lat' dir='ltr'><strong>navit,</strong></span> <span class='ocrx_word' id='word_1_258' title='bbox 381 2475 647 2536; x_wconf 65' lang='lat' dir='ltr'><strong>utzregem</strong></span> <span class='ocrx_word' id='word_1_259' title='bbox 680 2475 1006 2536; x_wconf 87' lang='lat' dir='ltr'><strong>percuteret.</strong></span> <span class='ocrx_word' id='word_1_260' title='bbox 1032 2467 1072 2519; x_wconf 81' lang='grc' dir='ltr'><strong>Ε</strong></span> <span class='ocrx_word' id='word_1_261' title='bbox 1091 2477 1270 2520; x_wconf 90' lang='lat' dir='ltr'><strong>contra</strong></span> <span class='ocrx_word' id='word_1_262' title='bbox 1294 2482 1382 2520; x_wconf 85' lang='lat' dir='ltr'><strong>rex</strong></span> <span class='ocrx_word' id='word_1_263' title='bbox 1411 2481 1563 2520; x_wconf 89' lang='lat' dir='ltr'><strong>suum</strong></span> <span class='ocrx_word' id='word_1_264' title='bbox 1582 2481 1763 2520; x_wconf 85' lang='lat' dir='ltr'><strong>ensem</strong></span> 
     </span>
    </p>
   </div>
   <div class='ocr_carea' id='block_1_41' title="bbox 184 2555 1766 2626">
    <p class='ocr_par' dir='ltr' id='par_1_41' title="bbox 184 2555 1766 2626">
     <span class='ocr_line' id='line_1_42' title="bbox 184 2555 1766 2626; baseline 0.001 -17"><span class='ocrx_word' id='word_1_265' title='bbox 184 2558 372 2626; x_wconf 77' lang='lat' dir='ltr'><strong>vagina</strong></span> <span class='ocrx_word' id='word_1_266' title='bbox 401 2557 617 2611; x_wconf 89' lang='lat' dir='ltr'><strong>exemit.</strong></span> <span class='ocrx_word' id='word_1_267' title='bbox 638 2555 784 2611; x_wconf 85' lang='lat' dir='ltr'><strong>Tunc</strong></span> <span class='ocrx_word' id='word_1_268' title='bbox 811 2573 944 2611; x_wconf 87' lang='lat' dir='ltr'><strong>unus</strong></span> <span class='ocrx_word' id='word_1_269' title='bbox 965 2571 996 2611; x_wconf 91' lang='lat' dir='ltr'><strong>e</strong></span> <span class='ocrx_word' id='word_1_270' title='bbox 1013 2557 1170 2625; x_wconf 78' lang='lat' dir='ltr'><strong>regiis</strong></span> <span class='ocrx_word' id='word_1_271' title='bbox 1187 2557 1524 2622; x_wconf 87' lang='lat' dir='ltr'><strong>satellitibus,</strong></span> <span class='ocrx_word' id='word_1_272' title='bbox 1551 2557 1766 2610; x_wconf 76' lang='lat' dir='ltr'><strong>nomine</strong></span> 
     </span>
    </p>
   </div>
   <div class='ocr_carea' id='block_1_42' title="bbox 186 2645 1763 2718">
    <p class='ocr_par' dir='ltr' id='par_1_42' title="bbox 186 2645 1763 2718">
     <span class='ocr_line' id='line_1_43' title="bbox 186 2645 1763 2718; baseline 0.001 -18"><span class='ocrx_word' id='word_1_273' title='bbox 186 2646 354 2711; x_wconf 76' lang='lat' dir='ltr'><strong>Sabo,</strong></span> <span class='ocrx_word' id='word_1_274' title='bbox 403 2645 708 2701; x_wconf 81' lang='lat' dir='ltr'><strong>Rothsrita</strong></span> <span class='ocrx_word' id='word_1_275' title='bbox 740 2656 888 2718; x_wconf 89' lang='lat' dir='ltr'><strong>tergo</strong></span> <span class='ocrx_word' id='word_1_276' title='bbox 937 2648 1418 2714; x_wconf 82' lang='lat' dir='ltr'><strong>comprehenderis,</strong></span> <span class='ocrx_word' id='word_1_277' title='bbox 1476 2649 1542 2700; x_wconf 91' lang='lat' dir='ltr'><strong>ab</strong></span> <span class='ocrx_word' id='word_1_278' title='bbox 1595 2662 1664 2704; x_wconf 91' lang='lat' dir='ltr'><strong>eo</strong></span> <span class='ocrx_word' id='word_1_279' title='bbox 1708 2648 1763 2701; x_wconf 89' lang='lat' dir='ltr'><strong>in</strong></span> 
     </span>
    </p>
   </div>
   <div class='ocr_carea' id='block_1_43' title="bbox 186 2736 1764 2806">
    <p class='ocr_par' dir='ltr' id='par_1_43' title="bbox 186 2736 1764 2806">
     <span class='ocr_line' id='line_1_44' title="bbox 186 2736 1764 2806; baseline 0.001 -16"><span class='ocrx_word' id='word_1_280' title='bbox 186 2737 365 2792; x_wconf 85' lang='lat' dir='ltr'><strong>fronte</strong></span> <span class='ocrx_word' id='word_1_281' title='bbox 385 2737 698 2792; x_wconf 79' lang='lat' dir='ltr'><strong>vulneratus</strong></span> <span class='ocrx_word' id='word_1_282' title='bbox 739 2748 846 2792; x_wconf 89' lang='lat' dir='ltr'><strong>est.</strong></span> <span class='ocrx_word' id='word_1_283' title='bbox 899 2736 1074 2806; x_wconf 88' lang='lat' dir='ltr'><strong>Super</strong></span> <span class='ocrx_word' id='word_1_284' title='bbox 1118 2752 1276 2806; x_wconf 88' lang='lat' dir='ltr'><strong>quem</strong></span> <span class='ocrx_word' id='word_1_285' title='bbox 1325 2737 1568 2791; x_wconf 79' lang='lat' dir='ltr'><strong>Rotharit</strong></span> <span class='ocrx_word' id='word_1_286' title='bbox 1595 2747 1650 2792; x_wconf 91' lang='lat' dir='ltr'><strong>et</strong></span> <span class='ocrx_word' id='word_1_287' title='bbox 1675 2738 1764 2792; x_wconf 85' lang='lat' dir='ltr'><strong>alii</strong></span> 
     </span>
    </p>
   </div>
   <div class='ocr_carea' id='block_1_44' title="bbox 187 2826 1764 2897">
    <p class='ocr_par' dir='ltr' id='par_1_44' title="bbox 187 2826 1764 2897">
     <span class='ocr_line' id='line_1_45' title="bbox 187 2826 1764 2897; baseline 0.003 -17"><span class='ocrx_word' id='word_1_288' title='bbox 187 2826 490 2882; x_wconf 82' lang='lat' dir='ltr'><strong>insiticntes</strong></span> <span class='ocrx_word' id='word_1_289' title='bbox 517 2842 639 2881; x_wconf 87' lang='lat' dir='ltr'><strong>eum</strong></span> <span class='ocrx_word' id='word_1_290' title='bbox 673 2827 867 2882; x_wconf 89' lang='lat' dir='ltr'><strong>ibidem</strong></span> <span class='ocrx_word' id='word_1_291' title='bbox 884 2827 1214 2883; x_wconf 86' lang='lat' dir='ltr'><strong>occiderunt.</strong></span> <span class='ocrx_word' id='word_1_292' title='bbox 1246 2827 1482 2894; x_wconf 84' lang='lat' dir='ltr'><strong>Quatuor</strong></span> <span class='ocrx_word' id='word_1_293' title='bbox 1505 2844 1628 2884; x_wconf 90' lang='lat' dir='ltr'><strong>vero</strong></span> <span class='ocrx_word' id='word_1_294' title='bbox 1650 2830 1764 2897; x_wconf 78' lang='lat' dir='ltr'><strong>ejus</strong></span> 
     </span>
    </p>
   </div>
   <div class='ocr_carea' id='block_1_45' title="bbox 184 2919 1761 2989">
    <p class='ocr_par' dir='ltr' id='par_1_45' title="bbox 184 2919 1761 2989">
     <span class='ocr_line' id='line_1_46' title="bbox 184 2919 1761 2989; baseline 0.001 -16"><span class='ocrx_word' id='word_1_295' title='bbox 184 2919 276 2974; x_wconf 83' lang='lat' dir='ltr'><strong>ﬁlii</strong></span> <span class='ocrx_word' id='word_1_296' title='bbox 301 2919 393 2989; x_wconf 87' lang='lat' dir='ltr'><strong>qui</strong></span> <span class='ocrx_word' id='word_1_297' title='bbox 423 2934 528 2974; x_wconf 91' lang='lat' dir='ltr'><strong>non</strong></span> <span class='ocrx_word' id='word_1_298' title='bbox 557 2920 808 2986; x_wconf 88' lang='lat' dir='ltr'><strong>aderant,</strong></span> <span class='ocrx_word' id='word_1_299' title='bbox 842 2919 930 2975; x_wconf 88' lang='lat' dir='ltr'><strong>ubi</strong></span> <span class='ocrx_word' id='word_1_300' title='bbox 979 2919 1180 2975; x_wconf 87' lang='lat' dir='ltr'><strong>inventi</strong></span> <span class='ocrx_word' id='word_1_301' title='bbox 1213 2919 1279 2974; x_wconf 91' lang='lat' dir='ltr'><strong>ibi</strong></span> <span class='ocrx_word' id='word_1_302' title='bbox 1329 2920 1584 2988; x_wconf 85' lang='lat' dir='ltr'><strong>perempti</strong></span> <span class='ocrx_word' id='word_1_303' title='bbox 1617 2932 1761 2975; x_wconf 88' lang='lat' dir='ltr'><strong>sunt.</strong></span> 
     </span>
    </p>
   </div>
   <div class='ocr_carea' id='block_1_46' title="bbox 184 3011 1763 3081">
    <p class='ocr_par' dir='ltr' id='par_1_46' title="bbox 184 3011 1763 3081">
     <span class='ocr_line' id='line_1_47' title="bbox 184 3011 1763 3081; baseline 0.001 -16"><span class='ocrx_word' id='word_1_304' title='bbox 184 3012 312 3065; x_wconf 84' lang='lat' dir='ltr'><strong>Fuit</strong></span> <span class='ocrx_word' id='word_1_305' title='bbox 336 3022 515 3067; x_wconf 82' lang='lat' dir='ltr'><strong>autem</strong></span> <span class='ocrx_word' id='word_1_306' title='bbox 545 3026 638 3066; x_wconf 84' lang='lat' dir='ltr'><strong>rex</strong></span> <span class='ocrx_word' id='word_1_307' title='bbox 669 3011 1046 3081; x_wconf 88' lang='lat' dir='ltr'><strong>Liutprandus,</strong></span> <span class='ocrx_word' id='word_1_308' title='bbox 1077 3011 1160 3066; x_wconf 79' lang='lat' dir='ltr'><strong>vir</strong></span> <span class='ocrx_word' id='word_1_309' title='bbox 1197 3011 1379 3064; x_wconf 81' lang='lat' dir='ltr'><strong>multa:</strong></span> <span class='ocrx_word' id='word_1_310' title='bbox 1411 3011 1663 3075; x_wconf 65' lang='lat' dir='ltr'><strong>audaciae,</strong></span> <span class='ocrx_word' id='word_1_311' title='bbox 1694 3013 1763 3067; x_wconf 81' lang='lat' dir='ltr'><strong>ita</strong></span> 
     </span>
    </p>
   </div>
   <div class='ocr_carea' id='block_1_47' title="bbox 185 3085 1757 3172">
    <p class='ocr_par' dir='ltr' id='par_1_47' title="bbox 185 3085 1757 3172">
     <span class='ocr_line' id='line_1_48' title="bbox 185 3085 1757 3172; baseline 0 -16"><span class='ocrx_word' id='word_1_312' title='bbox 185 3085 245 3157; x_wconf 81' lang='lat' dir='ltr'><strong>ut</strong></span> <span class='ocrx_word' id='word_1_313' title='bbox 266 3117 390 3158; x_wconf 91' lang='lat' dir='ltr'><strong>cum</strong></span> <span class='ocrx_word' id='word_1_314' title='bbox 423 3117 545 3157; x_wconf 90' lang='lat' dir='ltr'><strong>eum</strong></span> <span class='ocrx_word' id='word_1_315' title='bbox 593 3103 702 3156; x_wconf 91' lang='lat' dir='ltr'><strong>duo</strong></span> <span class='ocrx_word' id='word_1_316' title='bbox 752 3103 1000 3172; x_wconf 75' lang='lat' dir='ltr'><strong>armigeri</strong></span> <span class='ocrx_word' id='word_1_317' title='bbox 1031 3101 1146 3168; x_wconf 86' lang='lat' dir='ltr'><strong>ejus</strong></span> <span class='ocrx_word' id='word_1_318' title='bbox 1169 3101 1410 3155; x_wconf 89' lang='lat' dir='ltr'><strong>occidere</strong></span> <span class='ocrx_word' id='word_1_319' title='bbox 1435 3103 1757 3170; x_wconf 83' lang='lat' dir='ltr'><strong>cogitarent,</strong></span> 
     </span>
    </p>
   </div>
   <div class='ocr_carea' id='block_1_48' title="bbox 1871 1921 3441 1992">
    <p class='ocr_par' dir='ltr' id='par_1_48' title="bbox 1871 1921 3441 1992">
     <span class='ocr_line' id='line_1_49' title="bbox 1871 1921 3441 1992; baseline 0.002 -16"><span class='ocrx_word' id='word_1_320' title='bbox 1871 1921 1977 1986; x_wconf 90' lang='lat' dir='ltr'><strong>bis,</strong></span> <span class='ocrx_word' id='word_1_321' title='bbox 2006 1921 2188 1976; x_wconf 88' lang='lat' dir='ltr'><strong>divino</strong></span> <span class='ocrx_word' id='word_1_322' title='bbox 2215 1937 2395 1975; x_wconf 89' lang='lat' dir='ltr'><strong>amore</strong></span> <span class='ocrx_word' id='word_1_323' title='bbox 2421 1933 2792 1992; x_wconf 87' lang='lat' dir='ltr'><strong>compunctus,</strong></span> <span class='ocrx_word' id='word_1_324' title='bbox 2820 1926 3042 1979; x_wconf 81' lang='lat' dir='ltr'><strong>Romam</strong></span> <span class='ocrx_word' id='word_1_325' title='bbox 3066 1926 3232 1992; x_wconf 87' lang='lat' dir='ltr'><strong>venit,</strong></span> <span class='ocrx_word' id='word_1_326' title='bbox 3265 1925 3441 1979; x_wconf 89' lang='lat' dir='ltr'><strong>horta-</strong></span> 
     </span>
    </p>
   </div>
   <div class='ocr_carea' id='block_1_49' title="bbox 1871 2011 3443 2085">
    <p class='ocr_par' dir='ltr' id='par_1_49' title="bbox 1871 2011 3443 2085">
     <span class='ocr_line' id='line_1_50' title="bbox 1871 2011 3443 2085; baseline 0.002 -19"><span class='ocrx_word' id='word_1_327' title='bbox 1871 2023 2029 2081; x_wconf 90' lang='lat' dir='ltr'><strong>tuque</strong></span> <span class='ocrx_word' id='word_1_328' title='bbox 2079 2021 2200 2067; x_wconf 89' lang='lat' dir='ltr'><strong>tunc</strong></span> <span class='ocrx_word' id='word_1_329' title='bbox 2229 2018 2253 2055; x_wconf 75' lang='grc' dir='ltr'>ὅ</span> <span class='ocrx_word' id='word_1_330' title='bbox 2292 2011 2528 2082; x_wconf 83' lang='lat' dir='ltr'><strong>Gregorii</strong></span> <span class='ocrx_word' id='word_1_331' title='bbox 2556 2015 2860 2082; x_wconf 69' lang='lat' dir='ltr'><strong>apostolicae</strong></span> <span class='ocrx_word' id='word_1_332' title='bbox 2888 2015 3030 2070; x_wconf 87' lang='lat' dir='ltr'><strong>sedis</strong></span> <span class='ocrx_word' id='word_1_333' title='bbox 3064 2030 3235 2085; x_wconf 66' lang='lat' dir='ltr'><strong>papae,</strong></span> <span class='ocrx_word' id='word_1_334' title='bbox 3266 2014 3443 2069; x_wconf 70' lang='lat' dir='ltr'><strong>Cassi~</strong></span> 
     </span>
    </p>
   </div>
   <div class='ocr_carea' id='block_1_50' title="bbox 1871 2106 3442 2177">
    <p class='ocr_par' dir='ltr' id='par_1_50' title="bbox 1871 2106 3442 2177">
     <span class='ocr_line' id='line_1_51' title="bbox 1871 2106 3442 2177; baseline 0.003 -20"><span class='ocrx_word' id='word_1_335' title='bbox 1871 2119 1995 2157; x_wconf 89' lang='lat' dir='ltr'><strong>num</strong></span> <span class='ocrx_word' id='word_1_336' title='bbox 2027 2116 2259 2158; x_wconf 83' lang='lat' dir='ltr'><strong>castrum</strong></span> <span class='ocrx_word' id='word_1_337' title='bbox 2293 2106 2465 2172; x_wconf 86' lang='lat' dir='ltr'><strong>petiit,</strong></span> <span class='ocrx_word' id='word_1_338' title='bbox 2499 2115 2658 2172; x_wconf 72' lang='lat' dir='ltr'><strong>atque</strong></span> <span class='ocrx_word' id='word_1_339' title='bbox 2707 2106 2773 2160; x_wconf 91' lang='lat' dir='ltr'><strong>ad</strong></span> <span class='ocrx_word' id='word_1_340' title='bbox 2830 2122 3040 2161; x_wconf 91' lang='lat' dir='ltr'><strong>sacrum</strong></span> <span class='ocrx_word' id='word_1_341' title='bbox 3082 2121 3276 2177; x_wconf 85' lang='lat' dir='ltr'><strong>corpus</strong></span> <span class='ocrx_word' id='word_1_342' title='bbox 3299 2106 3442 2161; x_wconf 86' lang='lat' dir='ltr'><strong>beati</strong></span> 
     </span>
    </p>
   </div>
   <div class='ocr_carea' id='block_1_51' title="bbox 1871 2194 3442 2268">
    <p class='ocr_par' dir='ltr' id='par_1_51' title="bbox 1871 2194 3442 2268">
     <span class='ocr_line' id='line_1_52' title="bbox 1871 2194 3442 2268; baseline 0.001 -22"><span class='ocrx_word' id='word_1_343' title='bbox 1871 2194 2042 2249; x_wconf 86' lang='lat' dir='ltr'><strong>Patris</strong></span> <span class='ocrx_word' id='word_1_344' title='bbox 2075 2194 2344 2249; x_wconf 85' lang='lat' dir='ltr'><strong>Benedicti</strong></span> <span class='ocrx_word' id='word_1_345' title='bbox 2371 2195 2705 2262; x_wconf 89' lang='lat' dir='ltr'><strong>perveniens,</strong></span> <span class='ocrx_word' id='word_1_346' title='bbox 2737 2195 2805 2250; x_wconf 92' lang='lat' dir='ltr'><strong>ibi</strong></span> <span class='ocrx_word' id='word_1_347' title='bbox 2832 2211 2952 2250; x_wconf 92' lang='lat' dir='ltr'><strong>cum</strong></span> <span class='ocrx_word' id='word_1_348' title='bbox 2975 2196 3236 2268; x_wconf 85' lang='lat' dir='ltr'><strong>aliquibus</strong></span> <span class='ocrx_word' id='word_1_349' title='bbox 3257 2194 3283 2231; x_wconf 62' lang='grc' dir='ltr'><strong>ι·</strong></span> <span class='ocrx_word' id='word_1_350' title='bbox 3309 2197 3442 2250; x_wconf 87' lang='lat' dir='ltr'><strong>sim-</strong></span> 
     </span>
    </p>
   </div>
   <div class='ocr_carea' id='block_1_52' title="bbox 1870 2284 3442 2357">
    <p class='ocr_par' dir='ltr' id='par_1_52' title="bbox 1870 2284 3442 2357">
     <span class='ocr_line' id='line_1_53' title="bbox 1870 2284 3442 2357; baseline 0.002 -19"><span class='ocrx_word' id='word_1_351' title='bbox 1870 2285 2096 2354; x_wconf 90' lang='lat' dir='ltr'><strong>plicibus</strong></span> <span class='ocrx_word' id='word_1_352' title='bbox 2128 2285 2275 2351; x_wconf 82' lang='lat' dir='ltr'><strong>viris,</strong></span> <span class='ocrx_word' id='word_1_353' title='bbox 2303 2284 2415 2355; x_wconf 88' lang='lat' dir='ltr'><strong>jam</strong></span> <span class='ocrx_word' id='word_1_354' title='bbox 2440 2295 2567 2340; x_wconf 89' lang='lat' dir='ltr'><strong>ante</strong></span> <span class='ocrx_word' id='word_1_355' title='bbox 2590 2286 2964 2354; x_wconf 85' lang='lat' dir='ltr'><strong>residentibus,</strong></span> <span class='ocrx_word' id='word_1_356' title='bbox 2995 2287 3234 2344; x_wconf 85' lang='lat' dir='ltr'><strong>habitare</strong></span> <span class='ocrx_word' id='word_1_357' title='bbox 3255 2289 3442 2357; x_wconf 60' lang='lat' dir='ltr'><strong>coepit,</strong></span> 
     </span>
    </p>
   </div>
   <div class='ocr_carea' id='block_1_53' title="bbox 1877 2374 3440 2444">
    <p class='ocr_par' dir='ltr' id='par_1_53' title="bbox 1877 2374 3440 2444">
     <span class='ocr_line' id='line_1_54' title="bbox 1877 2374 3440 2444; baseline 0.004 -16"><span class='ocrx_word' id='word_1_358' title='bbox 1877 2374 2007 2444; x_wconf 83' lang='lat' dir='ltr'><strong>iqui</strong></span> <span class='ocrx_word' id='word_1_359' title='bbox 2058 2376 2304 2430; x_wconf 88' lang='lat' dir='ltr'><strong>eumdem</strong></span> <span class='ocrx_word' id='word_1_360' title='bbox 2337 2376 2691 2431; x_wconf 86' lang='lat' dir='ltr'><strong>venerabilem</strong></span> <span class='ocrx_word' id='word_1_361' title='bbox 2740 2378 2914 2432; x_wconf 89' lang='lat' dir='ltr'><strong>virum</strong></span> <span class='ocrx_word' id='word_1_362' title='bbox 2968 2379 3314 2433; x_wconf 85' lang='lat' dir='ltr'><strong>Petronacem</strong></span> <span class='ocrx_word' id='word_1_363' title='bbox 3342 2380 3440 2435; x_wconf 89' lang='lat' dir='ltr'><strong>sibi</strong></span> 
     </span>
    </p>
   </div>
   <div class='ocr_carea' id='block_1_54' title="bbox 1866 2466 3440 2539">
    <p class='ocr_par' dir='ltr' id='par_1_54' title="bbox 1866 2466 3440 2539">
     <span class='ocr_line' id='line_1_55' title="bbox 1866 2466 3440 2539; baseline 0.003 -19"><span class='ocrx_word' id='word_1_364' title='bbox 1866 2467 2129 2521; x_wconf 86' lang='lat' dir='ltr'><strong>seniorem</strong></span> <span class='ocrx_word' id='word_1_365' title='bbox 2169 2475 2490 2521; x_wconf 89' lang='lat' dir='ltr'><strong>statuerunt.</strong></span> <span class='ocrx_word' id='word_1_366' title='bbox 2539 2466 2635 2522; x_wconf 91' lang='lat' dir='ltr'><strong>llic</strong></span> <span class='ocrx_word' id='word_1_367' title='bbox 2661 2482 2764 2522; x_wconf 92' lang='lat' dir='ltr'><strong>non</strong></span> <span class='ocrx_word' id='word_1_368' title='bbox 2795 2479 2912 2538; x_wconf 89' lang='lat' dir='ltr'><strong>post</strong></span> <span class='ocrx_word' id='word_1_369' title='bbox 2954 2476 3177 2524; x_wconf 91' lang='lat' dir='ltr'><strong>multum</strong></span> <span class='ocrx_word' id='word_1_370' title='bbox 3208 2480 3440 2539; x_wconf 85' lang='lat' dir='ltr'><strong>tempus,</strong></span> 
     </span>
    </p>
   </div>
   <div class='ocr_carea' id='block_1_55' title="bbox 1867 2557 3441 2629">
    <p class='ocr_par' dir='ltr' id='par_1_55' title="bbox 1867 2557 3441 2629">
     <span class='ocr_line' id='line_1_56' title="bbox 1867 2557 3441 2629; baseline 0.005 -19"><span class='ocrx_word' id='word_1_371' title='bbox 1867 2567 2193 2626; x_wconf 88' lang='lat' dir='ltr'><strong>cooperante</strong></span> <span class='ocrx_word' id='word_1_372' title='bbox 2235 2557 2623 2622; x_wconf 88' lang='lat' dir='ltr'><strong>misericordia,</strong></span> <span class='ocrx_word' id='word_1_373' title='bbox 2668 2566 2724 2614; x_wconf 90' lang='lat' dir='ltr'><strong>et</strong></span> <span class='ocrx_word' id='word_1_374' title='bbox 2769 2558 3181 2629; x_wconf 81' lang='lat' dir='ltr'><strong>suffragantibus</strong></span> <span class='ocrx_word' id='word_1_375' title='bbox 3235 2562 3441 2618; x_wconf 79' lang='lat' dir='ltr'><strong>meritis</strong></span> 
     </span>
    </p>
   </div>
   <div class='ocr_carea' id='block_1_56' title="bbox 1868 2651 3432 2721">
    <p class='ocr_par' dir='ltr' id='par_1_56' title="bbox 1868 2651 3432 2721">
     <span class='ocr_line' id='line_1_57' title="bbox 1868 2651 3432 2721; baseline 0.001 -15"><span class='ocrx_word' id='word_1_376' title='bbox 1868 2653 2009 2706; x_wconf 89' lang='lat' dir='ltr'><strong>beati</strong></span> <span class='ocrx_word' id='word_1_377' title='bbox 2040 2651 2307 2707; x_wconf 85' lang='lat' dir='ltr'><strong>Benedicti</strong></span> <span class='ocrx_word' id='word_1_378' title='bbox 2340 2654 2524 2720; x_wconf 89' lang='lat' dir='ltr'><strong>patris,</strong></span> <span class='ocrx_word' id='word_1_379' title='bbox 2545 2654 2759 2721; x_wconf 86' lang='lat' dir='ltr'><strong>jamque</strong></span> <span class='ocrx_word' id='word_1_380' title='bbox 2782 2653 3006 2708; x_wconf 89' lang='lat' dir='ltr'><strong>evolutis</strong></span> <span class='ocrx_word' id='word_1_381' title='bbox 3037 2654 3182 2708; x_wconf 88' lang='lat' dir='ltr'><strong>ferel</strong></span> <span class='ocrx_word' id='word_1_382' title='bbox 3220 2665 3432 2708; x_wconf 76' lang='lat' dir='ltr'><strong>crnlum</strong></span> 
     </span>
    </p>
   </div>
   <div class='ocr_carea' id='block_1_57' title="bbox 1867 2744 3431 2812">
    <p class='ocr_par' dir='ltr' id='par_1_57' title="bbox 1867 2744 3431 2812">
     <span class='ocr_line' id='line_1_58' title="bbox 1867 2744 3431 2812; baseline 0.003 -15"><span class='ocrx_word' id='word_1_383' title='bbox 1867 2753 1921 2798; x_wconf 89' lang='lat' dir='ltr'><strong>et</strong></span> <span class='ocrx_word' id='word_1_384' title='bbox 1947 2744 2130 2798; x_wconf 82' lang='lat' dir='ltr'><strong>decem</strong></span> <span class='ocrx_word' id='word_1_385' title='bbox 2153 2744 2328 2808; x_wconf 89' lang='lat' dir='ltr'><strong>annis,</strong></span> <span class='ocrx_word' id='word_1_386' title='bbox 2357 2759 2422 2798; x_wconf 86' lang='lat' dir='ltr'><strong>ex</strong></span> <span class='ocrx_word' id='word_1_387' title='bbox 2453 2759 2560 2812; x_wconf 90' lang='lat' dir='ltr'><strong>quo</strong></span> <span class='ocrx_word' id='word_1_388' title='bbox 2587 2745 2734 2798; x_wconf 91' lang='lat' dir='ltr'><strong>locus</strong></span> <span class='ocrx_word' id='word_1_389' title='bbox 2785 2744 2872 2797; x_wconf 89' lang='lat' dir='ltr'><strong>ille</strong></span> <span class='ocrx_word' id='word_1_390' title='bbox 2902 2744 3224 2800; x_wconf 82' lang='lat' dir='ltr'><strong>habitatione</strong></span> <span class='ocrx_word' id='word_1_391' title='bbox 3255 2745 3431 2801; x_wconf 86' lang='lat' dir='ltr'><strong>homi-</strong></span> 
     </span>
    </p>
   </div>
   <div class='ocr_carea' id='block_1_58' title="bbox 1867 2832 3437 2900">
    <p class='ocr_par' dir='ltr' id='par_1_58' title="bbox 1867 2832 3437 2900">
     <span class='ocr_line' id='line_1_59' title="bbox 1867 2832 3437 2900; baseline 0.001 -13"><span class='ocrx_word' id='word_1_392' title='bbox 1867 2849 1990 2887; x_wconf 86' lang='lat' dir='ltr'><strong>num</strong></span> <span class='ocrx_word' id='word_1_393' title='bbox 2021 2834 2306 2888; x_wconf 87' lang='lat' dir='ltr'><strong>destitutus</strong></span> <span class='ocrx_word' id='word_1_394' title='bbox 2327 2841 2462 2900; x_wconf 89' lang='lat' dir='ltr'><strong>erat,</strong></span> <span class='ocrx_word' id='word_1_395' title='bbox 2496 2833 2782 2887; x_wconf 89' lang='lat' dir='ltr'><strong>multorum</strong></span> <span class='ocrx_word' id='word_1_396' title='bbox 2819 2832 2891 2888; x_wconf 92' lang='lat' dir='ltr'><strong>ibi</strong></span> <span class='ocrx_word' id='word_1_397' title='bbox 2919 2835 3317 2900; x_wconf 88' lang='lat' dir='ltr'><strong>monachorum,</strong></span> <span class='ocrx_word' id='word_1_398' title='bbox 3343 2851 3437 2889; x_wconf 85' lang='lat' dir='ltr'><strong>no-</strong></span> 
     </span>
    </p>
   </div>
   <div class='ocr_carea' id='block_1_59' title="bbox 1868 2923 3436 2991">
    <p class='ocr_par' dir='ltr' id='par_1_59' title="bbox 1868 2923 3436 2991">
     <span class='ocr_line' id='line_1_60' title="bbox 1868 2923 3436 2991; baseline 0.001 -13"><span class='ocrx_word' id='word_1_399' title='bbox 1868 2924 2050 2978; x_wconf 92' lang='lat' dir='ltr'><strong>bilium</strong></span> <span class='ocrx_word' id='word_1_400' title='bbox 2079 2932 2135 2979; x_wconf 92' lang='lat' dir='ltr'><strong>et</strong></span> <span class='ocrx_word' id='word_1_401' title='bbox 2162 2923 2532 2987; x_wconf 88' lang='lat' dir='ltr'><strong>mediocrium,</strong></span> <span class='ocrx_word' id='word_1_402' title='bbox 2567 2923 2634 2976; x_wconf 85' lang='lat' dir='ltr'><strong>ad</strong></span> <span class='ocrx_word' id='word_1_403' title='bbox 2681 2939 2741 2978; x_wconf 90' lang='lat' dir='ltr'><strong>se</strong></span> <span class='ocrx_word' id='word_1_404' title='bbox 2798 2926 3245 2991; x_wconf 87' lang='lat' dir='ltr'><strong>concurrentium,</strong></span> <span class='ocrx_word' id='word_1_405' title='bbox 3281 2926 3436 2980; x_wconf 87' lang='lat' dir='ltr'><strong>Pater</strong></span> 
     </span>
    </p>
   </div>
   <div class='ocr_carea' id='block_1_60' title="bbox 1861 3013 3433 3082">
    <p class='ocr_par' dir='ltr' id='par_1_60' title="bbox 1861 3013 3433 3082">
     <span class='ocr_line' id='line_1_61' title="bbox 1861 3013 3433 3082; baseline 0.001 -14"><span class='ocrx_word' id='word_1_406' title='bbox 1861 3013 2104 3077; x_wconf 73' lang='lat' dir='ltr'><strong>effectus,</strong></span> <span class='ocrx_word' id='word_1_407' title='bbox 2135 3014 2236 3068; x_wconf 89' lang='lat' dir='ltr'><strong>sub</strong></span> <span class='ocrx_word' id='word_1_408' title='bbox 2261 3023 2447 3069; x_wconf 89' lang='lat' dir='ltr'><strong>sancto</strong></span> <span class='ocrx_word' id='word_1_409' title='bbox 2480 3014 2675 3082; x_wconf 71' lang='lat' dir='ltr'><strong>regula:</strong></span> <span class='ocrx_word' id='word_1_410' title='bbox 2702 3013 2854 3082; x_wconf 84' lang='lat' dir='ltr'><strong>jugo,</strong></span> <span class='ocrx_word' id='word_1_411' title='bbox 2899 3024 2952 3069; x_wconf 91' lang='lat' dir='ltr'><strong>et</strong></span> <span class='ocrx_word' id='word_1_412' title='bbox 2993 3013 3134 3070; x_wconf 88' lang='lat' dir='ltr'><strong>beati</strong></span> <span class='ocrx_word' id='word_1_413' title='bbox 3165 3015 3433 3070; x_wconf 87' lang='lat' dir='ltr'><strong>Benedicti</strong></span> 
     </span>
    </p>
   </div>
   <div class='ocr_carea' id='block_1_61' title="bbox 1867 3102 3435 3174">
    <p class='ocr_par' dir='ltr' id='par_1_61' title="bbox 1867 3102 3435 3174">
     <span class='ocr_line' id='line_1_62' title="bbox 1867 3102 3435 3174; baseline 0.004 -20"><span class='ocrx_word' id='word_1_414' title='bbox 1867 3102 2222 3167; x_wconf 83' lang='lat' dir='ltr'><strong>institutione,</strong></span> <span class='ocrx_word' id='word_1_415' title='bbox 2247 3104 2503 3171; x_wconf 90' lang='lat' dir='ltr'><strong>reparatis</strong></span> <span class='ocrx_word' id='word_1_416' title='bbox 2523 3102 2858 3170; x_wconf 69' lang='lat' dir='ltr'><strong>habitaculis,</strong></span> <span class='ocrx_word' id='word_1_417' title='bbox 2879 3104 3060 3158; x_wconf 84' lang='lat' dir='ltr'><strong>vivere</strong></span> <span class='ocrx_word' id='word_1_418' title='bbox 3075 3105 3254 3174; x_wconf 68' lang='lat' dir='ltr'><strong>coepit,</strong></span> <span class='ocrx_word' id='word_1_419' title='bbox 3273 3115 3435 3174; x_wconf 82' lang='lat' dir='ltr'><strong>atque</strong></span> 
     </span>
    </p>
   </div>
   <div class='ocr_carea' id='block_1_62' title="bbox 182 3191 3432 3264">
    <p class='ocr_par' dir='ltr' id='par_1_62' title="bbox 182 3191 3432 3264">
     <span class='ocr_line' id='line_1_63' title="bbox 182 3191 3432 3264; baseline 0.001 -17"><span class='ocrx_word' id='word_1_420' title='bbox 182 3204 234 3247; x_wconf 89' lang='lat' dir='ltr'><strong>et</strong></span> <span class='ocrx_word' id='word_1_421' title='bbox 264 3192 369 3249; x_wconf 87' lang='lat' dir='ltr'><strong>hoc</strong></span> <span class='ocrx_word' id='word_1_422' title='bbox 394 3194 441 3248; x_wconf 89' lang='lat' dir='ltr'><strong>ei</strong></span> <span class='ocrx_word' id='word_1_423' title='bbox 467 3194 727 3264; x_wconf 87' lang='lat' dir='ltr'><strong>perlatum</strong></span> <span class='ocrx_word' id='word_1_424' title='bbox 757 3191 963 3260; x_wconf 86' lang='lat' dir='ltr'><strong>fuisset,</strong></span> <span class='ocrx_word' id='word_1_425' title='bbox 997 3192 1048 3247; x_wconf 92' lang='lat' dir='ltr'><strong>in</strong></span> <span class='ocrx_word' id='word_1_426' title='bbox 1077 3191 1541 3261; x_wconf 86' lang='lat' dir='ltr'><strong>profundissimam</strong></span> <span class='ocrx_word' id='word_1_427' title='bbox 1572 3194 1759 3248; x_wconf 76' lang='lat' dir='ltr'><strong>silvam</strong></span> <span class='ocrx_word' id='word_1_428' title='bbox 1790 3191 1836 3254; x_wconf 88' lang='lat' dir='ltr'><strong>C</strong></span> <span class='ocrx_word' id='word_1_429' title='bbox 1868 3195 1969 3250; x_wconf 86' lang='lat' dir='ltr'><strong>hoc</strong></span> <span class='ocrx_word' id='word_1_430' title='bbox 1997 3206 2245 3250; x_wconf 89' lang='lat' dir='ltr'><strong>sanctum</strong></span> <span class='ocrx_word' id='word_1_431' title='bbox 2271 3195 2568 3251; x_wconf 66' lang='lat' dir='ltr'><strong>coenobium</strong></span> <span class='ocrx_word' id='word_1_432' title='bbox 2599 3196 2654 3250; x_wconf 90' lang='lat' dir='ltr'><strong>in</strong></span> <span class='ocrx_word' id='word_1_433' title='bbox 2679 3207 2872 3251; x_wconf 90' lang='lat' dir='ltr'><strong>statum</strong></span> <span class='ocrx_word' id='word_1_434' title='bbox 2896 3213 3001 3264; x_wconf 89' lang='lat' dir='ltr'><strong>quo</strong></span> <span class='ocrx_word' id='word_1_435' title='bbox 3032 3212 3170 3250; x_wconf 91' lang='lat' dir='ltr'><strong>nunc</strong></span> <span class='ocrx_word' id='word_1_436' title='bbox 3192 3198 3432 3252; x_wconf 87' lang='lat' dir='ltr'><strong>cernitur</strong></span> 
     </span>
    </p>
   </div>
   <div class='ocr_carea' id='block_1_63' title="bbox 180 3280 1753 3355">
    <p class='ocr_par' dir='ltr' id='par_1_63' title="bbox 180 3280 1753 3355">
     <span class='ocr_line' id='line_1_64' title="bbox 180 3280 1753 3355; baseline 0 -17"><span class='ocrx_word' id='word_1_437' title='bbox 180 3299 306 3338; x_wconf 89' lang='lat' dir='ltr'><strong>cum</strong></span> <span class='ocrx_word' id='word_1_438' title='bbox 336 3284 417 3340; x_wconf 90' lang='lat' dir='ltr'><strong>eis</strong></span> <span class='ocrx_word' id='word_1_439' title='bbox 444 3285 592 3338; x_wconf 87' lang='lat' dir='ltr'><strong>solus</strong></span> <span class='ocrx_word' id='word_1_440' title='bbox 618 3280 642 3320; x_wconf 74' lang='grc' dir='ltr'><em>δ</em></span> <span class='ocrx_word' id='word_1_441' title='bbox 671 3299 914 3353; x_wconf 84' lang='lat' dir='ltr'><strong>egressus</strong></span> <span class='ocrx_word' id='word_1_442' title='bbox 942 3293 1044 3348; x_wconf 90' lang='lat' dir='ltr'><strong>est,</strong></span> <span class='ocrx_word' id='word_1_443' title='bbox 1089 3297 1210 3337; x_wconf 85' lang='lat' dir='ltr'><strong>mox</strong></span> <span class='ocrx_word' id='word_1_444' title='bbox 1262 3284 1594 3352; x_wconf 83' lang='lat' dir='ltr'><strong>evaginatum</strong></span> <span class='ocrx_word' id='word_1_445' title='bbox 1640 3285 1753 3355; x_wconf 83' lang='lat' dir='ltr'><strong>gla-</strong></span> 
     </span>
    </p>
   </div>
   <div class='ocr_carea' id='block_1_64' title="bbox 180 3374 1755 3444">
    <p class='ocr_par' dir='ltr' id='par_1_64' title="bbox 180 3374 1755 3444">
     <span class='ocr_line' id='line_1_65' title="bbox 180 3374 1755 3444; baseline 0.001 -13"><span class='ocrx_word' id='word_1_446' title='bbox 180 3376 329 3432; x_wconf 81' lang='lat' dir='ltr'><strong>dium</strong></span> <span class='ocrx_word' id='word_1_447' title='bbox 357 3384 545 3432; x_wconf 86' lang='lat' dir='ltr'><strong>contra</strong></span> <span class='ocrx_word' id='word_1_448' title='bbox 575 3392 670 3433; x_wconf 91' lang='lat' dir='ltr'><strong>eos</strong></span> <span class='ocrx_word' id='word_1_449' title='bbox 699 3386 910 3442; x_wconf 87' lang='lat' dir='ltr'><strong>tenens,</strong></span> <span class='ocrx_word' id='word_1_450' title='bbox 939 3374 1141 3431; x_wconf 89' lang='lat' dir='ltr'><strong>eisdem</strong></span> <span class='ocrx_word' id='word_1_451' title='bbox 1167 3375 1290 3444; x_wconf 81' lang='lat' dir='ltr'><strong>quia</strong></span> <span class='ocrx_word' id='word_1_452' title='bbox 1341 3391 1463 3430; x_wconf 87' lang='lat' dir='ltr'><strong>eum</strong></span> <span class='ocrx_word' id='word_1_453' title='bbox 1509 3377 1755 3433; x_wconf 88' lang='lat' dir='ltr'><strong>occidere</strong></span> 
     </span>
    </p>
   </div>
   <div class='ocr_carea' id='block_1_65' title="bbox 249 3485 1756 3556">
    <p class='ocr_par' dir='ltr' id='par_1_65' title="bbox 249 3485 1756 3556">
     <span class='ocr_line' id='line_1_66' title="bbox 249 3485 1756 3556; baseline 0 -15"><span class='ocrx_word' id='word_1_454' title='bbox 249 3490 278 3518; x_wconf 85' lang='grc'>⁸</span> <span class='ocrx_word' id='word_1_455' title='bbox 303 3485 440 3541; x_wconf 69' lang='lat' dir='ltr'><strong>Mod.</strong></span> <span class='ocrx_word' id='word_1_456' title='bbox 471 3503 489 3539; x_wconf 87' lang='lat'><strong>:</strong></span> <span class='ocrx_word' id='word_1_457' title='bbox 527 3485 628 3539; x_wconf 78' lang='lat' dir='ltr'><strong>Per</strong></span> <span class='ocrx_word' id='word_1_458' title='bbox 673 3487 866 3540; x_wconf 78' lang='lat' dir='ltr'><strong>Binum</strong></span> <span class='ocrx_word' id='word_1_459' title='bbox 893 3486 1122 3556; x_wconf 77' lang='lat' dir='ltr'><strong>ﬂuvium,</strong></span> <span class='ocrx_word' id='word_1_460' title='bbox 1151 3486 1238 3551; x_wconf 84' lang='lat' dir='ltr'><strong>qui</strong></span> <span class='ocrx_word' id='word_1_461' title='bbox 1282 3489 1428 3556; x_wconf 71' lang='lat' dir='ltr'><strong>iuxta</strong></span> <span class='ocrx_word' id='word_1_462' title='bbox 1468 3485 1756 3541; x_wconf 78' lang='lat' dir='ltr'><strong>Danubium</strong></span> 
     </span>
    </p>
   </div>
   <div class='ocr_carea' id='block_1_66' title="bbox 178 3555 1436 3627">
    <p class='ocr_par' dir='ltr' id='par_1_66' title="bbox 178 3555 1436 3627">
     <span class='ocr_line' id='line_1_67' title="bbox 178 3555 1436 3627; baseline -0.001 -18"><span class='ocrx_word' id='word_1_463' title='bbox 178 3557 297 3625; x_wconf 69' lang='lat' dir='ltr'><strong>ﬂuit</strong></span> <span class='ocrx_word' id='word_1_464' title='bbox 322 3567 690 3627; x_wconf 80' lang='lat' dir='ltr'><strong>transgressus,</strong></span> <span class='ocrx_word' id='word_1_465' title='bbox 715 3567 842 3620; x_wconf 88' lang='lat' dir='ltr'><strong>etc.,</strong></span> <span class='ocrx_word' id='word_1_466' title='bbox 875 3555 938 3627; x_wconf 82' lang='lat' dir='ltr'><strong>et</strong></span> <span class='ocrx_word' id='word_1_467' title='bbox 959 3557 1029 3610; x_wconf 88' lang='lat' dir='ltr'><strong>ita</strong></span> <span class='ocrx_word' id='word_1_468' title='bbox 1052 3556 1155 3627; x_wconf 81' lang='lat' dir='ltr'><strong>leg.</strong></span> <span class='ocrx_word' id='word_1_469' title='bbox 1179 3556 1249 3627; x_wconf 85' lang='lat' dir='ltr'><strong>aI.</strong></span> <span class='ocrx_word' id='word_1_470' title='bbox 1282 3555 1436 3610; x_wconf 83' lang='lat' dir='ltr'><strong>Lind.</strong></span> 
     </span>
    </p>
   </div>
   <div class='ocr_carea' id='block_1_67' title="bbox 246 3625 1664 3690">
    <p class='ocr_par' dir='ltr' id='par_1_67' title="bbox 246 3625 1664 3690">
     <span class='ocr_line' id='line_1_68' title="bbox 246 3625 1664 3690; baseline -0.003 -9"><span class='ocrx_word' id='word_1_471' title='bbox 246 3629 276 3668; x_wconf 76' lang='grc' dir='ltr'>δ</span> <span class='ocrx_word' id='word_1_472' title='bbox 300 3625 487 3690; x_wconf 77' lang='lat' dir='ltr'><strong>Amb.,</strong></span> <span class='ocrx_word' id='word_1_473' title='bbox 524 3627 780 3689; x_wconf 79' lang='lat' dir='ltr'><strong>Ratpodo.</strong></span> <span class='ocrx_word' id='word_1_474' title='bbox 815 3625 966 3681; x_wconf 88' lang='lat' dir='ltr'><strong>Lind.</strong></span> <span class='ocrx_word' id='word_1_475' title='bbox 1001 3626 1108 3690; x_wconf 76' lang='lat' dir='ltr'><strong>AL,</strong></span> <span class='ocrx_word' id='word_1_476' title='bbox 1148 3626 1361 3679; x_wconf 80' lang='lat' dir='ltr'><strong>liaboto.</strong></span> <span class='ocrx_word' id='word_1_477' title='bbox 1644 3655 1664 3677; x_wconf 76' lang='grc' dir='ltr'><em>α</em></span> 
     </span>
    </p>
   </div>
   <div class='ocr_carea' id='block_1_68' title="bbox 245 3694 1750 3762">
    <p class='ocr_par' dir='ltr' id='par_1_68' title="bbox 245 3694 1750 3762">
     <span class='ocr_line' id='line_1_69' title="bbox 245 3694 1750 3762; baseline 0.001 -12"><span class='ocrx_word' id='word_1_478' title='bbox 245 3697 525 3750; x_wconf 79' lang='lat' dir='ltr'><strong>Annalista</strong></span> <span class='ocrx_word' id='word_1_479' title='bbox 577 3697 847 3752; x_wconf 64' lang='lat' dir='ltr'><strong>Mettensis</strong></span> <span class='ocrx_word' id='word_1_480' title='bbox 883 3712 1002 3751; x_wconf 91' lang='lat' dir='ltr'><strong>eum</strong></span> <span class='ocrx_word' id='word_1_481' title='bbox 1034 3706 1186 3749; x_wconf 88' lang='lat' dir='ltr'><strong>vocat</strong></span> <span class='ocrx_word' id='word_1_482' title='bbox 1227 3694 1560 3762; x_wconf 79' lang='lat' dir='ltr'><strong>Badbodum,</strong></span> <span class='ocrx_word' id='word_1_483' title='bbox 1610 3697 1750 3752; x_wconf 84' lang='lat' dir='ltr'><strong>Beda</strong></span> 
     </span>
    </p>
   </div>
   <div class='ocr_carea' id='block_1_69' title="bbox 179 3764 1748 3834">
    <p class='ocr_par' dir='ltr' id='par_1_69' title="bbox 179 3764 1748 3834">
     <span class='ocr_line' id='line_1_70' title="bbox 179 3764 1748 3834; baseline 0.002 -16"><span class='ocrx_word' id='word_1_484' title='bbox 179 3764 552 3820; x_wconf 81' lang='lat' dir='ltr'><strong>Radbbedum.</strong></span> <span class='ocrx_word' id='word_1_485' title='bbox 589 3767 769 3821; x_wconf 85' lang='lat' dir='ltr'><strong>Victus</strong></span> <span class='ocrx_word' id='word_1_486' title='bbox 819 3767 861 3819; x_wconf 90' lang='lat' dir='ltr'><strong>is</strong></span> <span class='ocrx_word' id='word_1_487' title='bbox 902 3783 931 3820; x_wconf 87' lang='lat' dir='ltr'><strong>a</strong></span> <span class='ocrx_word' id='word_1_488' title='bbox 965 3767 1187 3834; x_wconf 91' lang='lat' dir='ltr'><strong>Pippino</strong></span> <span class='ocrx_word' id='word_1_489' title='bbox 1213 3781 1352 3819; x_wconf 86' lang='lat' dir='ltr'><strong>anno</strong></span> <span class='ocrx_word' id='word_1_490' title='bbox 1379 3766 1594 3820; x_wconf 88' lang='lat' dir='ltr'><strong>circiter</strong></span> <span class='ocrx_word' id='word_1_491' title='bbox 1623 3766 1748 3832; x_wconf 79' lang='lat'><strong>590,</strong></span> 
     </span>
    </p>
   </div>
   <div class='ocr_carea' id='block_1_70' title="bbox 179 3835 1752 3906">
    <p class='ocr_par' dir='ltr' id='par_1_70' title="bbox 179 3835 1752 3906">
     <span class='ocr_line' id='line_1_71' title="bbox 179 3835 1752 3906; baseline 0.001 -18"><span class='ocrx_word' id='word_1_492' title='bbox 179 3837 343 3906; x_wconf 85' lang='lat' dir='ltr'><strong>filiam</strong></span> <span class='ocrx_word' id='word_1_493' title='bbox 374 3851 526 3891; x_wconf 89' lang='lat' dir='ltr'><strong>suam</strong></span> <span class='ocrx_word' id='word_1_494' title='bbox 559 3838 770 3890; x_wconf 90' lang='lat' dir='ltr'><strong>nomine</strong></span> <span class='ocrx_word' id='word_1_495' title='bbox 794 3836 1188 3890; x_wconf 86' lang='lat' dir='ltr'><strong>Theudsindam</strong></span> <span class='ocrx_word' id='word_1_496' title='bbox 1205 3835 1530 3901; x_wconf 85' lang='lat' dir='ltr'><strong>Grituoaldo,</strong></span> <span class='ocrx_word' id='word_1_497' title='bbox 1551 3837 1752 3906; x_wconf 86' lang='lat' dir='ltr'><strong>Pippini</strong></span> 
     </span>
    </p>
   </div>
   <div class='ocr_carea' id='block_1_71' title="bbox 176 3905 981 3969">
    <p class='ocr_par' dir='ltr' id='par_1_71' title="bbox 176 3905 981 3969">
     <span class='ocr_line' id='line_1_72' title="bbox 176 3905 981 3969; baseline -0.001 -10"><span class='ocrx_word' id='word_1_498' title='bbox 176 3905 308 3969; x_wconf 78' lang='lat' dir='ltr'><strong>filio,</strong></span> <span class='ocrx_word' id='word_1_499' title='bbox 327 3907 376 3958; x_wconf 92' lang='lat' dir='ltr'><strong>in</strong></span> <span class='ocrx_word' id='word_1_500' title='bbox 405 3907 796 3960; x_wconf 85' lang='lat' dir='ltr'><strong>matrimonium</strong></span> <span class='ocrx_word' id='word_1_501' title='bbox 818 3906 981 3960; x_wconf 85' lang='lat' dir='ltr'><strong>dedit.</strong></span> 
     </span>
    </p>
   </div>
   <div class='ocr_carea' id='block_1_72' title="bbox 248 3974 1739 4044">
    <p class='ocr_par' dir='ltr' id='par_1_72' title="bbox 248 3974 1739 4044">
     <span class='ocr_line' id='line_1_73' title="bbox 248 3974 1739 4044; baseline 0.003 -16"><span class='ocrx_word' id='word_1_502' title='bbox 248 3986 271 4013; x_wconf 72' lang='grc' dir='ltr'><em>ε</em></span> <span class='ocrx_word' id='word_1_503' title='bbox 307 3976 532 4044; x_wconf 87' lang='lat' dir='ltr'><strong>Pippino</strong></span> <span class='ocrx_word' id='word_1_504' title='bbox 562 3978 654 4029; x_wconf 77' lang='lat' dir='ltr'><strong>lilii</strong></span> <span class='ocrx_word' id='word_1_505' title='bbox 687 3977 833 4029; x_wconf 90' lang='lat' dir='ltr'><strong>fuere</strong></span> <span class='ocrx_word' id='word_1_506' title='bbox 878 3977 1050 4044; x_wconf 84' lang='lat' dir='ltr'><strong>Drogo</strong></span> <span class='ocrx_word' id='word_1_507' title='bbox 1085 3984 1144 4030; x_wconf 89' lang='lat' dir='ltr'><strong>et</strong></span> <span class='ocrx_word' id='word_1_508' title='bbox 1172 3974 1509 4030; x_wconf 85' lang='lat' dir='ltr'><strong>Grimoaldus</strong></span> <span class='ocrx_word' id='word_1_509' title='bbox 1531 3992 1596 4031; x_wconf 89' lang='lat' dir='ltr'><strong>ex</strong></span> <span class='ocrx_word' id='word_1_510' title='bbox 1620 3977 1739 4031; x_wconf 86' lang='lat' dir='ltr'><strong>Ple-</strong></span> 
     </span>
    </p>
   </div>
   <div class='ocr_carea' id='block_1_73' title="bbox 179 4045 1752 4112">
    <p class='ocr_par' dir='ltr' id='par_1_73' title="bbox 179 4045 1752 4112">
     <span class='ocr_line' id='line_1_74' title="bbox 179 4045 1752 4112; baseline 0.001 -14"><span class='ocrx_word' id='word_1_511' title='bbox 179 4045 389 4109; x_wconf 87' lang='lat' dir='ltr'><strong>ctrude,</strong></span> <span class='ocrx_word' id='word_1_512' title='bbox 423 4046 647 4099; x_wconf 82' lang='lat' dir='ltr'><strong>Carolus</strong></span> <span class='ocrx_word' id='word_1_513' title='bbox 666 4055 721 4099; x_wconf 91' lang='lat' dir='ltr'><strong>et</strong></span> <span class='ocrx_word' id='word_1_514' title='bbox 759 4045 1181 4100; x_wconf 80' lang='lat' dir='ltr'><strong>Cliildebrandus</strong></span> <span class='ocrx_word' id='word_1_515' title='bbox 1210 4061 1277 4099; x_wconf 88' lang='lat' dir='ltr'><strong>ex</strong></span> <span class='ocrx_word' id='word_1_516' title='bbox 1307 4046 1548 4112; x_wconf 81' lang='lat' dir='ltr'><strong>Alpaide.</strong></span> <span class='ocrx_word' id='word_1_517' title='bbox 1588 4048 1752 4100; x_wconf 84' lang='lat' dir='ltr'><strong>Caro-</strong></span> 
     </span>
    </p>
   </div>
   <div class='ocr_carea' id='block_1_74' title="bbox 175 4115 1747 4184">
    <p class='ocr_par' dir='ltr' id='par_1_74' title="bbox 175 4115 1747 4184">
     <span class='ocr_line' id='line_1_75' title="bbox 175 4115 1747 4184; baseline 0.003 -17"><span class='ocrx_word' id='word_1_518' title='bbox 175 4116 260 4168; x_wconf 84' lang='lat' dir='ltr'><strong>lus</strong></span> <span class='ocrx_word' id='word_1_519' title='bbox 291 4127 648 4184; x_wconf 78' lang='lat' dir='ltr'><strong>cognomento</strong></span> <span class='ocrx_word' id='word_1_520' title='bbox 675 4115 946 4169; x_wconf 75' lang='lat' dir='ltr'><strong>Martellus</strong></span> <span class='ocrx_word' id='word_1_521' title='bbox 968 4123 1086 4184; x_wconf 84' lang='lat' dir='ltr'><strong>post</strong></span> <span class='ocrx_word' id='word_1_522' title='bbox 1109 4125 1310 4183; x_wconf 88' lang='lat' dir='ltr'><strong>patrem</strong></span> <span class='ocrx_word' id='word_1_523' title='bbox 1335 4131 1539 4170; x_wconf 89' lang='lat' dir='ltr'><strong>summa</strong></span> <span class='ocrx_word' id='word_1_524' title='bbox 1570 4133 1747 4171; x_wconf 89' lang='lat' dir='ltr'><strong>rerum</strong></span> 
     </span>
    </p>
   </div>
   <div class='ocr_carea' id='block_1_75' title="bbox 180 4185 1752 4308">
    <p class='ocr_par' dir='ltr' id='par_1_75' title="bbox 180 4185 1752 4308">
     <span class='ocr_line' id='line_1_76' title="bbox 180 4185 1752 4308; baseline 0.003 -71"><span class='ocrx_word' id='word_1_525' title='bbox 409 4194 515 4251; x_wconf 89' lang='lat' dir='ltr'><strong>est,</strong></span> <span class='ocrx_word' id='word_1_526' title='bbox 546 4187 875 4253; x_wconf 67' lang='lat' dir='ltr'><strong>praemortuis</strong></span> <span class='ocrx_word' id='word_1_527' title='bbox 899 4185 1010 4255; x_wconf 85' lang='lat' dir='ltr'><strong>jam</strong></span> <span class='ocrx_word' id='word_1_528' title='bbox 1055 4198 1179 4240; x_wconf 90' lang='lat' dir='ltr'><strong>ante</strong></span> <span class='ocrx_word' id='word_1_529' title='bbox 1231 4185 1474 4254; x_wconf 80' lang='lat' dir='ltr'><strong>Drogoue</strong></span> <span class='ocrx_word' id='word_1_530' title='bbox 1517 4201 1580 4241; x_wconf 90' lang='lat' dir='ltr'><strong>ac</strong></span> <span class='ocrx_word' id='word_1_531' title='bbox 1635 4185 1752 4242; x_wconf 82' lang='lat' dir='ltr'><strong>Gri-</strong></span> 
     </span>
     <span class='ocr_line' id='line_1_77' title="bbox 362 4271 416 4307; baseline -0.019 0"><span class='ocrx_word' id='word_1_532' title='bbox 362 4271 416 4307; x_wconf 90' lang='grc' dir='ltr'><strong>ο.</strong></span> 
     </span>
    </p>
   </div>
   <div class='ocr_carea' id='block_1_76' title="bbox 177 4269 416 4307">
    <p class='ocr_par' dir='ltr' id='par_1_76' title="bbox 177 4269 416 4307">
     <span class='ocr_line' id='line_1_78' title="bbox 177 4269 416 4307; baseline 0 0"><span class='ocrx_word' id='word_1_533' title='bbox 177 4269 416 4307; x_wconf 74' lang='grc' dir='ltr'><strong>ωοειιαο.</strong></span> 
     </span>
    </p>
   </div>
   <div class='ocr_carea' id='block_1_77' title="bbox 243 4323 895 4392">
    <p class='ocr_par' dir='ltr' id='par_1_77' title="bbox 243 4323 895 4392">
     <span class='ocr_line' id='line_1_79' title="bbox 243 4323 895 4392; baseline 0 -14"><span class='ocrx_word' id='word_1_534' title='bbox 243 4323 275 4358; x_wconf 69' lang='grc' dir='ltr'>ά</span> <span class='ocrx_word' id='word_1_535' title='bbox 306 4325 493 4391; x_wconf 82' lang='lat' dir='ltr'><strong>Amb.,</strong></span> <span class='ocrx_word' id='word_1_536' title='bbox 521 4325 778 4392; x_wconf 78' lang='lat' dir='ltr'><strong>ingressus</strong></span> <span class='ocrx_word' id='word_1_537' title='bbox 799 4334 895 4380; x_wconf 85' lang='lat' dir='ltr'><strong>est.</strong></span> 
     </span>
    </p>
   </div>
   <div class='ocr_carea' id='block_1_78' title="bbox 247 4393 1748 4466">
    <p class='ocr_par' dir='ltr' id='par_1_78' title="bbox 247 4393 1748 4466">
     <span class='ocr_line' id='line_1_80' title="bbox 247 4393 1748 4466; baseline 0.003 -19"><span class='ocrx_word' id='word_1_538' title='bbox 247 4401 274 4430; x_wconf 78' lang='grc'><strong><em>⁸</em></strong></span> <span class='ocrx_word' id='word_1_539' title='bbox 313 4396 472 4466; x_wconf 80' lang='lat' dir='ltr'><strong>Amb.</strong></span> <span class='ocrx_word' id='word_1_540' title='bbox 505 4406 555 4448; x_wconf 95' lang='lat' dir='ltr'><strong>et</strong></span> <span class='ocrx_word' id='word_1_541' title='bbox 587 4396 766 4466; x_wconf 76' lang='lat' dir='ltr'><strong>Mod.,</strong></span> <span class='ocrx_word' id='word_1_542' title='bbox 801 4396 1064 4466; x_wconf 69' lang='lat' dir='ltr'><strong>populum</strong></span> <span class='ocrx_word' id='word_1_543' title='bbox 1099 4393 1411 4450; x_wconf 78' lang='lat' dir='ltr'><strong>Romoaldus</strong></span> <span class='ocrx_word' id='word_1_544' title='bbox 1453 4400 1564 4466; x_wconf 89' lang='lat' dir='ltr'><strong>ejus</strong></span> <span class='ocrx_word' id='word_1_545' title='bbox 1610 4398 1748 4464; x_wconf 77' lang='lat' dir='ltr'><strong>ﬁlius</strong></span> 
     </span>
    </p>
   </div>
   <div class='ocr_carea' id='block_1_79' title="bbox 180 4464 1748 4535">
    <p class='ocr_par' dir='ltr' id='par_1_79' title="bbox 180 4464 1748 4535">
     <span class='ocr_line' id='line_1_81' title="bbox 180 4464 1748 4535; baseline 0.004 -21"><span class='ocrx_word' id='word_1_546' title='bbox 180 4464 460 4535; x_wconf 74' lang='lat' dir='ltr'><strong>regendum</strong></span> <span class='ocrx_word' id='word_1_547' title='bbox 482 4467 726 4532; x_wconf 83' lang='lat' dir='ltr'><strong>suscepit.</strong></span> <span class='ocrx_word' id='word_1_548' title='bbox 753 4464 909 4519; x_wconf 84' lang='lat' dir='ltr'><strong>Lind.</strong></span> <span class='ocrx_word' id='word_1_549' title='bbox 938 4466 1022 4519; x_wconf 82' lang='lat' dir='ltr'><strong>Al.</strong></span> <span class='ocrx_word' id='word_1_550' title='bbox 1057 4465 1159 4532; x_wconf 86' lang='lat' dir='ltr'><strong>leg.</strong></span> <span class='ocrx_word' id='word_1_551' title='bbox 1195 4468 1432 4535; x_wconf 74' lang='lat' dir='ltr'><strong>suscepit,</strong></span> <span class='ocrx_word' id='word_1_552' title='bbox 1467 4464 1560 4534; x_wconf 88' lang='lat' dir='ltr'><strong>pro</strong></span> <span class='ocrx_word' id='word_1_553' title='bbox 1587 4469 1748 4520; x_wconf 75' lang='lat' dir='ltr'><strong>subli-</strong></span> 
     </span>
    </p>
   </div>
   <div class='ocr_carea' id='block_1_80' title="bbox 1857 3285 3433 3358">
    <p class='ocr_par' dir='ltr' id='par_1_80' title="bbox 1857 3285 3433 3358">
     <span class='ocr_line' id='line_1_82' title="bbox 1857 3285 3433 3358; baseline 0.003 -18"><span class='ocrx_word' id='word_1_554' title='bbox 1857 3286 2054 3340; x_wconf 80' lang='lat' dir='ltr'><strong>erexit.</strong></span> <span class='ocrx_word' id='word_1_555' title='bbox 2106 3286 2241 3340; x_wconf 89' lang='lat' dir='ltr'><strong>Iluic</strong></span> <span class='ocrx_word' id='word_1_556' title='bbox 2290 3285 2583 3341; x_wconf 86' lang='lat' dir='ltr'><strong>venerabili</strong></span> <span class='ocrx_word' id='word_1_557' title='bbox 2638 3286 2755 3340; x_wconf 85' lang='lat' dir='ltr'><strong>viro</strong></span> <span class='ocrx_word' id='word_1_558' title='bbox 2798 3286 3074 3342; x_wconf 85' lang='lat' dir='ltr'><strong>Petronaci</strong></span> <span class='ocrx_word' id='word_1_559' title='bbox 3109 3289 3158 3342; x_wconf 85' lang='lat' dir='ltr'><strong>in</strong></span> <span class='ocrx_word' id='word_1_560' title='bbox 3191 3289 3433 3358; x_wconf 78' lang='lat' dir='ltr'><strong>sequenti</strong></span> 
     </span>
    </p>
   </div>
   <div class='ocr_carea' id='block_1_81' title="bbox 1857 3376 3428 3448">
    <p class='ocr_par' dir='ltr' id='par_1_81' title="bbox 1857 3376 3428 3448">
     <span class='ocr_line' id='line_1_83' title="bbox 1857 3376 3428 3448; baseline 0.003 -18"><span class='ocrx_word' id='word_1_561' title='bbox 1857 3384 1963 3430; x_wconf 67' lang='lat' dir='ltr'><strong>ti-m</strong></span> <span class='ocrx_word' id='word_1_562' title='bbox 1975 3391 2102 3445; x_wconf 86' lang='lat' dir='ltr'><strong>pore</strong></span> <span class='ocrx_word' id='word_1_563' title='bbox 2129 3376 2470 3431; x_wconf 89' lang='lat' dir='ltr'><strong>sacerdotum</strong></span> <span class='ocrx_word' id='word_1_564' title='bbox 2499 3377 2816 3448; x_wconf 64' lang='lat' dir='ltr'><strong>praecipuus,</strong></span> <span class='ocrx_word' id='word_1_565' title='bbox 2841 3389 2894 3433; x_wconf 90' lang='lat' dir='ltr'><strong>et</strong></span> <span class='ocrx_word' id='word_1_566' title='bbox 2920 3379 3029 3434; x_wconf 89' lang='lat' dir='ltr'><strong>Deo</strong></span> <span class='ocrx_word' id='word_1_567' title='bbox 3054 3379 3277 3435; x_wconf 86' lang='lat' dir='ltr'><strong>dilectus</strong></span> <span class='ocrx_word' id='word_1_568' title='bbox 3297 3397 3428 3448; x_wconf 85' lang='lat' dir='ltr'><strong>pon-</strong></span> 
     </span>
    </p>
   </div>
   <div class='ocr_carea' id='block_1_82' title="bbox 1857 3488 3421 3554">
    <p class='ocr_par' dir='ltr' id='par_1_82' title="bbox 1857 3488 3421 3554">
     <span class='ocr_line' id='line_1_84' title="bbox 1857 3488 3421 3554; baseline 0.007 -15"><span class='ocrx_word' id='word_1_569' title='bbox 1857 3489 2038 3542; x_wconf 87' lang='lat' dir='ltr'><strong>billon.</strong></span> <span class='ocrx_word' id='word_1_570' title='bbox 2069 3489 2120 3543; x_wconf 91' lang='lat' dir='ltr'><strong>in</strong></span> <span class='ocrx_word' id='word_1_571' title='bbox 2152 3488 2280 3554; x_wconf 82' lang='lat' dir='ltr'><strong>An.,</strong></span> <span class='ocrx_word' id='word_1_572' title='bbox 2311 3489 2621 3544; x_wconf 76' lang='lat' dir='ltr'><strong>Bacchinius</strong></span> <span class='ocrx_word' id='word_1_573' title='bbox 2651 3491 2700 3545; x_wconf 90' lang='lat' dir='ltr'><strong>in</strong></span> <span class='ocrx_word' id='word_1_574' title='bbox 2733 3491 2948 3548; x_wconf 90' lang='lat' dir='ltr'><strong>dissert.</strong></span> <span class='ocrx_word' id='word_1_575' title='bbox 2999 3493 3065 3547; x_wconf 86' lang='lat' dir='ltr'><strong>de</strong></span> <span class='ocrx_word' id='word_1_576' title='bbox 3095 3505 3254 3549; x_wconf 68' lang='lat' dir='ltr'><strong>(elate</strong></span> <span class='ocrx_word' id='word_1_577' title='bbox 3278 3495 3421 3550; x_wconf 66' lang='lat' dir='ltr'><strong>Petri</strong></span> 
     </span>
    </p>
   </div>
   <div class='ocr_carea' id='block_1_83' title="bbox 1855 3560 3416 3634">
    <p class='ocr_par' dir='ltr' id='par_1_83' title="bbox 1855 3560 3416 3634">
     <span class='ocr_line' id='line_1_85' title="bbox 1855 3560 3416 3634; baseline 0.006 -24"><span class='ocrx_word' id='word_1_578' title='bbox 1855 3560 2114 3634; x_wconf 80' lang='lat' dir='ltr'><strong>Senioris,</strong></span> <span class='ocrx_word' id='word_1_579' title='bbox 2148 3561 2372 3634; x_wconf 52' lang='lat' dir='ltr'><strong>aliique:</strong></span> <span class='ocrx_word' id='word_1_580' title='bbox 2393 3560 2582 3614; x_wconf 83' lang='lat' dir='ltr'><strong>Petrus</strong></span> <span class='ocrx_word' id='word_1_581' title='bbox 2607 3561 2867 3634; x_wconf 62' lang='lat' dir='ltr'><strong>Diaconos</strong></span> <span class='ocrx_word' id='word_1_582' title='bbox 2896 3563 2961 3616; x_wconf 90' lang='lat' dir='ltr'><strong>ad</strong></span> <span class='ocrx_word' id='word_1_583' title='bbox 2987 3563 3259 3618; x_wconf 77' lang='lat' dir='ltr'><strong>Zacharite</strong></span> <span class='ocrx_word' id='word_1_584' title='bbox 3285 3582 3416 3634; x_wconf 85' lang='lat' dir='ltr'><strong>puu-</strong></span> 
     </span>
    </p>
   </div>
   <div class='ocr_carea' id='block_1_84' title="bbox 1857 3630 3417 3694">
    <p class='ocr_par' dir='ltr' id='par_1_84' title="bbox 1857 3630 3417 3694">
     <span class='ocr_line' id='line_1_86' title="bbox 1857 3630 3417 3694; baseline 0.004 -12"><span class='ocrx_word' id='word_1_585' title='bbox 1857 3631 2011 3683; x_wconf 87' lang='lat' dir='ltr'><strong>titicis</strong></span> <span class='ocrx_word' id='word_1_586' title='bbox 2058 3639 2295 3694; x_wconf 89' lang='lat' dir='ltr'><strong>tempora</strong></span> <span class='ocrx_word' id='word_1_587' title='bbox 2348 3630 2653 3685; x_wconf 90' lang='lat' dir='ltr'><strong>Petronacis</strong></span> <span class='ocrx_word' id='word_1_588' title='bbox 2702 3633 2753 3685; x_wconf 91' lang='lat' dir='ltr'><strong>in</strong></span> <span class='ocrx_word' id='word_1_589' title='bbox 2808 3632 3090 3687; x_wconf 88' lang='lat' dir='ltr'><strong>Cassiuum</strong></span> <span class='ocrx_word' id='word_1_590' title='bbox 3132 3630 3417 3689; x_wconf 80' lang='lat' dir='ltr'><strong>adventum</strong></span> 
     </span>
    </p>
   </div>
   <div class='ocr_carea' id='block_1_85' title="bbox 1856 3698 3419 3771">
    <p class='ocr_par' dir='ltr' id='par_1_85' title="bbox 1856 3698 3419 3771">
     <span class='ocr_line' id='line_1_87' title="bbox 1856 3698 3419 3771; baseline 0.005 -19"><span class='ocrx_word' id='word_1_591' title='bbox 1856 3699 2058 3771; x_wconf 84' lang='lat' dir='ltr'><strong>refert;</strong></span> <span class='ocrx_word' id='word_1_592' title='bbox 2090 3698 2189 3752; x_wconf 88' lang='lat' dir='ltr'><strong>sed</strong></span> <span class='ocrx_word' id='word_1_593' title='bbox 2219 3711 2399 3754; x_wconf 88' lang='lat' dir='ltr'><strong>noster</strong></span> <span class='ocrx_word' id='word_1_594' title='bbox 2425 3701 2545 3754; x_wconf 90' lang='lat' dir='ltr'><strong>huic</strong></span> <span class='ocrx_word' id='word_1_595' title='bbox 2587 3702 2867 3755; x_wconf 89' lang='lat' dir='ltr'><strong>manifeste</strong></span> <span class='ocrx_word' id='word_1_596' title='bbox 2908 3714 3184 3771; x_wconf 83' lang='lat' dir='ltr'><strong>repugnat.</strong></span> <span class='ocrx_word' id='word_1_597' title='bbox 3217 3708 3294 3758; x_wconf 82' lang='lat' dir='ltr'><strong>Ad</strong></span> <span class='ocrx_word' id='word_1_598' title='bbox 3321 3706 3419 3760; x_wconf 85' lang='lat' dir='ltr'><strong>Pe-</strong></span> 
     </span>
    </p>
   </div>
   <div class='ocr_carea' id='block_1_86' title="bbox 1857 3769 3422 3838">
    <p class='ocr_par' dir='ltr' id='par_1_86' title="bbox 1857 3769 3422 3838">
     <span class='ocr_line' id='line_1_88' title="bbox 1857 3769 3422 3838; baseline 0.006 -18"><span class='ocrx_word' id='word_1_599' title='bbox 1857 3769 2072 3836; x_wconf 84' lang='lat' dir='ltr'><strong>regrinii</strong></span> <span class='ocrx_word' id='word_1_600' title='bbox 2100 3781 2471 3838; x_wconf 75' lang='lat' dir='ltr'><strong>argumentum</strong></span> <span class='ocrx_word' id='word_1_601' title='bbox 2515 3771 2662 3824; x_wconf 89' lang='lat' dir='ltr'><strong>addit</strong></span> <span class='ocrx_word' id='word_1_602' title='bbox 2716 3769 3073 3838; x_wconf 42' lang='lat' dir='ltr'><strong>Mabillonius&#39;,</strong></span> <span class='ocrx_word' id='word_1_603' title='bbox 3129 3785 3184 3828; x_wconf 91' lang='lat' dir='ltr'><strong>et</strong></span> <span class='ocrx_word' id='word_1_604' title='bbox 3222 3777 3422 3830; x_wconf 80' lang='lat' dir='ltr'><strong>collum</strong></span> 
     </span>
    </p>
   </div>
   <div class='ocr_carea' id='block_1_87' title="bbox 1855 3839 3421 3910">
    <p class='ocr_par' dir='ltr' id='par_1_87' title="bbox 1855 3839 3421 3910">
     <span class='ocr_line' id='line_1_89' title="bbox 1855 3839 3421 3910; baseline 0.005 -19"><span class='ocrx_word' id='word_1_605' title='bbox 1855 3839 2203 3893; x_wconf 86' lang='lat' dir='ltr'><strong>Cassinatium</strong></span> <span class='ocrx_word' id='word_1_606' title='bbox 2229 3840 2278 3891; x_wconf 93' lang='lat' dir='ltr'><strong>in</strong></span> <span class='ocrx_word' id='word_1_607' title='bbox 2307 3849 2547 3910; x_wconf 85' lang='lat' dir='ltr'><strong>sanctum</strong></span> <span class='ocrx_word' id='word_1_608' title='bbox 2580 3842 2891 3910; x_wconf 77' lang='lat' dir='ltr'><strong>Gregorium</strong></span> <span class='ocrx_word' id='word_1_609' title='bbox 2925 3843 2989 3905; x_wconf 94' lang='lat' dir='ltr'><strong>Il,</strong></span> <span class='ocrx_word' id='word_1_610' title='bbox 3038 3858 3140 3896; x_wconf 90' lang='lat' dir='ltr'><strong>non</strong></span> <span class='ocrx_word' id='word_1_611' title='bbox 3178 3859 3304 3899; x_wconf 86' lang='lat' dir='ltr'><strong>vero</strong></span> <span class='ocrx_word' id='word_1_612' title='bbox 3334 3845 3421 3910; x_wconf 92' lang='lat' dir='ltr'><strong>Ill,</strong></span> 
     </span>
    </p>
   </div>
   <div class='ocr_carea' id='block_1_88' title="bbox 1853 3909 3422 3981">
    <p class='ocr_par' dir='ltr' id='par_1_88' title="bbox 1853 3909 3422 3981">
     <span class='ocr_line' id='line_1_90' title="bbox 1853 3909 3422 3981; baseline 0.004 -20"><span class='ocrx_word' id='word_1_613' title='bbox 1853 3917 1910 3981; x_wconf 74' lang='lat' dir='ltr'><strong>et</strong></span> <span class='ocrx_word' id='word_1_614' title='bbox 1938 3910 2198 3981; x_wconf 83' lang='lat' dir='ltr'><strong>rationem</strong></span> <span class='ocrx_word' id='word_1_615' title='bbox 2233 3909 2508 3981; x_wconf 69' lang='lat' dir='ltr'><strong>temporis,</strong></span> <span class='ocrx_word' id='word_1_616' title='bbox 2544 3909 2898 3980; x_wconf 22' lang='lat' dir='ltr'><strong>xxxu’ncmpe</strong></span> <span class='ocrx_word' id='word_1_617' title='bbox 2920 3926 3201 3976; x_wconf 89' lang='lat' dir='ltr'><strong>annorum,</strong></span> <span class='ocrx_word' id='word_1_618' title='bbox 3229 3909 3422 3981; x_wconf 85' lang='lat' dir='ltr'><strong>quibus</strong></span> 
     </span>
    </p>
   </div>
   <div class='ocr_carea' id='block_1_89' title="bbox 1855 3978 3412 4050">
    <p class='ocr_par' dir='ltr' id='par_1_89' title="bbox 1855 3978 3412 4050">
     <span class='ocr_line' id='line_1_91' title="bbox 1855 3978 3412 4050; baseline 0.003 -18"><span class='ocrx_word' id='word_1_619' title='bbox 1855 3979 2114 4032; x_wconf 86' lang='lat' dir='ltr'><strong>Petronax</strong></span> <span class='ocrx_word' id='word_1_620' title='bbox 2146 3979 2438 4050; x_wconf 87' lang='lat' dir='ltr'><strong>instaurato</strong></span> <span class='ocrx_word' id='word_1_621' title='bbox 2464 3978 2772 4035; x_wconf 87' lang='lat' dir='ltr'><strong>Cassinensi</strong></span> <span class='ocrx_word' id='word_1_622' title='bbox 2830 3978 3153 4036; x_wconf 78' lang='lat' dir='ltr'><strong>monasterio</strong></span> <span class='ocrx_word' id='word_1_623' title='bbox 3183 3978 3412 4050; x_wconf 62' lang='lat' dir='ltr'><strong>mum,</strong></span> 
     </span>
    </p>
   </div>
   <div class='ocr_carea' id='block_1_90' title="bbox 1854 4049 3417 4118">
    <p class='ocr_par' dir='ltr' id='par_1_90' title="bbox 1854 4049 3417 4118">
     <span class='ocr_line' id='line_1_92' title="bbox 1854 4049 3417 4118; baseline 0.003 -16"><span class='ocrx_word' id='word_1_624' title='bbox 1854 4063 2019 4116; x_wconf 87' lang='lat' dir='ltr'><strong>eaque</strong></span> <span class='ocrx_word' id='word_1_625' title='bbox 2047 4049 2430 4103; x_wconf 87' lang='lat' dir='ltr'><strong>retrocedendo</strong></span> <span class='ocrx_word' id='word_1_626' title='bbox 2452 4064 2480 4100; x_wconf 90' lang='lat' dir='ltr'><strong>a</strong></span> <span class='ocrx_word' id='word_1_627' title='bbox 2504 4060 2740 4117; x_wconf 89' lang='lat' dir='ltr'><strong>tempore</strong></span> <span class='ocrx_word' id='word_1_628' title='bbox 2771 4052 2945 4118; x_wconf 83' lang='lat' dir='ltr'><strong>Optati</strong></span> <span class='ocrx_word' id='word_1_629' title='bbox 2967 4053 3273 4106; x_wconf 84' lang='lat' dir='ltr'><strong>Petronacis</strong></span> <span class='ocrx_word' id='word_1_630' title='bbox 3299 4049 3417 4108; x_wconf 81' lang='lat' dir='ltr'><strong>sue-</strong></span> 
     </span>
    </p>
   </div>
   <div class='ocr_carea' id='block_1_91' title="bbox 1854 4119 3413 4189">
    <p class='ocr_par' dir='ltr' id='par_1_91' title="bbox 1854 4119 3413 4189">
     <span class='ocr_line' id='line_1_93' title="bbox 1854 4119 3413 4189; baseline 0.004 -19"><span class='ocrx_word' id='word_1_631' title='bbox 1854 4119 2082 4172; x_wconf 89' lang='lat' dir='ltr'><strong>cessoris</strong></span> <span class='ocrx_word' id='word_1_632' title='bbox 2107 4134 2193 4171; x_wconf 87' lang='lat' dir='ltr'><strong>an.</strong></span> <span class='ocrx_word' id='word_1_633' title='bbox 2224 4119 2328 4173; x_wconf 77' lang='lat'><strong>752</strong></span> <span class='ocrx_word' id='word_1_634' title='bbox 2375 4135 2403 4172; x_wconf 88' lang='lat' dir='ltr'><strong>a</strong></span> <span class='ocrx_word' id='word_1_635' title='bbox 2434 4119 2704 4187; x_wconf 90' lang='lat' dir='ltr'><strong>Stephano</strong></span> <span class='ocrx_word' id='word_1_636' title='bbox 2736 4119 2773 4173; x_wconf 91' lang='lat' dir='ltr'><strong>Il</strong></span> <span class='ocrx_word' id='word_1_637' title='bbox 2804 4121 2868 4174; x_wconf 89' lang='lat' dir='ltr'><strong>ad</strong></span> <span class='ocrx_word' id='word_1_638' title='bbox 2913 4121 3198 4175; x_wconf 86' lang='lat' dir='ltr'><strong>Aistulfum</strong></span> <span class='ocrx_word' id='word_1_639' title='bbox 3231 4138 3413 4189; x_wconf 81' lang='lat' dir='ltr'><strong>regem</strong></span> 
     </span>
    </p>
   </div>
   <div class='ocr_carea' id='block_1_92' title="bbox 1855 4189 3416 4261">
    <p class='ocr_par' dir='ltr' id='par_1_92' title="bbox 1855 4189 3416 4261">
     <span class='ocr_line' id='line_1_94' title="bbox 1855 4189 3416 4261; baseline 0.004 -22"><span class='ocrx_word' id='word_1_640' title='bbox 1855 4189 2322 4261; x_wconf 80' lang='lat' dir='ltr'><strong>Langobardorum</strong></span> <span class='ocrx_word' id='word_1_641' title='bbox 2352 4189 2532 4254; x_wconf 80' lang='lat' dir='ltr'><strong>legati,</strong></span> <span class='ocrx_word' id='word_1_642' title='bbox 2558 4189 2697 4261; x_wconf 70' lang='lat' dir='ltr'><strong>circa</strong></span> <span class='ocrx_word' id='word_1_643' title='bbox 2728 4189 2831 4246; x_wconf 72' lang='grc'><strong>’720</strong></span> <span class='ocrx_word' id='word_1_644' title='bbox 2857 4192 3016 4261; x_wconf 89' lang='lat' dir='ltr'><strong>venit,</strong></span> <span class='ocrx_word' id='word_1_645' title='bbox 3045 4207 3152 4259; x_wconf 87' lang='lat' dir='ltr'><strong>quo</strong></span> <span class='ocrx_word' id='word_1_646' title='bbox 3181 4193 3234 4246; x_wconf 90' lang='lat' dir='ltr'><strong>in</strong></span> <span class='ocrx_word' id='word_1_647' title='bbox 3285 4210 3416 4261; x_wconf 81' lang='lat' dir='ltr'><strong>puu-</strong></span> 
     </span>
    </p>
   </div>
   <div class='ocr_carea' id='block_1_93' title="bbox 1855 4258 3374 4330">
    <p class='ocr_par' dir='ltr' id='par_1_93' title="bbox 1855 4258 3374 4330">
     <span class='ocr_line' id='line_1_95' title="bbox 1855 4258 3374 4330; baseline 0.005 -20"><span class='ocrx_word' id='word_1_648' title='bbox 1855 4258 2052 4330; x_wconf 76' lang='lat' dir='ltr'><strong>tilicatu</strong></span> <span class='ocrx_word' id='word_1_649' title='bbox 2075 4258 2294 4330; x_wconf 86' lang='lat' dir='ltr'><strong>sedebat</strong></span> <span class='ocrx_word' id='word_1_650' title='bbox 2319 4268 2532 4330; x_wconf 78' lang='lat' dir='ltr'><strong>sanctus</strong></span> <span class='ocrx_word' id='word_1_651' title='bbox 2562 4258 2851 4327; x_wconf 83' lang='lat' dir='ltr'><strong>Gregorius</strong></span> <span class='ocrx_word' id='word_1_652' title='bbox 2883 4260 3035 4330; x_wconf 84' lang='lat' dir='ltr'><strong>hujus</strong></span> <span class='ocrx_word' id='word_1_653' title='bbox 3059 4258 3296 4315; x_wconf 76' lang='lat' dir='ltr'><strong>nominis</strong></span> <span class='ocrx_word' id='word_1_654' title='bbox 3315 4263 3374 4317; x_wconf 92' lang='grc' dir='ltr'><strong>ΙΙ.</strong></span> 
     </span>
    </p>
   </div>
   <div class='ocr_carea' id='block_1_94' title="bbox 1926 4325 3418 4398">
    <p class='ocr_par' dir='ltr' id='par_1_94' title="bbox 1926 4325 3418 4398">
     <span class='ocr_line' id='line_1_96' title="bbox 1926 4325 3418 4398; baseline 0.004 -16"><span class='ocrx_word' id='word_1_655' title='bbox 1926 4325 1952 4364; x_wconf 73' lang='grc'><strong><em>³³</em></strong></span> <span class='ocrx_word' id='word_1_656' title='bbox 1984 4329 2312 4398; x_wconf 73' lang='lat' dir='ltr'><strong>Simplicium</strong></span> <span class='ocrx_word' id='word_1_657' title='bbox 2335 4329 2566 4381; x_wconf 90' lang='lat' dir='ltr'><strong>virorum</strong></span> <span class='ocrx_word' id='word_1_658' title='bbox 2593 4325 3223 4398; x_wconf 53' lang='lat' dir='ltr'><strong>appellatioue&#39;eremitas</strong></span> <span class='ocrx_word' id='word_1_659' title='bbox 3256 4334 3418 4388; x_wconf 80' lang='lat' dir='ltr'><strong>inter-</strong></span> 
     </span>
    </p>
   </div>
   <div class='ocr_carea' id='block_1_95' title="bbox 1854 4396 3416 4469">
    <p class='ocr_par' dir='ltr' id='par_1_95' title="bbox 1854 4396 3416 4469">
     <span class='ocr_line' id='line_1_97' title="bbox 1854 4396 3416 4469; baseline 0.004 -17"><span class='ocrx_word' id='word_1_660' title='bbox 1854 4408 2089 4469; x_wconf 85' lang='lat' dir='ltr'><strong>pretatur</strong></span> <span class='ocrx_word' id='word_1_661' title='bbox 2116 4396 2323 4452; x_wconf 79' lang='lat' dir='ltr'><strong>Nuccus</strong></span> <span class='ocrx_word' id='word_1_662' title='bbox 2349 4398 2415 4452; x_wconf 81' lang='lat' dir='ltr'><strong>ad</strong></span> <span class='ocrx_word' id='word_1_663' title='bbox 2443 4398 2554 4451; x_wconf 63' lang='lat' dir='ltr'><strong>huic</strong></span> <span class='ocrx_word' id='word_1_664' title='bbox 2578 4396 2759 4460; x_wconf 86' lang='lat' dir='ltr'><strong>verba,</strong></span> <span class='ocrx_word' id='word_1_665' title='bbox 2783 4417 2900 4469; x_wconf 73' lang='lat' dir='ltr'><strong>quae</strong></span> <span class='ocrx_word' id='word_1_666' title='bbox 2923 4403 2972 4455; x_wconf 92' lang='lat' dir='ltr'><strong>in</strong></span> <span class='ocrx_word' id='word_1_667' title='bbox 3005 4417 3159 4455; x_wconf 92' lang='lat' dir='ltr'><strong>suum</strong></span> <span class='ocrx_word' id='word_1_668' title='bbox 3189 4404 3416 4458; x_wconf 84' lang='lat' dir='ltr'><strong>Chroni-</strong></span> 
     </span>
    </p>
   </div>
   <div class='ocr_carea' id='block_1_96' title="bbox 1854 4468 3419 4542">
    <p class='ocr_par' dir='ltr' id='par_1_96' title="bbox 1854 4468 3419 4542">
     <span class='ocr_line' id='line_1_98' title="bbox 1854 4468 3419 4542; baseline 0.003 -18"><span class='ocrx_word' id='word_1_669' title='bbox 1854 4468 2126 4542; x_wconf 82' lang='lat' dir='ltr'><strong>con.,_lib.</strong></span> <span class='ocrx_word' id='word_1_670' title='bbox 2155 4483 2192 4531; x_wconf 94' lang='lat' dir='ltr'><strong>l,</strong></span> <span class='ocrx_word' id='word_1_671' title='bbox 2221 4482 2340 4536; x_wconf 83' lang='lat' dir='ltr'><strong>cap.</strong></span> <span class='ocrx_word' id='word_1_672' title='bbox 2379 4469 2454 4542; x_wconf 46' lang='grc' dir='ltr'><strong>Α,</strong></span> <span class='ocrx_word' id='word_1_673' title='bbox 2504 4482 2638 4542; x_wconf 81' lang='lat' dir='ltr'><strong>pene</strong></span> <span class='ocrx_word' id='word_1_674' title='bbox 2689 4470 2754 4523; x_wconf 90' lang='lat' dir='ltr'><strong>ad</strong></span> <span class='ocrx_word' id='word_1_675' title='bbox 2801 4468 3032 4525; x_wconf 78' lang='lat' dir='ltr'><strong>verbum</strong></span> <span class='ocrx_word' id='word_1_676' title='bbox 3086 4476 3419 4542; x_wconf 11' lang='lat' dir='ltr'><strong>tragnscripsit</strong></span> 
     </span>
    </p>
   </div>
   <div class='ocr_carea' id='block_1_97' title="bbox 181 4534 3404 4610">
    <p class='ocr_par' dir='ltr' id='par_1_97' title="bbox 181 4534 3404 4610">
     <span class='ocr_line' id='line_1_99' title="bbox 181 4534 3404 4610; baseline 0.003 -25"><span class='ocrx_word' id='word_1_677' title='bbox 181 4535 355 4610; x_wconf 54' lang='lat' dir='ltr'><strong>pauit.</strong></span> <span class='ocrx_word' id='word_1_678' title='bbox 408 4534 806 4610; x_wconf 42' lang='lat' dir='ltr'><strong>Revocandain</strong></span> <span class='ocrx_word' id='word_1_679' title='bbox 849 4536 1004 4610; x_wconf 43' lang='lat' dir='ltr'><strong>liunc‘</strong></span> <span class='ocrx_word' id='word_1_680' title='bbox 1029 4535 1198 4610; x_wconf 65' lang='lat' dir='ltr'><strong>locum</strong></span> <span class='ocrx_word' id='word_1_681' title='bbox 1223 4534 1372 4610; x_wconf 61' lang='lat' dir='ltr'><strong>sunt</strong></span> <span class='ocrx_word' id='word_1_682' title='bbox 1407 4552 1524 4605; x_wconf 66' lang='lat' dir='ltr'><strong>qute</strong></span> <span class='ocrx_word' id='word_1_683' title='bbox 1552 4537 1745 4610; x_wconf 82' lang='lat' dir='ltr'><strong>Paulus</strong></span> <span class='ocrx_word' id='word_1_684' title='bbox 1777 4538 1824 4598; x_wconf 92' lang='lat' dir='ltr'><strong>D</strong></span> <span class='ocrx_word' id='word_1_685' title='bbox 1853 4541 1978 4602; x_wconf 91' lang='lat' dir='ltr'><strong>Leo,</strong></span> <span class='ocrx_word' id='word_1_686' title='bbox 2009 4539 2107 4591; x_wconf 86' lang='lat' dir='ltr'><strong>ltoc</strong></span> <span class='ocrx_word' id='word_1_687' title='bbox 2135 4534 2301 4610; x_wconf 84' lang='lat' dir='ltr'><strong>unum</strong></span> <span class='ocrx_word' id='word_1_688' title='bbox 2326 4534 2549 4610; x_wconf 78' lang='lat' dir='ltr'><strong>addens,</strong></span> <span class='ocrx_word' id='word_1_689' title='bbox 2575 4539 2848 4594; x_wconf 83' lang='lat' dir='ltr'><strong>Petronaci</strong></span> <span class='ocrx_word' id='word_1_690' title='bbox 2885 4543 3058 4595; x_wconf 90' lang='lat' dir='ltr'><strong>socios</strong></span> <span class='ocrx_word' id='word_1_691' title='bbox 3082 4556 3110 4594; x_wconf 90' lang='lat' dir='ltr'><strong>a</strong></span> <span class='ocrx_word' id='word_1_692' title='bbox 3141 4534 3404 4610; x_wconf 72' lang='lat' dir='ltr'><strong>Gregorio</strong></span> 
     </span>
    </p>
   </div>
   <div class='ocr_carea' id='block_1_98' title="bbox 181 4602 1748 4673">
    <p class='ocr_par' dir='ltr' id='par_1_98' title="bbox 181 4602 1748 4673">
     <span class='ocr_line' id='line_1_100' title="bbox 181 4602 1748 4673; baseline 0.005 -20"><span class='ocrx_word' id='word_1_693' title='bbox 181 4603 244 4655; x_wconf 88' lang='lat' dir='ltr'><strong>de</strong></span> <span class='ocrx_word' id='word_1_694' title='bbox 274 4602 487 4657; x_wconf 88' lang='lat' dir='ltr'><strong>Gisulfo</strong></span> <span class='ocrx_word' id='word_1_695' title='bbox 514 4604 532 4657; x_wconf 91' lang='grc' dir='ltr'><strong>Ι</strong></span> <span class='ocrx_word' id='word_1_696' title='bbox 562 4605 796 4673; x_wconf 89' lang='lat' dir='ltr'><strong>scripsit,</strong></span> <span class='ocrx_word' id='word_1_697' title='bbox 829 4619 946 4670; x_wconf 85' lang='lat' dir='ltr'><strong>cap.</strong></span> <span class='ocrx_word' id='word_1_698' title='bbox 975 4603 1010 4656; x_wconf 75' lang='grc'>2</span> <span class='ocrx_word' id='word_1_699' title='bbox 1040 4604 1194 4672; x_wconf 84' lang='lat' dir='ltr'><strong>hujus</strong></span> <span class='ocrx_word' id='word_1_700' title='bbox 1223 4605 1365 4670; x_wconf 92' lang='lat' dir='ltr'><strong>libri,</strong></span> <span class='ocrx_word' id='word_1_701' title='bbox 1399 4602 1564 4660; x_wconf 79' lang='lat' dir='ltr'><strong>annos</strong></span> <span class='ocrx_word' id='word_1_702' title='bbox 1586 4607 1748 4661; x_wconf 87' lang='lat' dir='ltr'><strong>duca-</strong></span> 
     </span>
    </p>
   </div>
   <div class='ocr_carea' id='block_1_99' title="bbox 184 4673 1805 4743">
    <p class='ocr_par' dir='ltr' id='par_1_99' title="bbox 184 4673 1805 4743">
     <span class='ocr_line' id='line_1_101' title="bbox 184 4673 1805 4743; baseline 0.006 -21"><span class='ocrx_word' id='word_1_703' title='bbox 184 4680 267 4743; x_wconf 87' lang='lat' dir='ltr'><strong>tus</strong></span> <span class='ocrx_word' id='word_1_704' title='bbox 302 4673 423 4739; x_wconf 90' lang='lat' dir='ltr'><strong>ejus</strong></span> <span class='ocrx_word' id='word_1_705' title='bbox 452 4688 794 4739; x_wconf 86' lang='lat' dir='ltr'><strong>enumerans,</strong></span> <span class='ocrx_word' id='word_1_706' title='bbox 824 4676 936 4743; x_wconf 93' lang='lat' dir='ltr'><strong>qui,</strong></span> <span class='ocrx_word' id='word_1_707' title='bbox 981 4676 1024 4726; x_wconf 89' lang='lat' dir='ltr'><strong>si</strong></span> <span class='ocrx_word' id='word_1_708' title='bbox 1082 4685 1196 4742; x_wconf 87' lang='lat' dir='ltr'><strong>post</strong></span> <span class='ocrx_word' id='word_1_709' title='bbox 1227 4675 1527 4743; x_wconf 9' lang='lat' dir='ltr'><strong>rGrimoaldi</strong></span> <span class='ocrx_word' id='word_1_710' title='bbox 1587 4679 1749 4731; x_wconf 89' lang='lat' dir='ltr'><strong>trien-</strong></span> <span class='ocrx_word' id='word_1_711' title='bbox 1794 4677 1805 4690; x_wconf 80' lang='grc'><strong>“</strong></span> 
     </span>
    </p>
   </div>
   <div class='ocr_carea' id='block_1_100' title="bbox 183 4742 1747 4806">
    <p class='ocr_par' dir='ltr' id='par_1_100' title="bbox 183 4742 1747 4806">
     <span class='ocr_line' id='line_1_102' title="bbox 183 4742 1747 4806; baseline 0.006 -14"><span class='ocrx_word' id='word_1_712' title='bbox 183 4742 332 4795; x_wconf 86' lang='lat' dir='ltr'><strong>nium</strong></span> <span class='ocrx_word' id='word_1_713' title='bbox 355 4743 568 4797; x_wconf 88' lang='lat' dir='ltr'><strong>initium</strong></span> <span class='ocrx_word' id='word_1_714' title='bbox 595 4742 913 4806; x_wconf 85' lang='lat' dir='ltr'><strong>habuerunt,</strong></span> <span class='ocrx_word' id='word_1_715' title='bbox 935 4744 1002 4798; x_wconf 83' lang='lat' dir='ltr'><strong>ab</strong></span> <span class='ocrx_word' id='word_1_716' title='bbox 1020 4759 1157 4797; x_wconf 87' lang='lat' dir='ltr'><strong>anno</strong></span> <span class='ocrx_word' id='word_1_717' title='bbox 1181 4742 1284 4796; x_wconf 63' lang='lat' dir='ltr'><strong>L90</strong></span> <span class='ocrx_word' id='word_1_718' title='bbox 1305 4754 1426 4798; x_wconf 88' lang='lat' dir='ltr'><strong>sunt</strong></span> <span class='ocrx_word' id='word_1_719' title='bbox 1454 4746 1747 4801; x_wconf 85' lang='lat' dir='ltr'><strong>deducendi</strong></span> 
     </span>
    </p>
   </div>
   <div class='ocr_carea' id='block_1_101' title="bbox 183 4813 1747 4880">
    <p class='ocr_par' dir='ltr' id='par_1_101' title="bbox 183 4813 1747 4880">
     <span class='ocr_line' id='line_1_103' title="bbox 183 4813 1747 4880; baseline 0.006 -20"><span class='ocrx_word' id='word_1_720' title='bbox 183 4825 349 4879; x_wconf 88' lang='lat' dir='ltr'><strong>usque</strong></span> <span class='ocrx_word' id='word_1_721' title='bbox 376 4813 444 4866; x_wconf 88' lang='lat' dir='ltr'><strong>ad</strong></span> <span class='ocrx_word' id='word_1_722' title='bbox 494 4813 620 4877; x_wconf 81' lang='lat'><strong>707,</strong></span> <span class='ocrx_word' id='word_1_723' title='bbox 671 4816 740 4866; x_wconf 87' lang='lat' dir='ltr'><strong>ita</strong></span> <span class='ocrx_word' id='word_1_724' title='bbox 793 4824 850 4867; x_wconf 91' lang='lat' dir='ltr'><strong>ut</strong></span> <span class='ocrx_word' id='word_1_725' title='bbox 891 4814 1269 4879; x_wconf 81' lang='lat' dir='ltr'><strong>Liutpraudum</strong></span> <span class='ocrx_word' id='word_1_726' title='bbox 1303 4829 1480 4880; x_wconf 82' lang='lat' dir='ltr'><strong>regem</strong></span> <span class='ocrx_word' id='word_1_727' title='bbox 1513 4817 1747 4870; x_wconf 86' lang='lat' dir='ltr'><strong>Gisulfus</strong></span> 
     </span>
    </p>
   </div>
   <div class='ocr_carea' id='block_1_102' title="bbox 184 4881 1746 4954">
    <p class='ocr_par' dir='ltr' id='par_1_102' title="bbox 184 4881 1746 4954">
     <span class='ocr_line' id='line_1_104' title="bbox 184 4881 1746 4954; baseline 0.004 -21"><span class='ocrx_word' id='word_1_728' title='bbox 184 4895 286 4954; x_wconf 87' lang='lat' dir='ltr'><strong>non</strong></span> <span class='ocrx_word' id='word_1_729' title='bbox 311 4881 521 4954; x_wconf 83' lang='lat' dir='ltr'><strong>viderit.</strong></span> <span class='ocrx_word' id='word_1_730' title='bbox 541 4884 750 4954; x_wconf 10' lang='lat' dir='ltr'><strong>fTurbat</strong></span> <span class='ocrx_word' id='word_1_731' title='bbox 780 4883 913 4937; x_wconf 89' lang='lat' dir='ltr'><strong>ordo</strong></span> <span class='ocrx_word' id='word_1_732' title='bbox 945 4883 1176 4936; x_wconf 79' lang='lat' dir='ltr'><strong>historia:</strong></span> <span class='ocrx_word' id='word_1_733' title='bbox 1207 4882 1377 4954; x_wconf 80' lang='lat' dir='ltr'><strong>Pauli,</strong></span> <span class='ocrx_word' id='word_1_734' title='bbox 1405 4885 1456 4937; x_wconf 93' lang='lat' dir='ltr'><strong>in</strong></span> <span class='ocrx_word' id='word_1_735' title='bbox 1503 4901 1603 4954; x_wconf 88' lang='lat' dir='ltr'><strong>qua</strong></span> <span class='ocrx_word' id='word_1_736' title='bbox 1625 4902 1746 4940; x_wconf 88' lang='lat' dir='ltr'><strong>cum</strong></span> 
     </span>
    </p>
   </div>
   <div class='ocr_carea' id='block_1_103' title="bbox 184 4953 1745 5024">
    <p class='ocr_par' dir='ltr' id='par_1_103' title="bbox 184 4953 1745 5024">
     <span class='ocr_line' id='line_1_105' title="bbox 184 4953 1745 5024; baseline 0.005 -23"><span class='ocrx_word' id='word_1_737' title='bbox 184 4953 347 5005; x_wconf 89' lang='lat' dir='ltr'><strong>rebus</strong></span> <span class='ocrx_word' id='word_1_738' title='bbox 403 4967 436 5024; x_wconf 62' lang='grc' dir='ltr'>ξ</span> <span class='ocrx_word' id='word_1_739' title='bbox 489 4953 816 5024; x_wconf 85' lang='lat' dir='ltr'><strong>Liutprando</strong></span> <span class='ocrx_word' id='word_1_740' title='bbox 878 4954 1053 5024; x_wconf 72' lang='lat' dir='ltr'><strong>gestis</strong></span> <span class='ocrx_word' id='word_1_741' title='bbox 1095 4955 1270 5006; x_wconf 90' lang='lat' dir='ltr'><strong>obitus</strong></span> <span class='ocrx_word' id='word_1_742' title='bbox 1321 4953 1528 5006; x_wconf 33' lang='lat' dir='ltr'><strong>Uisulfl&#39;</strong></span> <span class='ocrx_word' id='word_1_743' title='bbox 1561 4956 1745 5024; x_wconf 85' lang='lat' dir='ltr'><strong>alliga—</strong></span> 
     </span>
    </p>
   </div>
   <div class='ocr_carea' id='block_1_104' title="bbox 187 5021 1746 5102">
    <p class='ocr_par' dir='ltr' id='par_1_104' title="bbox 187 5021 1746 5102">
     <span class='ocr_line' id='line_1_106' title="bbox 187 5021 1746 5102; baseline 0.004 -30"><span class='ocrx_word' id='word_1_744' title='bbox 187 5028 292 5102; x_wconf 80' lang='lat' dir='ltr'><strong>tur,</strong></span> <span class='ocrx_word' id='word_1_745' title='bbox 332 5021 432 5077; x_wconf 87' lang='lat' dir='ltr'><strong>sed</strong></span> <span class='ocrx_word' id='word_1_746' title='bbox 472 5025 668 5092; x_wconf 80' lang='lat' dir='ltr'><strong>pluries</strong></span> <span class='ocrx_word' id='word_1_747' title='bbox 707 5023 758 5077; x_wconf 90' lang='lat' dir='ltr'><strong>id</strong></span> <span class='ocrx_word' id='word_1_748' title='bbox 798 5024 852 5076; x_wconf 93' lang='lat' dir='ltr'><strong>in</strong></span> <span class='ocrx_word' id='word_1_749' title='bbox 888 5022 1004 5092; x_wconf 86' lang='lat' dir='ltr'><strong>ejus</strong></span> <span class='ocrx_word' id='word_1_750' title='bbox 1042 5022 1263 5076; x_wconf 87' lang='lat' dir='ltr'><strong>historia</strong></span> <span class='ocrx_word' id='word_1_751' title='bbox 1315 5026 1554 5093; x_wconf 85' lang='lat' dir='ltr'><strong>quisquis</strong></span> <span class='ocrx_word' id='word_1_752' title='bbox 1595 5021 1746 5102; x_wconf 18' lang='lat' dir='ltr'><strong>no&#39;tal-</strong></span> 
     </span>
    </p>
   </div>
   <div class='ocr_carea' id='block_1_105' title="bbox 183 5099 1721 5147">
    <p class='ocr_par' dir='ltr' id='par_1_105' title="bbox 183 5099 1721 5147">
     <span class='ocr_line' id='line_1_107' title="bbox 183 5099 1721 5147; baseline 0.004 -5"><span class='ocrx_word' id='word_1_753' title='bbox 183 5099 333 5147; x_wconf 83' lang='lat' dir='ltr'><strong>verit.</strong></span> <span class='ocrx_word' id='word_1_754' title='bbox 1719 5099 1721 5102; x_wconf 84' lang='grc'><strong>’</strong></span> 
     </span>
    </p>
   </div>
   <div class='ocr_carea' id='block_1_106' title="bbox 257 5161 896 5228">
    <p class='ocr_par' dir='ltr' id='par_1_106' title="bbox 257 5161 896 5228">
     <span class='ocr_line' id='line_1_108' title="bbox 257 5161 896 5228; baseline 0 -10"><span class='ocrx_word' id='word_1_755' title='bbox 257 5161 277 5198; x_wconf 75' lang='grc' dir='ltr'>ί</span> <span class='ocrx_word' id='word_1_756' title='bbox 305 5166 418 5228; x_wconf 82' lang='lat' dir='ltr'><strong>AL,</strong></span> <span class='ocrx_word' id='word_1_757' title='bbox 447 5163 716 5218; x_wconf 76' lang='lat' dir='ltr'><strong>Patronus.</strong></span> <span class='ocrx_word' id='word_1_758' title='bbox 743 5162 896 5218; x_wconf 91' lang='lat' dir='ltr'><strong>Lind.</strong></span> 
     </span>
    </p>
   </div>
   <div class='ocr_carea' id='block_1_107' title="bbox 257 5231 1744 5300">
    <p class='ocr_par' dir='ltr' id='par_1_107' title="bbox 257 5231 1744 5300">
     <span class='ocr_line' id='line_1_109' title="bbox 257 5231 1744 5300; baseline 0 -11"><span class='ocrx_word' id='word_1_759' title='bbox 257 5242 281 5278; x_wconf 74' lang='grc' dir='ltr'><strong>ε</strong></span> <span class='ocrx_word' id='word_1_760' title='bbox 307 5234 416 5290; x_wconf 91' lang='lat' dir='ltr'><strong>Leo</strong></span> <span class='ocrx_word' id='word_1_761' title='bbox 441 5235 721 5298; x_wconf 78' lang='lat' dir='ltr'><strong>Ostiensis,</strong></span> <span class='ocrx_word' id='word_1_762' title='bbox 751 5235 801 5287; x_wconf 92' lang='lat' dir='ltr'><strong>iu</strong></span> <span class='ocrx_word' id='word_1_763' title='bbox 827 5233 908 5287; x_wconf 90' lang='lat' dir='ltr'><strong>sui</strong></span> <span class='ocrx_word' id='word_1_764' title='bbox 935 5231 1184 5286; x_wconf 85' lang='lat' dir='ltr'><strong>Chronici</strong></span> <span class='ocrx_word' id='word_1_765' title='bbox 1210 5232 1301 5285; x_wconf 92' lang='lat' dir='ltr'><strong>lib.</strong></span> <span class='ocrx_word' id='word_1_766' title='bbox 1328 5247 1366 5296; x_wconf 82' lang='grc' dir='ltr'><strong>ι,</strong></span> <span class='ocrx_word' id='word_1_767' title='bbox 1388 5247 1506 5300; x_wconf 90' lang='lat' dir='ltr'><strong>cap.</strong></span> <span class='ocrx_word' id='word_1_768' title='bbox 1525 5235 1581 5296; x_wconf 70' lang='grc'><strong>4,</strong></span> <span class='ocrx_word' id='word_1_769' title='bbox 1609 5233 1744 5289; x_wconf 88' lang='lat' dir='ltr'><strong>Gre-</strong></span> 
     </span>
    </p>
   </div>
   <div class='ocr_carea' id='block_1_108' title="bbox 181 5303 1744 5372">
    <p class='ocr_par' dir='ltr' id='par_1_108' title="bbox 181 5303 1744 5372">
     <span class='ocr_line' id='line_1_110' title="bbox 181 5303 1744 5372; baseline 0 -15"><span class='ocrx_word' id='word_1_770' title='bbox 181 5304 386 5368; x_wconf 67' lang='lat' dir='ltr'><strong>gorium</strong></span> <span class='ocrx_word' id='word_1_771' title='bbox 415 5307 555 5360; x_wconf 87' lang='lat' dir='ltr'><strong>hunc</strong></span> <span class='ocrx_word' id='word_1_772' title='bbox 577 5303 786 5359; x_wconf 87' lang='lat' dir='ltr'><strong>tertium</strong></span> <span class='ocrx_word' id='word_1_773' title='bbox 813 5303 1088 5372; x_wconf 86' lang='lat' dir='ltr'><strong>designat;</strong></span> <span class='ocrx_word' id='word_1_774' title='bbox 1117 5304 1232 5367; x_wconf 88' lang='lat' dir='ltr'><strong>sed,</strong></span> <span class='ocrx_word' id='word_1_775' title='bbox 1264 5312 1319 5356; x_wconf 89' lang='lat' dir='ltr'><strong>ut</strong></span> <span class='ocrx_word' id='word_1_776' title='bbox 1346 5319 1524 5370; x_wconf 88' lang='lat' dir='ltr'><strong>supra,</strong></span> <span class='ocrx_word' id='word_1_777' title='bbox 1552 5305 1646 5357; x_wconf 91' lang='lat' dir='ltr'><strong>lib.</strong></span> <span class='ocrx_word' id='word_1_778' title='bbox 1669 5321 1744 5370; x_wconf 86' lang='lat' dir='ltr'><strong>tv,</strong></span> 
     </span>
    </p>
   </div>
   <div class='ocr_carea' id='block_1_109' title="bbox 186 5373 1745 5441">
    <p class='ocr_par' dir='ltr' id='par_1_109' title="bbox 186 5373 1745 5441">
     <span class='ocr_line' id='line_1_111' title="bbox 186 5373 1745 5441; baseline -0.001 -12"><span class='ocrx_word' id='word_1_779' title='bbox 186 5385 302 5441; x_wconf 69' lang='lat' dir='ltr'><strong>cap.</strong></span> <span class='ocrx_word' id='word_1_780' title='bbox 333 5377 422 5439; x_wconf 77' lang='grc'><strong>18,</strong></span> <span class='ocrx_word' id='word_1_781' title='bbox 454 5391 600 5429; x_wconf 91' lang='lat' dir='ltr'><strong>num.</strong></span> <span class='ocrx_word' id='word_1_782' title='bbox 631 5375 721 5439; x_wconf 72' lang='lat'><strong>62,</strong></span> <span class='ocrx_word' id='word_1_783' title='bbox 750 5377 948 5434; x_wconf 90' lang='lat' dir='ltr'><strong>notavi,</strong></span> <span class='ocrx_word' id='word_1_784' title='bbox 994 5387 1088 5439; x_wconf 91' lang='lat' dir='ltr'><strong>pro</strong></span> <span class='ocrx_word' id='word_1_785' title='bbox 1136 5373 1294 5426; x_wconf 87' lang='lat' dir='ltr'><strong>tertio</strong></span> <span class='ocrx_word' id='word_1_786' title='bbox 1346 5375 1610 5427; x_wconf 89' lang='lat' dir='ltr'><strong>secundus</strong></span> <span class='ocrx_word' id='word_1_787' title='bbox 1665 5387 1745 5428; x_wconf 90' lang='lat' dir='ltr'><strong>cst</strong></span> 
     </span>
    </p>
   </div>
   <div class='ocr_carea' id='block_1_110' title="bbox 186 5442 1744 5512">
    <p class='ocr_par' dir='ltr' id='par_1_110' title="bbox 186 5442 1744 5512">
     <span class='ocr_line' id='line_1_112' title="bbox 186 5442 1744 5512; baseline 0.002 -18"><span class='ocrx_word' id='word_1_788' title='bbox 186 5447 540 5510; x_wconf 87' lang='lat' dir='ltr'><strong>reponendus,</strong></span> <span class='ocrx_word' id='word_1_789' title='bbox 573 5452 884 5512; x_wconf 88' lang='lat' dir='ltr'><strong>argumento</strong></span> <span class='ocrx_word' id='word_1_790' title='bbox 911 5442 1041 5495; x_wconf 68' lang='lat' dir='ltr'><strong>Vitta</strong></span> <span class='ocrx_word' id='word_1_791' title='bbox 1061 5444 1229 5496; x_wconf 69' lang='lat' dir='ltr'><strong>sancti</strong></span> <span class='ocrx_word' id='word_1_792' title='bbox 1255 5443 1539 5496; x_wconf 80' lang='lat' dir='ltr'><strong>Willibaldi</strong></span> <span class='ocrx_word' id='word_1_793' title='bbox 1573 5444 1744 5498; x_wconf 86' lang='lat' dir='ltr'><strong>Eiste-</strong></span> 
     </span>
    </p>
   </div>
   <div class='ocr_carea' id='block_1_111' title="bbox 189 5514 1745 5584">
    <p class='ocr_par' dir='ltr' id='par_1_111' title="bbox 189 5514 1745 5584">
     <span class='ocr_line' id='line_1_113' title="bbox 189 5514 1745 5584; baseline 0.004 -24"><span class='ocrx_word' id='word_1_794' title='bbox 189 5519 350 5584; x_wconf 76' lang='lat' dir='ltr'><strong>tensis</strong></span> <span class='ocrx_word' id='word_1_795' title='bbox 378 5515 636 5584; x_wconf 87' lang='lat' dir='ltr'><strong>episcopi,</strong></span> <span class='ocrx_word' id='word_1_796' title='bbox 665 5529 839 5584; x_wconf 13' lang='lat' dir='ltr'><strong>quam,</strong></span> <span class='ocrx_word' id='word_1_797' title='bbox 858 5514 1056 5579; x_wconf 89' lang='lat' dir='ltr'><strong>primus</strong></span> <span class='ocrx_word' id='word_1_798' title='bbox 1085 5514 1150 5584; x_wconf 87' lang='lat' dir='ltr'><strong>ad</strong></span> <span class='ocrx_word' id='word_1_799' title='bbox 1210 5515 1341 5566; x_wconf 79' lang='lat' dir='ltr'><strong>lianc</strong></span> <span class='ocrx_word' id='word_1_800' title='bbox 1386 5530 1494 5567; x_wconf 88' lang='lat' dir='ltr'><strong>rem</strong></span> <span class='ocrx_word' id='word_1_801' title='bbox 1526 5515 1745 5567; x_wconf 84' lang='lat' dir='ltr'><strong>adduxit</strong></span> 
     </span>
    </p>
   </div>
   <div class='ocr_carea' id='block_1_112' title="bbox 186 5582 1743 5652">
    <p class='ocr_par' dir='ltr' id='par_1_112' title="bbox 186 5582 1743 5652">
     <span class='ocr_line' id='line_1_114' title="bbox 186 5582 1743 5652; baseline 0.003 -21"><span class='ocrx_word' id='word_1_802' title='bbox 186 5582 434 5639; x_wconf 77' lang='lat' dir='ltr'><strong>Camillus</strong></span> <span class='ocrx_word' id='word_1_803' title='bbox 465 5585 799 5652; x_wconf 78' lang='lat' dir='ltr'><strong>Peregrinius</strong></span> <span class='ocrx_word' id='word_1_804' title='bbox 829 5583 880 5636; x_wconf 89' lang='lat' dir='ltr'><strong>In</strong></span> <span class='ocrx_word' id='word_1_805' title='bbox 909 5598 1001 5635; x_wconf 87' lang='lat' dir='ltr'><strong>sua</strong></span> <span class='ocrx_word' id='word_1_806' title='bbox 1025 5583 1168 5636; x_wconf 89' lang='lat' dir='ltr'><strong>serie</strong></span> <span class='ocrx_word' id='word_1_807' title='bbox 1189 5584 1434 5637; x_wconf 87' lang='lat' dir='ltr'><strong>abbatum</strong></span> <span class='ocrx_word' id='word_1_808' title='bbox 1464 5585 1743 5638; x_wconf 75' lang='lat' dir='ltr'><strong>CaSsinen-</strong></span> 
     </span>
    </p>
   </div>
   <div class='ocr_carea' id='block_1_113' title="bbox 185 5652 1744 5720">
    <p class='ocr_par' dir='ltr' id='par_1_113' title="bbox 185 5652 1744 5720">
     <span class='ocr_line' id='line_1_115' title="bbox 185 5652 1744 5720; baseline 0.003 -16"><span class='ocrx_word' id='word_1_809' title='bbox 185 5652 318 5720; x_wconf 71' lang='lat' dir='ltr'><strong>sium</strong></span> <span class='ocrx_word' id='word_1_810' title='bbox 361 5674 374 5708; x_wconf 92' lang='lat'>:</span> <span class='ocrx_word' id='word_1_811' title='bbox 418 5656 590 5709; x_wconf 87' lang='lat' dir='ltr'><strong>eidem</strong></span> <span class='ocrx_word' id='word_1_812' title='bbox 635 5654 1067 5720; x_wconf 83' lang='lat' dir='ltr'><strong>subscripserunt</strong></span> <span class='ocrx_word' id='word_1_813' title='bbox 1119 5653 1402 5707; x_wconf 86' lang='lat' dir='ltr'><strong>Bollandus</strong></span> <span class='ocrx_word' id='word_1_814' title='bbox 1459 5654 1510 5706; x_wconf 93' lang='lat' dir='ltr'><strong>in</strong></span> <span class='ocrx_word' id='word_1_815' title='bbox 1559 5665 1744 5708; x_wconf 85' lang='lat' dir='ltr'><strong>sancto</strong></span> 
     </span>
    </p>
   </div>
   <div class='ocr_carea' id='block_1_114' title="bbox 185 5719 1742 5793">
    <p class='ocr_par' dir='ltr' id='par_1_114' title="bbox 185 5719 1742 5793">
     <span class='ocr_line' id='line_1_116' title="bbox 185 5719 1742 5793; baseline 0.003 -20"><span class='ocrx_word' id='word_1_816' title='bbox 185 5719 436 5791; x_wconf 76' lang='lat' dir='ltr'><strong>Gregorio</strong></span> <span class='ocrx_word' id='word_1_817' title='bbox 464 5723 530 5790; x_wconf 90' lang='lat' dir='ltr'><strong>II,</strong></span> <span class='ocrx_word' id='word_1_818' title='bbox 562 5723 796 5793; x_wconf 82' lang='lat' dir='ltr'><strong>Angelus</strong></span> <span class='ocrx_word' id='word_1_819' title='bbox 825 5719 856 5773; x_wconf 65' lang='grc' dir='ltr'><strong>εἰ</strong></span> <span class='ocrx_word' id='word_1_820' title='bbox 884 5722 1030 5776; x_wconf 80' lang='lat' dir='ltr'><strong>Nuce</strong></span> <span class='ocrx_word' id='word_1_821' title='bbox 1074 5723 1124 5776; x_wconf 89' lang='lat' dir='ltr'><strong>in</strong></span> <span class='ocrx_word' id='word_1_822' title='bbox 1181 5737 1278 5776; x_wconf 88' lang='lat' dir='ltr'><strong>suo</strong></span> <span class='ocrx_word' id='word_1_823' title='bbox 1309 5725 1544 5777; x_wconf 76' lang='lat' dir='ltr'><strong>Excursu</strong></span> <span class='ocrx_word' id='word_1_824' title='bbox 1575 5723 1742 5777; x_wconf 84' lang='lat' dir='ltr'><strong>chro-</strong></span> 
     </span>
    </p>
   </div>
   <div class='ocr_carea' id='block_1_115' title="bbox 184 5793 1738 5863">
    <p class='ocr_par' dir='ltr' id='par_1_115' title="bbox 184 5793 1738 5863">
     <span class='ocr_line' id='line_1_117' title="bbox 184 5793 1738 5863; baseline 0.004 -22"><span class='ocrx_word' id='word_1_825' title='bbox 184 5795 419 5862; x_wconf 81' lang='lat' dir='ltr'><strong>uologico</strong></span> <span class='ocrx_word' id='word_1_826' title='bbox 444 5796 510 5850; x_wconf 87' lang='lat' dir='ltr'><strong>ad</strong></span> <span class='ocrx_word' id='word_1_827' title='bbox 537 5795 768 5849; x_wconf 84' lang='lat' dir='ltr'><strong>Leonem</strong></span> <span class='ocrx_word' id='word_1_828' title='bbox 800 5795 1056 5856; x_wconf 66' lang='lat' dir='ltr'><strong>Ostiens,</strong></span> <span class='ocrx_word' id='word_1_829' title='bbox 1095 5811 1146 5850; x_wconf 80' lang='grc' dir='ltr'><strong>ιι.</strong></span> <span class='ocrx_word' id='word_1_830' title='bbox 1201 5793 1295 5849; x_wconf 64' lang='grc'><strong>481</strong></span> <span class='ocrx_word' id='word_1_831' title='bbox 1328 5805 1382 5850; x_wconf 88' lang='lat' dir='ltr'><strong>et</strong></span> <span class='ocrx_word' id='word_1_832' title='bbox 1429 5811 1602 5863; x_wconf 65' lang='grc' dir='ltr'><strong>βρεμι..</strong></span> <span class='ocrx_word' id='word_1_833' title='bbox 1631 5794 1738 5848; x_wconf 77' lang='lat' dir='ltr'><strong>illa-</strong></span> 
     </span>
    </p>
   </div>
   <div class='ocr_carea' id='block_1_116' title="bbox 528 5886 1029 5948">
    <p class='ocr_par' dir='ltr' id='par_1_116' title="bbox 528 5886 1029 5948">
     <span class='ocr_line' id='line_1_118' title="bbox 528 5886 1029 5948; baseline 0 0"><span class='ocrx_word' id='word_1_834' title='bbox 528 5888 794 5948; x_wconf 76' lang='lat' dir='ltr'><strong>Psrnor..</strong></span> <span class='ocrx_word' id='word_1_835' title='bbox 843 5886 1029 5948; x_wconf 81' lang='lat' dir='ltr'><strong>XCV.</strong></span> 
     </span>
    </p>
   </div>
   <div class='ocr_carea' id='block_1_117' title="bbox 1853 4606 3418 4678">
    <p class='ocr_par' dir='ltr' id='par_1_117' title="bbox 1853 4606 3418 4678">
     <span class='ocr_line' id='line_1_119' title="bbox 1853 4606 3418 4678; baseline 0.003 -14"><span class='ocrx_word' id='word_1_836' title='bbox 1853 4611 2007 4664; x_wconf 90' lang='lat' dir='ltr'><strong>datos</strong></span> <span class='ocrx_word' id='word_1_837' title='bbox 2041 4626 2060 4658; x_wconf 79' lang='lat' dir='ltr'><strong>t</strong></span> <span class='ocrx_word' id='word_1_838' title='bbox 2097 4609 2395 4675; x_wconf 85' lang='lat' dir='ltr'><strong>aliquantos</strong></span> <span class='ocrx_word' id='word_1_839' title='bbox 2424 4606 2492 4662; x_wconf 88' lang='lat' dir='ltr'><strong>de</strong></span> <span class='ocrx_word' id='word_1_840' title='bbox 2525 4609 2862 4665; x_wconf 87' lang='lat' dir='ltr'><strong>Lateranensi</strong></span> <span class='ocrx_word' id='word_1_841' title='bbox 2887 4606 3297 4678; x_wconf 77' lang='lat' dir='ltr'><strong>congregatione</strong></span> <span class='ocrx_word' id='word_1_842' title='bbox 3321 4615 3418 4669; x_wconf 85' lang='lat' dir='ltr'><strong>fra-</strong></span> 
     </span>
    </p>
   </div>
   <div class='ocr_carea' id='block_1_118' title="bbox 1853 4680 3413 4746">
    <p class='ocr_par' dir='ltr' id='par_1_118' title="bbox 1853 4680 3413 4746">
     <span class='ocr_line' id='line_1_120' title="bbox 1853 4680 3413 4746; baseline 0.001 -13"><span class='ocrx_word' id='word_1_843' title='bbox 1853 4690 1981 4746; x_wconf 90' lang='lat' dir='ltr'><strong>tres,</strong></span> <span class='ocrx_word' id='word_1_844' title='bbox 2021 4698 2038 4730; x_wconf 75' lang='grc' dir='ltr'>ι</span> <span class='ocrx_word' id='word_1_845' title='bbox 2072 4693 2188 4732; x_wconf 90' lang='lat' dir='ltr'><strong>eam</strong></span> <span class='ocrx_word' id='word_1_846' title='bbox 2211 4680 2418 4734; x_wconf 89' lang='lat' dir='ltr'><strong>scilicet</strong></span> <span class='ocrx_word' id='word_1_847' title='bbox 2445 4693 2587 4745; x_wconf 65' lang='lat' dir='ltr'><strong>quae,</strong></span> <span class='ocrx_word' id='word_1_848' title='bbox 2631 4682 2817 4746; x_wconf 80' lang='lat' dir='ltr'><strong>fugatis</strong></span> <span class='ocrx_word' id='word_1_849' title='bbox 2863 4697 2896 4735; x_wconf 88' lang='lat' dir='ltr'><strong>e</strong></span> <span class='ocrx_word' id='word_1_850' title='bbox 2951 4682 3172 4735; x_wconf 80' lang='lat' dir='ltr'><strong>Cassiuo</strong></span> <span class='ocrx_word' id='word_1_851' title='bbox 3226 4700 3413 4738; x_wconf 81' lang='lat' dir='ltr'><strong>tuonu-</strong></span> 
     </span>
    </p>
   </div>
   <div class='ocr_carea' id='block_1_119' title="bbox 1849 4748 3415 4822">
    <p class='ocr_par' dir='ltr' id='par_1_119' title="bbox 1849 4748 3415 4822">
     <span class='ocr_line' id='line_1_121' title="bbox 1849 4748 3415 4822; baseline 0.002 -18"><span class='ocrx_word' id='word_1_852' title='bbox 1849 4751 1989 4814; x_wconf 87' lang='lat' dir='ltr'><strong>chis,</strong></span> <span class='ocrx_word' id='word_1_853' title='bbox 2015 4750 2181 4822; x_wconf 84' lang='lat' dir='ltr'><strong>sancti</strong></span> <span class='ocrx_word' id='word_1_854' title='bbox 2214 4749 2418 4822; x_wconf 76' lang='lat' dir='ltr'><strong>Pelagii</strong></span> <span class='ocrx_word' id='word_1_855' title='bbox 2441 4762 2589 4816; x_wconf 78' lang='lat' dir='ltr'><strong>papa:</strong></span> <span class='ocrx_word' id='word_1_856' title='bbox 2630 4748 2672 4802; x_wconf 96' lang='lat' dir='ltr'><strong>II</strong></span> <span class='ocrx_word' id='word_1_857' title='bbox 2713 4761 2766 4803; x_wconf 88' lang='lat' dir='ltr'><strong>et</strong></span> <span class='ocrx_word' id='word_1_858' title='bbox 2788 4751 2987 4804; x_wconf 72' lang='lat' dir='ltr'><strong>&#39;l‘i‘berii</strong></span> <span class='ocrx_word' id='word_1_859' title='bbox 3021 4751 3254 4807; x_wconf 81' lang='lat' dir='ltr'><strong>Mauricii</strong></span> <span class='ocrx_word' id='word_1_860' title='bbox 3287 4755 3415 4822; x_wconf 87' lang='lat' dir='ltr'><strong>itnp.</strong></span> 
     </span>
    </p>
   </div>
   <div class='ocr_carea' id='block_1_120' title="bbox 1849 4818 3046 4890">
    <p class='ocr_par' dir='ltr' id='par_1_120' title="bbox 1849 4818 3046 4890">
     <span class='ocr_line' id='line_1_122' title="bbox 1849 4818 3046 4890; baseline 0.002 -17"><span class='ocrx_word' id='word_1_861' title='bbox 1849 4819 2191 4890; x_wconf 85' lang='lat' dir='ltr'><strong>concessione</strong></span> <span class='ocrx_word' id='word_1_862' title='bbox 2217 4818 2366 4890; x_wconf 82' lang='lat' dir='ltr'><strong>juxta</strong></span> <span class='ocrx_word' id='word_1_863' title='bbox 2399 4818 2721 4890; x_wconf 81' lang='lat' dir='ltr'><strong>Lateranum</strong></span> <span class='ocrx_word' id='word_1_864' title='bbox 2753 4823 3046 4882; x_wconf 84' lang='lat' dir='ltr'><strong>coaluerat.</strong></span> 
     </span>
    </p>
   </div>
   <div class='ocr_carea' id='block_1_121' title="bbox 1929 4888 3415 4961">
    <p class='ocr_par' dir='ltr' id='par_1_121' title="bbox 1929 4888 3415 4961">
     <span class='ocr_line' id='line_1_123' title="bbox 1929 4888 3415 4961; baseline 0.003 -19"><span class='ocrx_word' id='word_1_865' title='bbox 1929 4889 1943 4926; x_wconf 75' lang='grc' dir='ltr'><strong>ί</strong></span> <span class='ocrx_word' id='word_1_866' title='bbox 1975 4894 2131 4958; x_wconf 82' lang='lat' dir='ltr'><strong>Atque</strong></span> <span class='ocrx_word' id='word_1_867' title='bbox 2178 4888 2240 4942; x_wconf 81' lang='lat' dir='ltr'><strong>ab</strong></span> <span class='ocrx_word' id='word_1_868' title='bbox 2271 4891 2454 4944; x_wconf 82' lang='lat' dir='ltr'><strong>eisdem</strong></span> <span class='ocrx_word' id='word_1_869' title='bbox 2503 4888 2747 4957; x_wconf 77' lang='lat' dir='ltr'><strong>fratribus</strong></span> <span class='ocrx_word' id='word_1_870' title='bbox 2785 4892 2837 4944; x_wconf 84' lang='lat' dir='ltr'><strong>in</strong></span> <span class='ocrx_word' id='word_1_871' title='bbox 2887 4891 3126 4945; x_wconf 84' lang='lat' dir='ltr'><strong>Abbatem</strong></span> <span class='ocrx_word' id='word_1_872' title='bbox 3150 4894 3415 4961; x_wconf 75' lang='lat' dir='ltr'><strong>prwfalus,</strong></span> 
     </span>
    </p>
   </div>
   <div class='ocr_carea' id='block_1_122' title="bbox 1847 4961 2430 5028">
    <p class='ocr_par' dir='ltr' id='par_1_122' title="bbox 1847 4961 2430 5028">
     <span class='ocr_line' id='line_1_124' title="bbox 1847 4961 2430 5028; baseline 0 -14"><span class='ocrx_word' id='word_1_873' title='bbox 1847 4961 2030 5014; x_wconf 88' lang='lat' dir='ltr'><strong>scribit</strong></span> <span class='ocrx_word' id='word_1_874' title='bbox 2051 4961 2176 5025; x_wconf 86' lang='lat' dir='ltr'><strong>Leo,</strong></span> <span class='ocrx_word' id='word_1_875' title='bbox 2203 4962 2291 5014; x_wconf 90' lang='lat' dir='ltr'><strong>cit.</strong></span> <span class='ocrx_word' id='word_1_876' title='bbox 2313 4975 2430 5028; x_wconf 85' lang='lat' dir='ltr'><strong>cap.</strong></span> 
     </span>
    </p>
   </div>
   <div class='ocr_carea' id='block_1_123' title="bbox 1921 5031 3408 5099">
    <p class='ocr_par' dir='ltr' id='par_1_123' title="bbox 1921 5031 3408 5099">
     <span class='ocr_line' id='line_1_125' title="bbox 1921 5031 3408 5099; baseline 0.001 -18"><span class='ocrx_word' id='word_1_877' title='bbox 1921 5033 1937 5081; x_wconf 70' lang='grc' dir='ltr'><strong>Ι</strong></span> <span class='ocrx_word' id='word_1_878' title='bbox 1973 5031 2259 5084; x_wconf 82' lang='lat' dir='ltr'><strong>Numerum</strong></span> <span class='ocrx_word' id='word_1_879' title='bbox 2288 5046 2352 5083; x_wconf 88' lang='lat' dir='ltr'><strong>cx</strong></span> <span class='ocrx_word' id='word_1_880' title='bbox 2374 5048 2634 5086; x_wconf 84' lang='lat' dir='ltr'><strong>annorum</strong></span> <span class='ocrx_word' id='word_1_881' title='bbox 2664 5032 2785 5099; x_wconf 85' lang='lat' dir='ltr'><strong>legit</strong></span> <span class='ocrx_word' id='word_1_882' title='bbox 2809 5031 3016 5084; x_wconf 86' lang='lat' dir='ltr'><strong>Nuceus</strong></span> <span class='ocrx_word' id='word_1_883' title='bbox 3039 5031 3198 5086; x_wconf 84' lang='lat' dir='ltr'><strong>etiam</strong></span> <span class='ocrx_word' id='word_1_884' title='bbox 3229 5031 3279 5085; x_wconf 86' lang='lat' dir='ltr'><strong>in</strong></span> <span class='ocrx_word' id='word_1_885' title='bbox 3304 5047 3408 5084; x_wconf 86' lang='lat' dir='ltr'><strong>ms.</strong></span> 
     </span>
    </p>
   </div>
   <div class='ocr_carea' id='block_1_124' title="bbox 1850 5101 3408 5166">
    <p class='ocr_par' dir='ltr' id='par_1_124' title="bbox 1850 5101 3408 5166">
     <span class='ocr_line' id='line_1_126' title="bbox 1850 5101 3408 5166; baseline 0 -12"><span class='ocrx_word' id='word_1_886' title='bbox 1850 5101 2043 5154; x_wconf 84' lang='lat' dir='ltr'><strong>Codice</strong></span> <span class='ocrx_word' id='word_1_887' title='bbox 2072 5102 2260 5153; x_wconf 86' lang='lat' dir='ltr'><strong>Leonis</strong></span> <span class='ocrx_word' id='word_1_888' title='bbox 2312 5102 2592 5166; x_wconf 84' lang='lat' dir='ltr'><strong>Ostiensis,</strong></span> <span class='ocrx_word' id='word_1_889' title='bbox 2644 5101 2722 5155; x_wconf 92' lang='lat' dir='ltr'><strong>lit.</strong></span> <span class='ocrx_word' id='word_1_890' title='bbox 2782 5103 2838 5154; x_wconf 82' lang='grc' dir='ltr'>Β.</span> <span class='ocrx_word' id='word_1_891' title='bbox 2898 5103 3198 5155; x_wconf 82' lang='lat' dir='ltr'><strong>Brevioretn</strong></span> <span class='ocrx_word' id='word_1_892' title='bbox 3247 5103 3408 5155; x_wconf 88' lang='lat' dir='ltr'><strong>etiam</strong></span> 
     </span>
    </p>
   </div>
   <div class='ocr_carea' id='block_1_125' title="bbox 1847 5169 3405 5236">
    <p class='ocr_par' dir='ltr' id='par_1_125' title="bbox 1847 5169 3405 5236">
     <span class='ocr_line' id='line_1_127' title="bbox 1847 5169 3405 5236; baseline 0 -14"><span class='ocrx_word' id='word_1_893' title='bbox 1847 5187 2122 5224; x_wconf 86' lang='lat' dir='ltr'><strong>numerum</strong></span> <span class='ocrx_word' id='word_1_894' title='bbox 2153 5177 2398 5224; x_wconf 87' lang='lat' dir='ltr'><strong>notarunt</strong></span> <span class='ocrx_word' id='word_1_895' title='bbox 2426 5171 2752 5226; x_wconf 84' lang='lat' dir='ltr'><strong>Adrevaldus</strong></span> <span class='ocrx_word' id='word_1_896' title='bbox 2787 5172 3161 5236; x_wconf 81' lang='lat' dir='ltr'><strong>Floriacensis,</strong></span> <span class='ocrx_word' id='word_1_897' title='bbox 3183 5169 3251 5225; x_wconf 91' lang='lat' dir='ltr'><strong>de</strong></span> <span class='ocrx_word' id='word_1_898' title='bbox 3281 5172 3405 5223; x_wconf 90' lang='lat' dir='ltr'><strong>mir.</strong></span> 
     </span>
    </p>
   </div>
   <div class='ocr_carea' id='block_1_126' title="bbox 1847 5239 3408 5309">
    <p class='ocr_par' dir='ltr' id='par_1_126' title="bbox 1847 5239 3408 5309">
     <span class='ocr_line' id='line_1_128' title="bbox 1847 5239 3408 5309; baseline -0.001 -16"><span class='ocrx_word' id='word_1_899' title='bbox 1847 5242 2013 5293; x_wconf 90' lang='lat' dir='ltr'><strong>sancti</strong></span> <span class='ocrx_word' id='word_1_900' title='bbox 2038 5242 2116 5302; x_wconf 65' lang='lat' dir='ltr'><strong>IL,</strong></span> <span class='ocrx_word' id='word_1_901' title='bbox 2140 5240 2228 5292; x_wconf 90' lang='lat' dir='ltr'><strong>lib.</strong></span> <span class='ocrx_word' id='word_1_902' title='bbox 2248 5255 2283 5300; x_wconf 86' lang='grc' dir='ltr'><strong>ι,</strong></span> <span class='ocrx_word' id='word_1_903' title='bbox 2307 5255 2426 5305; x_wconf 81' lang='lat' dir='ltr'><strong>cap.</strong></span> <span class='ocrx_word' id='word_1_904' title='bbox 2449 5242 2637 5308; x_wconf 69' lang='lat' dir='ltr'><strong>li-‘S,ct</strong></span> <span class='ocrx_word' id='word_1_905' title='bbox 2660 5247 2757 5295; x_wconf 81' lang='lat' dir='ltr'><strong>Ab.</strong></span> <span class='ocrx_word' id='word_1_906' title='bbox 2788 5241 3132 5309; x_wconf 81' lang='lat' dir='ltr'><strong>Uspct‘gensis</strong></span> <span class='ocrx_word' id='word_1_907' title='bbox 3161 5241 3212 5293; x_wconf 93' lang='lat' dir='ltr'><strong>in</strong></span> <span class='ocrx_word' id='word_1_908' title='bbox 3237 5239 3408 5294; x_wconf 87' lang='lat' dir='ltr'><strong>Chro-</strong></span> 
     </span>
    </p>
   </div>
   <div class='ocr_carea' id='block_1_127' title="bbox 1849 5309 3408 5377">
    <p class='ocr_par' dir='ltr' id='par_1_127' title="bbox 1849 5309 3408 5377">
     <span class='ocr_line' id='line_1_129' title="bbox 1849 5309 3408 5377; baseline 0.001 -16"><span class='ocrx_word' id='word_1_909' title='bbox 1849 5311 1986 5363; x_wconf 89' lang='lat' dir='ltr'><strong>nico.</strong></span> <span class='ocrx_word' id='word_1_910' title='bbox 2023 5309 2213 5362; x_wconf 87' lang='lat' dir='ltr'><strong>Leonis</strong></span> <span class='ocrx_word' id='word_1_911' title='bbox 2242 5311 2421 5364; x_wconf 83' lang='lat' dir='ltr'><strong>Codex</strong></span> <span class='ocrx_word' id='word_1_912' title='bbox 2451 5314 2583 5365; x_wconf 86' lang='lat' dir='ltr'><strong>alter</strong></span> <span class='ocrx_word' id='word_1_913' title='bbox 2607 5311 2844 5377; x_wconf 82' lang='lat' dir='ltr'><strong>signatus</strong></span> <span class='ocrx_word' id='word_1_914' title='bbox 2876 5314 2964 5372; x_wconf 88' lang='lat' dir='ltr'><strong>A.,</strong></span> <span class='ocrx_word' id='word_1_915' title='bbox 3013 5320 3067 5363; x_wconf 87' lang='lat' dir='ltr'><strong>et</strong></span> <span class='ocrx_word' id='word_1_916' title='bbox 3097 5310 3268 5364; x_wconf 84' lang='lat' dir='ltr'><strong>Editio</strong></span> <span class='ocrx_word' id='word_1_917' title='bbox 3302 5309 3408 5362; x_wconf 86' lang='lat' dir='ltr'><strong>Ve-</strong></span> 
     </span>
    </p>
   </div>
   <div class='ocr_carea' id='block_1_128' title="bbox 1847 5379 3406 5446">
    <p class='ocr_par' dir='ltr' id='par_1_128' title="bbox 1847 5379 3406 5446">
     <span class='ocr_line' id='line_1_130' title="bbox 1847 5379 3406 5446; baseline 0.001 -16"><span class='ocrx_word' id='word_1_918' title='bbox 1847 5388 1991 5442; x_wconf 87' lang='lat' dir='ltr'><strong>neta,</strong></span> <span class='ocrx_word' id='word_1_919' title='bbox 2047 5381 2262 5446; x_wconf 74' lang='lat' dir='ltr'><strong>ipsaque</strong></span> <span class='ocrx_word' id='word_1_920' title='bbox 2302 5380 2616 5434; x_wconf 83' lang='lat' dir='ltr'><strong>Parisiensis</strong></span> <span class='ocrx_word' id='word_1_921' title='bbox 2664 5380 2826 5433; x_wconf 77' lang='lat' dir='ltr'><strong>Nucei</strong></span> <span class='ocrx_word' id='word_1_922' title='bbox 2886 5381 3043 5433; x_wconf 80' lang='lat' dir='ltr'><strong>liabet</strong></span> <span class='ocrx_word' id='word_1_923' title='bbox 3091 5395 3258 5444; x_wconf 82' lang='lat' dir='ltr'><strong>cxxx,</strong></span> <span class='ocrx_word' id='word_1_924' title='bbox 3303 5379 3406 5432; x_wconf 82' lang='lat' dir='ltr'><strong>Re-</strong></span> 
     </span>
    </p>
   </div>
   <div class='ocr_carea' id='block_1_129' title="bbox 1845 5449 3406 5517">
    <p class='ocr_par' dir='ltr' id='par_1_129' title="bbox 1845 5449 3406 5517">
     <span class='ocr_line' id='line_1_131' title="bbox 1845 5449 3406 5517; baseline 0.001 -16"><span class='ocrx_word' id='word_1_925' title='bbox 1845 5463 2076 5515; x_wconf 85' lang='lat' dir='ltr'><strong>gestrum</strong></span> <span class='ocrx_word' id='word_1_926' title='bbox 2123 5449 2261 5501; x_wconf 74' lang='lat' dir='ltr'><strong>Petri</strong></span> <span class='ocrx_word' id='word_1_927' title='bbox 2319 5453 2384 5502; x_wconf 91' lang='lat' dir='ltr'><strong>ab</strong></span> <span class='ocrx_word' id='word_1_928' title='bbox 2416 5451 2528 5517; x_wconf 89' lang='lat' dir='ltr'><strong>ipso</strong></span> <span class='ocrx_word' id='word_1_929' title='bbox 2580 5452 2797 5504; x_wconf 90' lang='lat' dir='ltr'><strong>citatum</strong></span> <span class='ocrx_word' id='word_1_930' title='bbox 2847 5464 2970 5512; x_wconf 89' lang='lat' dir='ltr'><strong>cxx,</strong></span> <span class='ocrx_word' id='word_1_931' title='bbox 3008 5459 3062 5501; x_wconf 89' lang='lat' dir='ltr'><strong>at</strong></span> <span class='ocrx_word' id='word_1_932' title='bbox 3089 5451 3138 5502; x_wconf 89' lang='lat' dir='ltr'><strong>in</strong></span> <span class='ocrx_word' id='word_1_933' title='bbox 3161 5451 3406 5502; x_wconf 87' lang='lat' dir='ltr'><strong>omnibus</strong></span> 
     </span>
    </p>
   </div>
   <div class='ocr_carea' id='block_1_130' title="bbox 1846 5519 3404 5588">
    <p class='ocr_par' dir='ltr' id='par_1_130' title="bbox 1846 5519 3404 5588">
     <span class='ocr_line' id='line_1_132' title="bbox 1846 5519 3404 5588; baseline 0.001 -17"><span class='ocrx_word' id='word_1_934' title='bbox 1846 5536 1964 5571; x_wconf 85' lang='lat' dir='ltr'><strong>cum</strong></span> <span class='ocrx_word' id='word_1_935' title='bbox 1993 5519 2295 5572; x_wconf 64' lang='lat' dir='ltr'><strong>MilblIIUIIIO</strong></span> <span class='ocrx_word' id='word_1_936' title='bbox 2335 5519 2627 5588; x_wconf 88' lang='lat' dir='ltr'><strong>reponendi</strong></span> <span class='ocrx_word' id='word_1_937' title='bbox 2657 5521 2720 5572; x_wconf 90' lang='lat' dir='ltr'><strong>ad</strong></span> <span class='ocrx_word' id='word_1_938' title='bbox 2753 5521 3024 5572; x_wconf 88' lang='lat' dir='ltr'><strong>minimum</strong></span> <span class='ocrx_word' id='word_1_939' title='bbox 3048 5535 3241 5574; x_wconf 70' lang='lat' dir='ltr'><strong>cxxxv.</strong></span> <span class='ocrx_word' id='word_1_940' title='bbox 3271 5521 3404 5574; x_wconf 88' lang='lat' dir='ltr'><strong>Bac-</strong></span> 
     </span>
    </p>
   </div>
   <div class='ocr_carea' id='block_1_131' title="bbox 1845 5588 3404 5657">
    <p class='ocr_par' dir='ltr' id='par_1_131' title="bbox 1845 5588 3404 5657">
     <span class='ocr_line' id='line_1_133' title="bbox 1845 5588 3404 5657; baseline 0.002 -16"><span class='ocrx_word' id='word_1_941' title='bbox 1845 5589 2074 5652; x_wconf 81' lang='lat' dir='ltr'><strong>chinius,</strong></span> <span class='ocrx_word' id='word_1_942' title='bbox 2123 5588 2237 5640; x_wconf 88' lang='lat' dir='ltr'><strong>loco</strong></span> <span class='ocrx_word' id='word_1_943' title='bbox 2283 5589 2404 5654; x_wconf 89' lang='lat' dir='ltr'><strong>cit.,</strong></span> <span class='ocrx_word' id='word_1_944' title='bbox 2440 5589 2659 5642; x_wconf 80' lang='lat' dir='ltr'><strong>Paulum</strong></span> <span class='ocrx_word' id='word_1_945' title='bbox 2696 5589 3117 5657; x_wconf 59' lang='lat' dir='ltr'><strong>paraglironismi</strong></span> <span class='ocrx_word' id='word_1_946' title='bbox 3149 5606 3404 5644; x_wconf 86' lang='lat' dir='ltr'><strong>excusare</strong></span> 
     </span>
    </p>
   </div>
   <div class='ocr_carea' id='block_1_132' title="bbox 1848 5659 3404 5738">
    <p class='ocr_par' dir='ltr' id='par_1_132' title="bbox 1848 5659 3404 5738">
     <span class='ocr_line' id='line_1_134' title="bbox 1848 5659 3404 5738; baseline 0.003 -27"><span class='ocrx_word' id='word_1_947' title='bbox 1848 5669 2034 5723; x_wconf 86' lang='lat' dir='ltr'><strong>teutat,</strong></span> <span class='ocrx_word' id='word_1_948' title='bbox 2061 5659 2161 5738; x_wconf 73' lang='lat' dir='ltr'><strong>sed</strong></span> <span class='ocrx_word' id='word_1_949' title='bbox 2191 5667 2244 5711; x_wconf 91' lang='lat' dir='ltr'><strong>et</strong></span> <span class='ocrx_word' id='word_1_950' title='bbox 2267 5659 2382 5728; x_wconf 83' lang='lat' dir='ltr'><strong>ipse</strong></span> <span class='ocrx_word' id='word_1_951' title='bbox 2405 5659 2507 5712; x_wconf 86' lang='lat' dir='ltr'><strong>sibi</strong></span> <span class='ocrx_word' id='word_1_952' title='bbox 2535 5674 2717 5728; x_wconf 84' lang='lat' dir='ltr'><strong>parum</strong></span> <span class='ocrx_word' id='word_1_953' title='bbox 2748 5660 2984 5714; x_wconf 86' lang='lat' dir='ltr'><strong>lidensin</strong></span> <span class='ocrx_word' id='word_1_954' title='bbox 3007 5661 3227 5716; x_wconf 89' lang='lat' dir='ltr'><strong>aliorum</strong></span> <span class='ocrx_word' id='word_1_955' title='bbox 3259 5662 3404 5716; x_wconf 85' lang='lat' dir='ltr'><strong>venit</strong></span> 
     </span>
    </p>
   </div>
   <div class='ocr_carea' id='block_1_133' title="bbox 1846 5738 2182 5783">
    <p class='ocr_par' dir='ltr' id='par_1_133' title="bbox 1846 5738 2182 5783">
     <span class='ocr_line' id='line_1_135' title="bbox 1846 5738 2182 5783; baseline -0.003 -1"><span class='ocrx_word' id='word_1_956' title='bbox 1846 5738 2182 5783; x_wconf 64' lang='lat' dir='ltr'><strong>sentt-ultam.</strong></span> 
     </span>
    </p>
   </div>
   <div class='ocr_carea' id='block_1_134' title="bbox 2948 5885 3017 5943">
    <p class='ocr_par' dir='ltr' id='par_1_134' title="bbox 2948 5885 3017 5943">
     <span class='ocr_line' id='line_1_136' title="bbox 2948 5885 3017 5943; baseline 0 0"><span class='ocrx_word' id='word_1_957' title='bbox 2948 5885 3017 5943; x_wconf 79' lang='lat'><strong>&#39;21</strong></span> 
     </span>
    </p>
   </div>
  </div>
