3942 6348
535 382 633 436 651

1428 374 1629 430 PAULI
1670 374 1946 430 DIACONI
1987 374 2135 430 OPP.

2178 373 2355 432 PARS
2395 375 2436 430 I.
2477 406 2544 416 —-
2585 375 2965 433 IIISTORICA.
3634 387 3716 446 65%

537 495 662 552 tifex
686 488 968 545 Zacharias
998 487 1146 553 plura
1172 485 1434 556 adjutoria
1490 487 1739 552 contulit,
1762 487 1928 541 libros
1957 495 1981 523 ι
2010 486 2114 541 sci-
2143 490 2190 546 Α
2220 502 2324 541 uno
2352 488 2691 544 solummodo
2722 488 2999 558 imperium
3028 498 3242 547 rexerat
3277 506 3431 562 anno,
3459 495 3565 566 ejus
3589 498 3635 555 in
3657 501 3721 558 lo-

539 586 664 643 Iicet
694 590 889 637 sancta:
916 579 1223 647 Scriptum,
1257 587 1306 631 et
1340 575 1441 630 alia
1484 590 1693 643 quoque
1721 592 1840 645 qua:
1869 575 1933 630 ad
1963 576 2109 630 utili-

541 686 700 730 tatem
726 668 1029 725 monasterii
1060 668 1356 735 pertinent;
1409 664 1526 719 insu
1543 681 1630 733 per
1682 675 1736 719 et
1778 669 1806 707 b
1846 668 2108 734 regulam,

539 780 698 837 quam
722 765 907 819 beatus
935 762 1089 815 Pater
1120 757 1441 813 Benedictus
1488 758 1603 812 suis
1642 758 1840 811 sanctis
1868 758 2111 811 inanibus

541 855 879 924 conscripsit,
912 860 1131 922 paterna
1162 850 1359 918 pietate
1405 849 1693 903 concessit.
1730 848 2108 903 Monasterinm

543 964 673 1005 vero
700 947 839 1002 beati
872 943 1132 1001 Vincentii
1170 942 1436 1013 martyris,
1484 940 1624 1010 quod
1671 941 1819 1009 juxta
1870 940 2111 995 Vulturni

545 1041 808 1111 Fluminis
831 1039 1034 1093 fontem
1062 1036 1218 1090 situm
1242 1043 1345 1100 est,
1365 1044 1418 1088 ct
1445 1048 1584 1089 nunc
1608 1049 1793 1103 magna
1824 1048 2114 1105 congrega-

545 1108 692 1187 tione
724 1108 972 1197 refulget,
1004 1142 1033 1180 a
1067 1126 1234 1179 tribus
1261 1124 1530 1178 nobilibus
1562 1122 1833 1189 fratribus,
1883 1123 1982 1177 hoc
2011 1133 2111 1189 est,

545 1225 701 1289 Tato,
728 1234 753 1261 ο
776 1223 934 1283 Taso,
982 1228 1038 1275 et
1081 1218 1263 1284 Paldn,
1301 1218 1410 1288 jam
1460 1228 1584 1272 tunc
1616 1216 1952 1281 aedificatum,
1979 1216 2116 1270 sicut

546 1315 649 1371 viri
683 1310 1027 1369 eruditissimi
1057 1309 1300 1364 Autberti
1348 1307 1588 1377 ejusdem
1620 1307 1924 1361 monasterii
1956 1305 2118 1360 abba-

550 1403 639 1469 tis,
662 1398 687 1438 ἀ
718 1401 771 1455 in
804 1398 1074 1455 volumine
1097 1396 1238 1466 quod
1264 1397 1331 1451 de
1363 1399 1551 1449 ιιειετθ
1580 1398 1896 1464 composuit,
1919 1396 2115 1463 scripta

550 1494 873 1564 signiﬁcant.
908 1489 1204 1559 Superstite
1250 1502 1380 1542 sane
1433 1487 1609 1541 adhuc
1640 1487 1791 1541 beato
1820 1501 1950 1556 papa
1982 1484 2118 1540 Gre-

551 1587 702 1655 gorio
724 1584 979 1637 Romanae
1002 1578 1170 1648 sedis,
1191 1579 1487 1634 Cumanum
1509 1588 1741 1633 castrum
1761 1594 1790 1631 a
1814 1578 2120 1647 Langobar-

550 1677 633 1730 dis
663 1672 1048 1730 Beneventanis
1076 1686 1356 1741 pervasum
1389 1679 1500 1735 est;
1555 1670 1648 1728 sed
1675 1684 1705 1723 a
1734 1670 1871 1725 duce
1912 1671 2121 1739 Neapo-

553 1768 888 1821 litanonoctu
916 1765 1330 1831 superveniente
1382 1762 1594 1832 quidam
1643 1776 1712 1818 ex
1762 1762 2123 1831 Langobardis

549 1857 717 1925 capti,
746 1855 959 1926 quidam
993 1853 1253 1924 perempti
1285 1862 1442 1916 sunt;
1473 1860 1704 1906 castrum
1729 1850 2121 1921 qntiqncipsnm

552 1963 581 2001 a
608 1946 863 2001 Romanis
893 1953 976 2001 est
1004 1952 1295 2013 receptum.
1317 1942 1421 1998 Pro
1438 1943 1588 2009 cujus
1612 1943 1772 1996 castri
1804 1943 2126 2012 redemptio-

554 2042 618 2093 ne
644 2036 878 2108 pontifex
910 2035 1238 2106 septuaginta
1296 2033 1463 2088 libras
1516 2032 1649 2099 auri,
1698 2033 1836 2087 sicut
1885 2034 2128 2100 primitus

552 2129 888 2197 promiserat,
918 2126 1065 2181 dedit
1089 2133 1136 2179 °.

1143 2213 1368 2271 CAPUT
1407 2214 1543 2269 XLI.

556 2309 822 2375 Quomodo
846 2310 1082 2378 defuncto
1110 2307 1414 2378 imperatore
1463 2304 1771 2371 Theodosio,
1807 2304 1911 2358 Leo
1942 2306 1986 2358 ei
2013 2319 2127 2359 sitc-

682 2410 688 2415 -
911 2377 916 2378 ⁷
1131 2377 1276 2429 cessit
1306 2378 1358 2428 in
1380 2390 1557 2446 regno.

558 2508 566 2521 .
630 2471 777 2526 Inter
803 2470 916 2525 hate
953 2467 1249 2524 ‘defuncto
1296 2467 1619 2536 imperatore
1670 2467 1995 2534 Theodosio,
2038 2468 2129 2537 qui

631 2604 655 2630 "
686 2601 866 2664 Antb.,
888 2600 1060 2652 etiam.

630 2664 658 2704 δ
688 2670 910 2725 Sacrum
941 2670 1081 2722 hunc
1110 2667 1304 2735 regulae
1318 2665 1569 2722 Codicem
1596 2680 1734 2720 anno
1750 2666 1858 2723 896
1880 2667 2130 2722 incendio

568 2752 861 2797 crematum
879 2739 1043 2794 fuisse
1058 2753 1177 2792 cum
1196 2738 1454 2792 Teanensi
1482 2739 1828 2805 monasterio,
1849 2746 2031 2794 auctor
2051 2749 2132 2792 est

564 2813 696 2876 Leo,
730 2812 819 2866 lib.
857 2826 896 2873 t,
921 2825 1037 2877 cap.
1064 2809 1153 2863 48.
1177 2808 1384 2863 Nuceus
1439 2818 1612 2863 tamen
1644 2819 1972 2876 postremum
2007 2809 2129 2862 libri

558 2892 714 2949 caput
742 2883 806 2934 ab
834 2881 953 2949 igne
976 2889 1243 2949 servatum
1273 2882 1321 2931 in
1342 2893 1437 2932 suo
1461 2877 1768 2933 Cassinensi
1801 2888 2130 2934 monaster.o

561 2947 923 3022 gratulabatur
937 2966 1001 3022 ρ.
1033 2947 1157 3022 497:.

636 3028 658 3055 ο
683 3022 905 3075 Nomina
936 3019 1079 3082 Tata,
1115 3018 1268 3079 Taso,
1306 3027 1353 3070 et
1384 3016 1572 3083 Paldo,
1623 3031 1729 3072 non
1776 3018 2025 3087 leguntur
2075 3019 2126 3073 in

558 3092 743 3157 Amb.;
774 3088 1143 3145 Modoetiensis
1176 3088 1335 3142 habet
1361 3087 1608 3153 Tauone,
1635 3087 1850 3155 Catone,
1879 3098 1926 3141 et
1954 3088 2081 3142 Tata
2112 3106 2132 3153 ,-

567 3164 719 3218 Lind.
755 3160 1149 3220 liliasone,etc..
1174 3165 1231 3210 ut
1256 3159 1305 3209 in
1327 3157 1465 3211 Mod.
1490 3174 1505 3222 ;
1537 3158 1629 3212 sed
1659 3159 1790 3211 nihil
1820 3159 2126 3212 variandum

562 3235 630 3287 ab
665 3230 940 3284 Edit‘orum
973 3229 1231 3291 lectione;
1285 3237 1493 3281 constat
1532 3227 1673 3281 enim
1706 3228 1941 3282 illustres
1970 3230 2130 3282 hosce

566 3300 755 3356 fratres
812 3298 1020 3369 generis
1065 3296 1339 3369 nobilitate
1385 3311 1705 3369 ae_morum
1752 3298 2034 3369 splendore
2060 3300 2128 3353 ita

567 3372 729 3437 fuisse
748 3366 1060 3438 appellatos.
1101 3384 1119 3418 t
1156 3367 1217 3438 Ili
1247 3366 1503 3438 exinobili
1535 3381 1732 3436 genere
1777 3367 1903 3432 orti,
1935 3378 1989 3423 et
2009 3369 2129 3437 jure

564 3437 1037 3508 consanguinitatis
1065 3437 1343 3508 propinqui
1385 3447 1557 3500 erant,
1589 3446 1648 3508 ut
1687 3445 1807 3508 pote
1834 3450 1898 3490 ex
1925 3439 2129 3508 duobus

564 3504 836 3564 fratribus.
890 3504 1295 3574 Paldo’quidem
1328 3521 1391 3561 ex
1426 3523 1552 3571 uno,
1585 3506 1724 3560 Taso
1753 3504 1879 3561 vero
1912 3516 1966 3561 et
1999 3507 2131 3563 Tato

566 3594 628 3635 ex
655 3579 821 3633 altero
854 3577 1136 3644 procreati,
1182 3594 1199 3627 ι
1253 3585 1309 3628 ut
1347 3586 1526 3629 narrat
1575 3585 1790 3646 sanctus
1841 3578 2131 3646 Antpertus

567 3650 751 3715 abbas,
778 3650 827 3700 in
864 3648 976 3698 Vita
1020 3652 1186 3700 sancti
1226 3646 1493 3701 I’aldonis.
1526 3645 1723 3699 llelicta
1746 3647 2126 3715 Beneventana

566 3721 702 3773 urbe
729 3718 1069 3788 paternisque
1097 3716 1301 3788 opibus,
1335 3717 1401 3770 ad
1430 3726 1688 3788 sanctum
1718 3714 1976 3771 Thomam
2008 3719 2133 3771 Far-

570 3784 744 3843 fensis
764 3784 1069 3856 mooasterii
1119 3786 1531 3840 instauratoreni
1561 3785 1930 3855 confugerunt,
1966 3803 2134 3856 eoque

569 3866 818 3913 monente
870 3857 936 3910 ad
992 3855 1234 3910 Vulturni
1292 3857 1524 3909 fluminis
1552 3858 1721 3923 ripam
1754 3855 2131 3911 monasterium

567 3930 735 3983 sancti
770 3925 1028 3980 Vincentii
1061 3942 1164 3978 non
1193 3925 1309 3979 sine
1341 3926 1597 3979 miraculo
1621 3936 2054 3981 construxerunt.
2081 3929 2132 3983 In

570 4014 635 4054 eo
665 4007 880 4051 sanctus
905 3994 1065 4049 Paldo
1093 4001 1293 4064 primus
1322 3995 1511 4063 abbas,
1541 3995 1628 4064 qui
1662 4005 1971 4063 susceperat
1998 4001 2131 4051 sacri

569 4069 798 4123 cmnobii
826 4067 1062 4135 regimen
1096 4082 1183 4120 an.
1216 4067 1285 4117 ab
1316 4065 1581 4119 lncarnat.
1632 4064 1848 4135 pomin.
1877 4065 2001 4131 707,
2032 4069 2131 4121 sub

569 4150 755 4192 sancto
813 4133 943 4205 papa
999 4136 1267 4198 Sisinnio,
1329 4136 1592 4205 secundus
1629 4133 1789 4197 Taso,
1835 4145 2132 4205 postremus

568 4209 725 4263 Tato.
777 4207 849 4261 De
905 4206 967 4258 iis
1025 4207 1171 4273 plura
1226 4206 1276 4258 in
1307 4206 1467 4259 citata
1495 4204 1612 4258 Vita
1660 4205 1795 4273 apud
1828 4204 2130 4274 Ugliellutn,

571 4279 809 4333 Bolland.
836 4286 883 4329 et
913 4276 1176 4330 Mabillon.

642 4350 668 4387 «1
695 4349 1033 4400 Memoratam
1056 4347 1224 4400 sancti
1257 4346 1502 4401 Paidonis
1535 4347 1704 4403 Vitam
1736 4366 1763 4403 a
1794 4356 1978 4403 sancto
2003 4345 2133 4400 Aut-

573 4426 723 4484 perto
776 4417 963 4469 abbate
1007 4414 1243 4483 ejusdem
1293 4419 1593 4471 monasterii
1646 4421 1815 4473 sancti
1872 4419 2132 4472 Vincentii

573 4487 826 4558 scriptam
854 4484 1238 4558 innitit‘l’aulns
1265 4503 1275 4536 :
1311 4503 1436 4558 eam
1456 4489 1643 4552 publici
1684 4490 1818 4558 juris
1849 4490 1966 4542 fecit
1999 4487 2126 4540 Fer-

573 4545 835 4607 dinandus
868 4552 1137 4621 L‘gliellus,
1171 4564 1298 4607 toni.
1332 4556 1393 4607 VI
1424 4545 1584 4609 Italia:
1621 4545 1804 4613 sacrae.
1860 4562 2119 4611 Caeterum
2159 4545 2208 4604 D

573 4627 639 4678 de
671 4623 858 4691 insigni
888 4623 1208 4676 monasterio
1258 4627 1421 4677 sancti
1473 4626 1729 4680 Vincentii
1776 4629 1888 4680 haec
1918 4628 2123 4681 Nuceus

573 4694 639 4747 ad
666 4695 892 4746 Leonem
923 4691 1244 4755 Ostiensem,
1276 4710 1421 4746 llllltl.
1451 4694 1555 4749 495
1585 4712 1595 4746 :
1636 4715 1654 4747 ι
1695 4698 1860 4749 Distat
1888 4697 1987 4749 hoc
2010 4711 2126 4749 nio-

575 4765 861 4816 nasteriutn
881 4776 908 4813 a
933 4762 1529 4834 Cassinensidnodccitn
1552 4766 1664 4833 plus
1686 4780 1856 4819 nnnus
1879 4781 2125 4834 passuum

575 4834 840 4894 millibus;
873 4833 1141 4903 crevitque
1186 4832 1681 4903 atlﬂamplissitnain
1725 4832 2047 4903 opulentiam
2076 4847 2131 4890 et

576 4904 932 4978 sanctitatem.
975 4899 1125 4978 Nunc
1180 4899 1413 4978 undique
1454 4899 1788 4978 solitudinem
1840 4909 2022 4978 spirat,
2078 4918 2132 4963 et

578 4974 873 5035 horrorem,
908 4974 1052 5023 omni
1082 4975 1459 5025 monachorum
1489 4975 1633 5027 cultu
1683 4976 2013 5038 destitutum,
2040 4978 2132 5028 ab—

578 5046 684 5097 bati
727 5051 951 5107 tantum,
1008 5049 1065 5094 ut
1120 5051 1329 5110 vocant,
1386 5045 1841 5099 commendatario
1884 5046 2135 5100 commis-

574 5128 712 5176 sum,
739 5121 840 5167 etc.
856 5130 875 5162 ι

572 5208 573 5211 η
653 5190 675 5216 θ
710 5184 836 5236 Vide
866 5182 1225 5253 Anastasium,
1259 5182 1311 5236 in
1344 5192 1526 5253 sancto
1552 5183 1811 5253 Gregorio
1840 5183 1904 5253 II,
1930 5193 1984 5240 et
2032 5184 2134 5239 Ba-

578 5255 810 5318 roniuin,
841 5252 906 5308 ad
938 5267 1024 5304 an.
1056 5252 1249 5306 Christi
1283 5251 1406 5307 715.

652 5319 671 5358 ί
698 5323 908 5375 Minime
925 5337 1047 5375 vero
1078 5324 1315 5394 defuncto
1341 5321 1645 5378 Theodosio.
1669 5324 1930 5394 Regnavit
1956 5327 1999 5379 is
2020 5325 2137 5394 qui-

568 5392 696 5445 dem
715 5407 852 5445 anno
869 5405 994 5457 uno,
1023 5402 1077 5445 ut
1102 5403 1278 5446 noster
1300 5393 1487 5459 habet;
1511 5397 1602 5447 sed
1623 5392 1828 5459 vivens,
1848 5392 2138 5462 labensque

580 5476 697 5538 sese
729 5463 950 5538 imperio
980 5462 1263 5538 abdicavit.
1293 5463 1553 5538 Θξοδὸσιος
1574 5463 1746 5538 ὃέᾼσὺν
1770 5473 1842 5538 τῷ
1864 5468 1955 5536 υἱῷ
1983 5467 2141 5520 αὐτοῦ

577 5533 793 5609 ³0.ηῲξωί
832 5528 1199 5609 γεγθνόῖεςυτόν
1240 5535 1510 5609 tingamus
1540 5535 1719 5609 χρὸνον
1757 5528 1848 5597 τῆξ
1887 5528 2016 5601 gina;
2043 5539 2142 5609 αιξ-

580 5601 678 5654 ram)
720 5604 771 5676 ia
822 5601 983 5676 apag.
1014 5601 1204 5668 διὴξαν,
1253 5620 1270 5652 t
1316 5601 1650 5676 Theodosius
1684 5620 1862 5659 autem
1884 5623 2001 5660 cum
2036 5605 2144 5659 lilio

584 5683 699 5737 ejus
729 5671 1417 5745 clericorumallioascripti
1462 5676 1723 5743 reliquum
1754 5678 1876 5729 vita:
1918 5678 1967 5729 in
2016 5688 2144 5745 pace

587 5750 916 5813 transegeris,
947 5759 965 5789 ι
1004 5741 1171 5809 inquit
1194 5741 1922 5811 Theophanes.Occasionem
1954 5741 2145 5813 repetit

585 5808 913 5872 Nicepliorus
944 5824 972 5864 a
1003 5808 1251 5882 corrupto
1277 5808 1576 5886 reipublicae
1615 5826 1776 5886 statu,
1808 5831 1911 5886 quo
1935 5808 2146 5885 impune

2210 593 2329 633 cum
2360 579 2465 633 Leo
2488 581 2756 650 Augustus
2787 582 3142 651 subrogatur.

2771 692 2996 749 CAPUT
3060 696 3223 752 XLII.

2216 802 2477 870 Quomodo
2506 803 2717 859 Carolus
2761 802 3356 889 Francorum-princeps
3403 808 3718 884 Regiufridum

2856 887 3132 943 superavit.
3358 902 3359 907 η
3516 912 3519 915 -

2286 982 2437 1051 Apud
2491 982 2819 1038 Francorum
2876 1000 3087 1055 quoque
3141 997 3347 1057 gentem
3400 989 3602 1059 Pippino
3644 995 3725 1049 vita

2212 1081 2484 1140 exempto,
2506 1072 2624 1142 ejus
2645 1073 2780 1129 filius
2805 1082 2831 1121 ε
2860 1076 3184 1143 Carolus,de
3210 1092 3318 1147 quo
3341 1081 3725 1149 prtciniseramus,

2217 1165 2341 1221 licet
2380 1181 2473 1235 per
2519 1167 2683 1221 multa
2715 1166 2881 1230 bella,
2910 1177 2965 1222 et
2994 1171 3307 1236 certamina,
3338 1169 3401 1226 de
3428 1187 3571 1225 manu
3594 1169 3617 1210 δ
3638 1174 3727 1229 Re-

2217 1256 2427 1325 ginfridi
2452 1257 2804 1326 principatum
2833 1258 3074 1312 sustulit.
3125 1259 3254 1313 Nam
3284 1275 3400 1315 cum
3449 1262 3513 1316 ine
3538 1264 3727 1318 custodia

2218 1334 2508 1409 teneretur,
2556 1345 2571 1383 ί
2606 1346 2789 1401 divino
2816 1357 2942 1400 nutu
2971 1359 3185 1417 ereptus
3232 1351 3449 1419 aufugit,
3471 1366 3527 1405 ac
3551 1355 3727 1421 primum

2221 1443 2407 1488 contra
2437 1433 2806 1505 Reginfridum
2843 1438 2855 1485 l
2897 1452 3016 1491 cum
3050 1438 3231 1506 paucis
3258 1439 3337 1493 bis
3382 1448 3553 1509 terque
3593 1452 3728 1495 certa.

2223 1540 2342 1580 men
2376 1524 2515 1592 iniit,
2550 1527 2943 1597 novissitneque
2966 1544 3085 1582 eum
3118 1532 3255 1597 apud
3284 1529 3309 1566 ι
3344 1531 3622 1587 Vinciacum
3649 1549 3729 1586 ina-

2222 1631 2328 1685 gno
2354 1617 2645 1671 certamine
2676 1616 3006 1686 Stiperavit.1
3036 1619 3130 1672 Cui
3164 1630 3341 1674 tamen
3364 1635 3532 1690 unam,
3559 1622 3729 1688 horest,

2224 1709 2666 1778 Andegavensem
2692 1710 2965 1765 civitatem
3013 1711 3077 1764 ad
3133 1693 3469 1766 habitandum
3504 1717 3730 1770 concessit.

2157 1827 2203 1887 Β
2227 1799 2482 1853 Cunclam
2511 1815 2639 1856 vero
2666 1800 2987 1855 Francorum
3006 1811 3245 1870 gentem,
3270 1802 3379 1870 ipse
3400 1803 3732 1873 gubernandum

2226 1892 2461 1963 suscepit
2479 1901 2541 1945 ιη.

2777 2007 3000 2063 CAPUT
3042 2007 3229 2063 XLIII.

2230 2120 2492 2186 Quomodo
2525 2118 2875 2187 Liutprandus
2904 2135 2992 2172 rea:
3033 2120 3361 2171 donationem
3401 2117 3617 2173 Ecclesia
3641 2136 3733 2172 catt-

2296 2191 2539 2269 ﬁrniavit,
2567 2191 2903 2270 etquoniodo
2950 2190 3111 2257 ﬁliam
3160 2189 3491 2243 Tlieudeberti
3525 2191 3571 2243 in
3596 2194 3731 2257 conju-

2296 2276 2440 2333 gmm
2468 2270 2683 2330 accepit.

2304 2380 2332 2408 η
2358 2371 2435 2427 Eo
2467 2379 2705 2441 tempore
2735 2368 3088 2438 Liutprandus
3117 2384 3233 2436 rex,
3282 2370 3597 2425 donationem
3618 2372 3734 2439 patri-

2231 2464 2395 2520 monii
2426 2462 2639 2532 Alpium
2670 2461 2969 2516 Cottiarum
3019 2460 3281 2516 IIomana:
3332 2462 3566 2518 Ecclesia:
3587 2464 3735 2516 confir-

2230 2598 2385 2653 bellis
2415 2596 2645 2667 undique
2675 2598 3054 2658 lacessebatur,
3109 2595 3435 2651 irruentibus
3487 2596 3532 2651 in
3579 2597 3734 2666 regiam

2231 2671 2415 2723 urbem
2443 2680 2580 2723 terra
2612 2670 2847 2737 marique
2877 2668 3178 2723 Saracenis.
3221 2685 3239 2717 ι
3274 2670 3471 2734 Quibus
3500 2667 3638 2721 rebus
3659 2682 3730 2719 co-

2230 2741 2411 2809 gnitis,
2444 2749 2548 2793 tam
2581 2738 2783 2809 militia:
2814 2738 3071 2809 praefecti,
3101 2753 3264 2805 quam
3303 2739 3479 2792 civiles
3506 2738 3732 2805 magistra-

2234 2808 2337 2873 tus,
2360 2825 2476 2864 cum
2505 2808 2793 2863 Theodosii
2820 2808 3135 2876 imperitiam
3158 2810 3635 2870 animadverterent,
3662 2820 3731 2859 ne-

2232 2894 2335 2949 que
2382 2881 2540 2932 tantis
2590 2879 2818 2932 hostium
2870 2880 3065 2931 viribus
3110 2879 3434 2932 sustinendis
3462 2890 3727 2949 paretnesse

2233 2946 2451 3013 scirent,
2484 2952 2679 3003 instare
2706 2958 2865 3017 atque
2921 2948 3119 3001 hortari
3152 2959 3450 3014 carpi-runt,
3481 2956 3532 3000 ut
3558 2946 3731 3012 imperio

2232 3034 2351 3074 sese
2375 3019 2667 3081 abdicaret,
2698 3034 2760 3071 ac
2782 3029 2893 3071 tuto
2918 3034 2977 3073 se
3006 3018 3057 3069 in
3086 3018 3335 3071 ordinem
3358 3020 3471 3087 cogi
3497 3026 3730 3085 pateretur.

2236 3091 2341 3143 Nec
2370 3090 2723 3143 conditionem
2747 3089 2928 3141 abnuit
2973 3086 3079 3149 ille,
3112 3090 3207 3141 sed
3241 3104 3382 3142 anna
3430 3086 3618 3157 imperii
3646 3100 3733 3137 ter-

2159 3192 2203 3254 C
2240 3169 2594 3254 thte‘spoutn
2622 3160 2990 3254 se‘alii'licav‘i't,
3019 3166 3121 3254 (λιες
3156 3176 3174 3208 ι

2310 3238 2333 3297 t5
2362 3220 2723 3297 Cognomento
2755 3220 3040 3290 Martelfus,
3067 3227 3271 3295 I’ippitii
3306 3227 3561 3283 lleristalli
3586 3224 3711 3278 filius.

2304 3295 2330 3368 ξι
2358 3295 2464 3361 AL,
2500 3300 2809 3368 liaginfridi,
2835 3310 2886 3351 et
2908 3302 2984 3352 sic
3008 3297 3161 3351 infra.
3191 3298 3350 3353 Lind.

2309 3363 2701 3422 ‘Continn'ator
2748 3368 3073 3435 Fredegarii,
3118 3382 3239 3434 cap.
3272 3367 3407 3422 θοις
3444 3385 3462 3419 ‹
3494 3367 3575 3421 llis
3593 3363 3735 3420 diebus

2233 3440 2450 3493 Carolus
2477 3441 2581 3491 dux
2614 3455 2642 3491 a
2674 3441 2885 3505 prmfata
2915 3440 3108 3492 femina
3144 3437 3454 3493 Plicbtrude
3491 3438 3579 3489 sub
3601 3445 3734 3505 custo-

2231 3509 2316 3562 dia
2339 3515 2606 3570 detentus,
2636 3503 2721 3562 liei
2751 3509 2948 3561 auxilio
2981 3508 3238 3562 liberatus
3286 3521 3387 3562 est.
3426 3526 3445 3560 ι
3481 3509 3544 3561 Ea
3566 3503 3737 3572 l’ippino

2232 3594 2349 3632 cum
2380 3580 2601 3645 Alpaide
2632 3580 2807 3631 Caroli
2839 3578 3057 3631 Martelli
3085 3587 3255 3632 matre
3288 3596 3393 3633 uno
3445 3588 3654 3642 tempore
3671 3574 3741 3645 du-

2235 3644 2463 3717 plicique
2492 3648 2735 3716 conjugio
2764 3664 2915 3709 uxor,
2950 3649 3356 3702 'l‘lieudualtlum
3405 3664 3465 3702 ex
3490 3644 3740 3719 Grinioaldo

2235 3719 2340 3772 lilio
2373 3728 2640 3783 ιωμυιυιιι,
2678 3720 2934 3785 majorem
2959 3719 3170 3780 donius,
3220 3720 3603 3771 Austrasiorum
3628 3728 3737 3764 aint-

2236 3789 2306 3841 lio
2335 3800 2386 3840 et
2419 3790 2731 3841 auctoritate
2756 3803 2847 3840 sua
2879 3790 3143 3853 tuebatur,
3170 3788 3368 3843 Carolo
3390 3785 3740 3841 intcnsa.‘flieu-

2231 3859 2446 3920 dnaldo,
2499 3862 2655 3924 paulo
2714 3868 2831 3925 post
2886 3873 3114 3927 pugnant
3168 3860 3320 3912 silva:
3351 3858 3531 3911 (ὶυιιίω
3558 3865 3736 3927 κιαι-ωε),

2236 3920 2588 3999 IIagLnII'ItIUS
2617 3920 2753 3995 apud
2785 3920 3124 3981 Neiistfasios
3174 3930 3348 3997 major
3376 3928 3556 3982 domus
3579 3920 3740 3980 consti-

2236 3998 2377 4049 tutus
2404 4008 2502 4061 est,
2536 4013 2702 4065 eaque
2734 3998 2855 4050 belli
2886 4013 3045 4051 causa
3072 4012 3192 4051 cum
3226 3999 3441 4053 Carolo.

2310 4067 2323 4115 i
2357 4067 2532 4119 l’rimo
2564 4064 2744 4132 prinlio
2776 4069 2912 4120 inter
2932 4066 3177 4121 Carolutn
3207 4078 3268 4123 et
3299 4064 3645 4138 liagenfridum
3664 4074 3735 4138 pil-

2232 4148 2448 4202 gnatuui
2479 4139 2637 4189 estin
2668 4139 2783 4190 loco
2826 4138 2913 4206 qui
2963 4138 3157 4190 dicitur
3202 4141 3455 4192 Amblava
3508 4152 3533 4187 a
3574 4136 3739 4206 llunitue

2233 4206 2509 4268 Amlilava,
2541 4208 2696 4275 vulgo
2716 4204 2935 4269 Anibles,
2963 4222 3102 4260 anno
3132 4208 3256 4261 "itii.
3284 4207 3525 4262 Secundo
3548 4208 3593 4258 in
3617 4222 3633 4254 ε
3657 4204 3739 4253 loco

2235 4286 2537 4345 nuncupata
2591 4278 2835 4330 Vinetaco
2890 4279 2940 4330 in
2997 4290 3128 4346 pago
3180 4277 3564 4339 Cameracensi,
3596 4280 3738 4325 multo

2232 4347 2494 4413 sequenti,
2523 4363 2590 4399 xu
2617 4347 2733 4399 Kal.
2768 4347 2933 4414 April.
2958 4347 3631 4414 ContinuatosFredegarii,
3650 4352 3736 4414 cap.

2234 4411 2361 4471 106.
2394 4419 2672 4470 Postremo
2706 4418 2754 4469 in
2788 4411 2920 4486 pago
2950 4417 3354 4482 Suessionensi,
3402 4411 3532 4471 anno
3556 4418 3582 4468 7
3595 4416 3641 4467 t9
3661 4411 3735 4462 tiu.

2233 4498 2439 4550 auctor,
2475 4503 2593 4553 cap.
2631 4487 2749 4539 107.
3724 4488 3725 4491 “

2304 4554 2331 4594 ι
2368 4558 2475 4621 AL,
2507 4556 2853 4609 Provinciam.
2903 4555 3058 4611 Lind.
3109 4565 3164 4610 et
3219 4556 3362 4611 Mod.
3400 4553 3737 4610 Vincentium.

2232 4627 2391 4679 Amb.

2315 4697 2556 4762 lVerba,
2615 4697 2707 4751 Cui
2760 4706 2925 4749 tamen
2972 4710 3146 4760 imam,
3186 4696 3285 4749 lioc
3328 4705 3422 4756 est,
3476 4692 3741 4758 Andegarm-

2233 4784 2339 4821 sem
2376 4769 2647 4835 civitatem,
2676 4766 2742 4819 ad
2787 4766 3127 4835 habitandum
3169 4768 3439 4831 concessit,
3485 4766 3550 4817 al.
3578 4762 3737 4814 desunt-

2236 4838 2390 4892 Lind.

2311 4915 2348 4943 ω
2378 4908 2569 4976 Pagius
2608 4908 2659 4961 in
2701 4907 2893 4961 Critica
2921 4905 3230 4976 clironolog.
3264 4907 3455 4961 Baron.
3482 4915 3606 4976 anno
3627 4894 3735 4976 7'9}

2233 4977 2434 5044 Paulus
2453 4967 2481 5027 ἶ
2520 4988 2669 5031 recte
2691 4978 2903 5047 quidem
2927 4977 3113 5031 scribit
3141 4967 3394 5031 Carolutn
3415 4975 3571 5029 tribus
3593 4967 3740 5047 [multis

2241 5049 2306 5101 de
2337 5043 2832 5115 manullaginfredi
2866 5048 3216 5114 principatum
3275 5048 3582 5102 Francorum
3607 5043 3741 5115 sustu-

2244 5118 2388 5181 lisse,
2420 5118 2513 5171 sed
2564 5103 2839 5185 perperam
2866 5103 2960 5170 'ait
2991 5134 3003 5168 :
3040 5103 3328 5171 Novissime
3356 5133 3465 5171 cum
3502 5111 3621 5185 apud
3652 5103 3741 5185 fitt-

2206 5172 2463 5251 zciaciim,
2492 5172 2595 5240 etc'.
2628 5172 2800 5256 P'ugna
2832 5192 2971 5241 enim
2999 5186 3356 5240 Vinciacensis
3401 5172 3617 5256 secunda
3652 5172 3737 5252 [ξιιίν

2245 5272 2350 5309 non
2383 5249 2560 5310 tertia.
2595 5249 2855 5310 Pra-vterea
2884 5257 3106 5309 Carolus
3139 5260 3345 5310 nonnisi
3374 5268 3509 5308 anno
3534 5249 3624 5302 72b
3644 5249 3741 5296 cin-

2248 5334 2406 5381 tatem
2438 5327 2871 5394 Andegavensem
2897 5327 3215 5395 ltaginfri-do
3266 5329 3538 5379 concessit.
3577 5337 3594 5369 ι
3632 5316 3740 5395 Ιςιεξι

2244 5396 2516 5449 Annalista
2541 5393 2803 5460 blettensi,
2822 5393 3041 5465 aliisque
3070 5395 3440 5450 Francicaruin
3469 5404 3624 5447 rerum
3643 5393 3738 5437 δεῖν

2247 5466 2486 5535 ptoribus
2516 5468 2818 5520 firmissime
2844 5470 3049 5534 probat,
3076 5479 3179 5520 etc.

2318 5537 2349 5566 ³³
2370 5537 2641 5603 Anastas.,
2688 5538 2739 5590 in
2781 5529 2965 5590 sancto
2995 5536 3255 5605 Gregorio
3286 5536 3326 5589 II
3357 5552 3371 5588 :
3404 5554 3422 5586 σ
3457 5529 3742 5605 Entemp‘ﬂie

2247 5606 2604 5673 Liutprandus
2629 5592 2727 5660 rex
2758 5608 3093 5660 donationem
3107 5592 3418 5673 ‘patrimonii
3442 5602 3629 5671 Alpium
3648 5592 3741 5645 C0"
3828 5592 3839 5673 Α

2247 5679 2463 5743 tiaruni,
2513 5692 2670 5746 quam
2719 5679 2994 5744 Aripertus
3040 5692 3134 5729 rex
3171 5678 3387 5740 fecerat,
3430 5675 3605 5739 hieque
3627 5674 3741 5746 rel“?

2249 5729 2429 5813 Ijerztt,
2452 5729 2829 5801 Iad'monitione
2852 5729 2987 5799 tanti
3015 5749 3131 5812 viri,
3165 5729 3246 5799 vel
3273 5729 3627 5813 increpantium
3652 5729 3740 5813 τεάῖ

2245 5802 2792 5872 ἀίιυιηόοιιῐίτιυίινὶι.
2833 5835 2851 5868 ι
2892 5818 3014 5873 I’ost
3043 5802 3154 5873 lucc
3184 5817 3250 5873 de
3308 5802 3470 5872 luna'ri
3510 5802 3742 5877 eclipsiml

3828 5502 3839 5673 J

3827 5916 3835 6188 ἐ
