3942 6348
194 388 275 446 655

1056 380 1141 436 DE
1177 380 1425 438 GESTIS
1459 380 2087 439 LANGOBARDORLM.
2129 414 2198 423 -
2239 383 2363 438 LIB.
2414 385 2495 440 VL

3272 391 3383 457 ἣξει

207 497 463 558 mavit.Nec
487 492 700 550 multum
728 502 849 560 post
898 491 1039 547 idem
1085 501 1333 561 regnator
1363 490 1697 546 Guntrudam
1730 497 1776 554 Α
1809 497 1966 545 tatem
2011 504 2186 559 suam,
2240 506 2300 546 se
2336 492 2403 547 de
2454 492 2656 548 Sclavis
2685 494 2826 549 ultus
2862 504 3028 562 esset,
3066 500 3217 556 tertia
3237 502 3376 570 vice,

205 592 374 647 aliliam
403 588 742 657 Bojoariorum
802 584 974 651 ducis,
1015 586 1155 655 apud
1201 600 1358 654 quem
1404 585 1700 647 exsularat,

205 688 242 738 in
280 679 628 736 matrimdniam
674 677 845 742 duxit,
879 677 946 732 de
994 692 1098 747 qua
1150 692 1333 731 unam~
1366 676 1705 733 solummodo

203 776 323 829 tiliam
343 770 523 841 genuit.

694 859 919 915 CAPUT
956 860 1135 915 XLW.

200 951 416 1022 Quomodo
440 949 719 1005 Foroaldus
754 952 964 1003 classem
991 951 1192 1022 inuasit,
1242 959 1291 1004 et
1336 951 1454 1015 quia
1484 950 1696 1003 Theudo

251 1024 560 1105 Bojooriorum
589 1024 695 1080 dum
738 1021 807 1073 ad
853 1021 1203 1089 apostolorum
1256 1022 1434 1075 limina
1484 1022 1698 1075 liensum

251 1102 377 1148 venit.

249 1184 330 1240 Per
350 1183 453 1238 hac
481 1192 712 1249 tempora
746 1180 1041 1237 Faroaldus
1070 1181 1480 1251 Spoletanorum
1508 1181 1702 1236 ductor

198 1276 420 1331 ltclassem
444 1286 464 1313 ε
487 1276 873 1330 Ravennatium
899 1277 1173 1330 civitatem
1191 1276 1415 1339 invasit;
1444 1275 1536 1331 sed
1550 1274 1705 1342 jussu

198 1370 305 1437 regis
327 1367 636 1435 Liutprandi,
664 1367 850 1422 eadem
886 1368 1135 1421 Romanis
1164 1366 1367 1422 reddita
1383 1377 1486 1421 est.
1505 1364 1701 1420 Contra

195 1458 302 1512 hunc
326 1462 351 1502 ἀ
370 1457 674 1512 Faroaldum
707 1457 922 1522 ducem,
967 1457 1109 1513 ﬁlius
1153 1471 1282 1512 suus
1308 1456 1706 1511 Trasemundus

196 1550 447 1612 insurrexit,
476 1564 705 1619 eumque
731 1549 987 1605 Cicricum
1028 1549 1251 1613 faciens,
1285 1549 1457 1604 locum
1484 1549 1600 1616 ejus
1628 1549 1708 1602 in-

196 1644 312 1695 vasit.
342 1643 422 1696 llis
447 1643 633 1697 diebus
664 1644 886 1697 Theudo
944 1644 1307 1712 Bojoariorum
1356 1645 1529 1713 gentis
1566 1643 1706 1709 dux,

194 1732 401 1786 orationis
425 1733 614 1801 gratia,
651 1733 875 1788 Romam
919 1736 986 1789 ad
1018 1735 1294 1791 beatorum
1344 1735 1706 1805 apostolorum

196 1830 215 1858 ο
235 1824 415 1891 vestigia
446 1830 466 1868 ί
495 1826 662 1880 venit.

722 1914 948 1973 CAPUT
974 1916 1133 1972 XLV.

194 2021 310 2103 Quod
336 2026 565 2103 defuncto
627 2027 822 2103 Sereno
866 2030 1181 2103 patriarcha,
1230 2028 1451 2085 Calistus
1497 2033 1718 2103 regimen

242 2095 452 2217 ξῖειεδὶω
476 2101 739 2166 suscepit;
791 2108 840 2152 et
868 2095 951 2153 'de
998 2100 1126 2155 bello
1160 2101 1451 2156 Pemmouis
1480 2095 1718 2157 aduersus

294 2182 414 2217 avos.

294 2182 414 2219 αυοε.

244 2278 371 2344 Apud
412 2279 752 2336 Forum-Julii
783 2282 965 2352 igitur,
990 2283 1199 2339 sublato
1228 2300 1260 2341 e
1286 2285 1445 2341 rebus
1474 2286 1719 2342 humanis

193 2373 437 2434 patriarcha
479 2373 711 2440 Sereno,
759 2375 990 2430 Calistus
1045 2377 1131 2431 vir
1186 2378 1449 2447 egregius,
1488 2380 1721 2448 quierat

189 2460 459 2517 Tarvisianat
504 2464 763 2519 Ecclesia:
808 2466 1233 2534 archidiaminus,
1273 2470 1547 2525 annitente
1571 2470 1720 2525 Liut-
1799 2483 1806 2489 '

190 2555 349 2621 prando
374 2558 628 2625 principe,
654 2558 1046 2627 Aquileiensem
1088 2559 1382 2615 Ecclesiam
1434 2562 1719 2632 regendam

191 2649 435 2714 ssuscepit.
464 2650 605 2716 Quo,
633 2660 690 2703 ut
714 2649 971 2715 diximus,
1002 2652 1053 2704 in
1086 2659 1349 2720 tempore,
1380 2651 1597 2707 l’emtuo
1622 2650 1721 2707 Fo-

190 2736 413 2803 rojulianis
450 2751 685 2808 prices-at
713 2739 739 2779 δ
769 2742 1153 2812 Langobardis.
1210 2741 1257 2797 Is
1282 2757 1403 2797 cum
1430 2744 1541 2813 jam
1570 2744 1720 2799 nobi-

190 2825 305 2892 lium,
332 2845 452 2896 quos
474 2847 598 2887 cum
636 2832 746 2887 suis
791 2833 927 2887 natis
952 2834 1229 2898 nutrierat,
1263 2834 1397 2889 ﬁlios
1420 2835 1487 2889 ad
1507 2835 1719 2904 juveni-

189 2916 268 2971 lcut
294 2923 608 2987 perduxisset.
639 2935 875 2992 aetatem,
937 2934 1157 2995 repente
1204 2940 1259 2980 et
1315 2926 1531 2981 nuntius
1557 2926 1719 2993 venit,

189 3007 450 3066 immensam
490 3015 781 3068 Slavorum
826 3016 1242 3082 multitudinem,
1294 3018 1347 3071 in
1404 3018 1579 3073 locum
1631 3020 1723 3087 qui

192 3094 205 3133 ί
230 3100 450 3157 Lauriana
478 3107 684 3160 dicitur
713 3107 1052 3162 adventasse.
1087 3108 1218 3162 Cum
1250 3109 1444 3177 quibus
1465 3109 1554 3164 ille
1574 3110 1724 3179 juve-

187 3190 307 3245 nibus
350 3209 498 3262 super
541 3196 767 3252 eosdem
825 3198 1221 3254 Sclavostertio
1254 3200 1484 3267 irruens,
1531 3203 1833 3271 magnac‘

186 3292 259 3332 eos
281 3282 414 3338 clade
443 3289 757 3354 prostravit,
791 3303 890 3343 nec
928 3290 1156 3358 amplius
1184 3290 1256 3344 ibi
1300 3291 1493 3361 aliquis
1519 3308 1548 3346 a
1578 3303 1729 3360 parte

187 3369 604 3443 Langobardorum
642 3379 855 3445 cecidit,
886 3394 1046 3450 quam
1107 3384 1121 3431 ι
1162 3382 1463 3450 Sigualdus,
1497 3382 1585 3454 qui
1614 3393 1731 3439 erat

186 3462 270 3529 iam
315 3476 461 3523 atate
512 3470 859 3539 grandaivus.
914 3471 1016 3525 Iste
1073 3486 1301 3542 namque
1355 3473 1409 3527 in
1468 3473 1729 3543 superiori

185 3569 346 3626 pugna,
388 3576 501 3630 qum
529 3563 641 3617 sub
685 3562 939 3618 Ferdull’o
966 3563 1101 3619 facta
1130 3576 1231 3632 est,
1265 3566 1399 3620 duos
1428 3566 1566 3623 ﬁlios
1594 3567 1732 3622 ami-

187 3661 316 3702 serat.
360 3654 452 3718 Qui
478 3669 603 3709 cum
662 3656 826 3722 prima
856 3664 909 3710 et
934 3656 1167 3711 secunda
1195 3656 1334 3725 vice,
1360 3656 1514 3728 juxta
1545 3660 1731 3714 volun-

187 3784 720 3862 adventu'l‘heudonis
773 3789 1134 3862 Bajoariorum
1182 3790 1339 3859 regis,
1375 3792 1444 3847 de
1472 3807 1577 3861 quo
1606 3807 1728 3862 cap.

188 3859 421 3926 sequenti;
451 3862 804 3928 quamobrem
830 3877 955 3914 ante
984 3861 1112 3927 716,
1143 3863 1331 3917 eodem
1356 3859 1596 3929 auctura,
1628 3859 1729 3917 do-

187 3930 303 3979 natio
325 3931 428 3983 lunt:
456 3941 536 3983 est
560 3932 910 3985 relraltenda.

241 4000 262 4025 ⁸
284 4000 385 4072 Ah,
402 4002 563 4072 ﬁliam
590 3999 921 4055 Tltodcberti.
954 4001 1106 4055 Lind.
1149 4002 1329 4069 Amb.,
1359 4004 1523 4072 ﬁliam
1551 4002 1733 4058 Theat-

188 4071 308 4131 pcrti.
336 4070 445 4124 Mod
457 4111 494 4133 .,
521 4071 827 4138 TlteOperti.

243 4143 269 4182 δ
295 4141 391 4203 ΑΙ..
419 4145 601 4195 classe.
636 4143 791 4197 Lind.

180 4228 183 4229 ν
245 4220 263 4246 ε
291 4211 393 4265 Non
422 4213 588 4285 semel
624 4221 881 4285 tentatum
932 4211 1403 4285 Langobardorum
1428 4214 1594 4268 armis
1620 4214 1731 4269 Ra-

180 4288 386 4355 vennam,
407 4284 503 4336 sub
524 4284 659 4355 rege
682 4282 1008 4352 Liutprando
1037 4282 1191 4339 facile
1223 4288 1494 4355 argniuius
1512 4301 1579 4355 ex
1601 4288 1726 4338 sub-

176 4354 390 4426 sequenti
418 4368 536 4420 cap.
570 4351 668 4417 49,
702 4361 757 4407 et
784 4356 1085 4426 Anastasio,
1111 4357 1192 4409 cui
1219 4351 1357 4409 nulla
1384 4357 1453 4409 de
1482 4354 1729 4410 Faroaldi

188 4424 431 4495 ll‘qus’ionc
466 4425 704 4486 mentio;
757 4424 854 4478 sed
907 4435 1012 4477 tam
1062 4437 1264 4489 nostro,
1317 4442 1474 4495 quam
1504 4430 1729 4480 Anasta-

189 4491 269 4565 sio,
298 4494 619 4548 concinniori
654 4509 813 4561 quam
846 4511 939 4563 par
968 4507 1085 4549 erat
1130 4498 1288 4565 stylo,
1326 4491 1438 4549 haec
1468 4497 1726 4549 tradenti-

191 4562 286 4636 lius,
336 4565 594 4631 integram
642 4580 819 4619 rerum
865 4566 1060 4620 seriem
1098 4562 1321 4622 reddere
1350 4568 1481 4621 mihi
1512 4567 1723 4636 quidem
1757 4563 1805 4622 D
1833 4564 1900 4618 de

190 4632 495 4697 impossibile.

244 4704 265 4740 ά
292 4704 525 4760 Faroaldi
553 4705 713 4773 huius
739 4706 888 4759 ducis
921 4713 1162 4777 tempore
1211 4707 1438 4762 farfense
1468 4718 1735 4761 monaste-

190 4784 301 4845 [tnm'
358 4790 387 4829 a
438 4777 806 4845 Langobardis
857 4788 1010 4829 antea
1066 4780 1298 4831 dirutum
1349 4794 1510 4845 opera
1564 4778 1733 4831 sancti

178 4842 377 4916 Thomas
424 4842 748 4901 Maurienuae
800 4848 1091 4916 presbyteri
1145 4853 1333 4902 iterum
1387 4842 1733 4902 instauratum

173 4913 282 4978 ’iuit,
306 4927 453 4985 atque
486 4920 538 4971 in
567 4913 983 4972 historiancccc
1016 4919 1738 4973 monachorumaSaractmis

191 4985 541 5041 tleCollatorum
598 4990 764 5040 multa
816 4989 939 5041 huic
969 4994 1291 5043 utouastcrio
1316 4989 1611 5043 Faroaldus
1641 4991 1740 5042 iste

189 5060 489 5113 concessisse
517 5060 734 5112 dicitur.

190 5164 193 5181 π
245 5137 267 5163 θ
292 5130 391 5192 AL,
422 5130 690 5183 vestibula.
719 5127 868 5182 Lind.

172 5196 175 5201 ’
250 5196 265 5232 ¹
297 5204 441 5252 Anno
465 5201 575 5253 “HG
599 5201 904 5254 Theudonis
936 5200 998 5265 ll,
1029 5199 1392 5268 Bajoariorum
1436 5198 1605 5263 ducis,
1647 5212 1744 5265 pe-

172 5269 448 5335 regrinatio
476 5271 756 5325 tribuenda
788 5287 853 5325 ex
878 5272 1180 5333 Anastasio,
1212 5271 1299 5338 qui
1352 5285 1468 5323 eam
1512 5284 1633 5322 cum
1668 5271 1747 5321 lu-

193 5340 284 5409 nari
311 5342 488 5408 eclipsi
524 5342 766 5409 ejusdem
813 5344 936 5394 anni
989 5343 1201 5409 alligat,
1247 5348 1303 5392 ut
1338 5355 1495 5408 supra
1544 5340 1745 5392 notavi.

193 5406 375 5464 Accidit
408 5406 670 5467 enimidie
700 5415 768 5466 15
806 5412 1004 5465 mensis
1031 5406 1293 5474 Ja'nuarii,
1332 5406 1458 5465 ferta
1490 5410 1746 5477 secunda,

192 5490 293 5542 post
317 5483 495 5535 horam
524 5483 765 5551 quintam
798 5498 827 5535 a
853 5483 1094 5548 meridie,
1126 5494 1179 5533 nt
1208 5483 1392 5535 strribit
1411 5481 1669 5551 Calvisius
1698 5497 1747 5533 Ill

192 5562 332 5612 opere
373 5550 775 5623 chronOlogicu.
830 5554 1090 5605 Caeterum
1127 5553 1348 5605 Thendo
1400 5551 1485 5604 hic
1538 5550 1627 5603 ille
1670 5559 1752 5623 est

193 5632 329 5692 quem
358 5634 576 5677 sanctus
603 5621 902 5679 Radbertus
930 5624 1350 5692 Salisburgeusis
1372 5626 1655 5691 episcopus
1683 5621 1749 5674 ad

194 5690 327 5743 Iidem
354 5694 702 5747 Chrisrianam
727 5696 1005 5748 convertit.

252 5759 274 5797 ⁸
295 5765 441 5819 Anno
465 5767 677 5821 circiter
698 5767 891 5833 730,ut
914 5766 1101 5820 asserit
1136 5764 1404 5833 Ughellus.
1418 5761 1497 5817 Ad
1513 5761 1753 5830 eumdem

190 5838 342 5890 sancti
371 5836 620 5907 Gregorii
645 5838 683 5895 ll
709 5840 897 5893 littera:
924 5851 957 5890 a
985 5837 1209 5892 Baronio
1237 5852 1302 5892 ea
1330 5833 1757 5899 chronicoDan-
1814 5882 1815 5885 η

1748 1852 1793 1914 Β
1825 1852 1929 1896 tem
1997 1843 2191 1897 dicitur
2243 1860 2308 1897 ex
2355 1843 2529 1898 Africa
2588 1845 3015 1916 transfretantes,

1805 581 2121 650 prohibente
2167 583 2322 649 duce,
2367 592 2423 637 et
2461 584 2580 639 aliis
2634 585 3014 655 Langobardis,
3055 605 3161 644 non
3209 596 3383 661 potuit

1806 673 2053 737 inhiberi,
2108 677 2201 727 sed
2248 676 2318 727 ita
2348 674 2428 729 eis
2457 677 2765 744 respondit:
2814 677 2931 732 Jan)
2988 682 3137 750 satis,
3187 682 3379 753 inquit,

1805 777 2044 818 meorum
2090 763 2317 818 ﬁliorum
2367 775 2590 819 mortem
2640 766 2920 830 vindicavi,
2948 770 3112 825 etiam
3139 772 3184 828 si
3214 774 3375 829 adve-

1806 854 1967 917 nerit,
2014 854 2168 908 laetus
2215 855 2498 925 suscipiam
2542 867 2791 912 mortem.
2821 859 3144 932 Factumque
3173 874 3293 931 est;
3325 875 3384 921 et

1809 947 1922 1014 ipse
1960 948 2106 1001 solus
2134 947 2186 1001 in
2216 947 2401 1002 eadem
2449 964 2621 1018 pugna
2662 962 2967 1019 peremptus
3010 966 3111 1011 est.
3162 956 3382 1014 Pemmo

1809 1053 1933 1093 vero
1950 1054 2072 1093 cum
2099 1040 2291 1095 multos
2302 1041 2640 1111 inimicorum
2655 1048 3047 1113 prostravisset,
3063 1059 3301 1105 metuens
3316 1065 3386 1107 ne

1808 1130 2037 1199 aliquem
2084 1147 2301 1186 suorum
2359 1134 2589 1203 amplius
2645 1137 2697 1189 in
2748 1135 2889 1191 bello
2937 1140 3217 1208 perderet,
3260 1157 3384 1199 cum

1810 1225 2012 1280 eisdem
2043 1226 2246 1280 Sclavis
2276 1228 2327 1280 in
2350 1229 2537 1297 eodem
2564 1230 2682 1284 loco
2708 1232 2853 1299 pacis
2873 1235 3211 1289 concordiam
3241 1236 3385 1303 iniit,

1811 1326 1971 1385 atque
2002 1334 2065 1373 ex
2096 1320 2186 1372 illo
2210 1320 2320 1389 jam
2353 1329 2595 1390 tempore
2625 1326 2794 1393 magis
2824 1339 2886 1379 ac
2913 1328 3078 1396 magis
3104 1340 3389 1399 coeperunt

1810 1408 1983 1462 chlavi
2008 1409 2465 1479 Forojulianornm
2494 1427 2640 1467 arma
2665 1413 2970 1471 formidare.

2387 1523 2613 1594 carior
2643 1524 2822 1581 XLVI.

1817 1590 1893 1644 De
1925 1591 2140 1671 adventu
2172 1591 2544 1671 Saracenorum
2567 1590 3004 1671 ⁵ἱηᾼῌξξραηίαιη,
3056 1610 3102 1655 et
3132 1606 3383 1671 quomodo

1955 1678 2039 1716 eos
2068 1663 2281 1716 Carolus
2308 1674 2353 1716 et
2386 1663 2533 1717 Eudo
2562 1665 2613 1718 in
2644 1663 2814 1720 Gallia
2842 1663 3225 1739 superaverant.

1888 1751 1967 1806 Eo
1992 1760 2231 1820 tempore
2252 1767 2381 1822 gens
2418 1753 2804 1811 Saracenorum
2845 1758 2896 1811 in
2928 1759 3044 1814 loco
3072 1762 3161 1830 qui
3196 1759 3221 1799 ¹ι
3252 1763 3391 1833 Sep-

3092 1866 3391 1909 universam

1826 1932 2127 2001 Hispaniam
2148 1935 2481 1988 invaserunt.
2517 1936 2713 1993 Deinde
2736 1948 2854 2007 post
2876 1940 3058 1996 decem
3088 1957 3257 1999 annos
3274 1958 3394 1998 cunt

1823 2025 2077 2080 uxoribus
2120 2034 2175 2080 et
2225 2025 2455 2095 parvulis
2498 2029 2791 2095 venientes,
2834 2033 3168 2100 Aquitaniam
3212 2033 3397 2090 Gallia:

1825 2116 2174 2184 provinciam,
2221 2116 2372 2183 quasi
2428 2112 2443 2152 ι
2502 2116 2807 2187 babitaturi,
2861 2121 3081 2189 ingressi
3134 2124 3407 2180 sunt.Ca-

1821 2205 1967 2260 rolus
1996 2204 2255 2275 siquidem
2276 2220 2396 2260 cum
2425 2207 2646 2263 Eudone
2682 2208 2981 2279 Aquitania:
3009 2212 3248 2284 principe
3279 2223 3403 2272 tunc

1821 2296 2145 2351 discordiam
2197 2298 2443 2355 habebat.
2476 2301 2574 2365 Qui
2598 2309 2776 2356 tamen
2821 2304 2874 2357 iu
2901 2320 3061 2359 unum
3092 2321 3151 2361 se
3180 2307 3402 2377 conjun-

1824 2396 2032 2454 gentes,
2076 2397 2259 2442 contra
2289 2389 2503 2445 eosdem
2534 2390 2827 2448 Saracenos
2859 2395 2972 2463 pari
2995 2380 3218 2454 consilio
3247 2399 3404 2455 dimi-

1820 2484 2029 2532 carunt.
2070 2477 2202 2532 Nam
2243 2479 2508 2537 irruentes
2560 2479 2751 2539 Franci
2797 2499 2960 2554 super
3003 2502 3117 2555 eos,
3170 2500 3405 2546 trecenta

1823 2571 2157 2641 septuaginta
2182 2571 2417 2642 quinque
2445 2574 2614 2628 millia
2666 2574 3055 2635 Saracenorum
3108 2579 3395 2638 intereme-

1822 2669 1968 2715 runt.
2019 2662 2095 2716 Ex
2142 2661 2464 2718 Francorum
2491 2679 2618 2720 vero
2647 2676 2819 2735 parte,
2860 2669 3004 2724 mille
3050 2679 3104 2725 et
3127 2674 3399 2744 quingenti

1821 2758 2027 2806 tantum
2058 2750 2129 2805 ibi
2149 2753 2479 2808 ceciderunt.
2530 2755 2681 2811 Eudo
2708 2773 2920 2828 quoque
2948 2774 3068 2815 cum
3098 2764 3213 2818 suis
3242 2779 3403 2835 super

1820 2854 2007 2895 eorum
2032 2852 2209 2897 castra
2238 2844 2470 2911 irruens,
2503 2848 2614 2915 pari
2643 2849 2804 2904 modo
2832 2850 3027 2907 multos
3049 2854 3398 2926 interﬁciens,

1823 2937 2000 2991 omnia
2029 2936 2324 2993 devastavit
2346 2946 2407 2992 ω.

2385 3028 2610 3087 CAPUT
2641 3028 2847 3088 XLVII.

1828 3096 2090 3185 Quomodo
2115 3118 2883 3195 SaraceniConstantiuopolim
2933 3125 3255 3195 obsederunt,
3309 3138 3357 3183 et
3378 3147 3413 3184 α

2273 3189 2583 3261 Bulgaribus
2612 3189 2789 3247 devicti
2807 3205 2944 3249 sunt.
3241 3189 3251 3195 ’
3314 3224 3321 3233 -

1903 3280 2014 3337 Hoc
2034 3282 2193 3338 etiam
2224 3290 2466 3354 tempore
2489 3284 2676 3340 eadem
2707 3285 3092 3344 Saracenorum
3132 3305 3264 3361 gens
3288 3306 3408 3351 cum

1830 3374 2092 3432 immenso
2112 3376 2351 3433 exercitu
2375 3378 2617 3446 veniens,
2644 3378 3158 3451 Constantinopolim
3189 3385 3409 3442 circum-

1829 3468 2000 3536 dedit,
2055 3484 2118 3524 ac
2148 3485 2242 3538 per
2263 3472 2574 3527 continuum
2634 3472 2916 3527 triennium
2968 3476 3200 3544 obsedit,
3247 3480 3418 3537 donec

1831 3562 2000 3616 multa
2028 3560 2281 3617 instantia
2312 3560 2376 3616 ad
2400 3561 2566 3617 Deum
2584 3562 2931 3618 clamantibus
2947 3566 3169 3633 civibus,
3202 3569 3413 3638 plurimi

1832 3667 2019 3709 eorum
2048 3652 2191 3709 fame
2215 3663 2269 3709 et
2293 3652 2508 3724 frigore,
2555 3653 2698 3727 bello
2726 3665 2779 3710 et
2806 3656 3125 3727 pestilentia,
3151 3663 3408 3731 perirent,

1832 3788 1943 3845 duli
1973 3790 2155 3843 relata:
2174 3804 2313 3843 anno
2334 3787 2457 3843 7‘29.

1903 3856 1931 3895 δ
1958 3860 2141 3917 Amb..
2164 3871 2207 3913 et
2236 3859 2602 3929 Langobardis.

1908 3928 1927 3967 ί
1964 3930 2076 3995 ΑΙ.,
2109 3928 2361 3983 Laurina.
2386 3930 2542 3983 Lind.

1830 4006 1839 4013 ‘
1908 4001 1923 4050 l
1961 4000 2068 4066 AL,
2102 3999 2365 4055 Sivaldas.
2393 3998 2550 4056 Lind.
2585 4000 2882 4053 Sicualdus.
2917 4000 3057 4056 Mod.

1903 4068 1928 4107 ιι
1959 4070 2069 4131 ΑΙ..
2103 4071 2283 4137 Sep/a.
2309 4071 2462 4123 Lind.
2491 4071 2737 4123 Anastas.
2784 4072 3121 4133 Ιὶὶϋιὶοιιιεοη
3148 4072 3201 4128 ἱη
3225 4070 3407 4130 Codic.

1834 4141 1978 4210 regio
2026 4141 2276 4195 Mazarin.
2303 4150 2358 4194 et
2386 4141 2593 4194 Thuau.
2629 4139 2815 4194 habet:
2850 4143 3199 4209 Agarenorum
3226 4162 3346 4210 gens
3376 4164 3409 4199 α

1834 4162 1978 4210 regto
2026 4162 2276 4195 ntaznrm.
2303 4162 2358 4194 Cl
2396 4162 2593 4194 lllllall.
2629 4162 2815 4194 ιιιιυειξ
2850 4162 3199 4209 Αρατεηοτωη
3220 4162 3346 4265 )qeus
3376 4164 3409 4199 α

1834 4213 1944 4285 loco
1970 4214 2055 4285 qui
2082 4210 2238 4285 Cepla
2267 4210 2455 4285 dicitur
2475 4226 2538 4264 ea:
2581 4211 2755 4285 Africa
2779 4216 3186 4280 lransfretanles,
3243 4215 3416 4285 [ἕδραι

1834 4282 1974 4335 m'am
2000 4280 2234 4351 ingressi,
2266 4290 2395 4351 etc.,
2424 4281 2530 4335 l'eie
2554 4283 2616 4333 ad
2644 4286 2859 4334 verbum
2885 4298 3005 4336 cum
3031 4296 3233 4337 nostro.
3255 4280 3417 4340 Addit

1836 4353 1937 4405 hoc
1989 4350 2183 4404 unum:
2244 4350 2446 4404 Eudoni
2506 4352 2776 4404 victoriam
2836 4366 2937 4406 non
2989 4354 3107 4407 sine
3158 4357 3414 4409 miracqu

1835 4421 2039 4493 'datam,
2085 4422 2265 4475 divisis
2313 4424 2361 4493 in
2413 4421 2607 4475 milites
2650 4421 2884 4493 spongiis
2929 4437 3058 4488 quas
3103 4439 3243 4477 anno
3275 4440 3413 4493 prato

1835 4492 2044 4546 cedenti
2069 4502 2281 4563 sanctus
2311 4488 2595 4563 Gregorius
2623 4504 2742 4563 cum
2776 4488 3142 4563 benedictione
3173 4488 3414 4563 miserat,

1925 4577 2027 4631 quo
2056 4560 2380 4616 Flodoradus
2401 4561 2559 4615 etiam
2594 4563 2682 4616 lib.
2714 4562 2779 4615 de
2803 4562 2993 4615 Pontif.
3030 4563 3255 4618 Roman.

1911 4630 1928 4669 ι
1962 4633 2072 4687 AL.
2096 4632 2403 4684 habitatores
2435 4632 2659 4687 perpetui
2686 4633 2897 4687 inaressi
2923 4640 3059 4687 sunt.
3094 4633 3249 4687 Lind.

2032 4672 2072 4688 ..
2096 4640 2403 4684 habitatores
2435 4640 2659 4688 perpetui
2686 4640 2897 4688 inaresst
2923 4640 3059 4687 sunt.
3094 4640 3249 4688 Lind.
3342 4648 3347 4659 ‘

1912 4649 1928 4669 ‘
1962 4649 2072 4696 AL,
2096 4649 2403 4684 ηαυιιαιονεδ
2434 4649 2659 4699 perpetui
2686 4649 2897 4699 “1978881
2923 4649 3059 4687 sunt.
3094 4649 3249 4688 ιιιηίι.
3342 4649 3347 4659 ³

1909 4714 1947 4739 ω
1979 4704 2234 4756 Baronius
2262 4717 2328 4756 ex
2356 4700 2624 4755 Chronico
2659 4701 2866 4767 Pitltmi,
2918 4717 3033 4769 seu,
3088 4713 3145 4757 ut
3178 4721 3419 4759 commn-

1838 4775 1977 4829 niter
2000 4780 2210 4836 vocant,
2236 4788 2304 4826 ea
2328 4772 2620 4825 Annalibus
2653 4773 3021 4835 Fuldensibus,
3043 4783 3097 4826 et
3126 4776 3418 4829 Continua-

1821 4857 1956 4901 .tore
1988 4843 2312 4912 Fredegarii,
2332 4844 2522 4909 quibus
2542 4844 2801 4896 accedunt
2822 4843 3097 4896 Annalista
3120 4844 3413 4907 Mettensis,

1842 4916 2038 4983 alitque
2061 4925 2283 4975 recent.,
2308 4914 2609 4983 Saracenos
2652 4914 2704 4965 in
2737 4913 2917 4965 tialliis
2963 4928 3027 4964 ex
3063 4914 3327 4980 Hispaniis
3351 4919 3417 4967 ali

1842 4980 1966 5054 ipso
2022 4984 2237 5054 liudone
2288 4984 2549 5054 inotlium
2582 4980 2775 5044 Caroli,
2813 4991 3027 5035 vocatos
3056 4992 3257 5054 narrat,
3290 4985 3417 5036 insi-

1843 5052 2105 5125 gnemque
2136 5052 2428 5117 victoriam,
2460 5068 2555 5125 qua
2575 5068 2672 5125 res
2697 5054 2907 5119 perﬁdae
2935 5052 3422 5125 gentisAbdirama

1846 5122 2052 5180 occisus
2080 5132 2184 5189 est,
2216 5123 2708 5176 communi'calculo
2731 5138 2852 5174 cum
2883 5137 3021 5173 anno
3045 5122 3146 5176 7'25
3170 5123 3421 5190 illigavit.

1846 5198 1916 5250 At
1944 5196 2154 5263 Pagius,
2183 5208 2320 5246 anno
2350 5192 2474 5254 752,
2504 5210 2557 5245 ne.
2600 5194 2613 5243 Ι
2648 5199 2701 5247 et
2737 5206 2875 5263 seq.,
2908 5192 3426 5263 ptttat‘Conti‘nttato-

1850 5282 1961 5342 rem
1985 5258 2310 5342 1“}etlegatrii,
2330 5263 2417 5332 qui
2446 5264 2599 5342 jussu
2614 5262 3010 5342 Childebrandi,
3027 5261 3197 5342 Caroli
3216 5258 3422 5342 fratris,

1852 5338 2123 5389 historiam
2151 5336 2455 5401 scripserat,
2486 5337 2556 5388 ob
2586 5333 2969 5398 redintegratas
2998 5340 3118 5401 post
3147 5333 3420 5386 victoriam

1849 5405 2098 5461 Carolutn
2123 5404 2260 5458 inter
2289 5414 2344 5457 et
2371 5403 2644 5457 Eudoiiem
2678 5402 2998 5464 inimicitias,
3024 5403 3075 5454 in
3101 5401 3279 5455 odium
3312 5401 3421 5453 Eu-

1852 5477 2029 5541 tlunis,
2054 5485 2266 5527 vocatos
2289 5475 2353 5526 ab
2373 5475 2561 5526 eodem
2603 5477 2895 5527 Saracenos
2919 5472 3219 5540 scripsisse,
3250 5469 3424 5524 addu-

1853 5549 2057 5614 ctisque
2088 5544 2325 5612 pluribus
2356 5544 2544 5614 horum
2575 5542 3266 5614 temporumscriptoribus,
3317 5548 3426 5594 tum

1857 5624 1908 5674 in
1935 5612 2161 5671 Baronio
2192 5616 2331 5681 ipso,
2359 5628 2477 5665 cum
2504 5612 2554 5665 in
2582 5614 2742 5666 Paulo
2768 5621 2819 5664 et
2859 5613 3160 5676 AnaStasio,
3186 5622 3422 5666 errorem

1857 5698 2025 5752 notat,
2076 5687 2283 5738 diversa
2351 5684 2493 5737 enim
2548 5697 2668 5737 cuni
2709 5682 2987 5752 Saracenis
3041 5684 3220 5751 pmlia
3264 5681 3424 5735 siam!

1859 5750 2119 5817 miscent,
2168 5764 2222 5808 et
2270 5752 2545 5809 victoriam
2581 5767 2696 5823 quae
2735 5766 2876 5808 anno
2917 5750 3430 5810 75ὶο1νγθηίιωαι

1861 5845 1999 5887 anno
2029 5827 2131 5882 725
2158 5823 2292 5881 male
2322 5823 2542 5892 illigant.
2923 5833 2925 5835 ί
3054 5831 3058 5836 '
