3942 6348
173 331 264 382 6‘57

1107 324 1196 380 DE
1235 323 1476 382 GESTIS
1518 320 2156 379 LANGOBARDORUM.
2191 350 2261 362 —
2301 321 2427 377 LIB.
2475 323 2557 378 Vl.

3335 326 3440 382 658

169 444 376 498 invasit.
394 453 420 481 ι
446 443 565 498 Pari
583 458 794 514 quoque
811 443 970 498 modo
993 453 1117 498 tunc
1139 450 1193 497 et
1216 440 1452 497 Sutrium
1479 440 1742 508 pervasit;

1867 429 2191 527 episcopatus
2212 457 2392 513 sedem
2418 460 2622 512 statuit.
2651 457 2767 526 Quo
2794 459 2898 514 vita
2925 459 3234 529 decedente,
3278 464 3441 521 Ama-

170 534 253 586 sed
287 543 411 601 post
442 533 638 603 aliquot
667 534 822 588 diesb
848 535 1035 588 iterum
1068 534 1322 586 Romanis
1350 531 1616 586 redditum
1640 540 1743 585 est.

1849 539 1932 602 tor
1957 550 2010 604 in
2058 549 2175 617 ejus
2225 552 2340 604 loco
2369 549 2393 586 ιι
2424 551 2700 606 ordinatus
2725 563 2825 607 est.
2891 552 3069 619 Usque
3095 555 3163 610 ad
3190 558 3439 612 eumdem
3465 586 3472 590 -

169 623 262 677 Per
291 625 436 679 idem
467 633 676 693 tempus
701 623 809 680 Leo
830 628 1095 694 Augustus
1127 625 1192 679 ad
1224 625 1402 700 pejora
1435 637 1748 694 progressus

1867 638 1993 692 enim
2018 638 2156 693 diem
2184 640 2483 708 superiores
2525 641 2862 709 patriarchae,
2917 644 3036 712 quia
3087 645 3144 699 in
3170 646 3439 716 Aquileia,

167 725 264 779 est,
295 718 366 776 ita
398 726 457 770 ut
495 718 843 786 compelleret
872 734 1058 772 omnes
1088 718 1547 788 Constantinopoli
1593 720 1745 774 habi-

173 819 370 877 tantes,
406 822 512 864 tam
555 810 615 863 vi-
638 825 795 880 quam
828 811 1114 877 blanditiis,
1144 821 1202 866 ut
1231 811 1580 880 deponerent,
1636 813 1751 867 ubi-

167 918 377 973 cunque
425 903 768 968 haberentur,
822 905 1080 973 imagines
1132 913 1237 959 tam
1283 905 1573 960 Salvatoris
1595 920 1750 975 quam

167 1004 366 1052 sancta:
392 996 508 1066 ejus
536 995 840 1062 Genitricis,
857 998 940 1052 vel
959 997 1193 1052 omnium
1215 1007 1753 1068 sanctorum,easqne

171 1091 217 1143 in
285 1088 522 1143 medium
589 1089 816 1144 civitatis
895 1087 1142 1142 incendio
1217 1088 1546 1143 concremari
1605 1089 1749 1144 fecit.

173 1182 234 1236 Et
261 1183 388 1249 quia
437 1182 678 1252 plerique
717 1198 779 1238 ex
811 1181 1006 1251 populo
1035 1181 1139 1236 tale
1170 1181 1344 1237 scelus
1391 1175 1501 1237 ﬁeri
1559 1193 1581 1222 ο
1620 1196 1755 1252 pra:-

172 1272 455 1340 pcdiebant
491 1313 505 1334 ,
555 1272 806 1342 aliquanti
868 1288 933 1326 ex
981 1274 1062 1328 eis
1114 1275 1291 1342 capite
1341 1273 1613 1337 truncati,
1667 1271 1756 1326 alii

170 1363 411 1433 corporis
436 1372 587 1433 parte
616 1364 822 1419 multati
863 1375 1005 1420 sunt.
1053 1366 1217 1435 Cujus
1259 1366 1426 1420 errori
1457 1364 1754 1420 Germanus

173 1455 474 1525 patriarcha
523 1470 628 1510 non
685 1457 1068 1522 consentiens,
1126 1472 1154 1511 a
1225 1457 1435 1526 propria
1485 1455 1611 1510 sede
1662 1456 1757 1509 de-

172 1550 352 1611 pulsus
382 1557 487 1611 est,
520 1555 574 1602 et
599 1546 712 1617 ejus
740 1546 792 1602 in
817 1548 934 1604 loco
957 1549 1270 1605 Anastasius
1311 1549 1585 1620 presbyter
1610 1548 1756 1603 ordi-

172 1648 320 1693 natus
344 1645 450 1694 est.

808 1711 1036 1767 CAPUT
1060 1714 1119 1768 L.

169 1799 242 1854 De
271 1798 566 1856 Romoaldo
595 1799 943 1857 Beneventano
971 1805 1098 1858 duce
1121 1845 1138 1870 ,
1170 1813 1216 1858 et
1250 1803 1453 1875 Gisulfo
1481 1805 1592 1872 ﬁlio
1619 1808 1750 1877 ejus.
1788 1783 1832 1843 Β

234 1915 566 1972 Romoaldus
593 1916 824 1988 denique
849 1918 954 1974 dux
978 1920 1262 1977 Beneventi
1283 1937 1503 1977 uxorem
1533 1923 1758 1978 sortitus

167 2021 267 2075 est,
321 2009 686 2082 Gunthergam
746 2012 990 2076 nomine,
1045 2029 1164 2081 qua:
1220 2014 1317 2068 fuit
1367 2014 1470 2068 ﬁlia
1529 2016 1756 2068 Auronaa

170 2100 485 2166 Lintprandi
518 2102 660 2171 regis
682 2103 904 2156 sororis.
939 2103 1015 2158 De
1041 2119 1142 2174 qua
1177 2104 1341 2158 ﬁlium
1365 2105 1564 2174 genuit,
1599 2119 1756 2172 quem

169 2193 392 2246 nomine
421 2194 501 2246 sui
534 2195 700 2260 patris
746 2193 1004 2250 Gisulfum
1046 2196 1347 2265 appellavit.
1402 2196 1596 2252 Habuit
1642 2211 1761 2251 rur-

165 2297 282 2336 sum
314 2292 438 2344 post
462 2283 598 2337 hanc
626 2292 681 2338 et
719 2284 878 2339 aliam
907 2284 1209 2354 coniugem,
1243 2287 1458 2341 nomine
1515 2287 1542 2324 ά
1594 2287 1758 2342 Κεινί-

164 2377 423 2443 εηηιιαω,
469 2375 629 2428 ﬁliam
660 2374 933 2431 Gaidoaldi
965 2386 988 2414 ε
1020 2377 1265 2433 Brexiani
1287 2377 1457 2433 ducis.

785 2509 1009 2568 CAPUT
1055 2512 1138 2567 LI.

167 2641 245 2697 De
275 2643 559 2698 inimicitiis
589 2641 881 2698 Pemmonis
905 2652 1085 2699 contra
1120 2644 1367 2699 Calistum
1395 2646 1758 2714 patriarcham.

241 2756 433 2811 Gravis
488 2770 618 2811 sane
665 2772 761 2826 per
789 2757 924 2810 idem
957 2767 1164 2822 tempus
1228 2759 1366 2814 inter
1420 2759 1760 2814 Pemmonem

166 2848 357 2900 ducem
388 2856 441 2901 et
467 2846 720 2901 Calistum
767 2848 1120 2912 patriarcham
1151 2848 1435 2903 discordiae
1487 2850 1602 2904 rixa
1646 2864 1763 2903 sur-

171 2935 332 2988 rexit.
365 2933 536 2988 Causa
555 2943 733 2988 autem
760 2935 917 3005 hujus
949 2935 970 2972 f
994 2937 1276 2990 discordire
1305 2937 1404 2990 ista
1423 2937 1550 2992 fuit.
1581 2937 1760 2991 Adve-

167 3025 322 3078 niens
351 3026 628 3081 anteriore
672 3034 913 3095 tempore
944 3027 1215 3083 Fidentius
1242 3029 1522 3097 episcopus
1565 3029 1634 3084 de
1676 3042 1764 3082 ca-

1851 738 2067 796 propter
2107 727 2466 784 Romanorum
2499 731 2874 797 incursionem,
2923 731 3165 790 habitare
3220 735 3444 792 minime

1851 828 2116 886 poterant,
2131 820 2312 876 sedem
2344 835 2447 874 non
2472 821 2524 874 in
2556 820 2863 888 Foro—Julii,
2883 823 2974 878 sed
3009 832 3024 860 ι
3047 823 3099 877 iu
3125 823 3440 896 Cormones,

1854 911 2119 968 habebant
2150 912 2198 965 i.
2227 913 2379 980 Quod
2433 912 2657 981 Calisto,
2733 916 2822 985 qui
2853 927 2968 970 erat
3012 917 3287 974 nobilitate
3315 934 3446 974 con-

1854 1005 2092 1075 spicuus,
2124 1008 2256 1061 satis
2279 1007 2570 1077 displicuit,
2597 1018 2654 1064 ut
2682 1007 2739 1063 in
2757 1008 2874 1078 ejus
2901 1009 3141 1077 dioecesi,
3171 1025 3291 1066 cum
3312 1012 3446 1067 duce

1855 1105 1909 1149 et
1939 1095 2301 1165 Langobardis
2351 1099 2612 1154 habitaret
2670 1100 2972 1167 episcopus,
3002 1110 3055 1156 et
3083 1103 3196 1171 ipse
3241 1111 3444 1157 tantum

1855 1185 2016 1256 vulgo
2044 1186 2276 1241 sociatus
2304 1189 2469 1242 vitam
2527 1189 2766 1244 duceret.
2818 1189 2958 1256 Quid
3001 1192 3200 1261 plura?
3247 1192 3444 1247 Contra

1855 1277 2101 1332 eumdem
2132 1279 2440 1335 Amatorem
2465 1281 2770 1349 episcopum
2820 1281 2957 1349 egit,
2988 1296 3218 1351 eumque
3247 1283 3314 1338 de
3345 1282 3446 1337 Fo-

1857 1371 2041 1439 rojulii
2074 1372 2294 1440 expulit,
2325 1381 2488 1441 atque
2516 1373 2566 1426 in
2601 1373 2740 1426 illius
2765 1373 2924 1428 domo
2944 1374 3042 1451 sibi
3068 1374 3444 1430 habitationem

1858 1461 2063 1515 statuit.
2107 1461 2216 1517 Hac
2244 1461 2312 1517 de
2356 1477 2513 1516 causa
2541 1463 2757 1517 Pemmo
2781 1463 2911 1527 dux,
2966 1473 3150 1519 contra
3197 1465 3445 1520 eumdem

1861 1551 2217 1620 patriarcham
2262 1567 2382 1609 cum
2416 1553 2597 1608 multis
2628 1554 2893 1610 nobilibus
2925 1554 3288 1625 Langobardis
3318 1572 3449 1611 con-

1859 1641 2034 1696 silium
2106 1643 2267 1710 iniit,
2324 1646 2824 1716 apprehensumque
2880 1661 3002 1701 eum
3053 1647 3117 1701 ad
3169 1650 3446 1708 castellum

1864 1729 1888 1770 ¹ί
1915 1732 2178 1801 Pontium,
2201 1735 2338 1804 quod
2363 1751 2522 1805 supra
2542 1752 2687 1793 mare
2713 1738 2873 1793 situm
2901 1746 3003 1806 est,
3018 1737 3190 1805 duxit,
3224 1739 3450 1808 indeque

1863 1839 1984 1880 eum
2033 1825 2084 1879 in
2135 1839 2282 1880 mare
2317 1828 2647 1896 praecipitare
2705 1828 2889 1883 voluit.
2940 1827 3045 1884 Sed
3112 1839 3307 1896 tamen,
3343 1829 3450 1883 Deo

1863 1914 2134 1970 inhibente
2171 1956 2187 1982 ,
2258 1917 2476 1973 minime
2544 1918 2702 1984 fecit,
2762 1921 2901 1974 intra
2943 1935 3212 1977 carcerem
3270 1929 3448 1976 tamen

1862 2023 1984 2064 eum
2038 2018 2301 2063 retentum
2350 2025 2485 2079 pane
2548 2013 2908 2068 tribulationis
2935 2015 3276 2071 sustentavit.
3299 2016 3449 2081 Quod

1864 2113 1957 2152 rex
2009 2098 2364 2167 Liutprandus
2421 2103 2676 2167 audiens,
2735 2105 2788 2158 in
2829 2120 3071 2174 magnam
3113 2108 3243 2162 iram
3291 2122 3445 2163 exar-

1863 2189 1965 2250 sit.
2016 2189 2372 2261 ducatnmque
2421 2191 2698 2248 Pemmoni
2736 2195 3007 2262 auferens,
3066 2197 3286 2252 Ratchis
3336 2198 3453 2266 ejus

1864 2279 2028 2333 ﬁlium
2087 2280 2139 2334 in
2193 2280 2309 2350 ejus
2363 2283 2478 2337 loco
2535 2283 2823 2340 ordinavit.
2879 2286 3030 2342 'l‘uuc
3060 2287 3280 2342 Pemmo
3325 2303 3448 2344 cum

1865 2372 1978 2424 suis
2021 2371 2286 2442 disposuit
2332 2382 2392 2429 ut
2442 2375 2494 2429 in
2550 2375 2860 2433 Sclavorum
2901 2381 3131 2449 patriam
3178 2380 3385 2452 fugeret
3435 2400 3450 2448 ;

1865 2463 1958 2518 sed
1987 2463 2203 2519 Ratchis
2258 2466 2376 2534 ejus
2427 2467 2566 2522 ﬁlius
2594 2483 2622 2521 a
2653 2484 2782 2538 rege
2830 2471 3177 2540 supplicando
3225 2473 3454 2529 obtinuit

1867 2554 2002 2622 patri
2033 2555 2266 2619 veniam,
2297 2570 2528 2624 eumque
2578 2556 2630 2611 in
2663 2559 2802 2629 regis
2842 2563 3064 2629 gratiam
3095 2562 3325 2618 reduxit.
3349 2563 3454 2618 Ac-

1865 2652 2018 2711 cepta
2047 2645 2226 2712 itaque
2274 2644 2499 2700 Pemmo
2553 2647 2744 2701 fiducia
2787 2649 2926 2717 quod
2959 2650 3087 2703 nihil
3119 2651 3248 2706 mali
3299 2661 3452 2722 pate—

1866 2744 2013 2788 retur
2065 2734 2134 2788 ad
2187 2750 2367 2804 regem
2423 2750 2544 2790 cum
2615 2739 2866 2793 omnibus
2921 2740 3284 2811 Langobardis
3331 2757 3452 2798 cum

1864 2825 2056 2894 quibus
2085 2827 2362 2882 consilium
2398 2827 2655 2884 habuerat
2682 2831 2937 2898 perrexit.
2968 2832 3120 2887 Tunc
3163 2847 3255 2888 rex
3285 2834 3337 2889 in
3364 2834 3451 2903 ju-

1865 2913 2005 2968 dicio
2031 2915 2268 2970 residens
2315 2914 2658 2971 Pemmonem
2689 2927 2743 2972 et
2783 2919 2899 2986 ejus
2937 2919 3070 2974 duos
3118 2921 3275 2985 ﬁlios,
3326 2921 3455 2976 Rat-

1865 3005 2009 3060 chait
2029 3015 2082 3061 et
2103 3006 2444 3072 Abislulfum,
2470 3007 2685 3063 Ratchis
2712 3008 3032 3074 concedens,
3048 3024 3140 3064 eos
3163 3019 3276 3080 post
3300 3025 3453 3066 suam

166 3124 281 3170 stro
308 3119 333 3157 ε
363 3115 612 3182 Juliensi,
669 3130 792 3172 cum
845 3119 1116 3174 voluntate
1168 3095 1506 3185 superiorum
1560 3119 1754 3174 ducum
1792 3133 1840 3198 ε
1867 3095 2050 3150 sedem
2079 3096 2370 3198 θξξξιδίδιετξε
2395 3099 2686 3198 ρξδεεθρίιη
2722 3097 2835 3198 Kef
2865 3114 3016 3166 vero,
3062 3101 3265 3198 elevata
3293 3115 3454 3198 voce,

168 3208 305 3263 intra
351 3206 876 3279 Forojulianicastri.
917 3224 1098 3266 muros
1145 3210 1419 3277 habitavit,
1451 3211 1629 3283 ibique
1680 3211 1761 3268 sui

172 3381 301 3435 bolo
328 3383 587 3454 Busseto.
620 3381 884 3440 Persiceta
916 3385 1042 3439 item
1075 3386 1351 3454 oppidum,
1375 3386 1484 3439 sive
1508 3396 1764 3454 castrum,

173 3453 510 3525 memoriam,
573 3455 776 3525 antiqui
834 3457 1066 3510 nominis
1116 3453 1341 3522 servat,
1395 3457 1552 3524 vulgo
1627 3453 1766 3513 nunc

171 3523 229 3592 8ἶ
286 3523 515 3578 Gioanni
571 3524 623 3578 in
677 3523 949 3581 P‘ersiceto
1007 3527 1206 3580 dictum
1242 3568 1256 3592 ,
1316 3527 1383 3580 ab
1423 3523 1611 3581 eodem
1665 3530 1765 3582 vise

171 3591 409 3648 Emilim
457 3594 629 3648 latere
684 3609 739 3649 tx
769 3597 981 3652 circiter
1022 3597 1187 3651 millia
1220 3613 1246 3648 a
1281 3597 1500 3651 Mutina.
1533 3597 1766 3652 Meminit

172 3663 288 3731 ejus
310 3665 473 3717 etiam
516 3664 816 3719 Chronicon
845 3666 1184 3728 Cassinense,
1207 3667 1299 3719 lib.
1333 3683 1371 3731 ι,
1403 3683 1522 3720 can.
1562 3669 1654 3731 57,
1683 3669 1764 3722 his

176 3735 382 3806 verbis:
415 3752 432 3784 ι
466 3733 520 3786 1η
542 3736 796 3806 comitatu
821 3736 1117 3797 Mutinensi.
1153 3737 1336 3800 fundo,
1369 3739 1456 3806 qui
1480 3737 1758 3794 Persiceta

185 3821 204 3852 ε
242 3803 462 3875 dicitur.
505 3822 525 3856 υ
556 3804 638 3875 Ab
663 3805 832 3859 altero
873 3808 973 3860 viae
1007 3807 1192 3870 latere,
1243 3803 1401 3875 quod'
1426 3810 1761 3870 Apenninum

178 3884 413 3946 spectat,
451 3874 591 3927 haud
623 3877 803 3946 procul
835 3891 862 3928 a
889 3878 1099 3932 Bazano
1125 3874 1284 3946 atque
1307 3878 1589 3932 Saviniauo
1609 3880 1764 3945 oppi—

179 3945 264 3996 dis
322 3957 406 3997 εει
456 3953 690 3998 castrum
744 3945 894 4000 Mons
940 3947 1164 4007 Pollius,
1199 3945 1368 4012 vulgo
1409 3963 1547 4002 nunc
1588 3949 1765 4004 Monte

177 4012 384 4082 Veglio,
420 4015 483 4068 'et
537 4014 686 4077 Veio,
730 4018 1071 4082 appellatum.
1119 4018 1474 4072 Foronianum
1530 4030 1764 4074 castrum

175 4081 365 4157 dubito
389 4099 454 4138 an
482 4085 527 4137 is
559 4083 708 4157 locus
732 4081 890 4140 fuerit
921 4089 1008 4155 qui
1043 4102 1184 4141 nunc
1215 4091 1364 4142 vicus
1391 4089 1528 4157 apud
1567 4088 1762 4143 Nuram

174 4152 378 4227 ﬁumen
412 4168 572 4221 supra
605 4152 1112 4227 Placentiam'vulgo
1135 4158 1326 4212 dicitur
1354 4152 1631 4227 Fu'gliano,
1652 4163 1764 4213 sive

178 4221 499 4294 l-‘uliniano;
531 4232 583 4294 et
612 4224 961 4280 vehementer
1009 4221 1252 4294 suspicor
1307 4221 1563 4291 scrip'tnm
1597 4229 1760 4283 fuisse

175 4292 244 4344 ab
276 4293 397 4365 ipso
429 4293 840 4365 i’aulordiacono
887 4292 1295 4352 Foronovauum
1326 4308 1586 4365 castrum,
1619 4301 1763 4365 quod

179 4363 474 4434 oppidum
503 4364 794 4434 antiquitus
815 4366 1089 4422 dicebatur
1119 4363 1580 4434 Forum-Novum,
1625 4363 1764 4423 nunc

175 4442 356 4506 autem
389 4432 549 4501 vulgo
573 4431 1032 4504 Fornuovo,apud
1063 4437 1186 4493 Tari
1214 4438 1474 4506 Cervique
1524 4431 1758 4494 amnium

177 4503 539 4568 conﬂuentes,
570 4518 601 4555 x
633 4506 742 4558 mil.
776 4521 888 4570 pas.
911 4503 940 4559 a
969 4508 1176 4569 Parma,
1208 4503 1474 4572 dissitu'm,
1500 4522 1639 4563 etc.»

250 4586 278 4613 ⁸
316 4573 462 4646 bjod.
524 4572 652 4646 Βανὶ
674 4576 822 4628 modo
847 4592 945 4644 quo
976 4586 1094 4629 tunc
1122 4586 1166 4631 et
1190 4577 1420 4631 Sutrium
1449 4581 1685 4646 pervasit.

247 4646 276 4684 ι’
330 4643 508 4717 Plura
543 4643 609 4696 de
647 4657 904 4717 occupato
954 4647 1305 4717 restitutoque
1351 4643 1531 4702 Sutrio
1583 4659 1762 4704 narrat

177 4713 546 4787 Anastas.._in
592 4713 798 4787 sancto
823 4716 1080 4785 Gregorio
1124 4713 1255 4771 l|:'i
1293 4718 1491 4772 Eodem
1526 4726 1762 4787 tempore

177 4798 274 4848 per
299 4785 648 4857 indit-tionem
679 4787 743 4857 il
772 4786 896 4840 dolo
937 4803 964 4838 a
993 4787 1356 4857 Longohardis
1382 4785 1658 4857 pervasum
1683 4800 1763 4844 est

177 4855 471 4926 Sutriense
522 4854 829 4926 castellum,
877 4857 1019 4926 quod
1048 4854 1141 4925 per
1169 4854 1763 4926 centum'quadraginta

176 4926 296 4977 dies
319 4925 389 4977 ab
420 4923 624 4995 eisdem
653 4923 1018 4995 Longobardis
1039 4923 1341 4994 possessum
1371 4923 1474 4982 est.
1503 4929 1606 4982 Sed
1621 4923 1754 4995 'pon-

179 4995 339 5048 tilicis
385 4994 569 5047 multis
617 4994 884 5050 continuis
925 4997 1140 5066 scriptis
1188 5007 1350 5066 atque
1390 4994 1766 5053 commonitio-

183 5067 342 5120 uibus
373 5066 451 5136 ad,
473 5079 652 5136 regem
681 5067 882 5130 missis,
914 5070 1158 5136 quamvis
1187 5068 1366 5122 multis
1405 5067 1764 5125 datis-mune-

183 5137 352 5200 ribus,
377 5134 554 5189 saltim
579 5137 826 5192 omnibus
854 5134 963 5192 suis
992 5139 1246 5193 nudatum
1269 5138 1481 5204 opibus,
1510 5148 1763 5202 castrmn,

181 5207 530 5278 donationem
578 5207 896 5278 beatissimis
951 5209 1209 5278 apostolis
1265 5208 1425 5262 Petro
1499 5219 1552 5263 et
1603 5210 1767 5264 Paulo

186 5277 481 5348 antefatam
529 5276 802 5342 amittens,
848 5276 1318 5348 Longbhardorum
1365 5294 1456 5333 rex
1515 5282 1763 5345 restituit,

185 5356 349 5416 atque
371 5346 612 5419 donavit.
649 5349 842 5402 Lilinc
866 5346 1061 5403 annum
1108 5359 1241 5403 actae
1271 5349 1345 5402 rei
1375 5353 1766 5419 cognoscimus,

189 5432 384 5486 nempe
416 5417 552 5483 728,
567 5432 672 5484 quo
702 5419 923 5474 indictio
968 5419 1030 5474 Η
1056 5420 1325 5474 currebat.
1358 5417 1482 5472 Post
1510 5422 1623 5474 hazc
1645 5436 1770 5488 sup-

189 5489 420 5561 plendos
445 5496 740 5561 estnoster
781 5505 845 5542 ex
901 5491 1089 5544 eodem
1140 5491 1424 5561 Anastasio
1468 5505 1552 5544 res
1591 5500 1770 5561 gestas

192 5557 492 5612 indictione
522 5557 586 5610 12
614 5570 1030 5628 narrante,quas
1051 5561 1296 5613 cnnsulto
1324 5560 1548 5613 fortasse
1579 5557 1772 5615 Paulus

193 5629 471 5701 pmteriit.
530 5628 721 5701 Fiedus
769 5645 960 5701 nempe
1008 5630 1198 5685 initum
1256 5631 1393 5683 inter
1449 5630 1769 5701 Eutychium

194 5698 486 5752 Patricium
515 5707 569 5751 et
597 5697 975 5765 Lintprandum
994 5741 1009 5765 ,
1055 5718 1074 5751 ι
1104 5711 1180 5762 ut,
1205 5697 1772 5768 congregatis'exerci-

198 5769 365 5835 tibus,
411 5784 502 5824 rex
544 5769 832 5830 subiiceret
859 5771 1020 5829 duces
1047 5772 1392 5829 Sooletanum
1421 5778 1474 5826 et
1504 5771 1773 5828 Beneven-

1871 3205 2057 3249 omnes
2104 3192 2222 3249 illos
2272 3193 2362 3264 qui
2418 3193 2689 3250 Pemmoni
2740 3192 3090 3252 adhaeserant.
3122 3194 3450 3253 nominative
3491 3229 3498 3236 ι

1873 3387 2080 3452 Ianum,
2112 3389 2165 3433 et
2194 3379 2458 3434 exarchus
2486 3380 2731 3447 Romam,
2760 3389 2814 3437 et
2840 3396 2957 3452 quae
2982 3381 3185 3450 pridem
3231 3383 3298 3438 de
3321 3382 3472 3438 Pon~

1871 3449 2028 3524 tiﬁcis
2068 3464 2294 3524 persona
2335 3452 2516 3524 jussus
2565 3452 2732 3524 fuerat
2763 3449 3059 3522 (neinpe’ut
3089 3454 3450 3524 occideretur)

1871 3519 2134 3592 impleret.
2181 3521 2279 3586 Qui
2338 3536 2430 3574 rex
2474 3519 3040 3590 Spoletum'veniens,
3095 3526 3359 3592 susceptis
3386 3519 3454 3579 ab

1871 3590 2108 3658 utrisque
2150 3592 2373 3668 ducibus
2399 3594 2785 3668 sacramentis.
2817 3603 2977 3662 atque
3005 3590 3303 3668 obsidibus,
3332 3610 3453 3668 cum

1870 3669 1976 3714 tota
2027 3675 2120 3715 sua
2145 3662 2368 3716 cohorte
2398 3661 2450 3716 i'n
2479 3661 2706 3732 Neronis
2757 3677 3002 3732 campum
3056 3665 3331 3719 successit.
3374 3666 3452 3718 Ad

1869 3745 2024 3798 quem
2056 3745 2304 3799 egressus
2329 3730 2588 3799 pontifex,
2619 3734 2775 3800 eique
2808 3730 3182 3802 prinsentatus,
3230 3733 3453 3802 studuit,

1869 3809 1926 3873 ut
1973 3803 2166 3868 potuit,
2217 3802 2359 3870 regis
2389 3803 2600 3856 mollire
2628 3804 2862 3856 animum
2891 3806 3314 3858 commonitione
3341 3805 3450 3873 pia.

1868 3870 1938 3922 ita
1972 3879 2030 3924 ut
2059 3886 2136 3942 se
2162 3883 2523 3939 prosterneret
2544 3873 2661 3941 ejus
2686 3873 2929 3942 pedibus,
2963 3884 3016 3926 et
3039 3870 3371 3939 promitteret
3397 3891 3456 3930 se

1871 3942 2001 3995 nulli
2038 3941 2260 4012 inferre
2308 3943 2615 4006 lzesionem;
2666 3941 2826 4012 atque
2855 3945 2933 3997 sic
2964 3943 3028 3996 ad
3064 3953 3262 3996 tantam
3303 3958 3452 3998 com-

1869 4011 2208 4080 punctionem
2269 4013 2368 4080 piis
2420 4015 2640 4068 monitis
2678 4011 2854 4068 ﬁequ
2883 4022 2986 4078 est,
3026 4021 3083 4067 ut
3121 4029 3240 4081 quae
3283 4012 3458 4067 fuerat

1868 4081 2084 4136 indutus
2129 4092 2382 4147 exueret,
2424 4092 2479 4138 et
2529 4092 2655 4138 ante
2714 4097 2909 4150 corpus
2961 4083 3188 4151 apostoli
3229 4094 3456 4152 poneret

1868 4164 2129 4216 montum,
2162 4152 2401 4207 armillas
2427 4162 2480 4208 et
2507 4168 2720 4207 crucem
2772 4161 3114 4221 argenteam.
3173 4153 3303 4207 Post
3327 4168 3454 4207 ora-

1870 4224 2067 4276 tionem
2099 4223 2290 4277 factam
2321 4223 2624 4278 obsecravit
2647 4223 2958 4290 pontiﬁcem
2994 4233 3052 4277 ut
3094 4231 3449 4279 memoratum

1866 4293 2154 4365 exarchum
2177 4292 2241 4345 ad
2268 4294 2414 4361 pacis
2442 4294 2783 4349 concordiam
2809 4294 3084 4365 suscipere
3114 4292 3450 4364 dignaretur,

1866 4362 2004 4430 quod
2034 4373 2088 4416 et
2120 4362 2314 4416 factum
2340 4373 2442 4416 est.
2482 4381 2501 4415 ι

1941 4444 1963 4502 ς
1995 4433 2177 4498 Amb.,
2205 4434 2592 4502 perpediabant.

1790 4495 1838 4553 D
1905 4501 1962 4576 _d
1992 4495 2174 4576 Amb.,
2204 4495 2591 4574 Rauigundam.
2621 4503 2800 4576 Lind.,
2836 4504 3218 4576 Raingttndam,
3249 4514 3306 4562 et
3331 4505 3444 4559 lia-

1864 4572 2186 4644 gintundurn.

1939 4655 1962 4680 ο
1988 4643 2048 4695 AI
2077 4684 2092 4708 ,
2127 4643 2380 4699 Brixiani.
2409 4644 2564 4700 Lind.

1941 4713 1960 4751 τ
1993 4715 2110 4786 AL,
2146 4715 2428 4786 Discordia:
2457 4717 2550 4784 fuit
2578 4713 2850 4770 Fidentine
2903 4717 3172 4786 episcopus
3225 4715 3449 4786 Foroju-

1865 4785 2056 4858 liensis.
2081 4783 2341 4858 Anteriort’
2357 4783 2580 4858 tempore
2611 4787 2673 4840 de
2698 4783 2956 4842 voluntate
3004 4783 3324 4858 superiorum
3352 4783 3448 4840 dat-

1863 4871 1978 4908 cum
2007 4855 2143 4926 intra
2162 4853 2491 4926 Fiorojuliani
2514 4860 2664 4910 castri
2695 4874 2868 4926 muros
2892 4853 3154 4912 habitauit.
3187 4859 3343 4914 Lind.

1937 4934 1961 4997 ςς
1990 4924 2167 4997 ᾼρώἿ
2190 4924 2500 4981 Julianensi.
2525 4926 2688 4992 Mod.,
2730 4925 3100 4997 Forojuliensi.

1936 4992 1966 5031 h
1998 4994 2161 5059 Mod.,
2184 4999 2467 5063 cpiscopus.

1948 5063 1960 5101 ί
1991 5064 2100 5131 AL,
2123 5066 2175 5116 in
2196 5066 2489 5120 Commune.
2518 5066 2673 5120 Lind.
2701 5075 2756 5122 et
2777 5067 2917 5121 Mod.

1943 5137 1960 5184 ι
1998 5133 2312 5206 ,luliensium
2344 5139 2714 5206 episcOporum
2772 5135 3272 5205 antiquamsedem
3323 5136 3447 5192 Julii

1867 5203 2073 5260 Carnici
2098 5207 2257 5274 vulgo
2279 5203 2418 5261 nunc
2448 5203 2630 5276 Zuglio
2652 5223 2717 5261 ex
2753 5208 2851 5260 hoc
2884 5203 3029 5260 Pauli
3059 5208 3230 5274 capite
3257 5218 3442 5261 contra

1871 5276 2080 5329 Baronii
2134 5278 2450 5331 sententiam
2501 5277 2732 5332 reStituit
2783 5277 3240 5331 eminentissimus
3285 5278 3444 5332 Nori-

1869 5347 1980 5417 sius
2037 5344 2212 5399 insua
2241 5347 2616 5402 dissertatione
2661 5347 2729 5400 de
2757 5362 2788 5399 v
2817 5346 3064 5417 synodo,
3083 5361 3200 5414 cap.
3254 5347 3307 5412 9,
3335 5345 3361 5417 ᾗ
3391 5345 3443 5413 4,

1872 5415 2190 5484 invictisque
2217 5419 2512 5472 rationibus
2541 5417 2773 5471 ostendit
2801 5415 3157 5470 Forum-Julii
3215 5415 3446 5485 peculia-

1873 5500 1986 5540 rem
2016 5486 2320 5554 episcopum
2353 5503 2458 5541 non
2491 5487 2756 5551 habuisse,
2797 5496 2850 5540 at
2874 5487 2941 5540 ibi
2972 5487 3215 5556 precario
3243 5488 3448 5543 Julien-

1874 5571 1984 5610 sem
2000 5557 2279 5620 resedisse,
2307 5558 2464 5624 idque
2480 5557 2728 5627 Ughellus
2749 5557 2909 5612 etiam
2932 5573 3034 5612 non
3050 5558 3444 5622 animadvertit,

1874 5627 1980 5699 sed
2020 5640 2171 5680 error
2216 5637 2511 5696 expunctus
2538 5629 2700 5699 estin
2749 5627 3016 5686 additione
3044 5630 3448 5699 episc0patuum

1875 5696 2290 5765 antiquatorum,
2321 5704 2477 5765 quam
2517 5698 2656 5755 vide.

1953 5767 1977 5805 ¹ί
2018 5766 2196 5836 Amb.,
2229 5766 2462 5824 Notium.
