3942 6348
196 304 289 360 (261

1086 311 1171 365 DF.
1211 312 1451 368 GESTIS
1494 311 2123 378 LANGOBARDORUM
2172 352 2239 361 —-
2270 321 2397 376 Llll.
2447 324 2528 379 Vl.

3350 334 3456 390 662

187 420 357 485 Super
386 435 546 490 quem
604 436 693 474 rex
726 436 844 476 cum
891 423 1130 475 exercitu
1163 421 1404 486 veniens,
1436 424 1549 491 ipse
1578 423 1771 479 Trase-
1799 428 1849 484 A
1879 437 1987 481 ttttn
2011 446 2166 483 suum
2197 441 2443 499 nepotem
2476 434 2794 503 Gregorium
2824 438 3012 493 ducem
3042 441 3323 497 ordinavit.
3357 446 3451 499 Cui

188 513 420 565 mundus
444 513 667 567 Romam
700 515 816 581 fuga
859 513 1025 582 petiit.
1050 514 1103 567 In
1143 516 1294 582 cujus
1326 515 1442 569 loco
1476 515 1771 569 llddericus

190 605 466 659 ordinatus
490 614 594 660 est.
642 606 846 660 Mortuo
893 616 1072 662 autem
1106 606 1402 661 Romualdo
1427 606 1643 676 juniore
1675 609 1773 663 lic-

193 707 619 750 neveutauornm
661 698 814 760 duce,
858 700 947 766 qui
998 698 1179 765 viginti
1223 707 1291 751 er
1318 710 1344 735 ι
1383 713 1474 752 sex
1521 699 1771 754 ducatum

190 800 442 843 tenuerat
468 791 643 847 annis.
676 788 703 827 δ
736 790 973 846 Gisull’us
998 792 1114 860 ejus
1145 791 1282 845 ﬁlius
1324 792 1495 846 adhuc
1527 793 1773 860 parvulus

195 883 477 938 remansit.
509 882 703 937 Contra
735 900 890 952 quem
925 886 1082 954 aliqui
1126 886 1481 953 insurgentes,
1511 900 1629 939 eum
1661 901 1773 939 mo-

195 973 271 1027 liti
303 983 435 1028 sunt
461 976 820 1043 exstinguere.
855 975 959 1029 Sed
997 977 1489 1029 Beneventanornm
1524 976 1769 1044 populus,

194 1066 280 1133 qui
313 1066 433 1121 suis
464 1066 769 1119 ductoribus
791 1081 1001 1136 semper
1032 1065 1200 1119 ﬁdelis
1227 1066 1450 1127 exstitit,
1494 1081 1588 1121 eos
1617 1080 1771 1134 pere-

192 1166 427 1224 merunt,
458 1157 539 1210 sui
562 1157 710 1211 ducis
737 1156 897 1209 vitam
927 1165 1220 1211 servantes.
1260 1157 1359 1223 Qui
1393 1157 1629 1212 Gisull‘us
1654 1173 1772 1212 cum

192 1258 412 1318 propter
428 1257 637 1302 mtatetn
661 1247 916 1316 puerilem
939 1248 1161 1301 idoneus
1195 1248 1259 1302 ad
1290 1257 1491 1302 tantum
1523 1249 1772 1316 populum

192 1342 489 1410 regendum
545 1356 649 1393 non
680 1348 842 1402 esset,
874 1338 1231 1405 Liutprandus
1262 1355 1351 1394 rex
1414 1342 1772 1395 Beneventum

192 1442 320 1488 tunc
348 1432 597 1498 veniens,
623 1446 743 1487 eum
766 1432 956 1486 exinde
982 1432 1213 1498 abstulit,
1245 1441 1298 1487 et
1325 1433 1461 1502 apud
1489 1434 1776 1489 Beneven-

191 1563 425 1627 etdnce,
458 1563 541 1618 vel
573 1562 715 1617 omui
747 1565 983 1618 exercitu
1017 1564 1280 1631 Romano,
1333 1566 1618 1631 prmdictus
1645 1567 1775 1622 Tra-

192 1634 481 1707 simundns
504 1635 739 1688 redditus
766 1650 872 1707 non
906 1634 1111 1700 luisset,
1152 1636 1652 1707 obsessionel‘acta,
1674 1653 1773 1707 pro

191 1719 257 1757 eo
286 1707 358 1757 ab
385 1706 575 1757 eodem
618 1719 742 1771 rege
766 1706 955 1759 ablatae
981 1715 1102 1758 sunt
1131 1721 1157 1757 a
1189 1706 1427 1760 Romano
1453 1706 1644 1760 ducatu
1678 1706 1774 1763 ci-

1875 520 1925 573 in
1956 524 2293 577 matrimonio
2336 541 2470 579 uxor
2498 531 2697 582 sociata
2754 529 3058 601 Giselbirrga
3092 535 3305 590 nomine
3337 536 3451 592 fuit.

1875 614 1945 667 Ita
1987 630 2078 669 rex
2130 616 2483 687 Liutprandus
2530 627 2551 655 ε
2598 623 2755 677 rebus
2806 627 3141 695 compositis,
3190 628 3255 681 ad
3302 644 3454 683 suum

1871 705 2062 760 solium
2131 712 2401 764 remeavit.
2452 709 2818 782 Gisull'utnque
2860 731 3012 768 suum
3072 727 3317 783 nepotem
3366 735 3457 786 pa-

1875 804 2022 850 uerna
2076 799 2271 867 pietate
2330 801 2576 855 erudiens
2609 846 2621 868 ,
2671 802 2695 841 ιι
2748 806 2797 857 ei
2856 804 3229 876 Conibergam,
3287 812 3453 863 nobili

1873 900 2041 939 ortam
2110 891 2359 959 progenie
2399 929 2418 957 ,
2485 892 2536 945 in
2616 896 3010 950 matrimonium
3074 897 3270 968 junxit.
3342 900 3456 970 Ipse

1875 990 1964 1028 rex
1997 991 2063 1031 eo
2089 985 2329 1046 tempore
2369 981 2422 1034 itt
2449 982 2755 1051 languorem
2778 986 3053 1052 decidens,
3078 992 3234 1044 morti
3264 1006 3457 1059 appro-

1877 1070 2115 1125 ximavit.
2140 1074 2308 1137 Quem
2332 1072 2667 1142 Langobardi
2699 1079 2800 1131 vita
2830 1080 3091 1135 excedere
3145 1083 3456 1138 existiman-

1877 1172 1977 1226 tes,
1992 1162 2107 1231 ejus
2121 1173 2364 1232 nepotem
2386 1164 2794 1235 llildeprandnm
2818 1167 2957 1223 foras
2973 1184 2991 1203 ε
3007 1188 3188 1227 muros
3204 1174 3454 1237 civitatis.

1876 1254 1942 1307 ad
1974 1263 2170 1308 sanctae
2198 1255 2293 1308 Dei
2320 1256 2593 1325 genitricis
2635 1259 2937 1325 ecclesiam,
2966 1277 3083 1329 qua:
3104 1263 3170 1316 ad
3220 1263 3454 1320 Perticas

1875 1344 2087 1409 dicitur,
2125 1343 2143 1381 τ
2176 1345 2227 1397 in
2258 1360 2437 1412 regem
2464 1344 2789 1402 levaverunt.
2826 1349 2921 1404 Cui
2953 1353 3076 1405 dum
3103 1365 3337 1419 contum,
3382 1356 3456 1410 si-

1875 1443 1966 1487 cut
1992 1435 2154 1488 moris
2181 1444 2282 1500 est,
2331 1435 2620 1502 traderent,
2650 1439 2703 1491 in
2731 1438 2848 1509 ejus
2880 1450 2904 1487 ις
2935 1441 3077 1495 conti
3127 1444 3452 1513 summitate,

1878 1565 2196 1641 legationem
2220 1565 2285 1619 ad
2307 1565 2554 1641 Carolnm
2576 1579 2808 1641 asancto
2830 1570 3092 1641 Gregorio
3118 1572 3181 1627 lll
3209 1575 3450 1641 missam,

1877 1636 2165 1711 utauxilio
2187 1648 2339 1711 esset
2370 1639 2631 1711 Romanis
2656 1649 2840 1695 contra
2874 1636 3285 1711 Langobardos;
3329 1636 3454 1699 tunc

1876 1708 2019 1762 enim
2066 1726 2084 1758 ι
2134 1708 2498 1779 ΙΑἰιιιρι-ιιιιιιιιε
2546 1709 2666 1762 talia
2716 1711 2783 1764 de
2827 1708 3072 1779 Spoleto,
3124 1716 3236 1768 sive
3287 1717 3454 1770 Bene-

194 1776 392 1852 vitates
416 1774 671 1852 ηυξ-ισοξ,
773 1784 873 1839 est,
896 1777 1137 1852 Ameria,
1174 1778 1386 1852 Hortas,
1412 1778 1773 1852 l’oliuiartium
1809 1786 1856 1846 Β
1881 1791 2065 1852 vento,
2110 1774 2329 1852 audiens
2362 1795 2570 1832 rursum
2604 1796 2723 1833 cum
2774 1774 3012 1835 exercitu
3055 1774 3330 1850 Spoletum
3363 1802 3455 1852 pe-

193 1854 245 1897 et
276 1845 459 1898 Rlera.
496 1845 560 1897 Et
592 1845 669 1898 sic
697 1845 834 1898 idem
872 1862 965 1899 rex
992 1846 1056 1899 ad
1084 1862 1235 1901 suum
1266 1849 1518 1915 palatium
1565 1858 1646 1901 est
1694 1864 1777 1903 re-

193 1929 387 1968 versus
428 1929 523 1984 per
552 1929 787 1969 mensem
844 1916 1160 1985 Angustum,
1215 1918 1500 1972 indictione
1529 1920 1579 1973 7.
1613 1919 1784 1972 Trasi-

198 1985 436 2040 mundus
490 2000 617 2039 vero
665 1988 792 2049 dux,
843 1986 1022 2039 habito
1075 1989 1298 2042 consilio
1333 2004 1454 2041 cum
1506 1988 1779 2053 Romanis,

195 2056 534 2124 collectoque
575 2058 806 2120 generali
852 2058 1088 2110 exercitu
1116 2058 1340 2111 ducatus
1390 2058 1634 2126 Romani,
1696 2060 1777 2113 in-

194 2127 371 2191 gressi
389 2137 514 2197 sunt
538 2142 631 2192 per
646 2126 790 2197 duas
814 2136 991 2195 partes
1012 2126 1064 2181 in
1090 2129 1221 2182 lines
1243 2129 1463 2181 ducatus
1476 2128 1777 2197 Spoletani.

194 2197 297 2261 Qui
330 2196 589 2249 continuo
621 2196 809 2250 timore
830 2197 990 2262 ducti,
1023 2213 1129 2262 pra:
1156 2198 1493 2254 multitudine
1514 2196 1780 2254 exercitus

200 2267 460 2333 Romani,
507 2266 679 2318 eidem
726 2266 1074 2319 'l‘rasitnundo
1103 2282 1160 2320 se
1204 2268 1554 2323 subdiderunt
1599 2269 1781 2323 Marsi-

194 2338 343 2397 cani,
376 2347 429 2390 et
462 2335 764 2399 Forconitti,
808 2348 964 2404 atque
994 2338 1295 2399 Balvenses.
1344 2354 1436 2391 seu
1472 2340 1778 2394 l’rinenses.

198 2407 409 2460 tteinde
442 2407 666 2473 ingressi
708 2422 803 2472 per
827 2407 1124 2462 Sabinense
1148 2409 1469 2462 territorium
1520 2420 1781 2463 venerunt

194 2480 250 2531 in
289 2477 579 2549 Reatinam
612 2477 906 2549 civitatem.
937 2479 1036 2543 Qui
1067 2477 1271 2531 Reatini
1303 2480 1554 2532 continuo
1596 2491 1647 2532 et
1676 2480 1777 2549 ipsi

196 2563 259 2601 se
290 2548 672 2601 subdiderunt.
699 2547 902 2601 Exinde
933 2557 1213 2615 pergentes
1245 2549 1465 2615 ingressi
1488 2559 1611 2603 sunt
1638 2547 1778 2617 spo-

198 2620 371 2671 letutn
402 2633 502 2688 per
550 2633 786 2671 mensem
840 2617 1207 2686 Decembrem,
1238 2621 1485 2687 prtedicta
1536 2620 1717 2674 indict.
1757 2638 1775 2671 ›

192 2690 360 2742 Addit
397 2688 593 2742 Paulus
647 2689 777 2741 intra
810 2696 932 2741 tunc
973 2690 1299 2742 exstinctum
1344 2704 1372 2741 a
1419 2689 1776 2743 'l‘rasitnundo

194 2759 555 2821 llildericum,
585 2759 672 2825 qtti
696 2759 747 2811 in
764 2758 905 2812 illius
933 2759 1102 2813 locum
1125 2776 1154 2812 a
1178 2759 1503 2827 Liutprando
1526 2760 1781 2814 sullectus

192 2831 397 2884 fuerat.
444 2847 465 2881 ι
526 2831 755 2897 Eratque
808 2843 997 2897 magna
1052 2830 1280 2882 turbatio
1336 2830 1474 2884 inter
1523 2829 1677 2883 Rom.
1728 2839 1783 2885 et

191 2899 572 2968 Langobard.,
604 2900 851 2969 quoniam
882 2907 938 2953 et
977 2900 1331 2953 Beneventani
1361 2940 1377 2965 ,
1411 2911 1463 2952 et
1494 2900 1774 2967 Spoletani

189 2986 321 3024 cum
354 2969 613 3023 Romanis
641 2972 910 3024 tenebant.
935 2970 1039 3023 Sed
1070 2969 1193 3023 dum
1226 2970 1362 3024 idem
1389 2970 1777 3024 ’l‘rasimundus

188 3041 513 3110 Spoletinus
534 3040 640 3093 dux
668 3039 836 3110 noluit
866 3042 1085 3107 implere
1106 3055 1224 3108 qua:
1264 3041 1519 3107 praidicto
1544 3041 1791 3109 pontitlci

189 3109 249 3169 et
282 3112 512 3179 patricio
539 3111 693 3164 simul
720 3119 773 3164 et
803 3109 1058 3163 Romanis
1086 3111 1401 3174 promiserat
1447 3126 1542 3179 pro
1570 3111 1781 3164 recolli—

191 3183 393 3254 gendis
422 3189 650 3250 quatuor
693 3182 1023 3254 civitatibus,
1049 3197 1165 3254 qua:
1197 3196 1292 3249 pro
1318 3196 1384 3236 eo
1415 3182 1697 3254 perierant,
1732 3191 1784 3235 et

190 3251 320 3308 aliis
351 3268 472 3321 qua:
512 3252 868 3320 spoponderat
894 3251 1144 3317 capitula,
1168 3262 1218 3304 et
1249 3253 1663 3320 prmnominatus
1692 3267 1786 3304 rex

196 3325 271 3378 ad
294 3324 590 3377 motionem
652 3332 835 3375 contra
860 3322 1105 3375 ducatum
1151 3321 1443 3375 Romanum
1496 3336 1554 3375 se
1585 3336 1789 3387 prmpa-

192 3404 371 3459 raret,
396 3393 449 3447 in
486 3393 568 3445 liis
612 3394 895 3458 praedictus
922 3393 974 3446 b.
1017 3408 1086 3443 ιιι.
1119 3390 1405 3459 Gregorius
1455 3406 1587 3460 papa
1613 3392 1788 3444 divina

190 3467 491 3519 vocatione
511 3477 577 3517 ex
612 3463 710 3516 hac
735 3462 851 3515 lucc
875 3463 1177 3515 subtractus
1208 3470 1310 3527 est,
1364 3474 1417 3516 et
1449 3464 1629 3514 divino
1657 3471 1787 3514 nutu
1826 3508 1829 3511 λ

196 3536 632 3600 prsenoniinatus
679 3533 925 3586 sanctiss.
982 3532 1263 3585 Zacharias
1323 3532 1373 3585 in
1420 3532 1790 3585 Pontiﬁcatum

191 3616 283 3659 est
336 3606 570 3664 electus,
626 3612 729 3657 etc.
790 3603 946 3656 Missa
1001 3604 1160 3669 igitur
1211 3603 1472 3670 legatione
1513 3602 1649 3669 apud
1679 3600 1790 3669 jam

194 3678 414 3729 dictum
451 3688 629 3740 regem
659 3672 894 3741 Longob.
929 3673 1178 3725 salutaria
1209 3672 1282 3725 illt
1312 3672 1635 3737 pra-dicavit.
1691 3671 1795 3724 Cn-

191 3749 289 3812 jus
315 3746 492 3799 sancti
534 3744 632 3796 viri
658 3743 1116 3798 admonitionibus
1148 3744 1430 3812 inclinatus
1464 3784 1477 3808 ,
1512 3743 1795 3810 pra-nomi-

194 3811 361 3869 natas
411 3822 644 3883 quatuor
701 3828 831 3882 quas
883 3828 914 3866 a
963 3814 1154 3883 ducatu
1213 3811 1455 3865 Romano
1505 3812 1798 3865 abstulerat

195 3882 458 3939 civitates
483 3884 707 3938 reddere
735 3884 1001 3951 promisit.
1038 3882 1275 3948 Dumque
1306 3884 1540 3935 motione
1572 3883 1794 3934 militum

197 3958 339 4010 tacta
361 3955 433 4010 ad
455 3953 1010 4020 eotnprehendendum
1033 3952 1435 4006 Trasimundum
1460 3952 1647 4005 ducem
1672 3952 1800 4017 Spo-

198 4029 436 4106 letinum
469 4025 925 4106 COtljllllgel'elnse,
958 4026 1323 4106 exhortatione
1346 4025 1516 4103 sancti
1537 4025 1629 4075 viri
1647 4036 1799 4101 εχει-τ

199 4099 346 4150 citus
383 4092 729 4149 Itotnanusin
762 4094 1082 4163 adjutorintn
1143 4095 1375 4158 prtedicti
1410 4093 1550 4160 regis
1600 4092 1798 4161 egressi

202 4178 359 4222 sunt.
400 4167 467 4220 Et
510 4167 634 4219 dum
681 4164 793 4233 ipse
819 4165 1199 4217 'l‘rasiniundus
1246 4178 1394 4215 suam
1426 4164 1799 4230 deccptionem

198 4240 573 4303 conspiceret.
599 4251 845 4304 egressus
880 4250 910 4288 e
946 4236 1229 4301 Spoletana
1258 4235 1495 4304 civitate,
1520 4247 1638 4304 sese
1659 4247 1788 4304 prte-

199 4302 353 4361 dicto
384 4307 606 4360 tradidit
636 4302 797 4373 regi.»
820 4305 866 4357 ls
894 4320 1013 4358 eum
1044 4305 1292 4357 clericum
1314 4303 1457 4361 fecit.
1487 4302 1631 4373 addit
1661 4302 1800 4373 l’att-

200 4380 288 4432 lus
321 4393 447 4445 seq.
474 4393 593 4445 cap.
623 4371 867 4431 57IAtin
899 4376 979 4428 bis
1006 4372 1642 4445 Anastasiinumeralibus
1664 4371 1802 4445 notis

200 4466 364 4502 error
398 4443 611 4514 irrepsit
644 4464 656 4507 ;
682 4449 876 4513 quippe
907 4445 950 4499 si
984 4460 1166 4514 mense
1192 4451 1424 4513 Augusto
1447 4483 1463 4509 ,
1491 4443 1795 4514 indictiOnis

1886 1848 1986 1919 tiit,
2028 1868 2045 1900 ι
2074 1859 2129 1902 ιιι
2155 1849 2339 1903 scribit
2370 1858 2575 1912 noster,
2600 1865 2717 1916 cap.
2749 1853 2991 1919 sequenti
3020 1868 3035 1915 ;
3066 1848 3204 1906 anno
3235 1848 3449 1907 tandem

1883 1917 2009 1981 742,
2060 1919 2410 1973 'l‘rasemundi
2455 1919 2805 1979 deditionem.
2830 1917 3121 1976 'Zacliaritn
3150 1940 3270 1977 cum
3301 1924 3450 1977 Lint-

1889 1990 2095 2055 prando
2124 1990 2471 2056 colloquium.
2498 1999 2553 2043 et
2582 1991 2787 2044 urbium
2820 1993 3229 2059 restitutionem,
3252 2006 3306 2046 ttt
3340 2011 3453 2049 nar-

1883 2074 2002 2111 rare
2035 2061 2372 2126 prosequitur
2421 2064 2667 2114 Anastas.
2716 2062 2833 2116 loco
2862 2062 2955 2115 cit.

1956 2136 1979 2162 δ
2013 2129 2147 2181 Mod.
2163 2171 2175 2185 .
2211 2138 2420 2195 septem.

1953 2205 1981 2243 b
2014 2199 2136 2265 Ejus
2168 2200 2371 2252 initium
2403 2213 2585 2266 Supra.
2615 2213 2733 2267 cap.
2766 2200 2817 2264 2,
2862 2217 3007 2254 num.
3039 2201 3094 2267 8,
3136 2217 3255 2256 cum
3296 2219 3439 2259 anno

1897 2267 2001 2348 7.07
2032 2267 2305 2349 conjunxi,
2330 2284 2456 2338 ergo
2486 2285 2571 2323 an.
2600 2271 2810 2325 circiter
2838 2272 2941 2327 753
2966 2273 3287 2328 Ronntaldus
3318 2290 3349 2331 e
3376 2277 3453 2329 vi-

1888 2352 1967 2391 VIS
1993 2348 2242 2392 excessit.

1958 2418 1979 2480 ξ
2031 2409 2140 2471 ΑΙ.,
2171 2411 2319 2480 rebus
2346 2408 2709 2464 Beneventanis
2731 2415 3039 2480 compositis.
3075 2415 3232 2471 Lind.

1955 2475 1980 2514 δ
2011 2480 2191 2544 Αιιιι).,
2224 2479 2651 2549 Scaunipergam.
2704 2482 2774 2534 Ita
2805 2475 2956 2536 vocat
3005 2501 3120 2538 eam
3170 2486 3450 2547 Ostiensis.

1882 2547 1974 2602 lib.
2002 2564 2042 2626 t,
2067 2547 2586 2626 cap._laudat_que
2634 2553 2731 2617 piae
2777 2551 2989 2626 femina:
3030 2558 3304 2622 pietatem,
3345 2572 3448 2626 qua

1885 2622 2137 2686 templum
2183 2619 2441 2673 idolorum
2487 2621 2534 2673 in
2565 2632 2738 2674 castro
2768 2622 2964 2677 Casino
2994 2619 3376 2680 constructum.
3399 2628 3451 2680 ιιι

1885 2688 2147 2743 honorem
2179 2690 2315 2743 beati
2346 2690 2488 2744 Petri
2515 2691 2795 2746 dedicavit.

1956 2762 1983 2791 ⁸
2012 2760 2122 2825 AL,
2150 2775 2320 2813 muros
2346 2760 2623 2814 Ticinensis
2657 2762 2891 2816 civitatis.
2943 2762 3096 2818 Lind.

1959 2825 1978 2865 ί
2012 2830 2224 2902 Annum
2262 2845 2366 2902 quo
2396 2830 2784 2898 llildeprandus
2830 2833 2879 2884 in
2932 2835 3081 2902 regni
3123 2836 3451 2890 consortium

1889 2912 2010 2952 cum
2046 2898 2373 2968 Liutprando
2402 2908 2485 2953 est
2512 2912 2730 2954 vocatus
2777 2898 3017 2969 designai
3047 2908 3452 2960 instrumentum

1884 2969 1935 3031 in
1965 2969 2202 3023 arcltivio
2249 2969 2471 3024 Lucensi
2517 2985 2545 3023 a
2600 2969 2930 3027 Fiorentinio
2978 2974 3029 3025 in
3060 2986 3351 3029 continent.
3383 2976 3455 3031 de

1884 3037 2065 3115 Rebus
2086 3040 2151 3115 ad
2176 3038 2462 3115 _co_t_niti_ss.
2517 3040 2820 3115 Ilatliildem
2851 3052 3047 3115 Sp_ect.,
3095 3046 3186 3100 lib.
3220 3061 3299 3107 ιιι,
3350 3046 3456 3115 Ug-

1891 3107 2052 3173 bello,
2086 3110 2137 3162 in
2176 3109 2320 3163 Italia
2360 3111 2544 3172 Sacra.
2586 3112 2811 3179 aliisque
2850 3113 3069 3167 relatum
3106 3116 3189 3170 ltis
3218 3107 3451 3171 chrono-

1891 3179 2102 3254 logicis_
2135 3182 2274 3254 notis
2306 3197 2317 3232 :
2377 3201 2395 3231 ι
2434 3179 2708 3254 Regnante
2740 3182 2962 3254 domino
3004 3184 3325 3254 Liutprando
3367 3204 3455 3242 ex-

1888 3249 2273 3321 cellentissimo
2322 3264 2467 3320 rege,
2514 3253 2661 3321 regni
2703 3252 2818 3320 ejus
2847 3254 3101 3321 vigesimo
3125 3249 3349 3321 'qnarto,
3400 3265 3455 3312 et

1893 3317 2343 3398 excellentissimo
2373 3317 2981 3398 nepote'ejus'domi‘no
3027 3317 3284 3394 llilprand
3328 3317 3455 3398 rege

1891 3404 2031 3465 anno
2062 3392 2261 3465 primo,
2282 3406 2477 3465 _n_ten_se
2506 3391 2719 3465 Μαι-ιιι),
2748 3392 3033 3465 indictione
3060 3391 3300 3465 quarta,»
3334 3391 3454 3463 qu'a:

1890 3456 2084 3531 Christi
2113 3476 2251 3513 anno
2281 3458 2381 3512 75Ἲὶ
2411 3461 2462 3513 in
2494 3478 2649 3515 cursu
2698 3456 2815 3517 l'uit.
2850 3456 3207 3531 illabillonius,
3249 3456 3301 3521 in
3332 3456 3453 3520 biu-

1892 3542 2010 3606 saeo
2035 3528 2233 3606 Italico,
2265 3541 2319 3584 et
2346 3542 2473 3606 t_om_.
2505 3548 2538 3606 ιι
2568 3534 2701 3587 Sec.
2730 3533 2952 3597 Bened.,
2971 3528 3451 3606 exliibet'ejusdetn

1894 3598 2247 3675 liildeprandi
2269 3599 2407 3675 regis
2425 3602 2679 3675 diploma,
2714 3621 2732 3654 ι
2756 3606 2940 3675 Actum
2963 3604 3129 3659 Ticini
3157 3607 3206 3659 in
3237 3598 3451 3675 palatio,

1894 3671 1992 3722 sub
2018 3671 2105 3723 die
2132 3686 2181 3743 tt,
2212 3668 2549 3743 Kal.‘April.,
2582 3688 2721 3724 anno
2757 3672 2925 3727 felicis
2955 3677 3102 3743 regni
3144 3668 3308 3730 nos-tri
3351 3668 3451 3730 no;

1896 3753 1986 3816 no,
2040 3756 2132 3806 per
2170 3741 2510 3816 indictionetn
2567 3743 2651 3804 1:2,
2691 3760 2712 3795 ι
2754 3743 2853 3816 lto_c
2900 3755 2979 3797 est
3025 3741 3164 3799 anno
3195 3747 3317 3803 7H.
3350 3762 3453 3816 quo

1897 3808 2250 3872 Lintprandus
2276 3827 2304 3863 e
2329 3814 2459 3862 vivis
2499 3818 2753 3866 excessit.
2796 3814 2872 3865 Ex
2904 3817 3185 3868 concordia
3231 3808 3450 3870 istarum

1898 3887 2143 3933 notarum
2175 3881 2246 3933 ttil
2293 3881 2640 3935 Inesitandum
2674 3895 2798 3950 puto
2824 3883 2948 3951 quin
2982 3885 3199 3938 Paulum
3231 3887 3454 3940 confuso

1900 3959 2196 4019 temporum
2245 3951 2433 4005 ordine
2486 3954 2632 4019 plura
2670 3951 2948 4007 tradidisse
3002 3955 3265 4009 dicamus.
3325 3959 3454 4010 Nam

1902 4017 2207 4087 Lintprandi
2241 4023 2455 4075 morbus
2487 4017 2564 4076 iet
2621 4021 2966 4076 llildebrandi
3025 4027 3367 4079 consortium
3401 4025 3454 4080 in

1900 4105 2084 4158 regno,
2118 4101 2501 4158 prwcesserant
2537 4091 2885 4147 Trasemnndi
2918 4094 3286 4156 rebellionem.
3331 4111 3452 4149 cum

1901 4175 1999 4227 qua
2034 4163 2279 4226 praisenti
2310 4162 2486 4229 capite
2532 4172 2719 4214 cuncta
2764 4162 3049 4230 copulavit.
3106 4165 3160 4218 In
3209 4164 3349 4219 illius
3381 4177 3455 4218 ta-
3502 4165 3511 4173 “

1902 4245 2023 4301 men
2056 4232 2449 4285 excusationem
2481 4232 2607 4301 ejus
2640 4242 2870 4286 mentem
2912 4233 2980 4285 ita
3023 4237 3362 4301 interpretor,
3402 4245 3456 4289 ut

1903 4300 1990 4352 tibi
2022 4301 2262 4365 prarsenti
2293 4302 2466 4367 capite
2488 4301 2553 4354 de
2586 4300 2879 4354 Romnaldo
2900 4302 3269 4358 Beneventano
3299 4300 3457 4363 verba

1902 4368 2049 4430 facit,
2084 4370 2149 4422 ad
2185 4371 2358 4437 priora
2391 4380 2625 4436 tempora
2658 4371 2797 4425 illius
2822 4376 3139 4427 rctratienda
3170 4376 3238 4426 sit
3263 4377 3459 4437 oratio,

1903 4441 2041 4507 quod
2069 4451 2120 4493 et
2145 4439 2341 4494 indicat
2373 4440 2558 4507 ipsein
2591 4442 2692 4494 line
2725 4443 2787 4495 iis
2817 4442 2994 4495 verbis
3020 4464 3031 4496 :
3065 4462 3085 4495 ι
3106 4443 3342 4497 Evolutis
3366 4444 3458 4499 de-

199 4522 256 4584 7,
286 4534 419 4587 qua:
448 4509 590 4571 attito
614 4509 732 4579 75.5,
763 4509 1094 4577 decurrebat,
1123 4509 1477 4587 Luitprandus
1499 4530 1526 4566 a
1554 4512 1795 4587 Romano
1825 4510 1875 4568 D
1900 4509 2251 4587 hincaliquot
2299 4511 2450 4587 annis
2496 4511 2914 4587 Trasetnnndus,
2952 4524 3086 4587 etc.;
3126 4534 3146 4567 ι
3192 4515 3361 4587 iisque
3395 4517 3460 4567 ad

200 4582 412 4643 ducatu
437 4590 489 4642 in
520 4604 671 4640 suum
697 4589 944 4653 palatium
988 4601 1233 4638 reversus
1279 4595 1379 4649 est,
1435 4582 1543 4652 jam
1573 4586 1791 4636 mundo

202 4677 408 4722 mense,
450 4673 643 4726 nempe
673 4659 833 4725 Aprili
886 4657 1123 4722 ejusdem
1178 4654 1321 4717 anni,
1376 4670 1480 4726 quo
1526 4654 1745 4707 Carolus
1777 4694 1793 4717 ,

206 4742 352 4785 teste
382 4724 769 4782 Contitntatorc
797 4726 1121 4792 Fredegarii,
1158 4726 1208 4777 in
1238 4724 1570 4779 Provinciam
1605 4738 1793 4789 proiic-

202 4804 370 4865 ravit,
400 4798 691 4873 bellohnic
709 4798 897 4873 adesse
923 4812 1026 4873 non
1057 4796 1244 4873 potuit,
1290 4793 1388 4847 nisi
1434 4796 1550 4873 quis
1580 4803 1797 4873 putave-

204 4872 300 4934 rit,
337 4870 488 4938 qnod
516 4869 596 4921 vix
629 4869 899 4934 possibile,
934 4868 1037 4938 tam
1071 4865 1217 4938 brevi
1249 4866 1499 4938 temporis
1528 4865 1796 4918 curriculo

202 4936 433 4995 duobus
485 4939 569 4992 his
618 4938 772 4992 bellis
822 4937 1149 5005 expeditum,
1192 4936 1510 4992 Saracenico
1545 4938 1794 5002 primum,

206 5012 343 5064 inde
404 5010 645 5063 Romano
703 5008 945 5061 Ticinum
1006 5022 1292 5060 remeasse.
1346 5006 1563 5072 Insuper
1616 5020 1798 5058 mense

209 5081 533 5144 Decembri,
564 5094 673 5148 quo
692 5076 1073 5131 Trasimundus
1107 5076 1379 5143 Spoletutn
1406 5077 1794 5148 ingressusest,

207 5154 416 5205 eadem
473 5154 696 5214 septima
748 5149 967 5201 indictio
1014 5162 1118 5201 non
1168 5149 1435 5207 currebat,
1467 5147 1557 5199 sed
1591 5155 1796 5208 octaVa,

209 5235 268 5274 ιιι
304 5224 454 5276 bene
480 5221 656 5287 plures
687 5227 1023 5272 notaverunt.
1056 5216 1132 5269 Ex
1162 5218 1276 5285 ipso
1319 5219 1495 5287 igitur
1518 5214 1798 5270 Anastasio

212 5292 410 5345 locum
442 5285 674 5356 corrigo,
706 5300 760 5343 et
791 5305 886 5357 pro
901 5289 1122 5356 septima
1145 5285 1384 5341 octavam
1415 5285 1594 5339 indict.
1623 5300 1794 5353 pono;

211 5364 475 5427 sequitur
505 5366 646 5415 enim
674 5356 803 5428 ipse
848 5374 932 5411 res
982 5369 1163 5426 postea
1211 5371 1385 5427 geStas
1426 5356 1699 5410 indiction.
1738 5359 1799 5410 ιι)

213 5448 458 5487 narrans
484 5450 496 5483 :
536 5450 553 5482 ι
590 5433 653 5483 Et
694 5430 958 5499 praedictis
983 5437 1206 5496 quatuor
1234 5431 1496 5490 civitates,
1527 5444 1655 5495 quas
1686 5428 1800 5492 ipse

213 5514 359 5556 ante
404 5503 673 5557 biennium
702 5498 796 5569 per
825 5501 1187 5552 obsessionem
1220 5501 1409 5553 laetam
1441 5513 1532 5567 pro
1552 5498 1799 5569 pracdicto

216 5573 595 5629 Trasitnundo
622 5567 757 5625 duce
809 5570 1085 5638 Spoletino
1114 5570 1425 5632 abstulerat,
1474 5579 1602 5633 etc.,
1647 5567 1802 5622 redo-

220 5644 414 5696 navit.
451 5662 470 5693 ι
509 5643 641 5697 llinc
669 5655 809 5694 anno
850 5642 953 5692 7M)
984 5640 1125 5706 illigo
1174 5640 1320 5693 urbis
1346 5638 1701 5701 obsidionem,
1749 5648 1801 5691 ct

221 5715 485 5782 sequenti
514 5713 578 5766 41
612 5720 835 5766 mortem
885 5710 1155 5773 llilderici,
1195 5709 1543 5782 Traiemundi
1584 5712 1797 5763 restitu-

230 5781 449 5841 tionem
477 5786 529 5839 in
570 5785 781 5851 ducatu,
811 5782 1299 5839 Bcneventauorum
1332 5781 1693 5846 rebellionem,
1739 5794 1799 5836 ac

1896 4580 2348 4635 continuationem
2387 4582 2629 4650 increpue
2672 4582 2906 4635 historia:
2951 4580 3139 4637 iterum
3195 4586 3352 4647 redit,
3401 4600 3463 4638 at:

1897 4650 2234 4721 postmodum
2268 4666 2389 4719 cap.
2422 4652 2483 4704 57
2524 4653 2769 4714 absolvit,
2816 4653 2884 4704 ab
2926 4653 3188 4707 Anastasii
3222 4663 3460 4721 tempore

1898 4720 2114 4774 minime
2169 4723 2447 4787 recedens,
2500 4738 2620 4775 nam
2670 4724 2877 4789 utrique
2930 4723 3281 4779 Trasetnundi
3331 4720 3451 4778 linis

1897 4791 2213 4862 paulorante
2239 4792 2439 4845 obitum
2478 4793 2806 4862 Liutpraudi.

1969 4870 1993 4909 ις
2036 4861 2217 4925 Hasta,
2269 4864 2384 4916 sive
2411 4861 2608 4925 conto.
2645 4864 2712 4917 de
2759 4879 2863 4932 quo
2915 4863 3000 4918 Itic
3038 4878 3235 4930 sermo,
3277 4866 3455 4920 traditi

1898 4928 2278 5003 Langobardici
2304 4934 2448 4999 regni
2477 4935 2739 4987 veteribus
2759 4928 2909 5000 signo
2937 4944 3172 5003 pugnant
3193 4928 3453 4989 acerrime

1898 5004 1986 5069 qui
2028 5001 2399 5073 Modoetiensis
2441 5017 2653 5057 coronae
2696 5001 3075 5058 vetustatem'a
3116 5004 3454 5073 Gregorianis

1901 5072 2248 5140 temporibus,
2279 5071 2498 5144 ejusque
2540 5074 3003 5144 Langobardorum
3035 5071 3244 5143 regibus
3281 5076 3454 5139 impo-

1899 5144 2145 5196 sitionem
2170 5153 2292 5195 ante
2318 5142 2490 5198 Caroli
2516 5142 2683 5212 Magni
2708 5158 3043 5198 successores
3067 5142 3344 5212 ititpetunt,
3379 5146 3429 5197 in
3447 5175 3461 5185 -

1900 5213 2295 5279 augurationetn
2342 5215 2539 5282 regiam
2588 5229 2681 5282 per
2711 5217 2876 5266 solam
2912 5214 3076 5267 hastae
3128 5215 3461 5269 traditionem

1900 5298 1963 5336 ex
1997 5284 2096 5335 boc
2128 5285 2242 5336 loco
2286 5282 2602 5338 iudicantes.
2654 5284 2937 5338 Penitioris
2967 5285 3293 5352 antiquitatis
3343 5289 3462 5337 tlte-

1900 5368 2087 5405 sauros
2116 5354 2579 5406 dissertationibus
2610 5355 2719 5407 suis
2750 5356 2801 5407 in
2831 5354 3139 5407 alterutram
3166 5364 3367 5422 partem
3395 5354 3463 5407 de

1902 5424 2001 5476 hac
2031 5425 2161 5476 rein
2185 5424 2417 5475 medium
2440 5424 2770 5477 adduxerunt
2802 5425 2895 5477 viri
2921 5424 2991 5477 cl.
3022 5424 3335 5478 Muratorius
3373 5441 3468 5477 no-

1902 5504 2031 5557 ster,
2062 5502 2101 5547 t.
2134 5492 2173 5545 ll
2203 5495 2619 5558 Anecdotorutn,
2646 5508 2695 5546 et
2729 5494 3057 5548 Fontaninus
3109 5494 3368 5561 peculiari
3409 5495 3470 5548 li-

1902 5564 2062 5635 bello,
2080 5564 2286 5625 Blondi,
2312 5564 2533 5632 Sigonii,
2557 5565 2772 5635 Cointii,
2799 5565 3105 5635 illabillonii,
3136 5566 3470 5635 aliorumque

1897 5634 2094 5703 judicia
2126 5638 2507 5702 expendentes.
2540 5634 2651 5687 Non
2682 5645 2762 5689 cst
2796 5634 2943 5689 locus
2978 5637 3062 5689 ltic
3098 5650 3281 5689 eorum
3309 5634 3471 5704 argn-

1904 5715 2079 5758 tnenta
2109 5713 2370 5775 repetere,
2397 5708 2801 5773 neque‘aniinns
2826 5706 2879 5759 in
2926 5717 3126 5775 partem
3158 5708 3367 5761 venire.
3413 5705 3469 5758 In

1905 5774 2125 5846 gratiam
2152 5774 2478 5833 eruditorum
2512 5775 2793 5846 imaginem
2839 5776 3024 5848 lapidis
3064 5775 3116 5833 itt
3147 5778 3332 5853 eadem
3363 5775 3470 5833 Mo-
