3920 6336
583 292 686 351 667

1468 292 1665 350 PAULI
1713 290 2177 350 DIACONl-OPP.
2219 290 2393 349 PARS
2428 294 2468 349 ι.
2507 327 2578 339 —
2618 294 2997 350 IIISTORICA.
3658 312 3733 370 εδδ

584 407 797 465 cuculus
819 406 930 462 avis
950 405 1215 463 volitando
1233 409 1470 471 veniens,
1496 408 1706 462 insedit.
1741 416 1767 446 α
1790 408 1938 461 Tune
1965 384 2158 472 aliqui-
2184 408 2234 463 Α
2265 414 2413 474 tergo
2443 408 2743 471 venientes,
2792 426 2955 462 unum
2999 423 3186 464 eorum
3232 412 3436 470 adversa
3463 422 3644 488 cuspide
3680 429 3733 483 τε.

584 504 682 553 bus
708 497 1052 568 prudentibus
1099 496 1199 551 hoc
1238 506 1485 565 portento
1526 497 1693 549 visum
1734 506 1814 550 est
1841 496 2151 565 significari,

583 590 699 658 ejus
738 588 1084 656 principatum
1135 587 1374 641 inutilem
1432 588 1565 642 fore.
1616 588 1725 641 Rex
1778 599 1953 640 autem
2010 587 2157 640 Lint-

585 678 817 748 prandus
860 692 980 732 cum
1039 676 1137 731 hoc
1187 679 1543 746 cognovisset,
1603 694 1708 731 non
1766 693 1920 745 aequo
1974 680 2155 732 animo

584 770 822 837 accepit;
854 775 1027 821 tamen
1051 768 1117 822 de
1148 767 1453 820 infirmitate
1481 769 1881 831 convalescens,
1911 783 2032 821 eum
2062 782 2153 821 re-

583 858 673 927 gni
702 858 783 912 sui
804 870 1105 914 consortem
1151 860 1354 914 habuit.
1412 859 1650 913 Evelutis
1700 859 1893 911 dehinc
1948 860 2151 928 aliquot

584 948 755 1013 annis,
788 948 1205 1017 Trasemundus,
1237 949 1322 1017 qui
1359 947 1576 1001 Romam
1606 947 1827 1016 fugerat,
1871 948 2149 1015 Spoletum

585 1038 818 1103 rediens,
854 1037 1178 1092 Ilildericum
1204 1038 1486 1101 exstinxit,
1516 1051 1831 1105 rursumque
1857 1045 2039 1091 contra
2070 1051 2155 1089 re-

582 1143 701 1197 gem
732 1128 1038 1183 rebellionis
1067 1127 1338 1181 audaciam
1366 1127 1618 1195 sumpsit.

1168 1264 1395 1320 CAPUT
1436 1262 1566 1317 LVI.

585 1355 722 1423 Quid
750 1364 945 1407 mortuo
975 1353 1218 1422 Gregorio
1249 1354 1624 1406 Gotltscltalcus
1649 1353 1700 1404 in
1730 1351 2008 1405 Benevento
2032 1352 2143 1405 dux

653 1426 816 1495 factus
858 1437 965 1487 est;
1013 1435 1055 1477 et
1088 1427 1340 1493 quomodo
1372 1440 1465 1478 rex
1492 1423 1838 1492 Liutprandus
1876 1424 2061 1477 bellum
2088 1425 2145 1476 in

651 1496 923 1565 Pentapoli
962 1497 1135 1567 gessit.

651 1607 721 1662 At
748 1621 872 1661 vero
902 1607 1185 1676 Gregorius
1224 1605 1348 1658 dum
1397 1604 1535 1671 apud
1579 1605 1941 1659 Beneventum
1994 1604 2148 1658 annis

579 1703 780 1765 septem
820 1696 1065 1750 ducatum
1098 1696 1370 1764 gessisset,
1402 1697 1503 1748 vita
1544 1705 1821 1762 exemptus
1870 1704 1970 1747 est.
2020 1693 2148 1747 l’ost

579 1787 728 1855 Cujus
749 1787 949 1840 obitum
992 1784 1019 1822 δ
1052 1784 1446 1841 Codeschalcus
1474 1787 1582 1838 dux
1613 1784 1853 1850 enectus,
1881 1786 2035 1838 annis
2060 1786 2150 1837 tri-

578 1878 675 1933 bus
699 1879 1088 1932 Beneventanis
1102 1879 1307 1946 praefuit
1330 1894 1343 1943 ;
1373 1880 1454 1931 cui
1481 1878 1531 1931 in
1546 1878 1663 1947 conj
1673 1878 1789 1946 ugio
1802 1893 1935 1930 uxor
1951 1878 2151 1931 sociata

580 1972 794 2024 nomine
832 1971 983 2024 Anna
1023 1971 1136 2023 fuit.
1182 1971 1293 2024 Rex
1334 1986 1459 2039 ergo
1508 1970 1867 2037 Liutprundus
1913 1971 2035 2024 talia
2083 1970 2151 2024 de

576 2060 813 2128 Spoleto,
840 2062 956 2114 sive
983 2062 1303 2123 Benevento,
1339 2061 1580 2126 audiens,
1612 2075 1819 2113 rursum
1850 2075 1969 2115 cum
1998 2074 2150 2113 exer-

576 2153 685 2206 citu
710 2152 982 2220 Spoletum
1008 2152 1181 2219 petiit.
1204 2152 1300 2217 Qui
1333 2150 1669 2218 Pentapolim
1697 2150 1938 2213 veniens,
1968 2160 1990 2187 c
2023 2150 2147 2203 dum

577 2257 607 2296 a
637 2242 780 2296 Fano
802 2243 1015 2297 civitate
1047 2243 1216 2295 forum
1247 2242 1544 2306 Sempronii
1577 2252 1841 2310 pergeret,
1879 2242 1931 2294 in
1962 2242 2147 2297 silvam

579 2348 697 2401 qua:
726 2334 777 2385 in
802 2333 975 2386 medio
996 2342 1103 2396 est,
1133 2332 1401 2397 Spoletani
1424 2346 1481 2385 se
1502 2347 1620 2384 cum
1645 2330 1899 2385 Romanis
1928 2332 2146 2385 socian-

580 2433 679 2485 tcs,
737 2438 923 2492 magna
956 2422 1286 2475 incommoda
1344 2422 1483 2489 regis
1531 2422 1787 2476 exercitui
1831 2422 2146 2479 intulerunt.

586 2512 687 2578 Qui
713 2529 803 2567 rex
839 2517 887 2567 in
935 2513 1224 2567 novissimo
1251 2513 1369 2567 loco
1407 2510 1431 2548 ά
1459 2513 1674 2565 Ratchis
1703 2511 1889 2566 ducem
1936 2523 1990 2567 et
2036 2514 2149 2582 ejus

580 2607 802 2661 fratrem
868 2606 1211 2671 Ahistulfum,
1264 2598 1382 2661 cum
1453 2607 1809 2674 Foroiulianis
1858 2611 2147 2665 constituit.

581 2701 752 2767 Supra
785 2714 914 2764 quos
944 2699 1213 2766 Spoletani
1264 2686 1317 2753 et
1367 2699 1590 2751 Romani
1631 2701 1913 2763 irruentes,
1941 2699 2149 2769 aliquos

589 2807 653 2845 ex
685 2793 766 2847 eis
795 2794 1227 2846 vulneraverunt.
1258 2793 1359 2847 Sed
1414 2804 1589 2847 tamen
1625 2792 1837 2846 Ratchis
1882 2808 2003 2848 cum
2052 2809 2149 2849 suo

577 2898 834 2952 germano
863 2894 917 2938 et
962 2884 1222 2953 aliquibus
1281 2884 1409 2937 viris
1458 2882 1764 2938 fortissimis
1813 2900 1970 2939 omne
2020 2886 2146 2940 illud

577 2989 764 3043 pugna:
816 2975 1022 3044 pondus
1074 2975 1420 3039 sustinentes,
1472 2976 1800 3044 viriliterque
1852 2986 2144 3043 certantes,

576 3066 857 3136 multisque
884 3067 1179 3135 trucidatis,
1234 3083 1292 3123 se
1339 3082 1572 3135 suosque
1624 3068 1763 3132 inde,
1819 3080 2031 3136 praeter,
2090 3077 2217 3152 utC

575 3157 707 3221 dixi,
741 3173 935 3226 paucos
969 3161 1255 3223 sauciatos,
1289 3168 1620 3229 exemerunt.
1656 3160 1729 3212 lbi
1758 3161 1973 3228 quidam
2001 3162 2140 3230 Spo-

576 3252 871 3307 letanorttm
924 3252 1267 3316 fortissimus,
1326 3253 1483 3306 Berto
1537 3253 1770 3318 nomine,
1824 3255 2145 3307 nominative

575 3342 792 3397 Ratchis
819 3342 1143 3407 acclatnans,
1165 3343 1327 3395 armis
1348 3342 1633 3395 instructus
1656 3357 1818 3411 super
1838 3358 1956 3395 eum
1980 3345 2140 3398 \enit.

575 3435 742 3498 Quem
772 3431 986 3485 Ratchis
1012 3434 1184 3485 subito
1215 3432 1532 3500 percutiens,
1563 3446 1703 3499 equo
1732 3432 1949 3500 dejecit.
1983 3433 2145 3487 Cimi-

580 3538 682 3589 que
710 3521 826 3589 ejus
868 3521 999 3575 socii
1041 3536 1161 3575 eum
1213 3522 1473 3588 perimere
1522 3522 1738 3585 vellent,
1787 3537 1906 3575 cum
1955 3524 2145 3590 pietate

575 3617 731 3669 solita
762 3616 941 3684 fugere
991 3613 1244 3683 permisit.
1277 3615 1373 3681 Qui
1426 3614 1672 3667 manibus
1702 3615 2031 3683 pedibusque
2061 3631 2147 3670 re-

579 3718 734 3774 ptans
781 3707 972 3760 silvam
1031 3706 1303 3772 ingressus
1352 3706 1541 3760 evasit.
1594 3704 1765 3771 Super
1820 3706 2141 3759 Ahistulfum

581 3812 710 3852 vero
740 3798 792 3852 in
837 3796 1062 3865 quodam
1120 3805 1279 3866 ponte
1325 3797 1433 3851 duo
1485 3797 1764 3852 fortissimi
1811 3798 2079 3865 Spoletani
2113 3813 2144 3850 a

576 3951 833 4005 doetiensi
867 3952 1077 4006 basilica
1119 3952 1272 4020 positi
1305 3967 1335 4005 e
1378 3951 1652 4017 posteriori
1706 3962 1851 4019 parte
1899 3953 2144 4005 umbonis

578 4023 893 4089 vulgandam
925 4025 1138 4086 curavi;
1198 4024 1246 4075 in
1280 4037 1343 4076 eo
1391 4024 1627 4076 sedentis
1680 4024 1818 4091 regis
1865 4025 2139 4076 curuuatio

576 4101 984 4173 reprtesentatur
1003 4093 1298 4146 astantibus
1327 4093 1555 4158 clericis,
1588 4102 1640 4148 et
1678 4094 1983 4161 proceribus
2013 4109 2142 4163 gen-

576 4173 662 4217 lIS.
1184 4188 1188 4193 ‘

648 4238 672 4263 “
713 4231 922 4305 Amm:
974 4231 1119 4305 Tum:
1165 4230 1416 4300 aliquibus
1469 4231 1807 4300 prudentibus
1861 4233 1981 4286 viris
2032 4233 2144 4286 Iure

574 4302 811 4426 gortentu
841 4304 1022 4356 vitam.
1070 4302 1273 4357 Caetera
1304 4317 1471 4370 usque
1507 4305 1571 4356 ad
1601 4306 1757 4356 linem
1781 4305 1975 4372 capitis
1998 4305 2141 4358 desi-

614 4382 846 4426 erantur.

614 4388 846 4427 erantur.

646 4441 674 4479 δ
715 4441 1058 4495 Godeschalci
1092 4438 1246 4508 hujus
1278 4442 1631 4495 Beneventani
1683 4441 1852 4507 ducis,
1886 4442 1973 4509 qui
2018 4456 2140 4505 suco
2170 4438 2223 4498 D

577 4525 842 4562 cessoretn
890 4512 1074 4564 habuit
1126 4512 1380 4564 Gisult'um
1421 4511 1484 4574 II,
1529 4513 1768 4565 meminit
1819 4514 1979 4564 etiam
2029 4512 2137 4567 Leo

579 4582 864 4645 Ostiensis,
914 4580 1007 4635 lib.
1056 4597 1093 4645 ι,
1126 4596 1242 4644 cap.
1290 4582 1345 4644 ὃ,
1376 4596 1601 4647 eumque
1643 4580 1886 4649 sequenti
1934 4598 2050 4647 cap.
2082 4582 2137 4647 8,

581 4651 719 4702 inter
742 4650 1051 4717 Gregorium
1083 4652 1381 4718 dictumque
1409 4650 1671 4703 Gisulfum
1707 4667 1809 4703 non
1840 4654 2136 4717 recensuit,

580 4735 699 4772 cum
729 4730 989 4773 extremos
1018 4729 1215 4771 tantum
1250 4722 1521 4786 pontifices
1547 4730 1600 4773 et
1621 4721 1784 4774 duces
1806 4736 1869 4773 eo
1896 4724 2012 4774 loco
2043 4739 2139 4773 no-

584 4793 792 4852 taverit,
834 4800 888 4841 ut
917 4790 1049 4842 bene
1077 4790 1446 4842 animadvertit
1486 4790 1680 4843 ibidem
1711 4789 1939 4844 Nuccus.
1974 4792 2137 4859 Ilujus

584 4871 759 4911 tamen
788 4859 1043 4912 rationcnt
1075 4861 1345 4923 temporis,
1398 4876 1500 4928 quo
1542 4861 1702 4913 duces
1736 4863 1817 4912 isti
1860 4862 2138 4914 Beneven-

581 4930 720 4982 tanis
748 4932 1087 4995 prtcfuerunt,
1120 4930 1336 4981 minime
1364 4932 1546 4996 probo.
1578 4929 1815 4997 Cumque
1856 4932 2135 4986 liomualdi

584 5000 785 5053 initimn
819 5014 956 5053 anno
983 5000 1082 5052 707
1113 5000 1461 5067 alligaverit",
1514 5000 1749 5067 ejusdem
1799 5015 1967 5054 amms
2011 5018 2136 5055 xxvi

582 5086 867 5123 numerans
892 5071 956 5122 ad
986 5069 1087 5123 755
1119 5074 1296 5133 venio,
1325 5085 1427 5135 quo
1454 5069 1713 5124 Gisulfum
1762 5068 1803 5121 ll
1843 5081 1997 5125 aetate
2044 5073 2139 5123 ad-

584 5142 686 5193 huc
718 5141 901 5206 puerili
928 5156 957 5192 e
976 5141 1165 5193 ducatu
1189 5145 1526 5194 exturbatum
1553 5149 1696 5207 puto.
1740 5138 1867 5194 lude
1896 5142 2133 5207 Gregorii

582 5222 783 5275 septem
816 5213 967 5263 annis
998 5213 1309 5272 numeratis,
1361 5219 1416 5262 ut
1466 5221 1642 5262 noster
1692 5209 1872 5274 habet,
1933 5210 2134 5263 initium

582 5280 931 5335 Godeschalci
960 5296 1098 5333 anno
1124 5280 1226 5334 ’ΜΟ
1268 5280 1463 5344 tribuo,
1496 5281 1716 5347 ejusque
1765 5280 1990 5333 tiicnnio
2039 5298 2136 5334 cx—

583 5352 723 5416 pleto
747 5352 1129 5403 restitutionem
1158 5352 1337 5406 Gisulti
1372 5351 1410 5403 ll
1441 5352 1597 5417 paulo
1622 5360 1745 5402 ante
1777 5347 1882 5403 744
1912 5365 2135 5418 repono,

583 5434 689 5487 quo
715 5420 1064 5487 Liutprandus
1093 5436 1182 5474 rex
1218 5437 1247 5473 c
1277 5420 1407 5473 vivis
1437 5423 1703 5484 excessit;
1738 5434 2013 5484 meamque
2050 5436 2139 5474 ra-

586 5495 778 5560 tionem
809 5492 876 5542 ob
903 5492 951 5543 td
985 5492 1318 5560 potissimum
1339 5505 1456 5560 cum
1488 5492 1646 5543 Paulo
1675 5491 1959 5545 convenire
1989 5505 2135 5560 puto,

586 5559 721 5628 quod
752 5558 1235 5631 isqreStitutionem
1291 5557 1472 5613 Gisulii
1523 5563 1779 5615 extremis
1824 5557 2133 5631 Liutprandi

587 5629 910 5697 temporibus
940 5643 1134 5683 narret.

656 5700 682 5731 °
722 5700 828 5766 AL,
861 5700 983 5753 dum
1008 5717 1039 5753 a
1066 5699 1211 5756 Fano
1253 5700 1495 5756 Fortunae
1531 5700 1699 5770 {orum
1736 5701 2023 5771 Sempronii
2052 5720 2111 5771 pc

2259 498 2421 561 riens,
2452 498 2519 553 de
2547 500 2732 553 eodem
2766 511 2930 569 ponte
2973 501 3193 571 dcjecit;
3226 504 3436 560 alterum
3460 525 3570 565 vero
3603 516 3733 574 subito

2256 592 2320 644 ad
2360 607 2484 647 eum
2532 608 2850 663 conversus,
2908 606 2931 633 ο
2989 598 3093 650 vita
3144 599 3389 666 privatum
3440 614 3541 671 post
3581 612 3733 667 socium

2256 694 2460 737 mers".
2522 714 2525 719 λ

2830 772 3054 827 CAI’UT
3093 774 3248 830 LVII.

2255 883 2600 959 Liutprandus
2617 886 2739 959 quid
2766 884 2965 959 _Spo!eti
2986 886 3159 954 egerit.
3176 887 3218 940 ϐ
3229 889 3551 959 odere/taleas,
3577 900 3736 953 audient

2324 957 2591 1036 adventum
2621 957 2729 1025 ejus
2758 954 3119 1021 Beneventum,
3149 959 3344 1029 fugiens
3375 977 3407 1013 a
3450 954 3736 1024 Beneventani

2323 1033 2599 1079 exstinctus
2634 1033 2703 1077 est
2712 1066 2726 1079 .

2324 1118 2391 1169 At
2421 1130 2543 1168 vero
2574 1114 2946 1182 Liutprandus,
2977 1116 3246 1184 Spoletum
3276 1124 3738 1189 perveniens,‘l'rase-

2253 1190 2505 1259 mundum
2532 1206 2724 1258 ducatu
2756 1206 2979 1271 expulit,
3013 1222 3241 1275 eumque
3268 1210 3502 1264 clericum
3530 1213 3642 1268 fecit.
3660 1216 3735 1270 Cu-

2249 1298 2335 1364 jus
2361 1298 2411 1352 in
2446 1298 2565 1352 loco
2594 1293 2613 1332 ί
2645 1296 3003 1367 Agibrandum
3038 1314 3194 1351 suum
3228 1311 3461 1368 nepotem
3505 1307 3736 1362 constituit.

2250 1387 2382 1441 Cum
2400 1404 2526 1443 vero
2546 1389 2901 1443 Beneventum
2928 1401 3259 1457 properaret,
3292 1389 3660 1457 Godeschalcus,
3676 1412 3738 1449 au-

2251 1479 2361 1531 dito
2386 1477 2500 1548 ejus
2520 1478 2776 1543 adventu,
2805 1495 2992 1534 navem
3016 1482 3377 1536 Conscendere
3402 1494 3542 1551 atque
3565 1485 3608 1537 in
3633 1484 3737 1539 Grie-

2250 1572 2388 1622 ciam
2419 1569 2597 1637 fugere
2629 1569 2841 1623 molitus
2868 1580 2970 1623 est.
3019 1570 3118 1635 Qui
3167 1580 3437 1640 postquam
3489 1589 3665 1627 uxorem
3701 1584 3739 1629 ct

2250 1670 2492 1713 cunctam
2521 1661 2908 1729 supellectilem
2950 1675 3099 1715 suam
3141 1664 3191 1716 in
3240 1664 3408 1717 navim
3454 1665 3736 1733 imposuisset,

2182 1751 2228 1811 Β
2256 1761 2308 1805 et
2348 1752 2640 1806 novissime
2679 1753 2768 1805 ille
2805 1755 3097 1807 ascendere
3144 1754 3323 1822 vellet,
3369 1755 3645 1809 irruentibus
3669 1756 3737 1811 Be-

2253 1842 2564 1895 neventanis
2616 1841 2801 1895 Gisulfi
2854 1842 3115 1908 fidelibus,
3177 1845 3467 1899 exstinctus
3507 1856 3593 1900 est.
3638 1847 3740 1901 Uxor

2249 1946 2379 1987 sane
2422 1918 2563 1985 illius
2591 1947 2711 1986 cum
2742 1932 2988 1987 omnibus
3016 1950 3130 2002 qua,-
3180 1934 3401 1990 habebat
3446 1934 3722 1991 Constantino

2252 2022 2409 2090 p'olim
2440 2023 2635 2092 perlata
2665 2034 2765 2077 est.

2817 2135 3043 2191 CAPUT
3102 2133 3287 2189 LVIII.

2249 2244 2397 2299 Idem
2422 2248 2546 2313 quid
2569 2246 2835 2301 Beneuenti
2859 2250 3033 2317 egerit.
3088 2248 3162 2303 De
3204 2247 3479 2302 Raodotino
3506 2249 3628 2301 mira:
3649 2264 3717 2317 rain

2321 2318 2509 2397 ctitatis
2534 2319 2658 2398 viro.
2700 2317 2831 2370 Iluic
2861 2316 2954 2383 par
3001 2318 3396 2389 Tlteudelapius,
3423 2329 3465 2372 et
3497 2318 3646 2370 Petrus
3679 2316 3738 2369 Ti-

2318 2403 2534 2441 cmensts
2560 2404 2847 2457 episcopus.

2323 2496 2473 2550 Tunc
2524 2511 2615 2551 rex
2665 2496 3023 2566 Liulprandus
3071 2499 3424 2555 Beneventum
3467 2500 3737 2567 perveniens,

2248 2588 2506 2642 Gisulfum
2535 2603 2686 2641 suum
2740 2602 2986 2656 nepotem
3021 2592 3212 2645 iterum
3264 2591 3315 2645 in
3366 2592 3474 2645 loco
3522 2590 3741 2658 spretum

2247 2680 2436 2733 ducem
2470 2678 2767 2733 constituit.
2802 2678 3086 2746 Rebusque
3116 2682 3182 2734 ita
3213 2682 3527 2749 compositis,
3554 2681 3605 2732 ad
3632 2693 3738 2732 suum

2250 2769 2495 2839 palatium
2545 2770 2818 2823 remeavit.
2858 2769 2953 2824 llic
2979 2770 3397 2837 gloriosissimus
3425 2785 3507 2825 rex
3534 2768 3689 2847 multas
3705 2766 3739 2816 in

2248 2862 2441 2916 Christi
2472 2862 2674 2915 honore
2703 2877 2797 2930 per
2847 2862 3054 2929 singula
3099 2861 3219 2929 loca
3266 2862 3353 2916 ubi
3399 2862 3569 2929 degere
3592 2858 3741 2914 solebat

2249 2954 2495 3008 basilicas
2531 2953 2847 3007 construxit.
2883 2953 2980 3006 llic
3022 2955 3408 3008 monasterium
3452 2953 3576 3007 beati
3616 2950 3733 3007 Petti.

2250 3043 2388 3113 quod
2439 3042 2583 3097 foras
2623 3056 2805 3096 muros
2851 3040 3148 3098 Ticiuensis
3191 3044 3421 3097 civitatis
3446 3043 3583 3096 situm
3609 3049 3686 3102 est,
3704 3046 3741 3089 et

2249 3137 2439 3191 coelum
2472 3138 2704 3190 Aureum
2734 3136 3048 3204 appellatur,
3080 3136 3331 3190 instituit.
3364 3137 3416 3190 lu
3444 3147 3625 3188 summa
3645 3145 3740 3199 quo-

2246 3243 2349 3295 que
2381 3226 2635 3280 ltardonis
2669 3226 2784 3294 aipe
2828 3228 3209 3280 monasterium
3241 3227 3375 3296 quod
3416 3228 3654 3281 Bercetum
3686 3221 3740 3273 di.

2245 3320 2381 3373 citur
2410 3317 2438 3355 ιλ
2469 3319 2766 3375 aediﬁcavit.
2801 3319 2853 3373 In
2884 3321 3089 3373 Olonua
3122 3320 3462 3374 nihilominus
3497 3318 3510 3355 ί
3555 3331 3635 3371 suo
3658 3327 3741 3383 pre

2248 3412 2419 3463 hastio
2474 3412 2609 3464 miro
2657 3424 2840 3477 opere,
2896 3410 2948 3463 in
3000 3410 3258 3463 honorem
3317 3410 3477 3464 sancti
3540 3402 3742 3460 Anastasii

2247 3498 2756 3571 martyris,Christo
2786 3498 3111 3553 domicilium
3160 3501 3368 3564 statuit,
3414 3501 3463 3554 in
3491 3512 3581 3567 quo
3599 3507 3641 3551 et
3662 3507 3742 3546 mo-

2248 3593 2534 3647 nasterium
2567 3591 2712 3645 fecit.
2766 3590 2885 3645 Pari
2915 3591 3074 3644 etiam
3127 3592 3291 3644 modo
3347 3590 3502 3644 multa
3549 3603 3627 3657 per
3663 3586 3741 3638 loca

2246 3686 2450 3753 singula
2479 3685 2653 3738 divina
2701 3683 2895 3751 templa
2943 3682 3188 3735 instituit.
3240 3682 3379 3737 Intra
3423 3696 3560 3735 suum
3588 3687 3742 3747 quoque

2246 3777 2494 3844 palatium
2526 3775 2798 3830 oraculum
2833 3774 3035 3827 Domini
3081 3773 3375 3830 Sa’lvatoris
3415 3772 3675 3831 :cdificavit,
3707 3774 3742 3817 et

2247 3958 2387 4003 teret.
2436 3947 2587 4002 Lind.

2315 4019 2340 4055 ά
2384 4020 2613 4083 Uterque
2658 4016 2739 4070 hic
2785 4015 2947 4070 frater
2996 4014 3047 4069 in
3099 4014 3561 4085 Langobardorum,
3585 4006 3739 4085 solium

2245 4090 2495 4143 defuncto
2524 4076 2843 4160 Lintprandp
2872 4097 3089 4160 evectus
3132 4076 3250 4150 fuit:
3297 4088 3389 4139 sed
3418 4081 3652 4160 _ltatchis..
3676 4076 3742 4160 abf

2246 4164 2418 4214 dcatu
2450 4173 2635 4226 regno,
2682 4159 2733 4210 in
2788 4157 3093 4211 Cassinensi
3138 4156 3467 4211 monasterio
3510 4156 3743 4207 sanctitatis

2246 4245 2495 4285 coronam
2541 4228 2847 4293 promeruit.

2320 4304 2342 4331 °
2383 4301 2491 4361 AL,
2517 4289 2621 4351 vita
2657 4299 2884 4363 privavit,
2908 4304 2956 4349 et
2990 4294 3144 4363 ﬂuvio
3172 4296 3436 4350 immersit.
3480 4289 3615 4347 Lind.

2322 4363 2337 4403 ί
2388 4371 2497 4433 AL,
2538 4368 2925 4433 Ansprandum.
2968 4366 3120 4419 Lind.

2319 4447 2342 4509 β
2381 4441 2487 4499 AL.
2522 4440 2756 4505 pristino.
2814 4436 2988 4509 Lind.‘
3601 4496 3628 4509 ,,

2316 4507 2342 4545 ιι
2384 4494 2493 4564 Non
2522 4494 2868 4568 conditorem,
2900 4506 2990 4559 sed
3022 4515 3315 4570 auctorem,
3349 4496 3628 4558 monasterii
3653 4494 3740 4547 Ber-

2242 4582 2344 4635 ceti
2377 4582 2425 4632 in
2456 4587 2634 4631 monte
2672 4576 2967 4629 Bardonum
2999 4576 3379 4643 Liutprandum
3424 4585 3586 4643 regem
3605 4581 3658 4643 ei
3680 4576 3743 4643 κς-

2371 4630 2693 4703 hioderamn't
2734 4647 2965 4713 episc0pi
3011 4630 3384 4698 Rhedonensis
3426 4658 3453 4695 a
3484 4630 3743 4713 'FrotIOIffi‘l

2243 4722 2487 4781 narratis,
2518 4718 2629 4770 lib.
2669 4731 2706 4779 t,
2748 4709 2866 4780 etp.
2912 4709 3002 4779 20,
3038 4718 3220 4778 probat
3250 4719 3453 4782 optime
3476 4709 3742 4782 Mabillonills

2243 4794 2293 4844 in
2322 4790 2633 4849 Annalibus,
2666 4797 2793 4838 tom.
2825 4785 2885 4849 ll,
2918 4802 3010 4839 an.
3031 4786 3155 4850 7l8,
3192 4781 3424 4854 illudque
3453 4784 3501 4835 itt
3543 4781 3740 4854 honorent

2240 4863 2409 4913 Sancti
2441 4858 2670 4912 Abnndii
2704 4858 2951 4914 tnartvris
3000 4867 3151 4908 antea
3205 4850 3579 4910 consirnctum,
3607 4850 3741 4914 p05!”

2241 4871 2409 4913 stinctt
2441 4871 2670 4912 Abutttttt
2704 4871 2841 4909 Inart
2882 4873 2951 4909 rts
3000 4871 3151 4908 antea
3205 4871 3579 4910 conStrttcuIm,
3609 4871 3741 4914 ww

2241 4932 2291 4983 in
2327 4935 2581 4984 honorem
2628 4930 2795 4979 sancti
2832 4871 3081 4993 [{etnigti,
3125 4924 3277 4993 Cujus
3328 4923 3566 4991 reliquias
3591 4932 3615 4969 e
3642 4911 3745 4993 Rhe-

2242 4979 2765 5053 iiiensi—tnouasterio
2809 4979 3283 5051 Motlet'amtius'itt
3331 4979 3523 5046 Italiam
3550 4979 3745 5058 contule-

2242 5082 2340 5132 rat,
2382 5070 2438 5122 ct
2487 5068 2743 5120 miraculo
2806 5069 3038 5119 monitus
3099 5066 3298 5118 ibidem
3350 5064 3655 5135 deposuerat.

2240 5121 2595 5208 Luitprandus
2650 5139 2796 5208 regia
2844 5137 3161 5208 liberalitate
3215 5150 3308 5201 per
3364 5121 3513 5208 suum
3558 5121 3740 5208 diplptua

2243 5190 2392 5263 bouis
2424 5190 2740 5262 simium;
2769 5207 2975 5270 ditavit,
3011 5217 3066 5258 ut
3102 5221 3129 5259 a
3156 5190 3340 5258 nostro
3368 5190 3634 5256 conditoris
3659 5190 3745 5242 loco

2243 5282 2513 5333 habeatur.
3539 5334 3563 5340 _
3621 5330 3631 5340 .

2319 5362 2332 5388 ι
2371 5351 2495 5404 Ιιιυο
2520 5349 2678 5400 verba
2708 5363 2798 5399 suo
2827 5346 3104 5412 prohastio,
3148 5345 3278 5397 alias
3307 5344 3511 5397 desunt.
3527 5334 3744 5412 sum”?!

2241 5431 2323 5476 est
2346 5391 2495 5473 inore
2509 5419 2591 5472 isti
2611 5417 2803 5471 swculo
2826 5391 3016 5469 usitato
3038 5432 3051 5478 ;
3076 5391 3151 5469 sic
3174 5414 3395 5466 hostium
3415 5391 3742 5478 dicebantqumi

2243 5508 2337 5545 nos
2367 5492 2571 5552 ostium,
2600 5497 2654 5543 et
2680 5488 2922 5539 harenam
2952 5476 3063 5540 ἀνηέὶ
3089 5491 3177 5538 τοῦ
3199 5476 3742 5552 arenam.“Prohaslttlj'l

2242 5578 2366 5634 ergo
2405 5570 2487 5634 (εει
2514 5540 2835 5634 caderem,
2860 5556 2933 5634 ,ἑά
2960 5563 3058 5634 εει.
3085 5557 3215 5634 ξηρὸς
3243 5562 3335 5614 τῆς
3386 5540 3743 5634 πόλεοῖῐιῖδὲξῖἷῖέ

2241 5606 2606 5684 suburbanum.
2659 5627 2769 5683 Nec
2823 5606 2978 5681 aliter
3046 5606 3140 5679 hic‘
3192 5606 3344 5679 Iocus
3414 5606 3744 5685 intelligendus.

2243 5702 2394 5755 Lind.
