3920 6336
200 327 281 388 669
309 326 317 335 .

1054 319 1142 375 DE
1179 318 1416 377 GES’I‘IS
1454 318 2095 376 LANGOBARDORUM.
2142 352 2211 363 —
2242 322 2374 378 ltIB.
2418 324 2508 379 Vl.

3290 342 3396 402 670

204 437 313 510 quod
335 434 441 489 nulli
463 431 543 486 alii
578 442 730 500 reges
757 429 1076 495 habuerant,
1120 431 1427 485 sacerdotes
1467 439 1522 484 et
1548 432 1708 485 cleri-
1739 437 1786 493 Α
1815 432 1952 500 apud
1997 431 2357 489 Veronensem
2383 435 2647 491 civitatem
2678 445 2702 474 ε
2724 437 3119 509 Theudelapius
3166 446 3396 498 nomine

202 547 272 584 cos
295 525 506 589 instituit,
534 524 622 593 qui
651 524 699 577 ei
740 522 983 592 quotidie
1032 523 1208 577 divina
1256 525 1426 578 officia
1458 525 1712 579 decanta-

207 631 311 676 rent.
338 617 484 687 llujus
519 614 650 683 regis
681 615 1009 683 temporibus
1042 615 1136 668 fuit
1166 617 1216 669 in
1251 616 1367 669 loco
1399 618 1480 671 cui
1519 617 1712 673 Forum

202 727 355 767 nomen
381 718 470 772 est,
491 707 645 777 juxta
690 706 904 760 fluvium
932 707 1229 773 Tanarum,
1265 708 1346 762 vir
1392 711 1541 763 mirae
1589 725 1713 764 san.

196 802 395 860 ctitatis‘
423 799 727 855 Baodoliuus
778 800 1014 863 nomine,
1053 802 1140 869 qui
1179 802 1359 855 multis
1415 803 1711 866 miraculis,

192 894 347 950 Christi
369 892 521 962 gratia
546 889 885 959 sulfragante,
922 890 1147 945 refulsit.
1178 892 1277 959 Qui
1334 906 1477 960 sazpe
1534 893 1711 946 futura

191 984 405 1053 pmdixit,
431 981 664 1037 absentia
694 998 907 1051 quoque
932 983 1082 1051 quasi
1115 984 1395 1052 praesentia
1422 985 1708 1039 nuntiavit.

187 1076 381 1145 Denique
407 1089 520 1129 cum
556 1090 647 1129 rex
684 1073 1046 1144 Liutprandus
1076 1076 1129 1131 in
1170 1076 1367 1131 Urbem
1399 1078 1588 1131 silvam
1621 1093 1714 1132 ve-

186 1177 327 1221 natum
343 1167 478 1229 isset,
510 1181 645 1220 unus
666 1181 734 1221 ex
764 1166 885 1236 ejus
923 1167 1228 1232 comitibus,
1253 1183 1475 1223 cervum
1514 1167 1708 1237 sagitta

184 1250 413 1327 percutere
453 1256 621 1320 nisus,
665 1258 904 1325 ejusdem
956 1258 1099 1328 regis
1149 1267 1415 1327 nepotem,
1466 1257 1569 1312 hoc
1605 1269 1709 1326 est,

184 1350 349 1406 sororis
373 1348 480 1419 ejus
506 1349 697 1415 lilium,
728 1351 987 1405 Aufusum
1017 1353 1251 1419 nomine,
1280 1353 1468 1406 nolens
1496 1353 1706 1409 saucia-

182 1444 251 1495 vit.
272 1441 402 1508 Quod
428 1456 514 1495 rex
537 1456 766 1497 cernens
786 1483 802 1506 ,
843 1441 997 1497 valde
1024 1442 1167 1499 enim
1203 1443 1452 1497 eumdem
1483 1459 1710 1513 puerum

178 1532 364 1597 amabat,
394 1548 507 1586 cum
544 1533 794 1604 lacrymis
817 1535 932 1603 ejus
980 1534 1377 1590 incommodum
1423 1536 1707 1590 lamentari

177 1624 320 1691 etrapit,
348 1625 626 1692 statimque
674 1641 832 1679 unum
857 1640 886 1679 e
916 1626 1026 1681 suis
1067 1626 1297 1696 equitem
1325 1626 1487 1691 misit,
1520 1627 1608 1696 qui
1640 1626 1707 1681 ad

178 1713 316 1767 virum
340 1714 426 1770 Dei
461 1715 809 1771 Baodollnnm
839 1727 1101 1781 curreret,
1130 1732 1358 1787 eumque
1391 1727 1615 1787 peteret,
1648 1727 1709 1772 ut

176 1818 248 1870 pro
271 1803 361 1857 vita
386 1802 623 1879 ejusdem
675 1808 825 1876 pueri
880 1807 1155 1863 Christum
1201 1809 1549 1877 supplicaret.
1601 1810 1702 1875 Qui
1735 1794 1781 1854 Β

174 1910 265 1948 cum
302 1895 357 1949 ad
395 1911 612 1951 servum
671 1897 763 1952 Dei
814 1911 1077 1970 pergeret,
1133 1916 1265 1970 puer
1291 1900 1575 1955 defunctus
1604 1911 1706 1957 est.

173 1986 245 2041 Cui
263 1988 433 2042 Christi
464 1989 694 2044 famulus
717 1993 782 2045 ad
806 2006 864 2047 se
892 1992 1240 2059 pervenienti,
1271 1992 1343 2046 ita
1368 1992 1505 2047 dixit
1537 2011 1549 2046 :
1582 1994 1708 2049 Scio

174 2092 294 2146 quam
316 2080 377 2134 ob
405 2095 624 2135 causam
652 2082 891 2147 veneris,
924 2083 1018 2137 sed
1066 2083 1194 2136 illud
1223 2082 1250 2121 δ
1294 2086 1435 2154 (ιιιοά
1470 2086 1707 2152 postulas

174 2166 385 2261 jkatgaﬁeri
412 2186 512 2225 non
543 2182 746 2243 potest,
795 2175 916 2242 quia
965 2189 1095 2243 puer
1124 2175 1213 2228 ille
1263 2175 1545 2231 defunctus
1592 2186 1696 2232 est.

172 2248 288 2323 Quini
314 2277 421 2316 cum
454 2264 495 2317 is
523 2264 621 2333 qui
662 2264 858 2318 missus
902 2264 1075 2319 fuerat
1118 2266 1229 2335 regi
1274 2268 1415 2336 quod
1464 2284 1492 2321 a
1547 2283 1704 2322 servo

173 2353 241 2405 Dei
265 2355 483 2411 audierat
523 2360 912 2425 renuntiasset,
961 2374 1053 2414 rex
1099 2361 1221 2415 licet
1278 2361 1510 2415 doluerit
1560 2361 1701 2431 quod

170 2443 368 2499 rdectum
392 2448 795 2517 supplicationis
817 2465 928 2503 sua:
952 2449 1149 2505 habere
1179 2465 1282 2503 non
1307 2451 1496 2520 potuit,
1525 2460 1704 2506 tamen

170 2537 263 2601 quia
288 2538 355 2590 vir
382 2539 594 2593 Domini
644 2540 969 2594 Baodolinus
1011 2541 1255 2608 Spiritum
1290 2541 1579 2609 pr0phetia:
1610 2542 1708 2596 ha-

169 2626 322 2693 buerit,
346 2640 522 2697 aperte
550 2631 824 2698 cognovit.
859 2630 993 2685 lluic
1040 2646 1254 2700 quoque
1282 2647 1400 2703 .non
1431 2632 1706 2687 dissimilis

223 2823 362 2890 ³Δ1..
414 2825 763 2884 Bandolinm.
805 2829 958 2883 Lind.
1416 2828 1419 2831 λ
1731 2811 1776 2871 C

221 2892 242 2928 δ
267 2895 424 2969 liud,
439 2905 575 2969 quod
611 2901 868 2969 postulare
899 2901 1082 2955 minus
1130 2917 1202 2955 es.

222 2975 239 3037 ἐ
262 2966 360 3032 ΑΙ.,
388 2965 722 3037 Τήεοιαρὶιη.
769 2971 922 3025 Lind.

220 3036 360 3099 “AL,
410 3036 656 3092 vitalibus
685 3042 902 3094 actibus.
951 3040 1104 3094 Lind.

222 3105 241 3132 '
265 3104 359 3170 AL,
388 3124 473 3161 suo
496 3112 614 3163 loco
634 3111 685 3162 in
706 3112 1061 3178 episwporum
1098 3112 1217 3164 vitis
1244 3128 1509 3179 ponemus.
1544 3110 1698 3164 Lind.

171 3172 225 3250 De
251 3187 417 3250 sancto
447 3179 615 3234 Petro
642 3172 909 3236 Ticinensi
935 3182 1186 3249 episcopo
1228 3172 1378 3250 plura
1428 3184 1703 3236 Ilensche-

165 3246 255 3319 Hills
276 3248 349 3302 die
374 3250 402 3301 7
443 3250 594 3315 Maii,
644 3252 783 3319 apud
837 3246 1081 3305 eumdem
1122 3246 1191 3306 ex
1228 3246 1479 3306 'Grutero
1534 3252 1702 3319 epita-

162 3315 331 3449 l:t‘lltit'tm,
361 3321 408 3373 in
437 3336 542 3390 quo
573 3321 647 3375 de
677 3315 820 3393 regia
850 3322 1167 3391 cognatione
1213 3321 1414 3392 pariter
1467 3315 1580 3377 luce
1626 3326 1700 3376 lc-

217 3402 242 3438 a
265 3402 317 3440 ur
340 3405 353 3439 :

217 3402 317 3440 οιυι·
340 3405 353 3439 ε

259 3494 457 3569 Inelytus
479 3504 726 3569 prosapia,
752 3517 1027 3566 regumque
1047 3480 1323 3569 stemmate
1339 3510 1564 3569 tangens,

309 3561 486 3612 Nobilis
508 3561 733 3626 eloquio,
762 3561 976 3616 moribus
995 3567 1220 3617 nobilior.

220 3659 239 3699 ί
262 3664 411 3737 bind,
444 3667 706 3737 Regnum.

190 3740 242 3812 ηε
270 3735 438 3789 Annus
467 3735 789 3812 enitortnalis
816 3741 1126 3810 Liutprandi
1172 3746 1313 3811 regis
1354 3743 1459 3797 714
1490 3743 1555 3797 ah
1585 3758 1703 3797 om-

162 3804 526 3887 nibusnotatur,
558 3809 650 3887 ita.
684 3820 740 3863 ut
781 3811 832 3865 in
865 3804 1177 3887 ee'tnittime
1199 3804 1270 3869 sii
1297 3814 1701 3887 elaborandum,

163 3874 251 3927 dies
292 3876 499 3950 incerta,
552 3878 653 3934 sed
705 3889 828 3935 ante
873 3881 989 3936 Kal.
1038 3885 1179 3938 Junii
1232 3887 1408 3938 vivere
1457 3874 1701 3950 desiisse,

160 3956 306 4020 aperte
336 3948 528 4003 indicat
557 3951 909 4020 Anastasius,
942 3955 993 4007 in
1032 3965 1216 4010 sancto
1246 3956 1531 4018 Zacharia,
1566 3948 1705 4008 unde

161 4017 408 4080 supplenda
456 4029 541 4074 est
590 4020 739 4074 Pauli
793 4017 1045 4077 narratio.
1103 4025 1293 4079 Noster
1336 4026 1476 4079 enim
1518 4017 1705 4079 inmisit

161 4094 412 4160 postremos
439 4090 756 4160 Liutprandi
800 4103 1020 4146 conatus
1064 4095 1117 4149 in
1151 4098 1335 4150 urbem
1370 4094 1697 4160 Ravennam,

159 4154 485 4235 CLCatsenatis
513 4154 1134 4235 castrioccupatiunem,
1166 4166 1358 4235 quibus
1399 4167 1501 4219 acti
1534 4154 1700 4235 Euty-l
1731 4167 1779 4226 υ

160 4224 561 4308 rbiusexarehus
596 4240 651 4283 et
689 4224 921 4308 Joannes
965 4224 1422 4308 archiepiscmius,
1458 4224 1704 4308 precibus

158 4305 242 4375 βψς
294 4305 357 4351 ita
410 4315 682 4375 summurn
736 4305 1038 4375 pontilicem
1089 4306 1155 4360 ad
1210 4322 1366 4375 Opem
1433 4307 1703 4359 ferendam

159 4364 418 4445 illexerunt,
461 4364 763 4445 ut,7relicta
790 4374 987 4445 Roma,
1029 4364 1356 4439 Ravennam,
1386 4386 1544 4443 atque
1583 4377 1705 4431 inde

159 4430 383 4516 Ticinum,
404 4430 476 4494 Vad
505 4430 891 4516 Liutprandum
926 4430 1290 4513 properaverit
1312 4465 1327 4512 ;
1347 4430 1424 4499 'ab
1453 4430 1621 4514 eoque
1651 4430 1704 4500 in

159 4508 315 4584 vigiliis
335 4521 642 4566 sanctorum
664 4508 1192 4579 apostolor'unt'l’etri
1210 4526 1264 4571 et
1287 4508 1431 4571 Pauli
1457 4508 1703 4584 benigne.

159 4583 491 4658 illaparerat,
531 4594 808 4658 exceptus,
842 4587 1075 4652 paternis
1125 4587 1340 4641 monitis
1389 4587 1437 4639 id
1492 4583 1703 4641 tandem

158 4643 369 4725 obtinuit,
409 4643 700 4725 nt'abello
743 4643 998 4721 cessaret,
1038 4668 1196 4724 atque
1231 4676 1249 4709 ‹
1288 4658 1569 4725 praedictus
1612 4671 1703 4711 rex

158 4725 252 4795 βοᾷς
275 4722 481 4795 inultam
511 4723 760 4795 duritiem
795 4727 1077 4781 inclinatus
1107 4722 1187 4781 est
1222 4722 1354 4781 lines
1382 4727 1704 4780 Ravennatis

158 4783 276 4839 urbis
314 4792 723 4862 dilatarc,rsicut
754 4796 994 4862 primitus
1032 4799 1429 4851 detinebantur.
1480 4797 1545 4849 Et
1574 4798 1704 4852 duas

159 4861 585 4938 tmtes_terr_itorii
614 4861 850 4917 Ctesenze
879 4867 1037 4919 castri
1067 4869 1131 4920 ad
1165 4880 1365 4935 partem
1401 4867 1705 4935 reipublicte

157 4931 369 5001 restituit.
409 4931 647 4985 Tertiam
688 4949 814 4987 vero
854 4947 1055 5001 partem
1088 4931 1379 4992 de'eodem
1408 4931 1582 4989 castro
1607 4939 1705 4990 sub

158 4994 614 5075 lfbterttu-retinuit,
646 5003 781 5075 inito
798 4994 1106 5075 constituto,
1135 5019 1191 5060 ut
1219 5022 1384 5075 usque
1412 5008 1476 5058 ad
1508 5006 1704 5059 Kalen-

157 5060 232 5146 flfts
254 5064 382 5122 Junii
410 5073 536 5124 dum
569 5060 687 5142 ejus
719 5074 862 5127 missi
893 5091 920 5127 a
954 5060 1106 5146 regia,
1128 5060 1520 5132 reverterentur
1552 5078 1699 5140 urbe,

157 5132 267 5216 idem
315 5151 569 5216 castrum,
597 5132 675 5197 ἐι
721 5147 926 5197 tertiam
978 5132 1204 5216 piirlem,
1259 5162 1416 5214 quam
1471 5132 1705 5216 pignoris

158 5210 770 5289 fallsaﬂetinebattparti
802 5210 1105 5289 reipublicae
1144 5210 1485 5272 restiiueretf
1516 5210 1549 5269 ἶ
1573 5218 1705 5271 Acta

158 5273 255 5359 lianc.
288 5273 671 5359 indictione—Ald
721 5273 906 5359 scribii
952 5289 1285 5359 Anastasius,
1336 5302 1526 5355 nempe
1563 5301 1705 5340 anno

156 5341 322 5425 intristi
373 5350 501 5425 Z43.
552 5353 686 5425 Hine
736 5358 976 5423 sequitur
1030 5375 1041 5410 :
1098 5375 1116 5410 t
1179 5341 1475 5425 Regressus
1525 5368 1700 5411 autem

159 5410 362 5480 (sanctus
381 5420 688 5495 Zacharias)
718 5425 768 5479 in
795 5410 975 5484 urbem
1000 5410 1290 5484 Romanam
1313 5410 1431 5484 cum
1459 5428 1703 5484 omnibus

1819 522 1934 589 fuit,
1974 522 2241 591 qui,iuter
2274 524 2510 579 miranda
2535 541 2654 595 quae
2683 528 2928 597 patrabat
2958 544 3199 600 proasago
3229 534 3396 587 etiam

1800 611 2001 681 ,spiritu
2025 613 2187 667 multa
2213 629 2331 684 quae
2354 627 2504 669 erant
2528 626 2746 672 ventura
2776 619 3041 687 prtedixit.
3077 622 3152 674 Eo
3182 638 3398 694 quoque

1817 714 2056 773 tempore
2082 707 2259 761 floruit
2285 705 2309 744 ἀ
2341 708 2465 775 vita,
2493 710 2577 764 vel
2602 712 2830 779 actibus,
2864 713 3163 769 Ticinensis
3197 717 3387 771 Eccle-

1815 795 1908 851 sia:
1933 797 2211 866 episcopus
2242 799 2445 865 Petrus,
2479 803 2566 868 qui
2601 802 2721 872 quia
2753 802 2891 873 regis
2922 811 3041 858 erat
3067 807 3387 874 consangui-

1816 904 1969 955 neus,
1991 889 2058 943 ab
2087 890 2332 960 Aripcrto
2353 893 2617 960 quondam
2661 910 2784 964 rege
2813 896 2950 963 apttd
2985 894 3261 964 Spoletum
3296 914 3395 953 ex-

1812 979 1933 1032 silio
1962 981 2130 1035 fuerat
2168 990 2429 1036 retrosus.
2465 984 2595 1037 lluic
2637 985 2774 1039 beati
2807 988 3059 1056 martyris
3089 988 3271 1042 Sabini
3301 1005 3395 1045 ec-

1812 1072 2032 1126 clesiam
2057 1072 2409 1141 frequentanti
2461 1074 2628 1129 isdem
2653 1078 2981 1131 venerabilis
3013 1090 3216 1150 martyr
3249 1094 3392 1148 prte-

1816 1165 2096 1230 nuntiavit,
2154 1165 2294 1235 quod
2350 1166 2639 1236 episcopus
2692 1170 2828 1237 apud
2884 1170 3127 1225 Ticinum
3189 1171 3398 1228 futurus

1811 1265 1977 1311 esset.
2009 1256 2108 1321 Qui
2140 1266 2341 1323 postea,
2366 1271 2484 1311 cum
2514 1258 2564 1312 id
2621 1258 2809 1313 fuisset
2852 1263 3070 1327 factum,
3116 1262 3392 1318 basilicam

1812 1346 1985 1401 eidem
2019 1348 2175 1401 beato
2216 1349 2437 1418 martyri
2483 1349 2703 1415 Sabino,
2738 1352 2788 1403 in
2822 1351 2940 1404 solo
2986 1352 3222 1419 proprio,
3257 1354 3399 1420 apud

1812 1426 2050 1492 eamdem
2098 1439 2363 1493 civitatem
2434 1441 2750 1495 construxit.
2811 1442 2905 1497 llic
2960 1444 3105 1497 inter
3160 1446 3395 1514 reliquas

1811 1531 2025 1599 optimze
2054 1531 2175 1585 vita:
2204 1548 2335 1600 quas
2369 1532 2556 1585 habuit
2592 1533 2843 1599 virtutes,
2887 1536 3047 1589 etiam
3081 1535 3398 1605 virginitatis

1812 1622 1944 1677 ﬂore
1968 1622 2250 1677 decoratus
2268 1623 2477 1677 enituit.
2506 1624 2672 1692 Cujus
2697 1640 2793 1679 nos
2818 1626 3029 1694 aliquod
3056 1628 3396 1693 miraculum,

1814 1715 1953 1783 quod
1983 1713 2262 1783 posreriori
2294 1723 2537 1781 tempore
2575 1725 2779 1785 gestum
2825 1726 2927 1781 est,
2969 1718 2991 1746 ε
3024 1718 3074 1771 in
3118 1717 3236 1773 loco
3270 1735 3398 1789 pro-

1816 1808 1931 1875 prio
1962 1822 2240 1877 ponemus.
2287 1808 2355 1861 At
2386 1822 2513 1862 vero
2560 1807 2916 1876 Liutprandus
2943 1850 2958 1876 ,
2995 1821 3272 1879 postquam
3307 1813 3401 1865 tri-

1816 1900 1958 1969 ginta
1993 1909 2047 1953 ct
2078 1914 2184 1952 uno
2211 1914 2372 1963 anno,
2399 1908 2710 1967 septemque
2740 1900 3032 1963 mensibus,
3074 1906 3094 1944 ι
3128 1901 3395 1969 principa-

1818 1999 1926 2044 tum
1953 1988 2200 2054 obtinuit,
2229 1989 2339 2058 jain
2383 1998 2538 2042 aetate
2566 2000 2826 2051 maturus,
2863 2000 2886 2035 ε
2926 1991 3081 2059 hujus
3113 1994 3233 2045 vita:
3277 2006 3402 2045 ettr-

1814 2099 1931 2138 sum
1961 2080 2214 2150 explet-it.
2264 2079 2583 2149 Corpusque
2632 2079 2749 2149 ejus
2788 2077 2815 2115 ¹³
2869 2081 2921 2134 in
2983 2081 3200 2135 basilica
3259 2080 3399 2136 beati

1814 2173 2033 2228 Adriani
2062 2171 2334 2240 martyris,
2375 2171 2464 2223 ubi
2505 2183 2555 2224 et
2584 2170 2702 2239 ejus
2730 2171 3017 2240 requiescit
3040 2171 3272 2239 genitor,
3305 2186 3396 2225 se-

1815 2268 2016 2335 pultum
2041 2274 2141 2319 cst.
2176 2263 2293 2316 Fuit
2314 2272 2490 2319 autem
2519 2264 2599 2318 vir
2627 2264 2808 2318 multa:
2842 2264 3134 2332 sapientize,
3167 2263 3392 2317 consilio

1814 2374 1998 2426 sagax,
2042 2359 2159 2424 pius
2189 2358 2501 2422 admodum,
2551 2368 2605 2411 ct
2653 2359 2797 2427 pacis
2840 2367 3083 2423 amator;
3125 2359 3265 2412 bello
3298 2372 3395 2426 pn-

1817 2458 1953 2516 tcns,
1986 2448 2415 2518 delinquentibus
2463 2448 2721 2513 clemens,
2755 2459 2952 2512 castus,
2997 2449 3242 2518 pudicus,
3271 2463 3396 2502 ora-

1819 2549 1900 2593 tor
1949 2539 2191 2608 pervigil,
2227 2539 2584 2609 eleemosynis
2619 2539 2817 2608 largus,
2854 2538 3151 2593 litterarum
3180 2537 3394 2605 quidem

1819 2634 2054 2700 ignarus,
2086 2631 2180 2685 sed
2213 2630 2568 2700 philosophis“
2592 2630 2906 2701 xquandus,
2941 2630 3168 2685 nutritor
3195 2629 3395 2700 gentis,

1810 2829 1897 2897 qui
1936 2844 2116 2883 secum
2147 2837 2319 2893 erant,
2352 2831 2546 2897 gratias
2575 2839 2794 2896 agentes
2826 2830 2955 2893 Deo,
3010 2831 3187 2882 denuo
3220 2829 3394 2883 natale

1809 2902 2081 2953 beatorum
2117 2899 2410 2968 principum
2443 2902 2807 2962 apostolorum
2842 2899 2982 2954 Petri
3011 2909 3065 2952 et
3097 2898 3241 2952 l’auli
3272 2915 3390 2952 cum

1804 2971 1949 3023 ontni
1983 2971 2182 3038 pupulo
2208 2972 2515 3029 celebravit,
2547 2981 2598 3022 et
2630 2984 2747 3022 sese
2780 2971 2829 3021 in
2869 2969 3197 3022 orationibus
3225 2969 3391 3034 dedit,

1811 3051 2014 3105 petens,
2046 3043 2113 3094 ab
2142 3041 2495 3107 omnipotenti
2536 3041 2640 3094 Deo
2672 3039 3092 3093 misericordiattt
3120 3049 3172 3092 et
3196 3054 3390 3093 conso-

1807 3110 2054 3165 lationem
2101 3112 2212 3164 fieri
2258 3112 2450 3176 populo
2494 3109 2880 3163 Ravennatiunt
2932 3120 2985 3165 et
3036 3111 3274 3163 Romano
3323 3111 3391 3162 ah

1806 3182 2117 3235 insidiatore
2141 3191 2192 3235 et
2222 3190 2555 3248 persecutore
2588 3181 2677 3233 illo
2703 3180 3029 3249 Lintprando
3055 3196 3196 3247 rege.
3226 3179 3392 3248 Cujus

1806 3266 1988 3319 preces
2020 3267 2122 3304 non
2170 3252 2468 3318 despiciens
2499 3252 2673 3303 divina
2704 3252 2988 3305 clementia
3020 3250 3268 3303 eumdem
3301 3267 3390 3304 re-

1806 3336 1924 3389 gem
1973 3332 2096 3376 ante
2141 3322 2284 3375 diem
2330 3322 2574 3390 superius
2618 3323 2960 3375 constitutum
3012 3320 3080 3374 de
3127 3322 3225 3375 hac
3274 3321 3392 3375 luce

1805 3392 2085 3453 subtraxit,
2116 3402 2219 3445 etc.
2262 3411 2279 3443 υ

1876 3460 1903 3497 ιι
1942 3461 2151 3515 Nosuis
2178 3463 2365 3515 diebus
2410 3461 2715 3526 Liutprandi
2761 3462 2899 3529 regis
2931 3461 3166 3514 tumulus
3197 3476 3299 3515 non
3333 3460 3386 3515 in

1806 3532 2020 3586 basilica
2050 3533 2153 3585 divi
2182 3533 2420 3596 Adriani,
2456 3534 2722 3601 martyris.
2758 3542 2814 3584 ut
2845 3532 3037 3585 Paulus
3069 3532 3152 3583 hic
3183 3531 3389 3595 scribit,

1746 3641 1752 3647 .
1804 3603 1894 3654 sed
1936 3604 1985 3655 iit
2017 3603 2181 3656 altera
2226 3603 2393 3655 sancti
2435 3602 2572 3654 l’etti
2608 3606 2656 3654 in
2684 3602 2834 3655 (Icelo
2866 3601 3387 3669 AuremoScriptores

1804 3674 2113 3727 'l‘icinenses
2144 3673 2263 3725 inde
2309 3672 2621 3725 translatum
2657 3682 2871 3739 putant;
2906 3672 3009 3724 imo
3040 3672 3228 3724 iterum
3273 3673 3390 3725 loco

1807 3744 2007 3795 titotum
2031 3743 2269 3796 scribunt
2292 3744 2342 3795 in
2366 3744 2549 3795 eadem
2574 3743 2786 3795 basilica
2806 3743 2974 3795 sancti
3000 3741 3167 3804 Petri;
3194 3743 3390 3809 quippe

1806 3815 1933 3865 olim
1982 3814 2046 3865 ad
2102 3814 2396 3879 ingressum
2453 3810 2803 3866 confessionis
2853 3811 3114 3866 columnis
3166 3823 3393 3878 quatuor

1809 3883 2087 3951 impositus
2116 3884 2561 3947 conSpiciebatur,
2600 3898 2738 3937 nunc
2769 3897 2895 3936 vero
2925 3898 2988 3935 ex
3019 3883 3234 3935 decreto
3276 3890 3386 3933 sae.

1806 3970 1957 4008 eone.
2010 3954 2225 4006 Triden.
2278 3955 2422 4007 humi
2474 3962 2673 4005 stratus
2714 3965 2836 4007 ante
2888 3952 3180 4019 proximam
3237 3966 3389 4004 arant

1807 4036 1991 4077 sancto
2040 4025 2294 4078 Severino
2346 4024 2559 4081 Boetio.
2589 4026 2836 4078 dicatam.
2886 4022 3010 4076 lltec
3066 4022 3136 4075 ibi
3198 4022 3389 4090 legitur

1808 4096 2120 4162 Cpigrapltes
2150 4110 2164 4147 :
3192 4102 3211 4121 '

1930 4202 2127 4252 Flavius
2147 4204 2237 4252 hoc
2263 4202 2447 4252 tumulo
2473 4202 2804 4264 Lymprandus
2823 4202 3063 4261 conditur,
3090 4200 3206 4251 olim

1933 4265 2356 4325 Langobardorum
2384 4278 2471 4313 rex
2496 4267 2715 4325 inclytus,
2743 4278 2857 4313 acer
2881 4265 2927 4311 in
2951 4266 3099 4311 armis

1930 4328 1990 4376 Et
2012 4323 2142 4376 bello
2165 4323 2337 4384 victor,
2365 4323 2676 4387 Sutriumque
2705 4327 2913 4374 Bononia
2940 4327 3131 4387 firmant

1928 4389 2033 4438 Hoc
2058 4394 2111 4437 et
2133 4387 2431 4447 Ariminum,
2457 4400 2644 4436 necnon
2670 4389 2817 4435 invita
2841 4386 3029 4447 Spoleti

1932 4451 2107 4499 Mnrnia
2125 4484 2141 4508 ,
2168 4462 2374 4511 namque
2392 4451 2482 4511 sibi
2507 4450 2610 4496 haec
2637 4450 2851 4508 subjecit
2876 4450 3042 4497 fortior
3066 4448 3228 4496 armis.

1928 4511 2078 4560 Roma
2102 4522 2214 4558 suas
2236 4513 2367 4560 vires
2384 4510 2668 4571 jampridem
2695 4512 2785 4558 hoc
2810 4513 2964 4557 milite
2990 4511 3142 4559 multo

1932 4575 2137 4623 Obsessa
2156 4575 2349 4634 expavit
2368 4586 2383 4632 ;
2405 4572 2587 4634 deinde
2612 4579 2860 4620 tremuere.
2886 4573 3079 4620 feroces

1933 4635 2099 4696 Usque
2122 4633 2371 4689 Saraceni,
2395 4647 2517 4696 quos
2540 4633 2739 4696 dispulit
2761 4635 2984 4695 impiger,
3008 4635 3112 4693 ipso

1928 4694 2045 4747 (lum
2073 4702 2353 4757 premerent
2373 4694 2534 4743 Gallos
2559 4694 2735 4757 Karolo
2754 4694 2986 4754 poscente
3009 4696 3183 4754 juvari.

1932 4756 2154 4817 lingat-us
2180 4769 2204 4801 a
2228 4758 2329 4804 solo
2354 4757 2444 4806 hoc
2466 4758 2675 4818 adjutus,
2704 4756 2933 4817 Francus,
2960 4766 3012 4805 et
3031 4770 3205 4807 omnes

1933 4821 2087 4869 Vicini
2106 4826 2239 4880 grata
2263 4819 2515 4879 degebant
2538 4831 2655 4880 pace
2682 4832 2769 4880 per
2795 4832 2984 4867 omnes.

1933 4882 2073 4943 Rege
2086 4881 2177 4928 sub
2188 4881 2279 4929 hoc
2290 4880 2571 4940 futsit,quod
2584 4881 2754 4943 mirum
2769 4887 2861 4943 est,
2878 4888 3041 4929 sancta
3056 4880 3387 4941 frequensque

1931 4941 2160 5002 Relligio,
2188 4948 2243 4989 ttt
2263 4946 2484 4990 recolunt
2509 4944 2662 5002 alpes,
2691 4941 2907 4990 Ecclesia
2932 4955 3135 4999 quarum

1930 5001 2257 5053 llanc’babuit
2282 5006 2509 5052 vincente
2534 5001 2658 5063 ipso,
2686 5013 2736 5051 et
2761 5003 3064 5063 pra-grandia
3088 5001 3269 5062 templa

1931 5068 2051 5124 Qute
2077 5069 2245 5115 vivens
2267 5070 2463 5124 struxit,
2491 5068 2667 5125 qmbus
2686 5069 2967 5125 euautusus
2993 5067 3041 5111 in
3067 5065 3186 5111 orbe

1931 5129 2141 5188 Semper
2167 5134 2217 5176 et
2241 5135 2461 5188 aeternus
2482 5124 2702 5175 lustrabit
2724 5124 2901 5188 swcula
2926 5134 3101 5173 cuncta

1848 5218 1851 5221 ν
1932 5187 2185 5249 Praesipue
2211 5188 2360 5237 Petro
2377 5187 2563 5236 caelesti
2586 5192 2674 5236 hac
2690 5189 2811 5235 sede
2835 5187 2990 5233 dicata

1930 5250 2185 5311 Clavigero
2206 5252 2397 5307 statuit,
2424 5249 2549 5297 cwlo
2568 5264 2710 5311 quam
2739 5250 2963 5309 providus
2988 5260 3140 5294 aureo

1934 5310 2235 5372 Augustinus
2258 5313 2338 5359 ubi
2366 5314 2460 5359 huc
2483 5310 2939 5372 aliundeabductus
2955 5310 3141 5372 eodem

1932 5370 2073 5437 Rege
2090 5375 2240 5436 jacet,
2267 5374 2405 5436 cujus
2421 5373 2637 5423 doctrina
2663 5370 2878 5422 Ecclesia
2900 5371 3075 5433 fulget.
