3920 6336
569 277 668 332 671

1424 279 1629 336 PAULI
1669 280 1936 334 nucum
1976 279 2125 334 ore.
2171 279 2340 335 ruas
2380 281 2422 336 ι.
2463 309 2531 321 -
2572 279 2952 335 HISTOBICA.
3634 269 3715 347 ’σῃ

571 398 596 425 ι
628 391 799 456 legum
831 397 1222 458 augmentator.
1269 389 1365 444 Hic
1387 391 1536 443 initio
1558 389 1704 458 regni
1730 388 1832 452 sui,
1869 388 2138 456 Bojoario-
2168 397 2215 460 ᾼ
2243 405 2398 456 quam
2421 389 2583 444 armis
2615 389 2780 444 iidcns
2802 431 2816 454 ,
2842 389 3070 442 maxima
3102 401 3310 460 semper
3329 405 3439 448 cura
3463 394 3716 457 Francorum

569 493 688 532 rum
738 478 961 547 plurima
988 489 1164 533 castra
1204 480 1364 550 cepit,
1395 480 1513 548 plus
1541 494 1751 546 semper
1777 477 2139 543 orationibus,

643 661 668 688 ⁸
712 659 935 712 Exstant
971 659 1141 713 adhuc
1185 661 1236 712 in
1267 659 1582 713 collectione
1623 658 1794 727 legum
1836 658 2139 726 Langobar-

571 727 811 780 dicarum
859 744 938 781 ere
980 745 1111 794 quas
1155 729 1506 795 Lintprandus
1551 744 1640 781 rex
1691 729 2138 793 pr.-idecessoruoi

573 811 756 863 regum
794 799 978 851 edictis
1019 799 1238 852 addidit.
1275 799 1381 851 lino
1410 799 1522 850 urbi
1582 797 1700 850 huic
1743 800 1912 850 azlbuc
1957 799 2007 849 in
2040 812 2137 850 υκιι

573 880 819 920 mensura
875 867 1178 935 Liuiprandi
1219 885 1304 938 per
1334 868 1616 934 appellata.
1665 867 1725 938 io_
1747 868 2136 920 stillicidiorum

571 939 944 989 controversiis
1005 936 1314 992 dirimendis
1375 950 1641 1001 usurpata.
1707 936 1942 1004 Longum
2000 947 2141 990 es=et

571 1004 775 1074 singula
822 1007 1030 1073 pietatis
1083 1017 1422 1060 monumenta
1471 1015 1736 1074 repetere.
1768 1021 1885 1072 qu:e
1927 1021 2018 1058 rex
2054 1009 2136 1057 in-

572 1073 744 1141 clytus
787 1076 1006 1140 posteris
1051 1075 1279 1142 reliquit,
1325 1073 1665 1141 donationum
1719 1075 2031 1130 liberalitate
2073 1077 2139 1128 de

573 1144 910 1196 monasteriis
952 1155 1003 1196 et
1045 1146 1286 1199 ecclesiis
1326 1147 1523 1211 Optime
1569 1145 1806 1199 meritus.
1859 1145 1961 1198 llas
2003 1145 2139 1198 inter

570 1211 848 1283 Comensis
870 1213 1084 1266 exhibet
1108 1216 1247 1283 regia
1273 1215 1581 1279 diplomata,
1607 1214 1793 1282 Quibus
1815 1215 2136 1279 amplissima

573 1280 771 1348 pradia
798 1282 939 1334 dono
963 1280 1190 1349 accepit:
1220 1284 1484 1336 Laudatur
1511 1280 1668 1336 etiam
1701 1283 2053 1347 Liutprandus
2085 1285 2136 1336 in

575 1349 827 1420 inscripto
855 1353 1088 1405 carmine
1133 1353 1196 1404 ad
1243 1355 1466 1420 lapidem
1516 1352 1703 1406 tumuli
1733 1354 1868 1407 beati
1898 1354 2136 1406 Cumiani

574 1417 826 1492 episcopi,
859 1423 1072 1492 esancti
1115 1417 1426 1492 Colmlihani
1473 1424 1698 1492 familia,
1723 1424 1774 1477 in
1819 1427 2140 1480 monasterio

575 1487 846 1556 Bobiensi,
877 1491 962 1544 ubi
994 1493 1105 1546 lucc
1136 1491 1378 1561 leguntur
1406 1509 1420 1547 :

817 1620 906 1671 ilic
949 1634 1082 1670 saera
1124 1624 1254 1671 beati
1310 1623 1522 1674 membra
1553 1623 1619 1673 Cu

940 1685 1082 1732 miani
1108 1683 1357 1733 solvuntur

816 1741 960 1802 Cujus
984 1747 1160 1794 conum
1187 1754 1450 1807 penetrans
1467 1749 1648 1795 animos

941 1807 1140 1863 Angelis
1165 1808 1346 1865 gaudet

814 1861 911 1912 Iste
934 1861 1247 1927 fllilﬁlliagl‘lus
1269 1869 1481 1927 dignita-

939 1934 988 1975 te
1010 1941 1200 1986 genere
1228 1929 1377 1976 forma

817 1984 958 2034 lluuc
983 1984 1109 2036 misit
1132 1990 1292 2036 Scotia
1313 1989 1434 2038 lines
1454 1990 1511 2038 ad

939 2047 1123 2097 Italicos
1141 2063 1311 2098 senem

816 2106 1021 2157 Locatur
1048 2110 1224 2158 libovio
1246 2111 1435 2159 Domini
1459 2124 1574 2160 corv-

941 2172 1108 2218 trictus
1132 2185 1297 2220 amore

818 2227 916 2276 lJ-bi
935 2234 1194 2279 venerandi
1221 2232 1396 2287 dogma
1417 2231 1607 2281 Colum-

943 2291 1050 2339 bani
1075 2296 1315 2340 servando

816 2349 1032 2412 Vigilans
1052 2354 1279 2411 jejunans
1306 2353 1520 2403 indefes-

936 2425 1017 2458 sns
1042 2416 1214 2461 sedule
1238 2427 1388 2464 orans

816 2471 1096 2536 Olimpiadis
1119 2483 1345 2536 quattuor

943 2531 1192 2596 Utriusque
1218 2538 1394 2585 eircolo
1417 2537 1526 2584 anni

814 2595 894 2644 Sic
921 2597 1039 2643 vixit
1065 2595 1275 2644 l'eliciter
1301 2606 1352 2647 ut
1377 2597 1495 2647 felix

936 2657 1076 2705 Modo
1097 2658 1321 2706 credatur

816 2716 962 2775 Mitis,
990 2719 1222 2778 prudens,
1258 2723 1379 2778 tius,
1404 2719 1632 2770 fratribus

935 2779 1180 2828 Paceiicns
1205 2785 1387 2830 cunctis

816 2839 940 2888 Huic
960 2842 1118 2889 artatis
1133 2845 1242 2890 anni
1268 2844 1465 2894 fuerunt

939 2901 1120 2951 Novies
1149 2904 1265 2952 deni

813 2961 1039 3012 Lustrum
1061 2977 1256 3025 quaque
1281 2979 1432 3016 unum
1459 2979 1679 3019 menses-

933 3037 1032 3086 que
1057 3033 1258 3088 quatuor
1281 3028 1424 3078 simul

2246 483 2580 550 Avarumque
2611 495 2790 549 pacein
2821 480 3155 536 custodiens.

2489 657 2552 707 Δὶ
2579 665 2718 718 pater
2739 659 2942 716 egregie
2966 663 3138 716 potens

2609 717 2907 767 intercessor
2929 722 3089 767 existe

2490 779 2585 828 Pro
2609 781 2952 842 gloriosissimo
2976 780 3270 842 Liutprando

2607 841 2748 901 Rege
2770 844 2850 898 qui
2876 848 3010 888 tuoin

2483 900 2708 951 Pretioso
2730 902 2887 961 lapide
2913 902 3124 963 tymbum

2608 963 2861 1012 Decoravit
2884 963 3091 1010 devotus

2481 1025 2556 1073 Sit
2578 1032 2631 1072 nt
2654 1024 2959 1073 manifestum
2984 1025 3158 1073 almum
3180 1026 3264 1075 ubi

2607 1085 2814 1146 Tegitnr
2836 1097 3026 1144 corpus.

2480 1145 2740 1208 Depositus
2761 1154 2837 1195 est
2862 1147 2942 1208 hic
2966 1147 3020 1208 Ι)ἒ
3048 1147 3305 1195 Cumianus

2608 1208 2870 1272 EpiscOpns
2889 1206 3038 1272 X_illl.
3064 1208 3166 1256 Kal.
3195 1210 3441 1272 Septemb.
3457 1209 3578 1263 Fecit

2671 1269 2884 1318 Joannes
2906 1269 3155 1330 Magister.

2311 1351 2513 1405 Addam
2545 1359 2813 1422 postremo
2849 1367 3118 1405 nummum
3149 1367 3362 1406 aureum
3398 1353 3526 1407 illius
3554 1354 3726 1422 imagine

2239 1422 2527 1486 signatum,
2569 1421 2637 1475 de
2681 1437 2796 1489 quo
2830 1432 2953 1475 ante
3003 1436 3302 1477 sermonem
3352 1423 3526 1487 habui,
3569 1421 3726 1477 Camilli

2239 1490 2526 1556 Peregrinii
2553 1491 2910 1559 conjecturam
2939 1507 3166 1559 sequens
3195 1494 3244 1545 in
3273 1493 3572 1546 antecedenti
3597 1495 3725 1546 tabula

2239 1575 2384 1613 tenea
2436 1561 2539 1614 col.
2596 1569 2686 1618 663
2749 1562 3087 1628 insculptum.
3136 1562 3252 1628 Quo
3299 1577 3417 1615 vero
3464 1563 3521 1614 ad
3565 1562 3726 1615 Paulum

2240 1637 2498 1693 nostrum,
2533 1632 2620 1694 qui
2652 1646 2799 1684 suam
2836 1632 3105 1684 historiam
3138 1632 3201 1683 ad
3229 1633 3581 1699 subsequentes
3602 1646 3730 1698 reges.

2240 1700 2676 1766 liildeprandum.
2711 1700 3032 1763 llacliisium,
3067 1701 3374 1762 Aistulsmn,
3400 1710 3448 1752 et
3476 1710 3730 1766 postremum

2237 1769 2410 1838 gentis
2467 1770 2605 1822 illius
2665 1771 2989 1823 Desiderium
3047 1771 3262 1822 minime
3314 1769 3561 1836 produxit,
3596 1779 3731 1833 repeto

2239 1841 2394 1891 verba
2430 1839 2789 1907 Erchemperti
2825 1841 2874 1892 in
2905 1839 3017 1906 ipso
3040 1839 3190 1893 initio
3219 1839 3349 1892 Hist.
3374 1855 3474 1891 sua:
3496 1839 3733 1905 Langobar-

2167 1924 2215 1983 Β
2240 1910 2448 1983 dorum,
2492 1911 2678 1983 quibus
2708 1923 2918 1983 causam
2944 1912 3206 1983 mutilata:
3235 1909 3535 1983 narrationis
3567 1908 3622 1961 ita
3649 1908 3732 1960 rudi

2244 1978 2382 2047 stylo
2409 1980 2625 2044 exponit
2658 1996 2668 2030 :
2706 1997 2724 2029 ‹
2762 1979 3226 2046 Langobardorum
3257 1977 3460 2038 seriem.
3503 1990 3733 2047 egressum,

2243 2046 2510 2113 situmque
2531 2050 2698 2114 regni,
2721 2050 2818 2101 hoc
2838 2058 2921 2101 est
2940 2049 3192 2116 originem
3213 2063 3415 2108 eorum,
3438 2049 3512 2102 vel
3530 2046 3734 2114 quomodo

2243 2118 2309 2169 de
2324 2117 2672 2170 Seandinavia
2693 2119 2859 2170 insula
2881 2132 3074 2184 egressi
3095 2119 3158 2170 ad
3185 2118 3512 2180 Pauoooiam,
3535 2119 3731 2169 etiteruin

2240 2202 2268 2238 a
2302 2186 2572 2240 Pannonia
2607 2189 2656 2240 in
2690 2188 2889 2240 Italiam
2923 2187 3446 2254 transmigraverunt,
3479 2199 3734 2253 regnumque

2241 2267 2608 2321 susceperunt,
2656 2257 2848 2310 Paulus
2887 2255 2966 2309 vir
3005 2259 3164 2312 valde
3202 2258 3395 2322 peritus
3430 2255 3733 2321 compendiosa

2243 2325 2369 2380 licet
2399 2327 2674 2391 brevitate,
2720 2328 2812 2380 sed
2859 2328 3104 2394 prudenti
3137 2328 3428 2394 composuit
3457 2328 3645 2382 ratione.
3669 2339 3735 2374 ex-

2248 2396 2474 2450 tendens
2518 2397 2861 2450 nihilominus
2901 2412 2927 2446 a
2968 2397 3274 2460 Gammara,
3313 2406 3366 2450 et
3391 2396 3576 2449 duobus
3609 2394 3736 2447 liberis

2245 2466 2382 2532 ejus,
2421 2465 2703 2520 Historiam
2752 2467 2966 2520 [latebis
2993 2481 3127 2534 pene
3153 2482 3318 2534 usque
3355 2479 3574 2533 regnum.
3608 2461 3736 2534 Iuliis

2246 2531 2556 2609 autemnon
2602 2536 2794 2609 frustra
2832 2531 3054 2609 exclusit
3091 2531 3520 2609 aetasloque'ndi,
3548 2531 3734 2609 quouiuu

2247 2606 2299 2677 in
2332 2606 2408 2660 eis
2439 2605 2897 2677 Langobardorum
2943 2606 3134 2660 defecit
3177 2621 3426 2677 regnum:
3473 2617 3574 2677 mos
3595 2605 3737 2677 etenim

2248 2669 2651 2746 historiographi
2680 2675 2913 2729 doctoris
2938 2685 3040 2746 est,
3063 2669 3294 2729 maxime
3322 2676 3385 2728 de
3399 2689 3486 2727 sua
3502 2673 3638 2746 stirpe
3659 2669 3736 2746 di_s_-

2246 2738 2516 2820 putantis,
2561 2738 2622 2799 ea
2660 2738 3036 2820 tantummodo
3085 2754 3477 2820 retexerequte
3514 2739 3575 2820 ad
3615 2738 3736 2820 laudis

2241 2809 2506 2888 cumulum
2539 2817 2800 2888 pertinere
2817 2824 3124 2888 noscuntur.
3142 2835 3157 2866 ι
3175 2815 3247 2888 _Si
3271 2809 3405 2888 quid
3425 2825 3541 2888 vero
3567 2811 3610 2862 in
3637 2809 3738 2888 hisce

2243 2884 2376 2938 meis
2403 2883 2548 2937 notis
2573 2885 2934 2949 imprudenter
2957 2885 3214 2940 exciderit
3251 2899 3279 2937 a
3309 2883 3550 2953 catholica
3574 2883 3740 2953 veritate

2243 2954 2492 3018 alienum,
2525 2945 2665 3023 quod
2709 2956 2975 3018 abomino,
3021 2965 3074 3009 et
3115 2956 3345 3008 maxime
3381 2951 3509 3015 cavi,
3544 2961 3671 3023 omne
3703 2945 3745 2997 iii-

2242 3023 2474 3090 irritum,
2500 3018 2740 3094 cassum,
2757 3040 2861 3080 non
2897 3025 3172 3095 scriptum,
3199 3025 3546 3092 indictumque
3564 3018 3682 3074 volo.

1734 4370 1852 4383 ου·-
1861 4361 2602 4402 -εςνῦνῦεθςῶςδμ-
