3920 6336
252 362 353 422 7M

986 369 1114 426 LIB.
1150 368 1241 425 DE
1280 366 1440 426 0RD.
1484 365 1700 423 EPISC.
1746 362 2047 421 METENS.
2084 394 2155 407 -—
2192 361 2468 420 TEXTUS
2506 360 2778 421 PRIMUS.

3410 355 3517 424 τί)αέ

254 482 400 536 tione
432 480 671 550 ducens‘,‘
712 482 977 552 exemplis
1006 485 1205 552 pariter
1240 491 1294 539 et
1325 481 1584 537 doctrinis
1610 477 1839 534 creden-
1867 480 1919 542 Α
1948 478 2088 546 quod
2117 476 2186 532 ita
2212 476 2418 532 caelesti
2443 486 2585 533 esset
2611 477 2818 547 judicio
2847 477 3147 549 deﬁnitum,
3182 489 3239 535 ut
3268 482 3515 544 universa

252 574 384 627 tium
411 589 691 651 numerum
716 575 981 629 dilatavit.

326 666 456 721 Post
484 666 628 722 hunc
658 669 888 739 denique
917 668 1206 741 regendam
1257 667 1492 737 suscepit
1541 665 1839 723 Ecclesiam

258 758 431 814 Felix.
476 760 680 816 Deinde
712 761 947 816 Patiens.
997 762 1125 816 Post
1157 763 1271 816 inec
1318 760 1533 831 quintus
1562 759 1615 815 in
1653 758 1841 816 ordine

260 850 464 906 Victor.
507 851 712 907 Deinde
740 853 875 907 alius
908 852 1114 909 Victor.
1148 849 1397 907 Posthtec
1424 851 1641 907 Simeon
1673 851 1842 921 septi-

256 957 394 996 mus.
442 942 567 997 Post
590 959 747 1012 quem
779 944 1064 1001 Sambatus
1097 953 1114 984 ι
1143 952 1384 999 octavus.
1450 942 1684 1010 Quorum
1719 955 1837 996 om-

255 1035 402 1088 nium
456 1034 649 1089 studiis
699 1046 905 1091 certum
958 1046 1072 1103 est,
1118 1037 1354 1092 crevisse
1386 1035 1480 1091 Dei
1518 1035 1834 1101 Ecciesiam,

254 1127 503 1196 quamvis
520 1142 711 1181 eorum
738 1129 895 1183 nobis
917 1128 1220 1198 specialiter
1238 1130 1442 1183 occulta
1472 1135 1597 1182 sunt
1622 1127 1641 1157 ’
1665 1137 1835 1195 gesta.

322 1218 495 1272 Rufus
520 1217 542 1249 ⁸
566 1234 693 1272 vero
721 1228 775 1273 et
809 1219 1066 1287 Adolfus,
1100 1221 1345 1288 qui,sunt
1384 1221 1436 1275 in
1482 1234 1705 1275 numero
1737 1234 1839 1275 no-

254 1325 351 1366 uus
383 1322 439 1365 et
466 1311 732 1376 decimus,
764 1316 971 1382 magnis
994 1314 1195 1384 absque
1217 1312 1378 1369 dubio
1417 1314 1468 1369 in
1497 1317 1604 1369 vita
1631 1315 1836 1371 meritis

253 1401 474 1459 fulsisse
505 1403 763 1458 credendi
822 1412 985 1472 sunt,
1040 1407 1251 1475 quando
1292 1406 1505 1475 quidem
1552 1408 1642 1461 tuli
1674 1409 1837 1463 etiam

252 1507 373 1567 post
399 1497 611 1551 obitum
652 1496 852 1553 fulsere
897 1499 1177 1554 miraculo.
1234 1500 1431 1555 Horum
1460 1499 1688 1570 denique
1717 1516 1841 1555 cor-

253 1605 378 1658 pora
429 1605 555 1645 cum
606 1589 659 1645 in
711 1590 929 1646 basilica
973 1592 1117 1647 beati
1156 1593 1346 1649 Felicis
1378 1594 1630 1663 martyris
1656 1601 1838 1649 essent

251 1683 491 1752 humata,
518 1684 657 1739 sicut
686 1684 751 1739 ad
783 1698 879 1739 nos
907 1700 1074 1761 usque
1101 1685 1335 1741 decurrit
1364 1688 1550 1741 relatio
1570 1729 1583 1751 ,
1609 1688 1691 1740 vir
1719 1687 1841 1756 qui-

249 1768 380 1830 dam
400 1785 523 1831 erat
553 1776 835 1845 religiosus
865 1792 929 1831 ac
954 1777 1021 1831 de
1047 1779 1237 1832 animze
1270 1794 1377 1833 suae
1399 1793 1528 1833 cura
1550 1777 1838 1845 sollicitus,

247 1869 336 1937 qui
379 1876 652 1921 nocturno
712 1877 975 1938 tempore,
1023 1877 1081 1922 ut
1139 1869 1363 1938 privatis
1413 1870 1741 1925 orationibus
1780 1885 1839 1926 se

248 1960 483 2016 Domino
532 1960 973 2027 commendaret,
1020 1960 1280 2016 universa
1323 1975 1441 2031 qua:
1484 1970 1634 2016 extra
1659 1976 1841 2018 muros

244 2054 493 2124 ejusdem
552 2055 785 2110 civitatis
845 2056 946 2109 sita
1004 2064 1161 2111 erant
1217 2057 1453 2111 oratoria
1518 2056 1840 2116 indesinenti

251 2147 438 2201 studio
467 2146 757 2201 circumire
787 2146 1016 2201 solebat.
1060 2146 1157 2201 Hic
1184 2146 1365 2217 itaque
1394 2145 1519 2201 dum
1553 2146 1618 2202 ad
1644 2148 1841 2217 praedi-

246 2224 385 2292 ctam
422 2236 569 2290 beati
620 2235 817 2292 Felicis
869 2239 1126 2307 martyris
1172 2239 1508 2307 pervenisset
1541 2239 1840 2311 basilicam,

249 2342 347 2383 nec
384 2339 565 2381 tamen
600 2326 931 2396 ingrediendi
980 2328 1030 2381 ei
1062 2325 1084 2357 ⁸
1111 2338 1254 2382 esset
1290 2342 1549 2384 concessa
1592 2329 1838 2399 facultas,

246 2420 484 2474 accessit
504 2419 653 2487 juxta
685 2432 895 2471 murum
926 2415 1229 2473 forinsecus
1258 2420 1325 2473 ad
1355 2432 1473 2475 cum
1501 2428 1703 2490 partem
1728 2435 1834 2492 qua

250 2513 637 2582 praedictorum
706 2510 1042 2565 sacerdotum
1124 2525 1347 2582 corpora
1408 2514 1836 2583 requiescebant,

248 2615 410 2675 atque
463 2602 539 2658 ibi
584 2617 642 2658 se
696 2603 748 2657 in
794 2603 1091 2657 orationem
1142 2611 1253 2658 tota
1299 2605 1494 2659 mentis
1544 2604 1843 2661 intentione

256 2699 573 2769 prostravit.
616 2697 715 2767 Qui
745 2698 871 2752 dum
902 2705 1022 2767 post
1047 2697 1243 2753 effusas
1275 2713 1460 2766 preces
1496 2698 1563 2753 ab
1601 2699 1843 2755 oratione

250 2794 620 2858 surrexisset,
672 2802 727 2847 et
774 2792 827 2847 in
877 2806 1066 2846 eorum
1113 2802 1421 2847 sanctorum
1477 2791 1733 2846 honorem
1772 2792 1841 2847 ad

252 2900 483 2955 quorum
534 2899 566 2939 e
614 2883 833 2954 regione
866 2884 1113 2952 sepulcra
1143 2890 1393 2937 oraverat
1433 2883 1624 2952 psalmi
1673 2882 1836 2936 versi-

250 2982 453 3052 culum,
479 2980 534 3035 id
576 2988 659 3035 est
693 2995 711 3035 :
743 2977 1090 3034 Exaudiebant
1116 2978 1279 3033 sancti
1302 2978 1355 3032 in
1381 2976 1568 3048 gloria,
1602 2990 1842 3046 pronun-

253 3076 439 3140 tiaret,
470 3088 595 3129 mox
644 3073 711 3128 ab
760 3074 902 3127 intus
948 3086 1135 3127 vocem
1183 3070 1555 3142 subjungentis
1591 3071 1836 3127 audivit:

255 3168 590 3224 laetabuntur
619 3169 671 3221 in
706 3168 958 3223 cubilibus
981 3167 1107 3224 suis.

325 3261 603 3318 Successit
635 3260 719 3315 his
742 3259 910 3314 sacris
938 3258 1063 3313 viris
1094 3257 1386 3323 Firminus,
1410 3257 1603 3315 deinde
1631 3257 1839 3328 Legen-

261 3353 389 3420 tius,
422 3353 494 3408 de
523 3368 750 3423 quorum
780 3351 977 3423 aliquid
1000 3352 1109 3406 vita
1137 3359 1332 3419 praeter
1364 3352 1578 3406 nomina
1610 3349 1743 3407 nihil
1776 3352 1841 3407 ad

258 3460 351 3500 nos
373 3445 599 3499 deduxit
622 3444 811 3499 relatio
844 3446 1039 3515 prisca.

326 3536 551 3607 Accepit
580 3534 778 3590 deinde
825 3534 1016 3590 tertius
1064 3534 1303 3590 decimus
1340 3535 1679 3591 venerandus
1707 3551 1844 3607 prae-

202 3684 217 3695 ‘
257 3628 335 3683 sul
366 3630 569 3685 Auctor
594 3630 1002 3701 gubernandam
1036 3628 1333 3685 Ecclesiam
1357 3671 1371 3696 ,
1412 3643 1475 3685 ea
1506 3640 1839 3701 tempestate,

260 3722 474 3799 quando
504 3738 611 3777 non
642 3723 812 3777 solum
844 3722 1044 3790 Gallia,
1092 3723 1185 3777 sed
1218 3726 1497 3779 universus
1529 3740 1661 3794 pene
1690 3725 1843 3781 Occi-

258 3814 387 3870 dens
436 3814 793 3871 barbarorum
838 3815 1174 3870 saevientium
1227 3826 1308 3871 est
1358 3831 1643 3887 perpessus
1680 3818 1840 3872 saevi-

257 3907 405 3962 tiam.
450 3907 525 3962 De
566 3921 671 3977 quo
718 3907 853 3973 viro,
886 3910 1130 3978 quamvis
1176 3919 1231 3964 et
1275 3909 1373 3963 alia
1414 3912 1481 3965 ab
1524 3925 1590 3965 eo
1614 3910 1840 3981 insignia

258 4000 390 4056 facta
418 4002 731 4070 credantur,
765 4000 871 4059 duo
902 4011 1103 4056 tantum
1163 4001 1226 4055 ad
1256 4011 1491 4057 nostram
1527 4008 1839 4058 memoriam

257 4096 370 4169 ejus
413 4096 672 4153 miracula
726 4096 1030 4169 pervulgata
1080 4109 1221 4152 sunt.
1288 4098 1365 4153 Eo
1411 4098 1570 4168 igitur
1602 4106 1842 4167 tempore

258 4206 375 4248 cum
406 4190 739 4247 reverendus
770 4190 855 4244 hic
890 4189 1083 4261 prwsul
1124 4190 1289 4245 vitam
1320 4188 1525 4251 cunctis
1556 4187 1842 4245 virtutibus

256 4284 563 4341 decoralam
592 4283 834 4351 duceret,
882 4284 1043 4340 Attila
1095 4300 1187 4339 rex
1214 4282 1563 4349 Hunnorum,
1595 4284 1841 4339 omnibus

254 4377 448 4435 belluis
486 4377 781 4445 crudelior,
832 4375 1035 4432 habens
1065 4375 1263 4431 multas
1307 4375 1559 4431 barbaras
1598 4375 1841 4430 nationes

250 4490 349 4533 suo
399 4469 676 4543 subjectas
736 4468 1014 4536 dominio,
1072 4479 1353 4539 postquam
1426 4466 1838 4537 Gundigarium,

1942 566 2112 621 Gallia
2153 566 2500 621 barbarorum
2532 566 2671 622 foret
2701 568 3031 624 infestationi
3062 570 3343 638 tradenda,
3374 589 3514 643 prte-

1943 667 2023 714 ter
2046 659 2187 713 beati
2216 660 2473 729 Stephani
2503 660 2677 716 levita:
2700 672 2755 717 et
2778 664 3187 735 protomartyris
3199 665 3357 719 situm
3376 667 3517 736 apud

1946 753 2120 810 Mettis
2151 756 2425 810 oraculum
2458 799 2472 824 ,
2502 757 2555 810 in
2591 771 2696 827 quo
2727 757 2893 827 ipsius
2918 767 3035 814 erat
3066 761 3330 828 pretiosus
3357 777 3517 820 cruor

1942 847 2149 919 absque
2201 850 2557 919 corruptionis
2608 852 2728 906 labe
2787 853 3114 910 reconditus.
3192 855 3317 911 llaec
3389 855 3515 915 dum

1941 949 2126 995 sancto
2157 941 2397 997 Servatio
2424 942 2657 998 revelata
2687 942 2916 999 fuissent
2934 985 2950 1011 ,
2982 944 3203 1003 festinus
3225 947 3289 1002 ad
3318 947 3518 1004 Galiias

1945 1033 2239 1103 repedavit,
2284 1034 2593 1105 invenitque
2628 1034 2738 1104 jam
2786 1033 3102 1091 Hunnorum
3144 1040 3386 1093 examina
3419 1053 3515 1108 per

1941 1127 2218 1181 universas
2266 1125 2467 1183 Gallias
2506 1126 2847 1184 debacchari.
2889 1129 2990 1196 Qui
3031 1144 3152 1184 cum
3182 1130 3250 1185 ab
3281 1130 3516 1187 obsidio-

1944 1218 2463 1283 ne'Mettcnsium,
2522 1233 2622 1289 pro
2677 1233 2742 1275 eo
2802 1221 2943 1290 quod
3000 1236 3188 1277 eorum
3244 1224 3516 1279 civitatem

1945 1310 2416 1382 inexpugnabilem
2462 1310 2533 1366 ob
2577 1326 2857 1369 murorum
2913 1314 3282 1371 fortitudinem
3326 1332 3517 1374 cerne-

1942 1410 2082 1469 rent,
2117 1405 2490 1468 recessissent,
2533 1405 2758 1473 contigit
2805 1406 3020 1460 beatum
3063 1406 3362 1464 Servatium
3401 1409 3519 1479 ipso

1941 1504 2184 1563 tempore
2212 1495 2337 1549 dum
2381 1510 2409 1548 a
2442 1494 2606 1550 Roma
2638 1506 2999 1552 reverteretur
3033 1497 3207 1555 Mettis
3236 1500 3519 1563 devenire.

1943 1587 2194 1654 Quidum
2226 1588 2499 1657 universa,
2526 1590 2665 1644 sicut
2692 1591 3022 1647 revelatione
3044 1590 3321 1658 didicerat,
3336 1602 3522 1650 sancto

1940 1680 2312 1736 consacerdoti
2361 1695 2460 1736 suo
2509 1681 2732 1739 Anctori
2782 1683 3084 1749 retulisset,
3137 1684 3203 1739 ad
3252 1683 3521 1740 civitatem

1940 1773 2239 1842 propriam,
2274 1772 2376 1827 hoc
2407 1773 2489 1829 est
2516 1773 2768 1843 Tungris,
2802 1790 3051 1831 reversus
3074 1784 3176 1831 est.
3218 1775 3327 1830 Nec
3348 1789 3521 1844 mera,

1872 1852 1921 1914 Β
1946 1869 2066 1936 poitt
2092 1866 2208 1936 ejus
2230 1866 2594 1936 egressionem
2626 1884 2809 1923 niurus
2839 1869 3067 1924 civitatis
3100 1868 3373 1925 Mettensis
3401 1883 3522 1925 cor-

1943 1958 2046 2014 ruit
2093 1961 2145 2024 b,
2179 1958 2586 2028 ingressumque
2632 1959 2869 2015 hostibus
2906 1975 3133 2031 superna
3165 1958 3525 2029 dispositione

1942 2051 2224 2122 patefecit.
2266 2051 2388 2107 Mox
2437 2066 2565 2107 vero
2609 2054 2792 2109 beatus
2838 2057 3034 2109 Auctor
3063 2054 3312 2109 traditam
3334 2053 3522 2109 civita-

1943 2153 2052 2201 tem
2084 2144 2421 2200 inimicorum
2448 2145 2637 2214 gladiis
2664 2146 2948 2203 advertens
2966 2188 2981 2212 ,
3025 2147 3305 2203 universos
3330 2161 3525 2216 parvu-
3620 2174 3625 2183 -

1945 2235 2024 2292 los
2075 2238 2165 2304 qui
2216 2238 2444 2293 necdum
2484 2238 2619 2292 sacri
2667 2237 2828 2295 fontis
2872 2238 3221 2295 abluitionem
3266 2253 3524 2309 percepe-

1942 2338 2089 2395 rant,
2143 2330 2402 2399 baptizari
2444 2331 2718 2400 praecepit.
2780 2330 2944 2401 Igitur
2998 2332 3276 2387 audientes
3323 2330 3525 2397 Hunni,

1951 2421 2041 2491 qui
2071 2421 2394 2478 duodecimo
2420 2422 2616 2478 exinde
2640 2420 2891 2477 milliario
2916 2423 3074 2479 situm
3098 2432 3333 2478 castrum
3379 2420 3525 2492 quod

1940 2515 2254 2587 Scarponna
2285 2522 2309 2552 ε
2343 2515 2541 2573 dicitur
2563 2516 2899 2587 obsidebant,
2931 2517 3203 2575 Mettensis
3222 2516 3368 2573 urbis
3391 2530 3525 2574 mut-

1944 2612 2032 2665 nia
2064 2613 2370 2677 corruisse,
2421 2611 2615 2666 iterato
2654 2611 2720 2666 ad
2762 2626 2880 2665 eam
2912 2610 3103 2666 festina
3134 2609 3412 2666 celeritate
3440 2622 3526 2665 re-

1946 2702 2120 2773 gressi
2143 2711 2288 2768 sunt,
2321 2701 2690 2771 incendiisque
2720 2712 2772 2757 et
2802 2699 3002 2772 rapinis
3030 2703 3279 2756 universa
3307 2709 3525 2755 vastan-

1944 2806 2048 2862 tes,
2096 2796 2279 2867 plures
2323 2811 2355 2850 e
2381 2795 2614 2860 civibus,
2652 2810 2771 2850 cum
2793 2795 2871 2850 eis
2900 2796 2988 2864 qui
3016 2795 3266 2863 baptizati
3293 2793 3523 2859 fuerant,

1950 2888 2205 2958 parvulos
2239 2888 2651 2951 interemerunt,
2686 2885 2919 2956 reliquos
2943 2900 3071 2941 vero
3094 2885 3184 2955 qui
3230 2885 3395 2940 exitio
3430 2899 3524 2939 su-

1946 2990 2166 3050 peresse
2198 2986 2477 3049 poterant,
2527 2975 2687 3033 simul
2711 2992 2831 3032 cum
2856 2984 3041 3032 sancto
3061 2976 3294 3031 Auctore
3317 2974 3529 3044 episco-

1947 3087 2017 3142 po
2066 3072 2307 3140 captivos
2356 3069 2648 3127 abducunt.
2719 3071 2998 3141 impletum
3048 3085 3177 3124 sane
3232 3078 3314 3125 est
3365 3082 3527 3138 super

1946 3164 2091 3219 beati
2150 3162 2411 3232 Stephani
2457 3162 2639 3217 levitzc
2688 3171 2744 3218 et
2791 3162 3198 3235 protomartyris
3235 3161 3525 3228 domicilio,

1948 3255 2089 3327 quod
2120 3270 2151 3310 a
2172 3255 2491 3311 beatiSSimo
2517 3255 2677 3311 Petro
2698 3254 2838 3326 apud
2861 3255 3084 3310 Romam
3102 3251 3298 3309 Christi
3324 3252 3527 3310 famulo

1947 3349 2193 3407 Servatio
2213 3351 2385 3405 fuerat
2415 3358 2540 3405 ante
2572 3350 2908 3419 praedictum.
2965 3349 3096 3405 Nam
3127 3363 3247 3404 cum
3282 3346 3527 3405 eamdem

1945 3440 2221 3499 basilicam
2276 3441 2460 3511 procul
2509 3442 2749 3497 furentes
2798 3441 3015 3497 barbari
3067 3440 3410 3511 aspicerent,
3459 3441 3527 3496 ad

1946 3548 2063 3588 eam
2105 3537 2303 3589 cursim
2353 3534 2507 3602 quasi
2557 3534 2732 3603 opima
2778 3533 2944 3603 spoiia
2976 3535 3235 3603 captaturi
3270 3548 3528 3603 propera-

1944 3624 2093 3691 bant,
2127 3640 2356 3696 cumque
2383 3625 2601 3694 propius
2628 3625 2984 3692 accederent,
3012 3640 3201 3681 eorum
3233 3625 3403 3679 oculis
3437 3639 3528 3680 ve-

1946 3720 2025 3774 lut
2058 3718 2245 3791 ingens
2274 3733 2459 3773 saxum
2486 3733 2549 3773 ac
2579 3719 2751 3774 moles
2778 3718 2950 3774 solida
2984 3720 3296 3789 apparebat.
3356 3718 3525 3785 Quam

1946 3828 2067 3869 cum
2094 3855 2107 3879 ,
2138 3814 2322 3867 cmcati
2357 3811 2626 3867 mentibus
2650 3853 2667 3879 ,
2716 3811 2964 3866 manibus
2998 3824 3091 3880 per
3121 3824 3308 3882 gyrum
3343 3812 3527 3881 palpa-

1949 3917 2090 3972 rent,
2124 3906 2438 3974 aditumque
2468 3903 2803 3975 ingrediendi
2833 3914 3170 3973 quaererent,
3200 3904 3326 3957 nihil
3356 3902 3529 3956 omni-

1949 4013 2019 4053 no
2051 3998 2131 4053 eis
2160 3997 2303 4053 aliud
2333 4011 2492 4067 quam
2532 3995 2791 4051 naturalis
2822 3996 2937 4050 saxi
2969 3996 3193 4051 durities
3223 3994 3525 4048 videbatur.

1948 4090 2187 4158 Denique
2236 4090 2433 4159 saepius
2463 4089 2848 4154 abscedentes,
2897 4096 3217 4165 rursumque
3248 4096 3528 4141 reverten-

1946 4191 2044 4250 tes,
2072 4198 2192 4237 cum
2236 4196 2298 4237 se
2344 4181 2478 4235 nihil
2532 4180 2795 4250 proﬁcere
2822 4189 3125 4245 cernerent,
3159 4177 3370 4234 tandem
3404 4175 3528 4233 fati-

1942 4281 2054 4347 gati
2080 4280 2464 4344 discesserunt,
2490 4292 2707 4348 suaeque
2740 4275 3035 4348 iniquitatis
3064 4272 3257 4331 effectu
3291 4273 3529 4330 frustrati

1943 4380 2151 4531 angam
2200 4464 2359 4519 etiam
2408 4462 2477 4517 de
2526 4460 2629 4517 hoc
2680 4458 2917 4517 oratorio
2962 4459 3151 4517 beatus
3197 4458 3529 4531 Gregorius,

254 4563 701 4634 Burgundionum
731 4576 934 4631 regem,
966 4560 1062 4614 sibi
1091 4569 1460 4614 occurrentem
1496 4559 1836 4629 protriverat,
1863 4589 1919 4651 Β
1942 4555 2280 4611 Turonorum
2333 4555 2649 4624 episcopus,
2680 4554 2736 4608 in
2785 4553 2898 4608 suis
2944 4552 3095 4609 libris
3128 4551 3154 4590 ά
3186 4552 3488 4607 narraverit
3512 4594 3526 4617 ,

252 4657 314 4710 ad
348 4657 634 4711 universas
683 4651 1061 4725 deprimendas
1102 4650 1302 4705 Gallias
1351 4664 1461 4705 sua;
1490 4650 1719 4705 saevitia:
1750 4667 1834 4715 re-

254 4747 452 4803 laxavit
503 4744 760 4799 babeuas.
828 4740 1055 4813 Hujusal
1092 4741 1350 4805 adventu,
1399 4741 1589 4795 beatus
1641 4742 1838 4797 Serva-

256 4839 357 4895 tius
386 4838 408 4869 ⁸
433 4836 772 4907 Tungrorum
798 4836 1109 4906 episcopus,
1142 4835 1487 4904 praecognita,
1517 4835 1741 4889 Romam
1769 4836 1834 4890 ad

254 4933 537 4989 beatorum
580 4929 948 4999 apostolorum
994 4927 1137 4982 Petri
1184 4937 1237 4982 et
1285 4926 1432 4982 Pauli
1482 4928 1836 4983 sacratissima

255 5038 477 5094 corpora
532 5021 806 5092 perrexit,
864 5027 923 5074 ut
965 5035 1061 5089 per
1109 5034 1293 5075 eorum
1337 5018 1564 5073 sublime
1591 5019 1837 5081 meritum

257 5116 564 5191 specialiter
591 5130 621 5169 a
652 5113 879 5177 Domino
902 5112 1237 5185 impetraret,
1274 5112 1296 5144 ⁸
1318 5120 1580 5185 quatenus
1604 5113 1698 5167 ira:
1728 5128 1838 5169 sua:

258 5208 679 5280 indignationem
712 5216 1001 5272 averteret,
1047 5216 1100 5261 et
1140 5204 1471 5277 Tungrensis
1500 5206 1647 5260 urbis
1674 5221 1837 5275 pupu-

258 5305 364 5356 lum
410 5317 439 5355 a
491 5311 639 5356 tanto
688 5300 852 5355 exitio
883 5299 1158 5354 liberaret.
1200 5297 1349 5352 Tunc
1386 5297 1434 5352 ei
1459 5297 1714 5354 divinitus
1745 5312 1838 5368 per

259 5396 505 5458 eumdem
551 5396 767 5457 beatum
813 5393 1030 5456 Petrum
1082 5392 1383 5471 apostolum
1404 5394 1700 5457 revelatum
1731 5400 1835 5463 est,

1946 4667 2057 4707 non
2084 4651 2275 4706 silebo.
2306 4647 2498 4706 Refert
2526 4649 2669 4704 enim
2696 4667 2708 4703 :
2744 4669 2762 4702 ί
2787 4647 3104 4714 Priusquam
3136 4648 3189 4703 hl
3219 4648 3401 4702 hostes
3431 4660 3526 4703 ve-

1946 4743 2156 4811 nirent,
2190 4742 2391 4797 vidisse
2420 4740 2589 4795 virum
2624 4740 2837 4797 ﬁdelem
2884 4740 2937 4795 in
2984 4740 3099 4795 visu
3148 4739 3297 4808 quasi
3344 4735 3527 4793 confe-

1945 4844 2152 4891 rentem
2185 4851 2305 4889 cum
2337 4834 2536 4889 sanctis
2562 4834 2821 4905 apostolis
2844 4831 3010 4889 Petro
3036 4846 3099 4886 ac
3121 4831 3285 4886 Paulo
3311 4832 3528 4887 beatum

1946 4926 2164 4981 levitam
2210 4925 2545 4995 Stephanum
2588 4925 2654 4980 de
2686 4923 2785 4980 hoc
2816 4922 3059 4990 excidio,
3106 4936 3168 4975 ac
3217 4922 3522 4976 dicentem:

1954 5026 1972 5074 ι
2004 5022 2144 5089 Oro,
2177 5021 2384 5077 domini
2416 5022 2550 5087 mei,
2583 5029 2641 5074 ut
2682 5036 2787 5076 non
2817 5017 3138 5089 permittatis
3167 5015 3387 5071 obtentu
3430 5031 3523 5069 ve-

1954 5131 1975 5167 r
2007 5125 2118 5169 stro
2140 5113 2478 5169 Mettensium
2509 5110 2696 5167 urbem
2727 5111 2792 5167 ab
2822 5109 3053 5165 inimicis
3082 5108 3270 5172 exuri,
3294 5106 3419 5177 quia
3450 5108 3527 5161 lo-

1954 5208 1973 5259 i
2003 5222 2099 5263 cus
2130 5208 2181 5261 in
2214 5221 2273 5261 ea
2305 5216 2386 5262 est
2415 5204 2467 5260 in
2500 5208 2608 5274 quo
2638 5206 3079 5275 parvitatismem
3112 5202 3327 5272 pignora
3357 5199 3526 5255 conti-

1955 5320 1974 5353 ι
2004 5313 2199 5357 nentur
2227 5318 2240 5368 ;
2274 5301 2367 5355 sed
2400 5301 2581 5368 potius
2612 5299 2845 5354 sentiant
2872 5313 2930 5353 se
2958 5297 3157 5367 populo
3199 5294 3399 5363 aliquid
3442 5310 3528 5349 me

1951 5409 1971 5445 ι
2006 5409 2162 5469 posse
2192 5407 2374 5448 coram
2410 5392 2661 5448 Domino.
2690 5390 2850 5459 Quod
2877 5390 2925 5446 si
2956 5399 3161 5446 tantum
3190 5388 3398 5445 facinus
3426 5400 3525 5459 pe-

1494 5478 1887 5545 VARIANTES
1922 5480 2323 5561 LECTIONES.

331 5585 349 5617 ³
390 5562 698 5640 Sambatius
738 5581 795 5637 4.
870 5580 894 5612 ¹
931 5580 1038 5637 sint
1085 5579 1140 5635 4.
1216 5578 1238 5611 ³
1278 5577 1445 5636 rullus
1494 5578 1547 5636 ’5.

322 5657 386 5712 ad
406 5655 739 5713 obsidionem
770 5651 826 5707 3.
904 5738 909 5743 ἡ

329 5820 363 5922 ἒ
396 5820 481 5949 Ei.
505 5819 1042 5965 ἘῖἓὲιὲἓὲτὲξῈὲἳδις.
1070 5811 1434 5957 litigii;
1457 5814 1605 5943 ἳίὲ

1638 5576 1662 5610 ⁸
1699 5579 1836 5635 deest
1875 5574 1929 5634 3.
2008 5578 2029 5610 ⁵
2086 5577 2353 5635 servasius
2382 5602 2436 5635 υ.

1751 5710 1983 5833 norm.

2531 5577 2554 5608 ⁸
2608 5585 2872 5650 quatenus
2928 5576 2969 5636 i.
3016 5591 3068 5633 ε.
3118 5577 3155 5655 1.
3194 5591 3248 5645 pa.
3288 5576 3433 5635 deest
3467 5573 3519 5630 ι

2023 5824 2048 5886 ﬁ
2087 5810 2443 5886 Qbarpeigtie,
2470 5826 2564 5886 seu
2591 5812 2928 5886 Sampeigne,
2960 5812 3026 5870 ad
3054 5810 3347 5875 musellam.

2024 5880 2052 5922 ἀ
2089 5882 2206 5941 Lib.
2236 5880 2462 5957 it,'cap.
2495 5884 2551 5943 6.
2721 5880 2738 5886 ’
2812 5880 2835 5885 ⁷
2914 5880 2922 5883 ⁷
3358 5916 3361 5917 ν
