3920 6336
476 355 573 415 105

1347 345 1548 404 PAULI
1590 345 1863 403 DIACONI
1899 345 2051 403 ore.
2091 344 2267 404 PARS
2306 345 2845 406 l.—HlSTORlCA.
3208 316 3211 325 ’
3590 367 3677 426 τοι

477 483 494 519 ι
525 462 630 534 puli
678 457 1040 530 supercrevit,
1091 465 1149 512 ut
1188 456 1341 513 aliud.
1384 457 1500 511 fieri
1548 471 1665 551 non~
1703 454 1903 551 possit,
1939 455 2043 510 nisi
2073 460 2128 520 Α
2152 455 2317 551 divini
2354 460 2599 515 sacriﬁcii
2641 477 2838 518 munus
2878 462 3117 522 oﬂerret.
3147 467 3483 536 Stupentibus
3521 477 3667 551 itaque

477 575 495 610 ι
521 555 710 610 civitas
742 552 983 607 tradatur
1013 551 1259 606 incendio
1288 590 1303 614 ,
1348 551 1539 604 saltem
1586 549 1667 604 vel
1718 549 1817 601 hoc
1864 557 2047 602 orato-

476 666 497 700 ι
527 648 663 701 rium
691 660 797 699 non
827 652 1117 700 cremetur.
1149 660 1168 695 ι
1195 641 1291 697 Cui
1323 642 1398 696 illi
1429 642 1614 695 aiunt:
1647 659 1664 693 ι
1694 639 1838 694 Vade
1869 640 1920 695 in
1956 656 2048 711 pa-

476 753 619 805 rce,
669 737 1024 793 dilectissime
1074 734 1270 798 frater,
1305 734 1594 788 oratorium
1643 741 1842 787 tantum
1894 741 2040 787 tuum

477 852 499 888 ι
531 832 732 889 carebit
774 829 1046 886 incendio.
1094 828 1198 883 Pro
1247 829 1379 882 urbe
1410 842 1536 881 vero
1566 841 1670 881 non
1701 826 2041 892 obtinemus,

478 944 496 978 ι
525 925 644 995 quia
676 923 959 978 dominica:
987 920 1283 975 sanctionis
1308 934 1469 987 super
1494 933 1611 974 eam
1639 919 1901 972 sententia
1928 917 2042 986 jam

480 1040 499 1073 ι
533 1019 821 1089 przecessit.
855 1016 1083 1070 invaluit
1115 1015 1261 1069 enim
1296 1024 1571 1082 peccatum
1604 1013 1815 1081 populi,
1851 1022 1901 1066 et
1933 1011 2049 1065 cla-

479 1131 500 1166 ι
530 1128 647 1167 mor
674 1110 895 1165 malitiae
924 1123 1110 1162 eorum
1154 1105 1391 1161 ascendit
1430 1120 1610 1159 coram
1640 1103 1888 1158 Domino.
1919 1100 2040 1156 ideo

479 1226 500 1259 ι
529 1205 717 1261 civitas
749 1204 863 1257 haec
890 1201 1214 1257 cremabitur
1261 1198 1527 1254 incendio.
1559 1217 1577 1249 ι
1608 1196 1758 1253 Unde
1802 1212 1905 1250 non
1953 1194 2049 1249 du-

471 1296 619 1353 bium
651 1302 732 1349 est
762 1292 900 1362 quod
934 1292 1121 1347 horum
1151 1293 1406 1357 obtentu,
1436 1290 1566 1346 urbe
1594 1297 1830 1355 vastata,
1866 1297 2046 1342 orato—

472 1388 615 1444 rium
648 1386 940 1457 permansit
971 1385 1217 1439 illaesum.
1245 1402 1265 1436 ι

545 1480 710 1551 lgitur
739 1478 933 1533 exinde
971 1477 1152 1532 hostes
1186 1479 1202 1510 ⁸
1237 1476 1361 1530 dum
1390 1475 1456 1529 ad
1497 1473 1748 1544 oppidum
1778 1471 1919 1542 quod
1948 1486 2046 1540 ap—

475 1575 706 1645 pellatur
750 1573 1112 1641 Decempagos
1143 1577 1191 1633 α,
1226 1568 1368 1637 quod
1414 1582 1443 1620 a
1490 1565 1735 1621 Mettensi
1784 1564 1912 1618 urbe
1959 1563 2055 1619 tri-

473 1668 620 1741 ginta
649 1666 883 1721 millibus
910 1666 1091 1728 abest,
1124 1663 1528 1733 pervenissent,
1561 1661 1683 1730 quia
1720 1660 1827 1713 Deo
1870 1667 2051 1713 nostro

476 1774 691 1827 semper
718 1757 784 1812 de
814 1758 924 1811 suis
952 1755 1178 1812 servulis
1206 1769 1331 1809 cura
1372 1761 1487 1816 est,
1533 1761 1588 1808 et
1628 1752 1680 1806 in
1729 1752 1803 1806 ira
1850 1751 2060 1806 miseri-

2154 547 2291 614 illis,
2340 560 2393 606 et
2438 552 2565 621 quid
2608 562 2751 607 esset
2805 553 3039 610 facturus
3090 558 3509 633 intendentibus,
3567 547 3669 628 mox

2153 638 2437 693 Salutarem
2496 642 2720 698 hostiam
2773 643 2881 700 Deo
2927 646 3149 722 obtulit,
3196 651 3342 707 Illico
3390 658 3554 713 omnis
3596 662 3666 718 illa

2154 733 2445 787 contractio
2490 733 2558 788 ita
2607 737 2830 791 solidata
2878 750 2995 805 est,
3027 745 3175 811 quasi
3206 754 3359 801 antea
3399 748 3559 805 divisa
3600 757 3680 809 mi-

2157 823 2297 879 nime
2325 824 2530 917 fuisset.
2562 828 2657 883 Est
2683 840 2860 886 tamen
2906 834 2958 887 in
3000 835 3191 891 eodem
3237 854 3524 910 marmore,
3556 852 3672 917 quod

2159 927 2263 967 non
2309 915 2645 974 mediocriter
2690 935 2857 990 usque
2901 924 2954 979 in
3001 939 3318 993 praesentem
3366 933 3503 989 diem
3545 915 3679 1005 possit

2158 1004 2428 1059 admirari.
2462 1006 2591 1062 Nam
2636 1012 2703 1064 ita
2746 1026 2966 1083 apparet
3010 1018 3274 1078 hactenus
3314 1004 3551 1082 attentius
3576 1046 3680 1085 cer-

2160 1099 2406 1153 nentibus
2436 1101 2583 1169 quasi
2613 1102 2838 1159 divisum
2865 1148 2880 1172 ,
2912 1109 3005 1163 sed
3049 1112 3290 1168 studiose
3335 1128 3677 1178 contrectatum

2159 1193 2335 1264 digitis
2363 1198 2422 1260 ι),
2474 1198 2543 1251 ita
2592 1200 2843 1263 probatur
2888 1202 3156 1267 solidum,
3212 1216 3270 1260 ut
3314 1209 3503 1263 nullius
3551 1215 3593 1266 in
3631 1230 3681 1270 eo

2160 1287 2434 1344 divisionis
2480 1291 2737 1345 sentiatur
2785 1292 3062 1348 indicium.
3113 1295 3228 1351 Non
3277 1307 3358 1353 est
3404 1301 3599 1358 dubium
3637 1315 3680 1360 et

2162 1382 2310 1451 plura
2368 1400 2489 1438 eum
2545 1384 2783 1440 miranda
2841 1399 3116 1456 patrasse,
3169 1392 3264 1446 sed
3319 1404 3531 1461 quantus
3574 1415 3679 1466 qua-

2164 1475 2335 1545 lisque
2376 1476 2565 1546 fuerit,
2614 1493 2678 1533 ex
2725 1479 2807 1533 his
2849 1496 2967 1550 quae
3008 1484 3173 1538 relata
3204 1482 3227 1515 ⁸
3254 1494 3377 1540 sunt
3405 1488 3584 1556 plene“
3608 1508 3682 1560 po-

2165 1578 2266 1626 test
2296 1572 2535 1640 agnosci.

2236 1662 2507 1717 Successit
2551 1662 2674 1719 huic
2718 1675 2941 1734 quartus
2992 1682 3055 1722 ac
3103 1668 3344 1724 decimus
3390 1672 3682 1743 .lEplctius‘.

2170 1755 2372 1811 Deinde
2399 1755 2615 1824 quintus
2658 1757 2900 1813 decimus
2946 1759 3213 1819 Urbicius.
3264 1763 3455 1818 Sextus
3494 1767 3689 1824 decimus

475 1852 714 1908 cordiam
741 1890 755 1917 ,
789 1850 927 1905 sicut
968 1849 1039 1903 ait
1074 1849 1351 1903 Psalmista
1373 1887 1386 1911 ,
1422 1863 1527 1902 non
1571 1847 1841 1911 continet,
1896 1854 2059 1901 tanta:
2089 1820 2138 1881 Β
2168 1848 2424 1903 Bonolus.
2456 1848 2728 1919 Septimus
2766 1850 3116 1923 decimusquc
3162 1854 3461 1912 Terentius.
3502 1860 3687 1916 Octavus

480 1948 660 2005 subito
689 1946 907 2002 eosdem
951 1945 1170 2000 llunnos
1214 1944 1447 2000 tenebrae
1480 1944 2060 2007 circumvallaverunt,

480 2050 537 2096 ut
565 2040 693 2110 quid
723 2048 943 2107 agerent
964 2082 978 2107 ,
1012 2037 1094 2093 vel
1127 2052 1232 2107 quo
1263 2052 1321 2092 se
1354 2047 1661 2107 verterent,
1695 2038 1914 2092 omnino
1941 2050 2066 2092 nes-

477 2133 674 2189 cirent.
708 2133 861 2188 Tunc
891 2146 1110 2186 causam
1145 2140 1304 2186 tanta:
1334 2130 1689 2198 calamitatis,
1718 2140 1777 2184 ut
1805 2131 1857 2184 in
1890 2129 1979 2183 tali
2008 2143 2067 2185 re

477 2240 617 2294 opus
645 2232 797 2288 erat,
831 2222 1062 2276 sollicite
1094 2221 1457 2290 inquirentes,
1491 2223 1558 2275 ab
1588 2238 1694 2274 uno
1732 2236 1794 2275 ex
1839 2219 2067 2287 captivis

479 2318 500 2347 ²
532 2331 667 2385 quos
696 2313 966 2368 ducebant
1008 2313 1262 2378 audiunt,
1290 2312 1415 2381 quia
1452 2321 1677 2381 propter
1704 2326 1918 2367 servum
1950 2325 2067 2366 cm-

476 2407 627 2463 lestis
656 2405 869 2460 Domini
899 2446 912 2465 ,
946 2407 1229 2459 Auctorem
1258 2405 1599 2473 episcopum,
1632 2419 1786 2471 quem
1816 2401 1869 2456 in
1898 2401 2065 2471 capti-

480 2512 669 2553 vorum
717 2510 942 2549 numero
973 2512 1031 2549 se
1060 2496 1256 2551 vidisse
1282 2495 1526 2563 dicebat,
1563 2496 1683 2549 talia
1734 2504 2062 2561 paterentur.

479 2588 607 2645 Mox
641 2587 807 2658 igitur
841 2588 977 2642 facta
1008 2586 1383 2656 inquisitione,
1419 2586 1629 2640 beatum
1663 2588 1947 2641 Auctorem
1980 2599 2066 2640 re-

479 2681 726 2753 periunt;
755 2695 912 2749 quem
939 2679 1064 2733 dum
1097 2686 1573 2747 percunctarentur
1596 2677 1735 2745 quod
1766 2676 1817 2729 in
1845 2691 2065 2731 munere

484 2772 647 2828 vellet
693 2773 967 2840 accipere,
1005 2781 1116 2825 uta
1163 2780 1309 2825 tanto
1355 2786 1448 2825 eos
1496 2770 1733 2839 periculo
1777 2770 2060 2834 liberaret,

481 2863 575 2921 ille
604 2864 671 2919 ad
704 2866 818 2919 haec
845 2865 1124 2933 respondit
1152 2865 1255 2919 sibi
1282 2864 1484 2919 nullum
1512 2863 1655 2918 aliud
1683 2864 1883 2933 gratius
1909 2877 2066 2930 posse

486 2970 682 3012 munus
715 2955 925 3023 offerri,
960 2971 1121 3026 quam
1150 2955 1195 3009 si
1225 2971 1411 3010 omnes
1440 2970 1573 3023 quos
1602 2955 1868 3011 ducebant
1897 2954 2063 3023 capti-

475 3061 577 3102 vos
619 3048 859 3104 sinerent
888 3047 953 3101 ad
986 3048 1196 3117 propria
1246 3061 1526 3113 remeare;
1558 3046 1700 3115 quod
1730 3046 1806 3099 illi
1837 3047 1882 3100 si
1915 3046 2063 3100 face-

482 3151 634 3208 rent,
665 3142 926 3211 promittit
953 3156 1012 3196 se
1038 3141 1157 3196 sine
1199 3141 1360 3195 dubio
1402 3156 1432 3193 a
1474 3154 1571 3195 suo
1621 3139 1844 3195 Domino
1889 3140 2059 3208 impe-
2088 3190 2134 3214 η

2088 3192 2136 3253 C

478 3242 775 3300 traturum,
829 3244 886 3289 ut
938 3235 1002 3290 ab
1051 3234 1156 3289 illis
1211 3234 1403 3304 quibus
1454 3234 1772 3290 tenebantur
1823 3234 2060 3290 tenebris

476 3333 799 3382 eruerentur
825 3342 839 3382 :
875 3325 1182 3395 factumque
1207 3335 1307 3382 est.
1344 3326 1412 3380 Et
1441 3341 1565 3381 mox
1596 3328 1648 3381 in
1679 3328 1931 3382 universo
1963 3340 2063 3380 suo

478 3417 661 3474 Hunni
695 3419 937 3473 exercitu
972 3419 1214 3486 captivos
1244 3433 1379 3487 quos
1408 3418 1675 3473 ducebant
1704 3419 2061 3486 requirentes,

482 3523 579 3564 eos
622 3509 781 3563 beato
829 3509 1049 3565 Auctori
1081 3509 1462 3574 reddiderunt,
1493 3525 1523 3564 a
1554 3510 1663 3565 suis
1684 3551 1699 3575 ,
1729 3517 1785 3563 ut
1823 3510 1899 3564 eis
1943 3525 2064 3575 pro-

483 3599 707 3661 missum
738 3599 947 3665 fuerat,
978 3602 1315 3657 cessantibus
1350 3601 1617 3667 tenebris,
1648 3600 1768 3656 luce
1814 3600 2022 3655 reddita
2044 3640 2061 3665 ,

480 3696 743 3766 angustiis
793 3696 1005 3752 liberati
1050 3706 1197 3753 sunt.
1252 3698 1447 3770 Sicque
1499 3697 1816 3753 venerabilis
1863 3696 2062 3753 Christi

477 3789 741 3857 famulus,
797 3790 923 3846 dum
974 3790 1040 3846 ad
1094 3792 1361 3848 modicum
1412 3793 1468 3847 in
1517 3791 1849 3860 captivorum
1907 3802 2054 3847 sorte

477 3885 757 3954 deputatus
783 3893 892 3950 est,
925 3886 1121 3942 multos
1164 3887 1365 3956 pariter
1408 3901 1438 3940 a
1484 3886 1790 3954 captivitate
1822 3886 2055 3942 resolvit.

476 3976 522 4031 0
566 3988 818 4047 quantum
862 3978 1054 4048 potiori
1103 3980 1275 4049 gloria
1327 3981 1395 4036 de
1440 3980 1675 4035 reductis
1718 3981 1818 4035 iste
1860 3982 2061 4036 civibus

479 4070 860 4137 triumphavit,
899 4085 1056 4141 quam
1101 4070 1348 4126 crudeles
1377 4072 1627 4137 barbari,
1655 4072 1744 4141 qui
1775 4086 1869 4127 eos
1898 4080 2053 4127 antea

475 4161 707 4217 victores
737 4161 1073 4217 abduxerant
1094 4207 1109 4228 ,
1145 4162 1475 4231 triumphare
1506 4163 1842 4232 potuissent!

549 4248 837 4305 Veniamus
867 4262 919 4305 et
949 4251 1014 4305 ad
1055 4252 1196 4306 aliud
1244 4254 1558 4308 miraculum
1582 4295 1596 4320 ,
1628 4252 1770 4323 quod
1818 4254 2058 4322 ejusdem

474 4345 681 4401 meritis
709 4345 917 4400 cmlesti
947 4354 1030 4400 est
1060 4346 1255 4401 virtute
1286 4357 1574 4414 patratum.
1617 4347 1858 4414 Quodam
1903 4346 2057 4402 deui-

474 4451 580 4508 que
632 4446 871 4506 tempore
914 4452 1033 4493 cum
1085 4439 1136 4492 in
1181 4439 1418 4494 oratorio
1465 4439 1606 4495 beati
1648 4439 2058 4510 protomartyris

2167 1942 2410 1996 decimus
2436 1942 2771 2000 Gunsolinus
2799 1946 2841 2000 ⁷.
2878 1946 3084 2003 Exinde
3112 1948 3412 2008 Romanus.
3445 1951 3690 2010 Vicesimus

2169 2034 2397 2104 denique
2426 2035 2733 2091 Fronimus.
2766 2037 2891 2093 Post
2937 2055 3093 2107 quem
3136 2040 3438 2099 Cromatius
3462 2043 3501 2096 ⁸.
3534 2044 3692 2100 Deinde

2166 2126 2511 2199 Agathander
2544 2132 2585 2183 θ.
2634 2128 2767 2185 Tres
2811 2130 2992 2200 itaque
3034 2132 3124 2187 isti
3172 2149 3309 2201 quos
3358 2135 3690 2205 prarmisimus,

2165 2221 2307 2276 sicut
2360 2221 2412 2276 in
2465 2237 2651 2277 eorum
2710 2224 3015 2278 nominibus
3064 2222 3379 2282 attenditur.
3426 2226 3489 2282 de
3532 2228 3693 2297 origine

2166 2315 2423 2371 credendi
2453 2326 2577 2371 sunt
2607 2332 2860 2373 emanare
2890 2318 2932 2349 ¹⁰
2964 2318 3301 2376 Graecorum.

2239 2406 2367 2462 Post
2411 2408 2510 2463 hos
2555 2407 2697 2464 rexit
2745 2408 3041 2464 Ecclesiam
3087 2409 3312 2479 Sperus.
3362 2410 3548 2467 Deinde
3575 2410 3694 2467 Villi.

2166 2514 2263 2555 cus
2297 2500 2360 2553 η.
2393 2499 2526 2553 Tum
2556 2500 2841 2554 vicesimus
2865 2501 3079 2565 quintus
3097 2500 3311 2556 Petrus.
3346 2500 3615 2556 Vicesimus
3647 2515 3694 2555 ac

2167 2600 2354 2646 sextus
2385 2590 2626 2659 Agiulfus
2660 2593 2726 2657 η,
2756 2588 2844 2659 qui
2877 2590 3064 2656 fertur,
3099 2602 3254 2660 patre
3292 2604 3358 2647 ex
3399 2591 3551 2648 nobili
3572 2607 3695 2646 sena-

2170 2690 2342 2736 torum
2374 2682 2570 2737 familia
2600 2693 2718 2736 orto
2752 2682 2818 2748 ‘3,
2851 2699 2916 2739 ex
2946 2683 3203 2740 Clodovei
3231 2684 3370 2753 regis
3414 2685 3691 2739 Francorum

2167 2775 2277 2830 lilia
2311 2785 2640 2843 procreatus.
2676 2777 2802 2831 Post
2831 2777 2991 2831 istum
3023 2778 3235 2832 exstitit
3277 2793 3439 2848 nepos
3482 2779 3623 2845 ipsius
3644 2775 3694 2843 ⁸⁸,

2169 2870 2384 2922 nomine
2414 2866 2737 2922 Aruoaldus.
2769 2868 2938 2935 Quem
2969 2878 3186 2924 secutus
3214 2878 3298 2924 est
3324 2869 3587 2938 Pappolns.

2240 2958 2364 3024 Post
2400 2960 2494 3012 bos
2525 2958 2590 3014 ad
2625 2961 2862 3029 regimen
2896 2960 2939 2991 "
2971 2959 3230 3016 Ecclesiae
3270 2960 3591 3017 beatissimus
3622 2963 3697 3015 Ar-

2169 3048 2346 3105 nulfus
2375 3050 2572 3105 ascitus
2600 3061 2714 3116 eSt,
2748 3050 2830 3104 vir
2862 3066 2955 3118 per
2986 3050 3162 3105 omnia
3215 3052 3413 3106 lumine
3453 3050 3698 3107 sanctitatis

2167 3153 2222 3210 et
2251 3143 2539 3213 splendore
2569 3145 2781 3212 generis
2810 3144 3008 3199 clarus.
3053 3144 3150 3211 Qui
3185 3160 3255 3200 ex
3287 3144 3592 3200 nobilissimo
3615 3144 3696 3197 lor-

2171 3238 2482 3304 tissimoque
2512 3235 2841 3290 Francorum
2873 3245 3154 3290 stemmate
3206 3235 3253 3267 “
3298 3244 3475 3299 ortus,
3524 3236 3583 3288 ita
3625 3231 3694 3287 Dei

2166 3325 2426 3382 Ecclesia:
2474 3325 2716 3394 praefuit,
2764 3335 2821 3381 ut
2858 3336 2911 3381 et
2954 3326 3137 3396 palatii
3191 3327 3492 3382 moderator
3518 3326 3556 3358 "
3584 3326 3695 3380 exis-

2168 3429 2323 3473 teret.
2360 3419 2455 3473 llic
2481 3417 2715 3485 denique
2744 3427 2799 3472 et
2826 3417 2881 3472 in
2910 3433 3139 3484 corpore
3191 3433 3536 3487 permanens,
3575 3412 3698 3469 simul

2165 3521 2220 3567 et
2250 3519 2370 3579 post
2398 3512 2521 3565 vita:
2550 3509 2751 3566 exitum
2784 3510 2949 3566 multa
2979 3510 3295 3566 admiranda
3325 3507 3618 3581 perpetravit
3644 3504 3696 3571 ι’,

2164 3618 2282 3672 quae
2326 3601 2369 3658 si
2416 3602 2535 3671 quis
2580 3616 2740 3657 nosse
2783 3600 3087 3666 desiderat,
3132 3601 3376 3658 libellum
3415 3602 3500 3673 qui
3526 3600 3585 3654 de
3607 3596 3698 3665 ejus

2163 3690 2470 3760 specialiter
2496 3690 2703 3746 actibus
2735 3693 3074 3761 conscriptus
3101 3700 3217 3755 est,
3251 3690 3413 3763 legat.
3455 3688 3607 3745 Unum
3641 3695 3698 3738 ta-

2163 3800 2287 3839 men
2336 3784 2452 3853 ejus
2501 3784 2816 3840 admirabile
2865 3784 3062 3839 factum
3113 3783 3379 3851 referam,
3429 3783 3561 3853 quod
3597 3778 3696 3832 satis

2165 3877 2390 3931 miratus
2436 3892 2556 3930 sum
2609 3891 2715 3943 quo
2764 3874 2954 3931 ordine
3002 3876 3327 3945 prmterierit
3358 3886 3380 3914 ο
3417 3874 3458 3930 is
3486 3872 3566 3942 qui
3606 3866 3697 3938 ejus

2164 3969 2439 4024 contexuit
2471 3968 2667 4025 Vitam.
2702 3968 2800 4023 llic
2832 3968 3061 4039 denique
3088 3984 3213 4023 cum
3247 3968 3597 4037 paenitentiam
3623 3975 3698 4031 pro

2162 4061 2429 4131 aliquibus
2457 4061 2769 4117 excessibus
2799 4070 3013 4131 ageret,
3046 4058 3272 4131 contigit
3304 4071 3358 4114 ut
3388 4076 3478 4131 per
3507 4055 3695 4113 Mosella

2163 4154 2405 4211 ﬂuminis
2435 4166 2649 4224 pontem
2682 4154 2956 4208 transiret.
2996 4151 3241 4221 Cumque
3281 4149 3694 4207 subterﬂuentium

2161 4263 2418 4319 aquarum
2470 4245 2760 4327 profundas
2807 4262 2906 4302 nec
2952 4246 3068 4302 visu
3123 4246 3477 4314 penetrabiles
3502 4240 3695 4312 gurgites

2162 4350 2438 4406 cerneret,
2489 4355 2594 4393 non
2642 4338 2816 4393 dubize
2861 4338 2976 4407 spei
3022 4338 3271 4392 ﬁduciam
3305 4348 3479 4392 mente
3507 4346 3693 4406 gerens,

2161 4440 2459 4490 extractum
2490 4430 2659 4503 digito
2691 4431 2945 4485 annulum
2978 4428 3032 4485 in
3060 4430 3204 4485 illam
3235 4446 3488 4501 aquarum
3517 4424 3695 4497 profun-

474 4529 764 4598 Stephani,
796 4531 864 4584 de
892 4545 998 4599 quo
1038 4546 1202 4601 supra
1248 4532 1527 4587 retulimus
1549 4576 1564 4601 ,
1600 4533 1763 4588 trabis
1792 4532 1814 4563 ³
1842 4533 1908 4587 ab
1939 4532 2055 4600 ipso
2085 4554 2139 4613 ι)
2162 4527 2384 4583 ditatem
2415 4523 2681 4595 projecit:
2717 4541 2737 4576 ι
2768 4524 2918 4578 Tunc
2941 4566 2957 4590 ,
2988 4521 3258 4592 inquiens,
3291 4538 3374 4576 me
3406 4521 3584 4592 putabo
3607 4514 3693 4570 cui-

475 4618 725 4676 culminis
756 4620 977 4690 fastigio
1004 4621 1263 4677 dissoluta
1294 4624 1616 4687 corruisset,
1646 4639 1881 4677 marmor
1911 4624 2052 4692 quod

472 4711 530 4766 in
559 4711 716 4765 altari
745 4713 932 4766 eximii
965 4714 1214 4768 candoris
1244 4725 1395 4783 erat,
1444 4716 1515 4769 ita
1563 4714 1857 4784 confregit,
1905 4724 1960 4769 ut
1998 4714 2053 4769 in

474 4803 683 4858 duabus
723 4804 855 4859 illud
886 4807 1131 4876 partibus
1162 4809 1384 4863 omnino
1414 4808 1697 4863 divideret.
1729 4808 1896 4861 Adest
1931 4813 2054 4863 bea-

474 4907 560 4955 tus
607 4898 831 4964 Auctor,
879 4911 933 4955 et
980 4903 1187 4957 cunctis
1227 4902 1314 4972 qui
1358 4902 1582 4956 aderant
1632 4916 1726 4969 pro
1773 4900 1922 4954 illato
1966 4899 2052 4954 di-

472 4990 697 5061 spendio
745 4993 1111 5061 contristatis,
1158 4994 1270 5064 ipse
1308 5007 1436 5047 vero
1479 4991 1647 5047 ﬁdens
1698 4993 1749 5046 in
1783 4991 2048 5059 Domino,

472 5087 726 5156 praecepit
770 5087 988 5143 easdem
1038 5088 1301 5142 fracturas
1342 5085 1444 5140 sibi
1488 5085 1717 5139 invicem
1770 5085 2048 5154 copulari,

472 5179 754 5250 pararique
783 5178 883 5235 sibi
912 5178 1202 5234 ministeria
1228 5194 1243 5243 ;
1298 5192 1404 5246 quo
1435 5175 1667 5245 desuper
1714 5191 1865 5233 more
1891 5177 2049 5233 solito

2165 4635 2352 4689 parum
2381 4617 2605 4673 nexibus
2634 4615 2934 4671 absolutum
2954 4656 2969 4680 ,
2996 4615 3211 4684 quando
3241 4615 3398 4670 istum
3430 4626 3571 4683 quem
3598 4622 3693 4680 pro-

2154 4708 2285 4781 jicio
2328 4722 2586 4777 recepero
2632 4706 2913 4761 annulum.
2946 4726 2964 4758 ι
2992 4705 3120 4759 Post
3163 4707 3365 4776 aliquot
3408 4719 3524 4759 vero
3558 4712 3693 4756 annos

2157 4819 2277 4859 cum
2306 4802 2371 4857 ad
2401 4803 2740 4870 episcopatus
2768 4800 3097 4854 ascendisset
3124 4800 3363 4854 officium
3384 4842 3398 4865 ,
3422 4800 3467 4854 ei
3494 4796 3571 4851 die
3593 4806 3694 4863 qua-

2158 4897 2280 4953 datn
2315 4896 2547 4965 piscator
2575 4894 2790 4962 quidam
2826 4893 3026 4960 piscem
3057 4892 3267 4959 attulit,
3298 4907 3451 4963 quem
3482 4891 3562 4945 ille
3583 4883 3691 4948 sibi,

2157 4989 2281 5060 quia
2312 4986 2562 5043 carnibus
2592 4985 2928 5051 abstinebat,
2979 4984 3044 5037 ad
3092 4983 3434 5053 refectionem
3480 4972 3692 5048 vesperti-

2155 5096 2274 5137 nam
2297 5080 2461 5149 jussit
2486 5077 2793 5147 praaparari.
2822 5074 3116 5146 Cumque"
3140 5074 3323 5129 eum“
3353 5073 3579 5128 minister
3598 5065 3692 5135 ejus

2152 5174 2315 5230 officii
2346 5186 2495 5227 more
2525 5169 2687 5225 solito
2716 5174 3086 5226 exenterasset
3114 5169 3183 5235 ’³,
3212 5166 3455 5223 eumdem
3477 5160 3690 5219 annulum

1700 5284 2092 5353 VARIANTES
2129 5291 2523 5352 LECTIONES.

472 5397 494 5429 ι
526 5390 683 5461 igitur
716 5404 811 5446 rex
841 5400 1002 5458 atque
1032 5387 1200 5461 hostis
1229 5387 1294 5461 4.
1321 5425 1331 5438 .
1363 5388 1383 5416 ²
1414 5386 1582 5461 captis
1611 5386 1666 5441 5.
1702 5456 1713 5461 _
1745 5388 1766 5418 ³
1799 5389 1944 5461 trabs
1971 5386 2027 5441 4.

470 5459 571 5515 nus
597 5459 650 5515 4.
726 5462 747 5493 ⁸
777 5460 1123 5528 grammatius
1148 5459 1200 5510 4.
1276 5459 1298 5489 ⁸
1328 5459 1657 5526 agathimber
1687 5463 1702 5510 Δ

471 5531 517 5562 ³⁸
547 5532 697 5586 istius
725 5531 778 5583 4,
858 5531 900 5562 ⁸⁵
930 5527 1150 5597 rigimen
1187 5527 1242 5581 2.
1323 5528 1364 5560 ¹⁶
1392 5537 1617 5584 sternate
1646 5529 1702 5583 2.

466 5602 515 5634 ³ο
544 5603 682 5657 deest
718 5600 775 5655 2.
814 5601 894 5657 .“
925 5600 1275 5655 exinterasset
1299 5600 1354 5656 2.

1971 5692 2200 5753 NOTAE.

547 5794 571 5822 α
600 5784 805 5858 Duose,
848 5800 945 5844 seu
989 5787 1214 5858 Dieuze,
1245 5786 1527 5846 duodecim
1570 5786 1681 5843 mil.
1732 5786 1974 5856 passibus
2024 5803 2054 5844 a

470 5855 651 5911 Mettis
680 5856 907 5914 distans.

2116 5387 2137 5419 ⁸
2166 5386 2397 5444 revelata
2426 5386 2481 5439 '5.

726 5462 747 5493 ⁸
777 5456 1123 5528 grammatius
1148 5458 1200 5510 4.
1276 5458 1298 5489 ⁹
1328 5457 1657 5526 agathimber
1687 5456 1740 5512 4.
1820 5459 2097 5514 l"manare
2125 5458 2179 5511 5.
2260 5457 2506 5509 “vilicus
2533 5456 2589 5507 4.
2670 5456 2684 5483 ¹

726 5531 778 5583 4.
858 5531 900 5562 ⁸⁵
930 5527 1150 5589 rigimen
1187 5527 1242 5581 2.
1323 5528 1364 5560 ¹⁶
1392 5537 1617 5584 stetuate
1646 5529 1702 5583 2.
1785 5529 1827 5561 ³⁷
1852 5530 1949 5589 sub
1984 5530 2186 5588 honore
2229 5530 2640 5588 maiordomatus
2672 5524 2691 5575 l

2562 5382 2582 5413 ⁵
2613 5381 2819 5451 plenius
2850 5379 2903 5451 4.
2988 5379 3014 5451 ξ
3043 5379 3273 5451 aeplitius
3301 5377 3380 5451 4.!
3429 5370 3687 5451 '_gonsolo-

2260 5457 2506 5509 “vilicus
2533 5451 2589 5507 4.
2616 5447 2626 5451 ⁷
2670 5450 2953 5523 “aigulfus
2981 5448 3035 5505 2.
3095 5447 3329 5506 "'ortus
3361 5449 3408 5504 Ι.
3439 5447 3488 5503 4.
3519 5454 3619 5501 ortu
3643 5447 3686 5523 ξ.

2260 5530 2640 5588 iaiordomatus
2672 5524 2722 5579 l.
2810 5524 2852 5554 ³⁸
2884 5522 3112 5593 patravit
3147 5521 3203 5579 2.
3281 5522 3323 5554 “
3351 5534 3466 5576 cum
3494 5518 3541 5572 1.
3570 5514 3618 5568 2.
3642 5526 3684 5563 ο.

2189 5783 2217 5822 ι)
2252 5752 2410 5853 Igitur
2441 5782 2834 5853 Paulustpsutn
2866 5780 3162 5853 ἰηεβεκὶεεθ
3189 5777 3436 5853 νίὲίβέἓένκ
3473 5842 3487 5853 .

2198 5842 2461 5911 ειιξὺθιυι·
2479 5855 2530 5911 in
2546 5842 2742 5910 Codice
2761 5850 2893 5909 Vita:
2908 5842 3076 5907 sancti
3090 5848 3293 5907 Arnulfi
3308 5842 3679 5906 Vindobonensi.
