3920 6336
195 378 287 438 705
922 376 1052 432 LIB.
1092 374 1182 432 DE
1221 372 1382 433 0RD.
1426 373 1644 433 EPISC.
1696 373 1993 434 METENS.
2034 403 2102 418 —
2141 371 2418 431 TEXTUS
2460 369 2732 430 PRIMUS.
3344 366 3453 428 706

192 493 315 555 intra
341 487 510 561 ipsius
533 486 697 560 piscis
724 487 1034 544 intestinum
1065 488 1287 559 reperit.
1312 488 1404 543 Ille
1431 486 1630 544 factum
1661 489 1756 544 ad-
1784 495 1837 555 Α
1862 503 2051 560 magna
2082 488 2220 545 bella
2262 502 2383 558 quas
2410 487 2577 558 gessit
2612 487 2683 541 ita
2711 485 2979 558 precipue
3008 484 3309 543 Saracenos
3354 486 3456 544 de-

190 583 438 651 miratus,
469 581 564 637 sed
592 596 705 637 rem
734 582 981 637 nesciens
1004 623 1019 648 ,
1066 582 1228 635 beato
1273 578 1499 636 Arnulfo
1540 579 1760 637 detulit.
1865 588 2040 650 trivit,
2067 594 2125 639 ut
2151 598 2317 655 usque
2340 583 2499 638 hodie
2527 597 2660 652 gens
2690 582 2779 636 illa
2808 580 3105 636 truculenta
3154 588 3209 636 et
3250 579 3457 651 perﬁda

190 680 345 747 Quem
377 678 468 733 ille
497 686 557 732 ιιι
583 676 748 743 vidit,
782 676 962 730 statim
1004 673 1353 744 recognovit,
1392 688 1457 729 ac
1500 674 1610 728 Deo
1647 688 1764 728 om-
1866 677 2193 733 Francorum
2223 688 2368 729 arma
2396 673 2669 728 formidet.
2712 672 2808 728 llic
2848 671 3027 741 itaque
3054 672 3241 742 genuit
3282 673 3460 741 Pippi-

189 769 441 839 nipoteuti
463 809 481 835 ,
506 768 620 840 jam
646 769 715 824 de
746 767 1063 823 remissione
1093 767 1412 822 delictorum
1445 766 1604 831 ﬁdus,
1634 782 1761 835 gra-
1867 786 1992 824 num
2015 810 2031 833 ,
2061 772 2320 839 sapientia
2350 770 2696 825 nihilominus
2722 779 2775 825 et
2827 769 3139 825 fortitudine
3169 771 3300 825 satis
3348 770 3459 825 cla-

190 864 283 917 tias
313 863 530 926 retulit,
559 876 623 917 ac
649 861 908 929 deinceps
937 877 1041 917 non
1071 862 1348 917 remissius
1379 860 1537 916 vitam
1578 860 1764 926 duxit,
1866 877 2007 928 rum,
2032 863 2141 933 qui,
2174 864 2312 918 inter
2354 864 2558 932 reliqua
2586 878 2701 933 qua:
2732 863 2979 931 patravit,
3001 860 3296 917 Wascones
3321 861 3460 931 jam-

188 954 272 1008 sed
330 952 523 1022 majori
576 968 638 1008 se
689 956 867 1023 potius
918 953 1244 1008 abstinentia
1291 953 1605 1009 coarctavit.
1658 952 1767 1008 Nec
1866 955 2065 1009 dudum
2101 956 2425 1012 Francorum
2448 958 2633 1012 ditioni
2663 959 2893 1013 rebelles
2922 972 3042 1012 cum
3075 956 3335 1011 Waifario
3363 969 3462 1011 suo

187 1046 521 1102 dissimiliter
550 1054 701 1116 pater
733 1047 820 1100 hic
851 1046 1174 1102 venerabilis
1203 1062 1362 1116 quam
1393 1048 1517 1100 olim
1548 1046 1766 1103 Gedeon
1870 1048 2113 1120 principe
2143 1050 2393 1104 felicitate
2427 1055 2467 1088 ιι
2502 1051 2634 1104 mira
2662 1050 2951 1105 debellavit
2981 1062 3036 1104 et
3063 1049 3316 1104 subdidit.
3349 1048 3460 1102 litt-

187 1137 269 1191 ille
315 1138 530 1207 signum
577 1152 605 1189 a
654 1137 882 1191 Domino
929 1141 1192 1206 poposcit.
1240 1138 1333 1191 ille
1375 1140 1572 1192 etenim
1605 1148 1643 1204 ιι
1678 1137 1769 1191 ἰη-
1865 1140 1952 1210 jus
1982 1141 2106 1194 item
2156 1141 2297 1195 Illius
2346 1157 2570 1212 magnus
2616 1157 2710 1196 rex
2768 1141 2987 1195 Carolus
3014 1141 3220 1196 exstitit
3264 1141 3328 1206 ",
3372 1137 3465 1209 qui

186 1229 375 1284 dicium
427 1245 523 1299 per
573 1229 743 1285 vellus
792 1231 845 1284 in
892 1245 1015 1284 area
1062 1232 1293 1300 positum
1337 1246 1530 1300 capere
1567 1231 1767 1297 voluit,
1870 1234 2198 1289 Francorum
2222 1250 2465 1305 regnum,
2496 1238 2636 1290 sicut
2664 1251 2931 1306 nunquam
2960 1245 3082 1290 ante
3110 1236 3156 1271 ¹³
3187 1235 3356 1290 fuerat
3383 1236 3465 1290 di-

189 1333 359 1377 utrutn
395 1322 449 1378 in
482 1322 624 1399 bello
654 1323 932 1377 victoriam
964 1325 1031 1378 de
1063 1323 1297 1378 inimicis
1330 1309 1527 1379 habere
1570 1324 1770 1393 potuis-
1871 1328 2072 1383 latavit.
2102 1328 2342 1400 Denique
2375 1331 2515 1385 inter
2545 1330 2693 1398 plura
2724 1340 2778 1383 et
2824 1329 3059 1383 miranda
3111 1343 3227 1397 qum
3277 1326 3462 1398 gessit,

184 1424 258 1468 set
287 1431 303 1479 ;
336 1414 442 1468 iste
472 1414 730 1469 annulum
760 1415 812 1470 in
853 1415 1327 1484 profundissimum
1371 1416 1605 1471 fluminis
1644 1433 1771 1487 gur-
1871 1417 2343 1488 Langobardorum
2391 1428 2604 1491 gentem
2658 1419 2738 1473 bis
2779 1419 2889 1488 jam
2919 1434 2947 1472 a
2991 1429 3140 1489 patre
3170 1419 3462 1486 devictam,

184 1508 344 1577 gitem
401 1506 729 1577 projiciens,
783 1510 1017 1577 experiri
1061 1509 1230 1579 cupiit
1275 1510 1296 1539 ³
1330 1518 1506 1563 utrum
1551 1511 1620 1564 de
1666 1509 1768 1564 ini-
1872 1512 2043 1564 altero
2069 1525 2254 1565 eorum
2286 1510 2331 1550 ιδ
2360 1500 2513 1579 rege,
2540 1510 2621 1564 cui
2650 1510 2953 1566 Desiderius
2984 1525 3177 1565 nomen
3208 1518 3348 1575 erat,
3378 1524 3467 1563 ca-

185 1599 333 1653 micis
360 1600 473 1670 jam
506 1601 784 1655 victoriam
818 1602 1076 1670 cepisset.
1120 1602 1310 1658 Fortes
1350 1604 1570 1672 quidem
1618 1614 1773 1660 erant
1873 1611 1985 1669 pto,
2015 1600 2292 1675 alteroque
2318 1600 2384 1668 ",
2417 1599 2505 1670 qui
2546 1600 2820 1654 dicebatur
2868 1600 3147 1670 Adelgisus
3175 1609 3228 1653 et
3273 1600 3318 1631 ¹⁶
3344 1613 3465 1653 cum

184 1705 311 1761 quos
355 1693 450 1748 ille
493 1693 806 1759 devicerat,
857 1693 951 1749 sed
1001 1693 1052 1748 hi
1102 1709 1237 1763 quos
1287 1696 1387 1749 iste
1429 1705 1773 1766 superaverat
1871 1694 2114 1763 genitore
2148 1704 2480 1762 regnantem
2529 1706 2670 1757 suo,
2717 1692 3231 1760 Constantinopolim
3288 1692 3464 1760 pulso,

183 1783 456 1841 fortiores.
512 1785 638 1841 Haec
678 1801 778 1857 ego
810 1802 915 1841 non
947 1803 976 1842 a
1008 1788 1243 1857 qualibet
1291 1788 1313 1820 ⁸
1346 1791 1600 1845 mediocri
1647 1806 1770 1859 per-
1876 1788 2184 1840 universam
2216 1787 2257 1823 ³⁷
2288 1786 2404 1839 sine
2444 1786 2590 1854 gravi
2646 1785 2828 1852 praalio
2857 1799 2968 1837 sua:
2997 1783 3230 1837 subdidit
3258 1783 3466 1847 ditioni,

185 1892 309 1933 sona
339 1877 542 1945 didici,
574 1878 669 1935 sed
702 1880 820 1947 ipso
849 1880 1011 1935 totius
1043 1883 1287 1937 veritatis
1317 1893 1604 1949 assertore,
1640 1899 1774 1953 pra:-
1801 1859 1851 1922 θ
1876 1888 1959 1944 et,
2004 1878 2142 1948 quod
2189 1892 2313 1933 raro
2357 1879 2469 1931 ﬁeri
2518 1879 2746 1940 assolet,
2798 1877 3044 1930 clementi
3097 1875 3466 1929 moderatione

184 1971 322 2027 celso
351 1987 483 2042 rege
512 1971 708 2028 Carolo
730 2013 745 2037 ,
780 1973 1052 2031 referente
1081 1977 1307 2047 cognovi
1338 1993 1353 2043 ;
1388 1978 1476 2045 qui
1520 1978 1586 2032 de
1626 1979 1774 2048 ejus-

183 2064 297 2120 dem
328 2065 476 2119 beati
506 2065 715 2120 Arnulii
748 2066 1087 2124 descendens
1120 2068 1367 2139 prosapia
1389 2108 1406 2137 ,
1440 2069 1487 2125 ei
1524 2073 1574 2124 in
1607 2086 1773 2141 gene-

186 2157 406 2217 rationis
458 2158 598 2212 linea
651 2158 896 2227 triuepos
941 2161 1212 2216 exstabat.
1260 2162 1392 2216 Nam
1444 2165 1777 2218 venerandus

186 2248 280 2305 iste
305 2251 414 2315 vir,
451 2262 506 2303 ut
549 2251 614 2305 ad
660 2253 937 2321 superiora
985 2251 1201 2308 redeam
1227 2295 1243 2321 ,
1282 2254 1575 2323 juventutis
1607 2264 1632 2292 ⁸
1665 2270 1777 2311 sua:

186 2352 429 2413 tempore
473 2358 539 2398 ex
587 2345 807 2415 legitimi
841 2347 1167 2401 matrimonii
1215 2350 1405 2418 copula
1455 2349 1592 2403 duos
1641 2350 1778 2405 filios

185 2438 514 2505 procreavit,
549 2437 601 2491 id
644 2447 757 2503 est,
814 2440 1137 2495 Anschisum
1172 2441 1192 2472 "
1222 2450 1276 2497 et
1315 2441 1655 2496 Chlodulfum
1707 2443 1729 2474 ⁸
1759 2458 1774 2509 ;

184 2528 328 2596 cujus
366 2528 615 2582 Anscbisi
649 2534 671 2563 ⁸
703 2545 897 2584 nomen
954 2533 1021 2585 ab
1071 2533 1304 2587 Anchise
1355 2544 1505 2601 patre
1553 2530 1772 2601 (Encm,

187 2622 272 2691 qui
301 2638 331 2675 a
364 2622 534 2693 Troja
578 2618 655 2677 iu'
677 2620 883 2678 Italiam
924 2626 1051 2679 olim
1093 2635 1347 2689 venerat,
1382 2627 1623 2681 creditur
1650 2642 1775 2683 esse

184 2713 495 2771 deductum.
545 2715 676 2771 Nam
726 2731 859 2790 gens
905 2718 1233 2774 Francorum
1256 2733 1298 2787 ,ι
1325 2720 1463 2774 sicut
1509 2737 1536 2773 a
1582 2723 1778 2776 veteri-

192 2808 337 2864 bos"
378 2813 409 2853 δ
461 2818 551 2867 est
603 2812 887 2879 traditum,
943 2828 971 2866 a
1025 2813 1252 2883 Trojana
1312 2817 1559 2885 prosapia
1619 2816 1778 2870 trahit

190 2902 496 2958 exordium.
529 2903 664 2958 Cum
708 2905 871 2975 igitur
901 2907 996 2959 hos
1026 2905 1193 2971 duos,
1221 2908 1289 2960 de
1330 2907 1525 2975 quibus
1567 2909 1777 2977 primui-

187 2995 389 3061 simus,
420 2996 747 3052 venerabilis
777 2997 1028 3052 Arnullus
1060 2997 1197 3051 ﬁlios
1229 2997 1453 3053 haberet
1473 3043 1487 3065 ,
1523 3001 1777 3069 quoniam

190 3098 302 3144 erat
324 3088 643 3144 misericors
669 3100 722 3143 et
746 3089 811 3143 ad
839 3089 1048 3158 pietatis
1076 3104 1238 3159 opera
1264 3105 1479 3159 semper
1512 3093 1773 3160 intentus,

193 3180 434 3251 utrisque
486 3180 613 3235 filiis
658 3181 775 3236 suis
819 3182 984 3249 coepit
1028 3184 1257 3237 suadere
1301 3192 1359 3237 ut
1400 3183 1446 3238 ei
1500 3199 1775 3239 assensum

198 3272 534 3338 praeberent,
568 3282 835 3343 quatenus
865 3288 1055 3329 omnes
1084 3288 1209 3328 suas
1240 3260 1523 3330 facultates
1554 3277 1618 3330 ad
1653 3293 1780 3331 usus

194 3377 486 3432 pauperum
533 3364 864 3433 dispertiret.
910 3366 1063 3421 Tunc
1112 3366 1284 3437 major
1338 3368 1508 3435 ﬁlius,
1567 3368 1617 3422 id
1666 3380 1783 3436 est,

193 3452 501 3507 Chlodulfus
523 3494 539 3519 ,
570 3470 630 3509 se
661 3455 761 3509 boc
804 3470 961 3524 posse
1004 3455 1178 3512 facere
1198 3496 1218 3525 ,
1246 3458 1296 3512 id
1336 3470 1453 3524 est,
1485 3468 1543 3513 ut
1586 3460 1788 3529 portio-

202 3558 320 3600 nem
349 3547 454 3601 sibi
486 3547 722 3603 debitam
756 3550 889 3619 patri
922 3551 944 3582 ⁸
973 3549 1280 3620 largiretur,
1342 3553 1666 3608 omnimodis
1693 3554 1787 3610 de-

200 3638 451 3705 negavit;
492 3647 548 3692 at
593 3654 720 3695 vero
763 3640 1152 3709 minor'filius,
1200 3643 1252 3696 id
1298 3651 1413 3709 est,
1460 3644 1785 3712 Anschisus,

198 3726 365 3782 fidens
393 3728 463 3784 de
493 3728 691 3785 Christi
725 3731 926 3801 pietate
956 3730 1060 3785 sibi
1094 3732 1326 3800 pluriora
1358 3734 1650 3788 condonari
1673 3777 1687 3801 ,
1721 3737 1788 3790 ad

199 3821 375 3875 omnia
402 3837 523 3890 quae
552 3834 703 3892 pater
729 3825 890 3879 vellet
916 3837 975 3879 se
1003 3824 1233 3879 libenter
1260 3826 1480 3882 obedire
1507 3828 1785 3895 proxiiittit.

200 3911 324 3985 Agit
364 3915 705 3970 venerandus
749 3926 901 3986 pater
947 3916 1146 3987 gratias
1195 3918 1335 3985 ﬁlio,
1366 3926 1421 3972 et
1467 3918 1710 3988 praedicit
1738 3920 1787 3973 ei

202 4006 442 4077 pluriora
472 4009 721 4063 eumdem
753 4022 913 4077 quam
949 4009 1239 4078 reliquerat
1272 4009 1574 4064 habiturum
1601 4025 1618 4076 ;
1651 4009 1792 4062 insu-

200 4112 297 4170 per
322 4100 607 4156 benedixit
637 4116 759 4156 eum
792 4101 1016 4171 ejusque
1045 4113 1291 4157 cunctam
1323 4103 1630 4171 progeniem
1665 4117 1787 4157 nas-

201 4191 428 4248 cituram
464 4193 515 4247 in
548 4202 849 4263 posterum.
888 4193 1217 4264 Factumque
1246 4204 1348 4248 est.
1395 4193 1526 4247 Nam
1572 4202 1627 4247 et
1670 4193 1790 4261 plu-

203 4284 371 4341 riores
395 4287 665 4342 Anscbiso
696 4303 852 4358 quam
884 4289 1174 4358 reliquerat
1202 4288 1399 4342 divitim
1429 4295 1791 4355 accesserunt,

203 4384 260 4431 et
296 4377 369 4433 ita
400 4379 454 4433 in
484 4394 552 4434 eo
584 4388 806 4448 paterna
838 4389 921 4435 est
946 4380 1284 4435 cunstahilita
1328 4380 1636 4435 benedictio
1663 4382 1706 4446 ³,
1737 4388 1798 4435 ιιι

207 4468 273 4525 de
299 4471 416 4541 ejus
446 4474 702 4543 progenie
733 4484 839 4528 tam
874 4475 1083 4530 strenui
1132 4473 1407 4545 fortesque
1450 4476 1552 4530 viri
1604 4489 1792 4533 nasce-

1877 1972 2154 2027 victoriam
2182 1971 2511 2041 temperavit
2553 1969 2822 2026 Romanos
2850 1982 3107 2041 praterea
3135 2010 3151 2034 ,
3191 1969 3471 2037 ipsamque

1877 2066 2065 2119 urbem
2100 2065 2431 2131 Romuleam,
2460 2065 2779 2134 jampridem
2812 2064 2927 2132 ejus
2963 2065 3298 2131 praestantiam
3330 2058 3471 2119 dL's‘i'

1876 2157 2153 2213 derautem
2177 2158 2243 2223 η,
2272 2172 2392 2228 quae
2415 2158 2699 2225 aliquando
2726 2158 2905 2210 mutuli
2934 2157 3094 2209 totius
3113 2156 3325 2209 domina
3360 2160 3472 2209 tuc-

1876 2259 1979 2318 rat,
2009 2260 2065 2304 et
2092 2259 2214 2303 tunc
2242 2265 2271 2302 a
2301 2248 2723 2317 Langobardis"
2746 2248 2997 2316 depressa
3026 2246 3295 2316 gemebat,
3320 2245 3471 2300 duris

1882 2342 2144 2412 angustiis
2190 2341 2464 2406 eximens,
2512 2340 2625 2394 suis
2649 2339 2853 2392 addidit
2880 2341 3142 2408 sceptris;
3174 2349 3471 2406 cunctaque

1877 2431 2226 2487 nihilominus
2269 2432 2415 2486 Italia
2460 2429 2574 2485 miti
2625 2430 2992 2484 dominatione
3022 2430 3221 2496 potitus
3262 2437 3367 2483 est.
3400 2430 3473 2482 De

1877 2539 1983 2594 quo
2015 2525 2128 2579 viro
2159 2525 2367 2580 nescias
2398 2534 2574 2578 utrum
2605 2524 2855 2577 virtutem
2900 2524 2952 2577 in
2995 2537 3060 2577 eo
3104 2524 3369 2590 bellicam,
3404 2538 3471 2578 an

1876 2614 2155 2682 sapientia:
2182 2615 2484 2668 claritatem
2532 2613 2881 2683 omniumque
2925 2613 3223 2668 liberalium
3276 2614 3472 2669 artium

1878 2706 2046 2775 magis
2071 2705 2352 2760 admireris
2382 2704 2653 2774 peritiam.

1952 2796 2048 2849 llic
2071 2812 2138 2850 ex
2164 2795 2449 2865 llildegard
2479 2796 2705 2866 conjuge
2732 2806 2960 2866 quatuor
2989 2797 3127 2853 ﬁlios
3154 2807 3209 2853 ct
3237 2800 3473 2868 quinque

1880 2885 2016 2940 ﬁlias
2048 2888 2366 2955 procreavit.
2415 2886 2609 2941 Habuit
2640 2899 2816 2944 tamen
2843 2931 2858 2955 ,
2891 2900 3015 2944 ante
3061 2892 3234 2961 legale
3272 2907 3475 2947 connu-

1879 2977 2024 3031 bium
2057 2978 2123 3045 ¹⁰,
2153 2994 2218 3033 ex
2249 2977 2563 3034 iiuniltrude
2607 2981 2650 3011 "
2700 2980 2862 3035 nobili
2910 2982 3121 3050 puella,
3166 2983 3333 3036 tilium
3379 2999 3475 3038 no-
3532 2982 3535 2987 ’

1881 3074 2028 3124 mine
2078 3069 2383 3139 Pippinum.
2430 3069 2685 3126 Natorum
2742 3087 2872 3127 sane
2920 3076 3033 3142 ejus
3059 3088 3192 3144 quos
3220 3076 3265 3129 ei
3300 3074 3477 3132 Hilde-

1882 3160 2012 3230 gard
2043 3162 2087 3193 "
2115 3168 2356 3230 peperit,
2385 3163 2485 3217 ista
2514 3174 2639 3217 sunt
2674 3165 2890 3220 nomina
2920 3184 2935 3221 :
2962 3166 3163 3235 primus
3193 3168 3366 3223 dictus
3392 3178 3478 3226 est

1888 3252 2151 3320 Carolus,
2204 3254 2408 3308 scilicet
2455 3255 2620 3323 patris
2658 3270 2719 3309 ac
2754 3258 2938 3325 proavi
2990 3259 3247 3314 vocabulo
3276 3277 3477 3318 nuncu-

1891 3352 2080 3410 patus;
2130 3348 2395 3398 secundus
2447 3345 2573 3399 item
2626 3345 2921 3414 Pippinus,
2973 3347 3123 3402 fratri
3169 3360 3326 3420 atque
3377 3367 3477 3410 avo

1889 3436 2237 3503 mquivacus;
2300 3435 2486 3491 tertius
2536 3436 2807 3492 Lodobicb
2856 3438 2902 3468 "
2949 3441 3038 3509 qui
3081 3457 3200 3496 cum
3253 3443 3476 3498 lllotlia-

1891 3528 1975 3582 rio
2006 3527 2074 3593 “,
2098 3531 2185 3598 qui
2223 3528 2431 3584 biennis
2474 3532 2744 3598 occubuit,
2779 3547 2881 3586 uno
2926 3543 3080 3602 partu
3109 3547 3188 3589 est
3218 3537 3433 3605 genitus
3460 3554 3474 3605 ;

1889 3635 1954 3675 ex
1986 3623 2179 3692 quibus
2206 3622 2318 3692 jam
2368 3624 2479 3678 Deo
2521 3626 2731 3680 favente
2758 3627 2933 3680 minor
2977 3628 3228 3697 Pippinus
3255 3647 3479 3701 regnum

1891 3717 2076 3781 Italiae,
2105 3717 2379 3773 Lodobich
2412 3720 2710 3789 Aquitaniae
2737 3729 2919 3775 tenent
2948 3722 3013 3773 ³⁵.

1963 3814 2167 3869 Mortua
2198 3826 2379 3871 autem
2404 3816 2710 3889 ilildegard,
2746 3836 2837 3874 rex
2869 3820 3349 3878 excellentissimus
3373 3824 3476 3879 Ca-

1891 3910 2037 3964 rolus
2067 3908 2407 3965 Frastradam
2430 3912 2585 3967 duxit
2609 3928 2850 3969 uxorem.
2875 3918 3003 3981 Quae
3026 3914 3311 3984 llildegard
3335 3917 3476 3987 apud

1891 4002 2076 4058 urbem
2124 4004 2436 4061 Mettensem
2491 4007 2543 4062 in
2597 4007 2736 4063 beati
2784 4008 2989 4062 Arnulﬁ
3030 4011 3266 4064 oratorio
3302 4011 3350 4040 "
3390 4025 3478 4066 re-

1893 4095 2137 4165 quiescit.
2170 4097 2277 4151 Pro
2320 4113 2385 4152 eo
2412 4100 2643 4169 denique
2668 4140 2683 4164 ,
2713 4101 2853 4172 quod
2882 4119 2909 4155 a
2938 4102 3097 4157 beato
3123 4103 3348 4157 Arnulfo
3367 4104 3478 4173 jam

1894 4187 1988 4243 fati
2016 4188 2063 4220 "'
2089 4204 2246 4259 reges
2267 4192 2524 4260 originem
2546 4194 2824 4258 ducerent,
2849 4208 3067 4250 suorum
3098 4196 3168 4251 ibi
3197 4195 3483 4252 charorum

1894 4279 2145 4337 defuncta
2173 4283 2219 4313 ³⁸
2246 4297 2470 4351 corpora
2502 4299 2748 4353 posuere.
2798 4285 2927 4340 Nam
2980 4285 3049 4342 ibi
3091 4287 3320 4341 humata:
3359 4297 3485 4344 sunt

1895 4372 2017 4427 duae
2055 4374 2196 4444 regis
2225 4372 2434 4444 Pippitti
2467 4383 2488 4412 ο
2525 4375 2647 4428 lilia:
2671 4416 2687 4441 ,
2717 4390 2938 4444 quarum
2983 4392 3083 4430 una
3121 4377 3386 4432 liodlltaid
3413 4380 3481 4446 ’9,

1897 4466 2064 4521 altera
2092 4466 2314 4522 Adelaid
2345 4465 2391 4497 “
2420 4466 2684 4535 appellata
2714 4479 2828 4534 est;
2858 4470 2927 4524 ibi
2965 4484 3178 4538 quoque
3216 4480 3270 4525 et
3300 4469 3480 4539 junio-

207 4575 412 4635 rentur,
462 4577 521 4623 ιιι
565 4585 670 4624 non
721 4570 993 4626 immerito
1028 4572 1095 4626 ad
1139 4571 1255 4640 ejus
1286 4572 1590 4643 prosapiam
1625 4572 1793 4628 Fran-
1823 4603 1873 4665 υ
1899 4564 1973 4618 ris
1995 4564 2136 4632 regis
2158 4560 2335 4618 Caroli
2363 4562 2484 4618 duae
2506 4562 2851 4617 nihilominus
2881 4563 3148 4617 tumulata:
3171 4572 3296 4618 sunt
3321 4573 3479 4629 natm,

208 4672 386 4717 eorum
420 4664 745 4719 translatum
776 4665 847 4719 sit
875 4680 1121 4735 regnum.

277 4751 342 4808 Et
366 4764 426 4810 ut
456 4757 561 4809 hoc
586 4771 880 4825 agnoscere
905 4758 1100 4826 possis,
1133 4757 1337 4826 paucis,
1367 4757 1584 4813 adverte
1600 4759 1665 4821 ιο,
1694 4758 1789 4813 do-

210 4844 357 4902 cebo.
388 4848 683 4903 Anscbisus
715 4849 900 4917 genuit
930 4849 1233 4919 Pippinum,
1261 4863 1368 4917 quo
1399 4848 1527 4903 nihil
1558 4840 1787 4919 unquam

214 4942 374 5009 potuit
393 4955 518 4997 esse
546 4942 838 5008 audacius;
873 4941 1128 5011 Pippinus
1158 4942 1342 5012 genuit
1367 4941 1639 5006 Carolum,
1659 4942 1791 4995 viris

213 5036 418 5090 omnino
446 5036 756 5092 fortissimis
786 5035 1193 5100 conferendum,
1220 5033 1310 5105 qui
1348 5036 1484 5089 inter
1514 5044 1707 5088 emtera
1738 5043 1792 5089 et

1895 4656 2099 4712 scilicet
2124 4654 2345 4710 Adelaid
2367 4665 2422 4710 et
2448 4654 2754 4725 llildigard;
2796 4670 2914 4725 qua:
2944 4654 3211 4725 llildigard
3243 4664 3483 4711 materno

1899 4758 2199 4817 nuncupata
2231 4748 2467 4812 nomine,
2503 4757 2728 4803 matrem
2763 4747 3076 4803 morientem
3106 4748 3263 4802 citius
3288 4748 3486 4803 subse-

1896 4850 2019 4896 cuta
2050 4839 2211 4895 est“.
2234 4841 2468 4906 Quarum
2487 4840 2723 4895 omnium
2746 4840 3012 4908 epitapbia
3034 4855 3061 4893 a
3089 4840 3242 4895 nobis
3265 4840 3308 4871 ³¹
3329 4840 3483 4908 jussu

1897 4934 2114 5004 gloriosi
2158 4932 2299 5003 regis
2337 4932 2514 4988 Caroli
2548 4934 2844 5003 composita
2877 4932 2944 4999 ³³,
2989 4941 3041 4985 ut
3071 4933 3139 4987 de
3166 4931 3245 4986 eis
3281 4930 3481 5001 liquido

1902 5029 2088 5085 lcetori
2113 5029 2420 5093 satisﬁeret,
2454 5026 2638 5081 subter
2665 5035 2927 5082 annotare
2954 5026 3156 5079 curavi.

1447 5126 1836 5182 VARIANTES
1874 5121 2276 5179 LECTIONES.

217 5232 234 5262 ι
263 5240 436 5280 verum
467 5223 524 5276 4.
626 5227 646 5256 ί
675 5222 818 5289 cupit
847 5222 872 5274 i
908 5249 944 5263 -
971 5222 1027 5277 ὅ.
1129 5219 1150 5251 ³
1179 5219 1413 5287 quolibet
1441 5218 1497 5274 ξ’..

216 5297 394 5351 toribis
433 5295 487 5351 4.
602 5295 627 5328 ⁸
657 5287 805 5363 pater
838 5294 888 5346 1.
946 5362 951 5363 ί
1000 5296 1021 5326 ³
1050 5300 1175 5345 sunt
1201 5307 1251 5346 c.
1295 5291 1559 5363 beneﬁcia,
1589 5287 1643 5345 2.

217 5364 258 5397 ”
281 5369 372 5420 fuit
391 5366 447 5420 2.
526 5366 572 5398 ⁸³
597 5376 752 5419 antea
784 5365 839 5417 4.
916 5362 964 5402 ιθ
992 5377 1288 5431 graecorum
1317 5365 1372 5415 4.

218 5436 257 5469 ³⁷
297 5438 672 5507 languobardis
708 5435 763 5489 2.
840 5435 887 5507 ’9
910 5430 1286 5507 conubium2.
1356 5431 1734 5507 "Altimi‘ltruda
1762 5430 1819 5507 2‘.

1604 5219 1625 5247 ⁸
1656 5217 1931 5271 anchisum
1964 5214 2018 5267 4.

1746 5289 1787 5320 ¹⁰
1827 5284 2262 5340 animadverteris
2298 5283 2354 5336 2.
2384 5283 2745 5335 animadverte
2775 5281 2827 5334 4.

1451 5362 1849 5427 “alterumque
1878 5360 1934 5413 3.
2012 5355 2143 5427 {‘ut
2186 5354 2350 5427 l._5._
2412 5354 2453 5427 ⁷⁷
2494 5357 2734 5427 universa
2776 5350 2831 5405 2.

2714 5209 2735 5243 ⁵
2760 5206 3051 5290 a_nchisi_22
3077 5205 3187 5290 4...-
3283 5202 3351 5290 ab
3378 5216 3470 5290 all-

2954 5286 2996 5317 ιι
3031 5277 3280 5330 facilitate
3331 5275 3380 5328 i.
3420 5275 3474 5328 3.

2945 5352 2989 5388 ιη
3030 5348 3382 5401 desideratam
3420 5342 3476 5397 2.

1898 5430 1942 5461 "
1975 5425 2297 5492 bildegardis
2324 5425 2380 5481 2.
2413 5425 2484 5476 ita
2514 5426 2771 5492 deinceps,
2815 5421 2969 5490 plane
2986 5427 3161 5492 contra
3191 5415 3350 5492 Pau_li
3372 5429 3478 5467 mo-

2114 5211 2134 5243 '
2164 5212 2451 5267 clodulfum
2480 5211 2535 5265 2.
2569 5213 2624 5265 4.

214 5486 689 5563 τεηὶῖἻῖῐίὀῖιὸῙίῖε
713 5486 770 5561 Ῑιζ
800 5486 1090 5559 lodovvicus
1118 5506 1167 5558 ί.
1201 5486 1517 5558 ludouuicus
1543 5501 1598 5554 ὲ.
1641 5500 1686 5531 ⁸⁸
1715 5497 1942 5555 Iothario
2100 5486 2147 5528 ’ἶ
2180 5505 2323 5549 tenet
2354 5496 2404 5548 l.
2431 5494 2600 5547 tenuit
2622 5486 2701 5546 2.'
2753 5486 3218 5565 iﬁ'oratoriunifz.‘
3270 5486 3315 5525 ’⁷
3345 5498 3481 5565 prte-
3522 5552 3539 5565 ο

215 5558 382 5651 alia.
458 5558 769 5633 ’ﬁ'vdevest'it.‘
802 5558 869 5610 7”
897 5558 1154 5651 rotliaidis
1173 5575 1229 5651 2.
1283 5570 1756 5651 _'°_adhelaitlis_2.
1783 5641 1795 5651 .
1833 5569 1876 5601 ³¹
1906 5580 2010 5651 est.
2061 5567 2169 5622 Sed
2201 5567 2282 5620 bis
2327 5565 2497 5618 media
2537 5565 2718 5618 desunt
2752 5562 2805 5616 4.
2882 5561 2927 5593 ³³
2952 5577 2980 5615 a
3010 5561 3165 5651 nobis
3188 5559 3321 5613 deest
3348 5558 3406 5611 2.

212 5644 258 5680 ³³
280 5652 576 5723 composita
601 5657 744 5703 sunt.
776 5646 1153 5717 Epithapbium
1196 5645 1456 5702 itohaidis
1481 5644 1536 5697 2.
1568 5645 1734 5696 media
1760 5641 1962 5697 desunt.

1731 5734 1961 5794 ΝΟΤΑΒ.

278 5846 307 5876 ι
334 5837 466 5904 Quae
493 5843 814 5907 sequuntur,
844 5834 898 5891 in
940 5833 1281 5904 aenealogias
1325 5846 1516 5903 regum
1558 5829 1795 5887 Franco-

209 5918 331 5965 rum
358 5910 600 5966 derivata
631 5916 785 5963 sunt.

1974 5824 2002 5864 δ
2038 5825 2057 5882 Ι
2086 5840 2161 5890 e.,
2196 5824 2538 5893 Fredegario.

1984 5901 2006 5931 ε
2038 5898 2207 5955 Patris
2234 5895 2406 5952 Caroli
2428 5895 2495 5951 M.
