3920 6336
518 429 617 491 τη

1397 422 1601 487 PAULI
1641 418 1907 485 DIACONI
1944 420 2096 481 OPP.
2136 417 2312 481 PARS
2337 416 2379 480 1.
2408 454 2479 468 -—
2514 418 2897 487 HISTORICA.

3618 436 3698 496 712

516 548 767 620 migravit
794 548 859 604 ad
886 546 1074 615 eteius,
1116 546 1298 603 statim
1329 555 1385 601 ut
1416 546 1682 617 promisso
1714 543 1884 599 saneti
1916 542 2086 611 Spiri-
2113 541 2166 602 Α
2193 537 2407 607 Plenum
2435 582 2451 605 .
2501 550 2559 596 ιιι
2602 558 2709 597 non
2756 544 2929 599 solum
2962 543 3145 599 venire
3173 545 3479 623 quisquam,
3519 552 3598 607 sed
3626 571 3699 612 nec

518 649 605 695 tus
635 654 852 695 munere
882 640 1021 695 beati
1052 640 1277 710 apostoli
1310 640 1457 709 potiti
1497 647 1623 693 sunt
1670 644 1723 692 et
1764 634 2088 697 confirmati,

518 732 663 789 illico
692 746 848 803 quam
889 732 1250 802 unusquisque
1286 745 1473 786 eorum
1512 729 1848 800 provinciam
1884 727 1965 781 vel
1999 738 2093 779 re-

518 823 730 894 gionem
788 822 1171 893 praedicaturus
1222 821 1437 891 aggredi
1486 820 1751 886 deberet,
1814 815 2087 875 communi

521 917 745 971 consilio
764 915 912 986 juxta
936 914 1167 969 divinam
1196 914 1555 983 provisioncm
1587 922 1738 968 sorte
1761 902 2086 967 decernunt.

523 1007 760 1077 Singulis
798 1008 958 1077 igitur
1002 1006 1067 1061 ad
1117 1006 1216 1061 sibi
1264 1005 1504 1073 delegata
1554 1006 1668 1060 lota
1717 1001 2091 1075 pergentibus,

524 1100 709 1155 beatus
741 1099 928 1155 Petrus
949 1143 967 1169 ,
1016 1098 1106 1168 qui
1138 1098 1189 1153 in
1222 1113 1405 1152 eorum
1436 1112 1659 1153 numero
1688 1098 1901 1167 primus
1929 1105 2048 1151 erat
2078 1136 2094 1163 ,

524 1194 676 1263 quasi
707 1193 810 1247 dux
842 1193 1164 1248 fortissimus
1193 1194 1493 1260 eminebat,
1539 1194 1605 1247 ad
1638 1208 1754 1246 eam
1783 1207 1902 1261 quae
1934 1192 2098 1246 totius

525 1296 652 1342 tunc
680 1270 858 1341 mundi
885 1297 1042 1355 caput
1068 1295 1211 1353 erat,
1243 1288 1344 1342 hoc
1370 1293 1482 1352 est,
1513 1288 1701 1340 urbem
1735 1284 2049 1340 Romuleam
2070 1325 2087 1352 ,

526 1388 638 1433 tota
666 1380 938 1434 alacritate
964 1378 1262 1443 contendit,
1296 1377 1519 1433 fundata
1551 1378 1694 1447 prius
1724 1377 1866 1448 apud
1903 1378 2096 1431 Antio-

525 1469 702 1524 chiam
733 1470 988 1536 Ecclesia,
1016 1484 1079 1524 ac
1104 1484 1215 1524 suae
1241 1468 1383 1524 sedis
1409 1469 1625 1525 nomine
1650 1468 1918 1523 dedicata.
2123 1527 2127 1531 ,

602 1560 761 1629 Igitur
788 1574 907 1615 cum
938 1559 1161 1615 Romam
1193 1561 1543 1629 pervenisset,
1569 1559 1833 1640 illico.qui
1863 1572 2103 1640 summas

528 1664 766 1721 quasque
813 1651 973 1706 urbes
1020 1652 1071 1705 in
1099 1649 1338 1705 Occiduo
1388 1652 1588 1720 positas
1625 1639 1845 1706 Christo
1877 1639 2103 1708 Domino

530 1757 628 1814 per
671 1743 891 1797 verbum
941 1744 1061 1798 fidei
1107 1745 1456 1816 subjugareut
1484 1746 1716 1813 optimos
1748 1743 2096 1812 eruditosque

530 1838 674 1892 viros
696 1851 758 1890 ex
784 1850 881 1890 suo
911 1838 1181 1891 consortio
1207 1836 1421 1892 direxit.
1456 1838 1607 1892 Tunc
1634 1838 1869 1908 denique
1896 1837 2099 1907 Apolli-

2196 624 2622 699 appropinquare
2652 634 2717 687 ad
2746 635 2997 689 eumdem
3030 635 3249 691 auderet
3279 638 3476 705 locum;
3518 657 3621 697 nam
3646 663 3696 701 ex

2197 735 2379 778 eorum
2428 723 2643 779 flatibus
2677 727 3001 783 veneniferis
3054 730 3347 785 mortalitas
3393 733 3697 806 elferbuerat,

2197 829 2304 869 non
2366 816 2527 870 modo
2591 817 2918 887 hominum,
2983 835 3165 875 verum
3229 824 3384 877 etiam
3446 842 3696 895 equorum,

2198 906 2355 961 boum
2378 950 2393 976 ,
2452 922 2701 978 pecorum
2724 951 2741 979 ,
2779 900 3221 985 'caaterarumque
3273 915 3547 972 bestiarum
3580 920 3701 978 nimis

2199 1000 2447 1057 crudelis.

2271 1090 2387 1146 Jam
2419 1106 2546 1148 vero
2576 1094 2885 1152 beatissimo
2911 1096 3192 1155 Clemente
3221 1099 3409 1157 mtenia
3445 1101 3589 1170 ipsius
3613 1119 3707 1175 pre

2202 1184 2490 1255 pinquante
2516 1189 2746 1245 civitatis
2769 1234 2783 1257 ,
2833 1193 3019 1247 eadem
3049 1193 3121 1247 ita
3152 1208 3210 1249 se
3238 1194 3534 1251 dilataverat
3559 1200 3706 1266 pestis,

2204 1284 2265 1331 ut
2293 1280 2467 1334 nullus
2495 1282 2723 1337 adeundi
2749 1299 2864 1338 eam
2892 1300 2953 1341 ac
2978 1287 3235 1341 redeundi
3268 1302 3451 1344 cursus
3480 1288 3605 1346 fieret
3623 1293 3708 1347 cui-

2204 1382 2362 1439 quam
2395 1370 2643 1427 salubris.
2691 1376 2747 1431 Si
2782 1376 2901 1443 quis
2932 1393 3161 1447 namque
3191 1391 3369 1447 portas
3396 1382 3503 1449 ejus
3531 1382 3708 1437 maxima

2205 1473 2424 1518 coactus
2475 1469 2798 1523 necessitate
2836 1469 2999 1524 vellet
3044 1472 3213 1537 exire,
3250 1472 3333 1526 vel
3380 1475 3525 1527 etiam
3565 1488 3713 1543 appro-

2205 1553 2510 1625 pinquare,
2562 1559 2840 1613 confestim
2892 1561 2941 1614 vi
2996 1570 3232 1616 attactus
3282 1564 3465 1616 veneni
3517 1564 3714 1619 interibat

2207 1645 2526 1703 miserrime.
2580 1649 2689 1704 Nec
2717 1652 2909 1705 mirum
2941 1667 3071 1707 sane
3110 1655 3153 1707 si
3198 1655 3384 1723 anguis
3415 1655 3621 1711 lubricus
3645 1674 3716 1727 per

2209 1736 2403 1792 dilecta
2433 1739 2534 1794 sibi
2565 1741 2779 1796 vascula
2810 1758 3031 1811 corpora
3061 1760 3247 1799 eorum
3281 1747 3645 1815 prosternebat,
3666 1748 3716 1804 de

2211 1842 2434 1896 quorum
2482 1833 2751 1888 mentibus
2797 1834 2884 1904 jus
2931 1839 3207 1906 proprium
3240 1839 3410 1894 adhuc
3438 1841 3623 1896 minime
3647 1856 3717 1911 per

430 1936 441 1945 '
530 1946 713 1987 narem
735 1930 1067 1995 Ravennam,
1090 1931 1335 1986 Leucium
1357 1931 1735 1995 Brundusium,
1758 1931 2102 1987 Anatholium
2134 1904 2185 1967 Β
2208 1922 2345 1977 sacri
2375 1923 2574 1979 fontem
2611 1925 2945 1995 baptismatis
2974 1931 3348 1987 amiserat”...

532 2024 886 2080 Mediolanum
918 2027 1081 2079 misit.
1126 2025 1362 2080 Marcum
1393 2040 1539 2093 vero,
1569 2024 1657 2094 qui
1688 2027 1988 2094 praecipuus
2017 2025 2099 2078 in-

533 2125 617 2172 ter
643 2117 759 2186 ejus
789 2117 1079 2185 discipulos
1109 2116 1419 2180 habebatur,
1459 2116 1756 2184 Aquileiam
1785 2114 2105 2172 destinavit.

533 2211 736 2279 Quibus
787 2212 994 2280 populis
1044 2226 1163 2267 cum
1219 2210 1594 2279 Hermagoram
1650 2224 1802 2264 suum
1854 2210 2107 2264 comitem

536 2303 750 2360 Marcus
781 2303 1126 2370 praefecisset,
1161 2302 1223 2355 ad
1258 2302 1465 2355 beatum
1499 2301 1711 2355 Petrum
1741 2315 2014 2367 reversus,
2042 2301 2109 2357 ab

536 2407 606 2450 eo
634 2393 982 2449 nihilominus
1009 2392 1385 2449 Alexandriam
1417 2391 1610 2447 missus
1639 2401 1743 2446 est.

613 2486 688 2539 Ea
718 2485 875 2554 igitur
902 2492 1237 2553 tempestate,
1270 2498 1390 2537 cum
1422 2484 1558 2553 apud
1586 2482 2108 2555 Galliam‘Belgicam

543 2574 1023 2641 Mediomatricum,
1064 2590 1182 2645 qute
1210 2573 1371 2629 etiam
1399 2573 1554 2630 Metis
1583 2576 1898 2645 appellatur,
1925 2574 2112 2631 civitas

542 2669 602 2725 in
627 2668 740 2737 ipsa
781 2668 1014 2724 Mosella:
1039 2668 1210 2721 amnis
1240 2667 1355 2737 ripa
1386 2668 1553 2735 posita
1573 2706 1591 2735 ,
1629 2668 1860 2736 copiosis
1890 2669 2114 2739 populo—

540 2775 660 2817 rum
693 2760 859 2815 tribus
890 2760 1199 2823 abundaret,
1227 2761 1291 2812 ad
1320 2773 1439 2814 eam
1469 2762 1651 2815 beatus
1679 2760 1867 2815 Petrus
1896 2771 2113 2830 aposto-

543 2851 630 2908 lus
657 2850 982 2907 Clementem
1016 2853 1249 2917 nomine,
1283 2854 1452 2906 virum
1485 2854 1777 2923 egregium,
1811 2869 1871 2909 ac
1905 2854 2109 2909 meritis

542 2946 846 3015 probatum,
888 2945 1228 3001 sublimatum
1261 2946 1544 3013 pontificali
1577 2946 1855 3015 dignitate,
1881 2948 2110 3013 direxit;

545 3049 667 3091 cum
698 3050 804 3107 quo
831 3038 1051 3106 pariter,
1088 3038 1225 3091 sicut
1255 3039 1473 3107 antiqua
1503 3039 1664 3092 tradit
1692 3040 1901 3103 relatio,
1930 3038 1996 3092 ad
2023 3053 2114 3094 eas

548 3144 668 3199 quae
714 3130 995 3200 prmeipuae
1040 3141 1194 3185 erant
1239 3131 1527 3187 Galliarum
1577 3133 1737 3187 urbes
1777 3133 1941 3188 verbo
1990 3131 2114 3186 fidei

541 3222 856 3277 obtinendas
883 3262 897 3287 ,
937 3223 1025 3277 alii
1057 3238 1267 3293 quoque
1294 3226 1525 3295 religiosi
1556 3225 1805 3280 doctores
1832 3225 1900 3279 ab
1924 3226 2110 3281 eodem

548 3315 910 3385 apostolorum
936 3316 1175 3385 principe
1203 3316 1351 3373 missi
1381 3320 1523 3373 sunt.

614 3407 744 3461 Cum
776 3422 903 3477 ergo
934 3410 1266 3477 pervenisset
1294 3409 1478 3465 beatus
1508 3410 1757 3467 Clemens
1806 3411 2107 3467 Medioma-

547 3498 737 3553 tricum
788 3501 1079 3568 civitatem,
1130 3502 1181 3555 in
1228 3503 1500 3571 cavernis,
1552 3513 1608 3558 ut
1657 3504 1858 3571 ferunt,
1901 3504 2114 3575 amphi-

546 3586 782 3657 theatri,
844 3592 983 3659 quod
1036 3600 1187 3646 extra
1239 3592 1482 3649 eamdem
1538 3595 1724 3650 urbem
1779 3596 1936 3650 situm
1988 3609 2111 3665 est,

528 3668 831 3749 hospitium
867 3682 1085 3752 habuit,
1119 3684 1172 3738 in
1203 3699 1311 3754 quo
1339 3686 1500 3740 etiam
1533 3686 1653 3742 loco
1683 3695 1975 3741 oratorium
2008 3687 2116 3742 Do-

544 3771 692 3826 mino
719 3783 1057 3840 construens,
1090 3777 1259 3832 altare
1290 3777 1339 3831 in
1367 3791 1434 3833 eo
1462 3779 1679 3843 statuit,
1711 3792 1774 3832 ac
1802 3779 1941 3834 beati
1971 3778 2115 3834 Petri

543 3864 768 3932 apostoli
800 3868 1145 3941 praeceptoris
1176 3869 1258 3923 sui
1291 3870 1508 3924 nomine
1536 3871 1889 3924 consecravit.
1937 3870 1985 3925 ls
2021 3871 2117 3941 igi—

548 3960 636 4007 tur
662 3957 995 4013 venerandus
1043 3958 1296 4014 sacerdos
1342 3960 1467 4013 dum
1515 3959 1701 4014 sedula
1748 3960 2115 4016 admonitione

544 4043 784 4114 ejusdem
818 4049 963 4102 urbis
994 4049 1204 4118 populis
1241 4050 1597 4121 praedicaret,
1648 4062 1972 4125 cooperante
2016 4054 2117 4108 sibi

542 4135 721 4192 divina
753 4139 1155 4208 misericordia,
1200 4144 1490 4197 maximam
1518 4158 1583 4198 ex
1615 4144 1693 4199 eis
1719 4144 2116 4201 multitudinem

545 4242 575 4283 a
605 4231 836 4287 sordidis
868 4231 1130 4288 idolorum
1162 4236 1394 4291 cultibus
1441 4246 1492 4292 et
1541 4238 1742 4292 erroris
1782 4241 2024 4294 ctecitate
2053 4239 2117 4293 li-

500 4338 509 4345 ·
542 4321 779 4379 beratam
805 4367 822 4393 ,
871 4329 937 4381 ad
971 4342 1113 4383 vera:
1141 4328 1261 4383 ﬁdei
1290 4329 1634 4399 splendorem
1666 4330 1954 4401 perduxit,
2007 4330 2118 4401 pri-

545 4430 770 4486 musque
800 4418 851 4472 in
882 4420 985 4475 illis
1014 4422 1321 4491 regionibus
1348 4431 1595 4478 ostensor
1620 4422 1845 4491 justitiae
1873 4431 1927 4477 et
1957 4423 2118 4477 index

543 4504 787 4563 veritatis
818 4509 1034 4567 enituit.

2281 2012 2569 2083 Postquam
2600 2030 2731 2086 ergo
2762 2017 3094 2073 admirabilis
3125 2022 3404 2076 Trinitatis
3428 2021 3607 2077 deifica
3634 2021 3718 2079 cul-

2209 2108 2293 2158 tor
2312 2103 2612 2173 delegatum
2634 2107 2734 2161 sibi
2760 2109 3158 2177 prasdicationis
3191 2112 3421 2166 officium
3447 2112 3574 2167 omni
3600 2113 3719 2181 coepit

2211 2197 2409 2252 mentis
2437 2200 2720 2253 conamine
2750 2202 2988 2269 explere,
3039 2218 3162 2257 mox
3216 2205 3488 2259 tnultitudo
3530 2204 3720 2260 innume-

2214 2289 2398 2343 rabilis
2459 2288 2825 2360 languentium
2876 2295 2939 2346 ad
2994 2295 3110 2364 ejus
3158 2298 3359 2351 studuit
3403 2312 3546 2366 quem
3586 2312 3720 2352 verum

2211 2380 2498 2435 audiebant
2536 2383 2830 2449 przedicare
2878 2386 3156 2439 Dominum
3199 2386 3446 2441 auxilium
3488 2387 3719 2452 conﬂuere,

2211 2482 2596 2541 c0gnoscentes
2627 2474 2694 2527 ab
2722 2488 2815 2528 ore
2855 2474 3053 2545 egregii
3101 2478 3334 2545 pastoris
3375 2493 3474 2531 non
3514 2478 3722 2532 immerito

2212 2565 2524 2634 serpentino
2552 2578 2612 2619 se
2640 2564 2871 2621 infectos
2900 2582 3111 2622 veneno
3143 2569 3333 2624 fuisse.
3367 2570 3461 2636 Qui
3485 2570 3562 2623 ubi
3584 2583 3721 2622 eorum

2214 2654 2344 2709 vidit
2396 2654 2721 2711 indicibilem
2773 2658 3088 2726 miseriam,
3150 2663 3334 2714 statim
3388 2662 3722 2716 saluberrimam

2215 2762 2322 2804 non
2365 2750 2577 2806 distulit
2617 2751 2864 2809 conferre
2909 2755 3259 2812 medicinam.
3309 2756 3584 2827 Spopondit
3608 2759 3724 2829 igitur

2217 2843 2329 2897 veri
2353 2842 2447 2898 Dei
2469 2844 2625 2900 citius
2648 2846 2833 2900 adfore
2854 2847 2936 2901 eis
2961 2848 3330 2916 clementiora,
3353 2852 3397 2905 si
3420 2850 3723 2905 detestabilem

2216 2932 2481 2989 idolorum
2511 2935 2749 3004 abjicere
2779 2952 2886 2992 non
2915 2951 3207 2995 renuerent
3234 2942 3507 2997 culturam.
3541 2943 3577 2996 'f
3581 2942 3724 2995 andem

2214 3038 2343 3095 ergo
2369 3040 2481 3078 non
2514 3025 2687 3081 solum
2720 3028 3056 3097 languentes,
3107 3034 3205 3087 sed
3259 3034 3469 3103 insuper
3497 3034 3625 3103 pauci
3660 3031 3724 3101 qui

2214 3125 2551 3183 supererant,
2580 3117 2786 3173 salubri
2820 3120 2950 3176 inito
2978 3122 3227 3193 consilio,
3255 3128 3477 3196 sospites
3497 3127 3666 3183 cunctis
3684 3138 3727 3177 se

2217 3208 2518 3274 promisere
2562 3212 2873 3268 renuntiare
2914 3215 3259 3285 simulacris,
3307 3221 3351 3274 si
3386 3222 3626 3276 beneficiis
3650 3233 3727 3274 non

2138 3268 2189 3336 ο
2217 3295 2593 3353 fraudarentur
2616 3314 2646 3353 a
2674 3303 2871 3356 summi
2906 3303 2996 3358 Dei
3024 3268 3259 3375 praesule
3284 3312 3562 3378 promissis.

2292 3389 2437 3444 Talia
2466 3402 2644 3448 autem
2674 3401 2886 3465 tamque
2924 3396 3014 3452 diu
3063 3414 3095 3454 a
3140 3414 3204 3456 se
3252 3404 3536 3459 desiderata
3562 3404 3626 3456 vir
3650 3402 3728 3455 Deo

2220 3478 2405 3549 plenus
2432 3484 2656 3539 audiens
2687 3486 2961 3557 affamine,
2992 3492 3169 3547 omnia
3202 3505 3419 3563 paratus
3446 3509 3535 3565 pro
3560 3496 3626 3549 eis
3645 3493 3727 3547 dis-

2217 3576 2440 3630 crimina
2471 3578 2632 3646 ferre,
2667 3584 2945 3652 extemplo
2973 3584 3161 3641 laudes
3196 3597 3502 3643 cunctorum
3530 3585 3728 3657 persolvit

2218 3674 2445 3727 creatori
2479 3676 2796 3745 praecipuas.
2831 3679 3071 3750 Denique
3100 3683 3286 3750 paucis
3330 3697 3503 3738 secum
3530 3692 3729 3752 aggrega-

2221 3764 2286 3818 tis
2309 3764 2582 3833 fratribus,
2605 3781 2772 3823 sacrae
2796 3770 2987 3826 obtulit
3021 3788 3213 3829 munus
3238 3776 3531 3836 oblationis,
3559 3772 3727 3842 quodin

2218 3859 2300 3912 aui
2339 3863 2903 3916 commemorationem
2971 3862 3222 3919 fidelibus
3289 3868 3477 3922 devote
3525 3864 3728 3919 Dominus

2220 3952 2475 4020 praecepit
2504 3968 2758 4021 peragere
2785 3955 3050 4010 Christus.
3100 3957 3166 4011 At
3203 3974 3330 4013 vero
3358 3967 3663 4030 posteaquam
3686 3965 3729 4006 se

2219 4059 2451 4115 suosque
2478 4060 2634 4101 sacro
2662 4048 2890 4103 munivit
2916 4050 3194 4117 libamine,
3245 4054 3442 4122 antiqui
3489 4050 3634 4105 hostis
3658 4059 3729 4098 ve-

2221 4136 2353 4195 ritus
2380 4155 2484 4194 non
2514 4152 2597 4196 est
2623 4143 2916 4197 certamina
2946 4143 3115 4208 adire,
3139 4144 3235 4200 sed
3263 4159 3359 4214 spe
3388 4158 3477 4199 sua
3503 4136 3728 4195 commissa

2219 4237 2340 4292 caeli
2391 4245 2655 4303 terraeque
2698 4235 2947 4304 Domino,
3000 4253 3262 4294 cavernas
3292 4239 3421 4292 adiit
3448 4234 3635 4293 Theatri
3666 4230 3726 4283 in-

2221 4328 2447 4399 trepide,
2500 4339 2827 4400 pugnaturus
2871 4344 2993 4387 cum
3041 4332 3263 4399 antiquo
3308 4339 3580 4401 serpente,
3621 4322 3729 4377 vide'

2221 4420 2349 4476 licet
2376 4422 2612 4477 diabolo.
2667 4420 2733 4477 Ut
2778 4433 2955 4478 autem
3004 4426 3241 4480 sonitum
3291 4424 3473 4495 pedum
3504 4418 3728 4476 senserunt

2222 4516 2759 4583 appr0pinquantium
2788 4526 3071 4586 serpentes
3092 4557 3106 4580 ,
3156 4533 3280 4572 mox
3310 4533 3372 4572 ex
3402 4512 3619 4570 cavernis
3649 4519 3730 4561 ets-

614 4597 854 4668 Denique
879 4608 1210 4681 asseverant,
1239 4603 1329 4673 qui
1358 4603 1599 4674 ejusdem
1624 4604 1725 4659 loci
1753 4603 2116 4674 cognitionem
2143 4619 2202 4681 ι)
2224 4616 2415 4675 perunt
2443 4597 2694 4675 prodire,
2741 4609 2986 4663 certatim
3016 4609 3296 4676 cupientes
3326 4612 3567 4663 devorare
3594 4598 3724 4656 homi-

546 4690 784 4758 habent,
834 4693 974 4761 quod
1024 4674 1519 4766 in‘ampbitheatro
1551 4697 1636 4751 ubi
1670 4697 1919 4765 primitus
1949 4696 2111 4752 adve-

546 4781 702 4836 niens
733 4782 1008 4849 habitavit,
1038 4801 1204 4856 usque
1228 4787 1292 4841 ad
1325 4796 1645 4857 praesentem
1679 4788 1842 4856 diem,
1872 4804 1970 4844 nec
2001 4803 2116 4843 ser-

544 4887 678 4946 pens
707 4877 1000 4933 consistere
1031 4889 1219 4948 queat,
1263 4880 1355 4934 sed
1402 4888 1457 4936 et
1481 4880 1697 4935 omnino
1728 4882 1901 4935 noxiae
1931 4891 2115 4951 pestes

548 4968 694 5024 illum
723 4971 895 5026 locum
926 4972 1230 5045 refugiunt,
1282 4972 1421 5029 unde
1459 4973 1584 5027 olim
1618 4988 1757 5028 verae
1797 4974 1984 5029 salutis
2025 4974 2114 5030 tali

543 5073 858 5120 emanarunt
885 5066 1041 5121 modo
1069 5066 1315 5137 insignia.
1351 5068 1550 5122 Ferunt
1580 5083 1812 5138 namque
1838 5067 2115 5138 antiquio-

540 5168 629 5212 res
675 5158 828 5213 nobis
865 5174 895 5213 a
933 5160 1230 5215 senioribus
1282 5160 1475 5231 priscis
1527 5161 1693 5216 cultui
1744 5171 1943 5216 sanctae
1991 5163 2118 5217 reli-

542 5249 715 5319 gionis
741 5252 1025 5307 admodum
1050 5252 1265 5323 deditis,
1294 5253 1634 5310 veracissimo
1662 5270 1755 5323 per
1779 5256 1958 5312 varios
1982 5265 2116 5311 tem-

545 5353 733 5407 porum
763 5357 1043 5398 successus
1070 5344 1241 5400 relatu
1270 5346 1564 5415 vulgatum,
1600 5345 1756 5415 hujus
1785 5347 2111 5403 sanctissimi

545 5432 792 5501 praesulis
822 5443 981 5504 atque
1026 5436 1305 5506 apostolici
1341 5436 1439 5491 viri
1490 5446 1600 5491 tam
1632 5439 1819 5508 ingens
1848 5439 1988 5509 quod
2019 5453 2113 5494 oc-

544 5520 648 5574 culi
680 5536 783 5577 non
813 5524 966 5581 decet
994 5526 1336 5583 miraculum.
1368 5527 1443 5583 Eo
1478 5544 1706 5600 namque
1741 5531 1997 5599 temporis
2025 5547 2115 5586 ar-

546 5613 727 5681 ticulo,
773 5632 881 5687 quo
909 5618 1075 5674 isdem
1110 5622 1429 5680 venerabilis
1469 5625 1707 5693 pontifex
1735 5625 1801 5681 ad
1834 5625 2114 5695 praefatam

543 5705 833 5764 devenerat
881 5711 1110 5778 urbem,
1174 5716 1402 5770 maxima
1457 5717 1698 5787 ejusdem
1756 5719 1876 5787 pagi
1933 5717 2116 5773 clades

543 5797 857 5856 devastabat
883 5802 1114 5873 plebem.
1164 5808 1629 5877 Amphitheatrum
1662 5810 1859 5880 quippe
1884 5809 1993 5879 jam
2025 5825 2116 5864 su-

549 5893 728 5966 perius
778 5896 978 5956 dictum
1028 5907 1172 5959 tanta
1223 5911 1340 5959 erat
1391 5903 1719 5975 serpentium
1773 5901 2113 5961 multitudine
2152 5980 2179 5987 ἀ

2221 4712 2342 4753 nem
2374 4698 2487 4753 Dei.
2520 4699 2614 4754 llle
2640 4713 2769 4755 vero
2797 4700 2935 4755 facto
2961 4702 3119 4772 signo
3146 4702 3341 4763 crucis,
3374 4700 3563 4756 eminus
3584 4692 3636 4747 ad
3659 4700 3727 4744 eos

2219 4791 2542 4861 properabat
2590 4790 2887 4861 intrepidus
2914 4833 2930 4859 ,
2980 4792 3133 4861 cujus
3163 4793 3291 4847 dum
3323 4790 3494 4847 virtuti
3530 4784 3727 4842 resistere

2219 4894 2325 4935 non
2350 4881 2592 4943 valerent
2621 4881 2868 4953 amplius,
2905 4883 3163 4938 tumentia
3195 4884 3330 4938 colla
3359 4881 3581 4953 protinus
3606 4873 3727 4940 depo-

2218 4983 2458 5033 suerunt.

2292 5068 2386 5122 Vir
2400 5077 2576 5121 autem
2605 5066 2717 5133 Dei,
2734 5067 2875 5122 sicut
2896 5067 3061 5123 refert
3081 5068 3391 5138 antiquitas,
3413 5064 3584 5120 stolam
3601 5064 3720 5153 qttaffl

2218 5160 2564 5216 sanctissimo
2591 5160 2807 5229 gerebat
2838 5160 2894 5214 in
2921 5160 3064 5216 collo
3092 5161 3273 5215 statim
3323 5156 3573 5227 deposuit,
3597 5158 3726 5202 manv

2219 5266 2475 5322 mumque
2503 5266 2716 5317 eorum,
2740 5266 2803 5306 ea
2828 5261 3021 5307 cuncto
3040 5261 3318 5321 spectante
3362 5248 3560 5319 populo,
3587 5239 3726 5307 alligac

2215 5343 2313 5409 vit,
2341 5351 2499 5412 atttue
2525 5358 2694 5414 usque
2718 5343 2781 5397 ad
2810 5343 3031 5398 fluvium
3083 5343 3262 5409 Saliae.
3294 5341 3380 5413 (Ιηί
3416 5341 3552 5410 ium
3576 5333 3723 5422 de“?

2220 5435 2313 5501 rit,
2344 5435 2601 5501 vinctum,
2626 5435 2879 5491 manibus
2910 5435 3130 5489 adduxit
3160 5434 3405 5504 prepriis,
3444 5434 3641 5493 eumque
3671 5415 3722 5469 ibi

2216 5527 2430 5582 solvens
2453 5527 2587 5582 dixit
2619 5545 2631 5581 :
2665 5528 2719 5583 ln
2750 5528 2968 5583 nomine
3009 5527 3358 5582 sanctissimae
3395 5531 3447 5577 et
3495 5509 3723 5604 individua?

2216 5618 2705 5690 Trinitatis,.quam
2730 5634 2795 5675 ex
2846 5620 3139 5675 beatissimi
3189 5614 3427 5688 magistri
3470 5608 3564 5666 mei
3613 5601 3721 5658 Petri

2216 5714 2580 5784 apostolorum
2652 5713 2911 5785 principis
2953 5712 3328 5785 praedicatione
3380 5716 3551 5761 verum
3593 5696 3719 5753 Deum

2220 5808 2433 5879 agnovi,
2469 5806 2721 5877 praecipio
2754 5805 2847 5861 tibi
2879 5814 2935 5859 ut
2966 5805 3094 5860 nulli
3120 5804 3387 5860 hominum
3416 5813 3472 5854 ac
3492 5790 3721 5879 bestiarum

2216 5873 2440 5968 nocens,
2464 5873 2568 5956 hoc
2596 5873 2793 5956 flumen
2822 5896 2976 5957 ocius
3015 5911 3137 5955 cum
3164 5894 3330 5971 omni
3358 5890 3628 5949 coliterettle
3651 5873 3721 5961 l'bj
