3920 6336
174 426 266 483 715

974 419 1195 475 casn
1233 416 1447 473 EPISC.
1487 411 1787 469 METENS.
1830 438 1901 451 -
1935 409 2206 467 TEXTUS
2243 394 2623 466 SECUNDUS.

3299 410 3407 464 ’114

174 539 407 611 pestifera
457 537 797 594 multitudine
828 545 1185 605 pertranseas,
1244 541 1407 602 atque
1432 546 1525 587 eas
1555 538 1737 599 partes
1761 526 1818 585 Δ
1844 523 2084 581 ﬁdelibus
2110 524 2303 596 legitur
2321 525 2560 580 dixisset
2587 524 2747 577 Amen
2792 521 2908 576 dico
2944 522 3099 590 vobis,
3130 524 3217 591 qui
3242 525 3407 578 credit

172 632 331 693 adeas,
367 645 476 698 quo
505 629 679 683 nullus
710 626 1055 680 habitationis
1105 625 1353 679 humanae
1389 635 1519 675 usus
1549 617 1734 673 haberi

172 726 346 780 valeat.
382 725 484 778 Vix
514 738 645 793 ergo
675 733 898 776 sanctus
954 719 1204 774 sacerdos
1238 718 1399 772 verba
1421 714 1735 783 compleve-

172 824 256 882 rat,
286 825 339 870 et
369 830 498 869 ecce
525 827 750 880 serpens
790 811 1208 866 immanissimus
1233 823 1356 865 cum
1382 807 1595 861 caeteris
1616 818 1734 857 om-

172 906 307 960 nibus
335 905 501 975 coepit
530 905 754 957 festinus
782 902 953 970 abire,
986 910 1043 956 ut
1091 900 1196 955 sibi
1253 902 1474 953 antistes
1500 898 1737 966 iusserat

171 997 440 1066 egregius;
482 1005 643 1063 atque
693 1003 813 1063 post
862 994 1013 1047 illum
1056 993 1193 1047 diem
1240 992 1311 1046 ita
1355 993 1607 1060 przelatus
1668 985 1738 1039 ab

170 1090 298 1142 omni
328 1087 663 1141 immunditia
688 1086 1017 1155 serpentium
1042 1084 1325 1138 mundatus
1356 1090 1439 1137 est
1478 1081 1646 1144 locus,
1672 1083 1740 1131 ut

172 1181 247 1234 vix
272 1180 562 1250 aliquando
584 1180 676 1245 i-bi,
706 1178 778 1232 uti
800 1193 958 1248 supra
987 1176 1317 1232 notificatutn
1338 1186 1439 1246 est,
1471 1175 1727 1247 parvissi-

172 1290 272 1328 ntus
292 1273 615 1328 vermiculus
642 1273 967 1340 reperiatur.

230 1364 372 1418 Tunc
405 1380 532 1418 vero
562 1374 781 1417 cunctus
812 1364 1034 1431 populus
1060 1370 1167 1416 tam
1222 1376 1466 1434 magnam
1499 1375 1593 1431 per
1623 1359 1723 1416 Dei

172 1454 428 1508 hominem
450 1470 677 1508 cernens
701 1454 908 1520 impleri
934 1452 1205 1518 virtutem,
1221 1452 1290 1508 ab
1314 1452 1428 1521 ejus
1459 1466 1553 1505 ore
1570 1450 1723 1504 avide

169 1547 465 1612 satagebant
497 1545 679 1599 audire
709 1545 949 1599 veritatis
974 1544 1218 1612 verbum,
1266 1543 1544 1611 cupientes
1572 1557 1739 1611 spon-

169 1636 321 1691 sionis
353 1638 589 1705 propriae
619 1637 839 1705 exsequi
875 1636 1217 1704 promissum.
1260 1635 1606 1690 Beatissimus
1637 1635 1734 1701 igi-

169 1739 243 1783 tur
293 1727 547 1782 Clemens
599 1737 801 1782 tantam
862 1729 1039 1798 populi
1096 1742 1325 1782 cernens
1374 1727 1737 1791 devotionem,

167 1821 420 1875 maximas
443 1819 682 1890 largitori
705 1819 865 1874 totius
894 1818 1273 1874 bonireddidit
1300 1818 1519 1887 gratias,
1540 1832 1739 1886 eosque

1836 619 1891 671 in
1916 634 2014 687 me,
2041 634 2197 687 opera
2222 634 2336 688 qua:
2365 633 2457 687 ego
2486 617 2619 687 facio
2649 624 2699 669 et
2740 615 2844 686 ipse
2895 614 3061 685 faciet,
3112 623 3160 667 et
3202 619 3405 686 majora

1839 710 2017 762 horum
2038 710 2204 780 faciet.
2248 708 2353 764 Sed
2387 717 2443 762 ut
2465 708 2531 762 ad
2578 708 2691 761 haec
2732 721 2851 775 qua;
2879 705 3108 760 dicimus
3134 707 3402 762 credenda

1839 802 2120 857 incitemus
2174 802 2380 856 animos
2433 800 2688 871 ﬁdelium,
2723 801 3009 855 immittere
3036 799 3121 855 hic
3143 800 3405 857 visionem

1840 892 2010 947 ﬁdelis
2038 893 2336 962 cujusdam,
2368 891 2519 962 cujus
2549 906 2764 958 nomen,
2796 893 2917 961 quia
2942 892 3116 947 adhuc
3139 903 3404 960 superest,

1840 985 2031 1039 melius
2082 983 2195 1040 fore
2246 983 2513 1051 crqlimus
2562 983 2920 1051 reticendum,
2987 1000 3094 1039 non
3160 985 3409 1042 duximus

1839 1087 2247 1143 supervacuum.
2276 1072 2376 1127 Hic
2402 1073 2579 1141 itaque
2606 1088 2727 1127 cum
2761 1089 2821 1127 se
2845 1083 2963 1143 post
2991 1075 3258 1145 expletum
3290 1074 3409 1130 diu-

1842 1166 1982 1220 turni
2006 1166 2261 1234 tcmporis
2285 1164 2542 1233 ofﬁcium,
2591 1176 2814 1235 postque
2844 1166 3039 1221 effusas
3066 1167 3413 1224 dev0tissime

1845 1257 2068 1311 Domino
2100 1271 2289 1324 preces
2317 1258 2498 1325 sopori
2544 1257 2671 1311 dare
2715 1258 2895 1322 vellet,
2928 1258 2981 1311 in
3012 1267 3189 1313 mente
3216 1259 3265 1313 ei
3295 1261 3415 1315 talis

1851 1348 2138 1404 beatissimi
2164 1347 2375 1403 devenit
2406 1350 2670 1403 memoria
2720 1346 3040 1415 Clementis;
3073 1350 3237 1420 cmpit
3267 1366 3416 1406 nam—

1842 1459 1947 1513 que
1975 1441 2132 1497 nimis
2159 1442 2583 1510 praecordiorum
2629 1442 3118 1509 perturbationibus
3162 1443 3230 1498 de
3275 1458 3420 1512 saepe

1843 1534 1983 1590 dicto
2012 1534 2235 1603 praesule
2264 1534 2490 1599 anxiari,
2524 1533 2780 1589 videlicet
2809 1536 2900 1603 qui
2932 1544 3007 1588 tot
3048 1535 3211 1589 millia
3241 1533 3419 1590 homi-

1846 1646 1969 1687 num
2000 1629 2211 1685 Christo
2238 1628 2407 1698 potuit
2431 1643 2495 1683 eo
2525 1638 2794 1682 annuente
2849 1627 3149 1697 subjugare,
3193 1639 3249 1683 ut
3293 1629 3423 1699 quid

1846 1722 1991 1776 nullo
2023 1736 2156 1791 pene
2183 1722 2436 1775 virtutum
2490 1720 2716 1790 fulgeret
2754 1720 2979 1791 jubare‘!
3014 1720 3139 1775 Htec
3175 1736 3242 1777 eo
3269 1724 3425 1793 cogi-

1849 1822 2017 1877 tante,
2049 1814 2134 1865 vix
2165 1810 2450 1881 aliquando
2478 1826 2540 1866 ea
2572 1810 2739 1865 valuit
2762 1822 2918 1866 nocte
2944 1825 3138 1866 somno
3160 1813 3424 1882 opprimi;

164 1910 305 1981 juxta
338 1927 547 1965 morem
580 1911 852 1965 instruens
896 1909 1341 1975 ecclesiasticum,
1370 1908 1651 1962 admonuit
1688 1916 1745 1961 ttt
1773 1908 1824 1971 Β
1851 1907 1945 1963 sed
1975 1921 2094 1959 cum
2116 1906 2344 1960 necdum
2374 1905 2651 1970 dormiret,
2686 1918 2788 1958 nec
2834 1904 3050 1959 omnino
3078 1905 3424 1974 disvigilaret,

166 2019 222 2058 se
248 2004 605 2059 devotissime
638 2012 1004 2071 praepararent
1046 2002 1113 2056 ad
1168 2001 1569 2071 percipiendum
1608 2001 1746 2055 sacri

166 2091 359 2145 donum
395 2090 768 2159 baptismatis;
798 2090 1063 2159 quijussis
1088 2091 1230 2144 illius
1263 2092 1314 2145 in
1338 2089 1587 2145 omnibus
1616 2092 1751 2145 obe-

169 2184 396 2250 dientes,
424 2185 596 2237 unica:
627 2193 826 2237 sancite
856 2184 1040 2237 matris
1091 2183 1344 2238 Ecclesia:
1378 2183 1472 2237 ﬁlii
1503 2198 1749 2239 meruere

169 2277 297 2331 efﬁci
330 2276 648 2346 participes.
684 2276 921 2346 Denique
944 2278 1153 2331 cunctis
1176 2276 1614 2332 abrenuntiautes
1636 2292 1751 2331 sor-

171 2367 319 2420 dibus
371 2366 664 2434 idolorum,
709 2382 802 2436 per
858 2382 1048 2436 aquam
1098 2378 1151 2421 et
1191 2366 1448 2437 Spiritum
1505 2379 1749 2423 sanctum

172 2456 331 2525 ipsius
360 2456 560 2511 sanctis
608 2457 775 2510 abluti
835 2456 1102 2520 manibus,
1148 2460 1413 2512 universis
1442 2473 1545 2511 non
1576 2458 1750 2512 solum

171 2550 582 2619 corporum,sed
608 2551 792 2617 etiam,
815 2551 957 2620 quod
998 2550 1170 2620 majus
1195 2561 1297 2615 est,
1324 2552 1619 2605 animarum
1651 2566 1754 2606 ca-

174 2659 330 2699 ruere
384 2644 752 2714 languoribus.
801 2646 949 2698 Tuuc
997 2660 1125 2715 ergo
1167 2646 1493 2699 nobilissima
1543 2662 1753 2717 gemma

174 2736 480 2802 praesulum,
510 2736 873 2806 quotidieque,
897 2735 1049 2806 juxta
1097 2738 1752 2807 Psahnographi‘dictum,

173 2825 241 2881 de
272 2827 466 2882 virtute
488 2828 715 2881 studens
740 2827 1002 2898 proﬁcere
1030 2828 1082 2881 in
1136 2829 1409 2893 virtutem,
1445 2829 1616 2884 donec
1648 2830 1754 2884 Do-

175 2916 300 2967 mini
324 2918 545 2971 deorum
573 2933 795 2972 cernere
821 2927 1118 2972 mereretur
1137 2918 1417 2983 visionem,
1441 2927 1563 2987 post
1588 2919 1755 2985 illam,

172 3022 330 3076 quam
365 3025 525 3078 supra
556 3010 791 3064 diximus
825 3011 963 3065 beati
1006 3011 1148 3065 Petri
1193 3012 1419 3079 apostoli
1450 3011 1754 3075 ecclesiam,

173 3098 358 3163 aliam,
383 3108 439 3152 ut
463 3098 653 3169 fertur,
676 3100 729 3153 in
755 3100 959 3154 honore
981 3100 1307 3155 sanctissimi
1327 3100 1581 3170 Baptista:
1596 3100 1758 3155 Joan-

174 3190 261 3243 nis
313 3193 617 3246 construxit
676 3193 971 3258 basilicam,
1025 3193 1076 3245 in
1136 3209 1236 3261 qua
1295 3194 1488 3247 multas
1545 3192 1759 3247 diabolo

1853 2002 1936 2055 vir
1962 2010 2085 2055 ante
2126 2000 2272 2053 illum
2304 2000 2482 2053 nimia:
2508 1998 2774 2053 claritatis
2801 1999 2990 2064 astitit,
3050 1998 3205 2067 eique
3251 1999 3427 2055 dixit:

1853 2096 2052 2162 Quare,
2083 2094 2248 2148 frater
2271 2092 2609 2157 cbarissime,
2642 2100 2749 2146 tam
2784 2092 2942 2160 longo
2967 2092 3137 2147 noctis
3164 2093 3335 2161 spatio
3362 2093 3430 2149 de

1853 2186 1978 2239 alini
2014 2185 2278 2253 praesulis,
2313 2185 2458 2239 velut
2488 2183 2716 2238 inﬁdelis
2769 2184 3014 2239 dubitare
3035 2184 3236 2245 videris
3259 2185 3428 2238 virtu-

1855 2264 1994 2332 tibus
2025 2275 2350 2331 Clementis?
2398 2275 2546 2330 Scito
2591 2274 2792 2344 absque
2840 2274 3014 2344 aliqua
3065 2275 3427 2346 ambiguitate,

1856 2371 2107 2424 maximis
2134 2369 2284 2423 illum
2316 2370 2366 2422 in
2394 2382 2557 2422 carne
2606 2366 2836 2437 viguisse
2882 2365 3171 2432 miraculis,
3213 2366 3349 2420 adeo
3378 2375 3432 2420 ut

1855 2464 2040 2532 opinio
2062 2463 2318 2516 virtutum
2356 2461 2497 2515 illius
2521 2469 2726 2515 tantum
2775 2476 2836 2522 se
2882 2460 3205 2529 dilataverit,
3232 2475 3338 2529 quo
3366 2460 3433 2514 ad

1860 2560 2130 2616 Romanas
2157 2574 2308 2613 arces
2338 2573 2443 2612 non
2468 2557 2625 2611 modo
2645 2560 2853 2612 caeteris
2882 2556 3143 2625 fidelibus,
3161 2557 3253 2611 sed
3271 2556 3432 2611 etiam

1857 2653 1958 2724 ipsi
1990 2653 2359 2721 apostolorum
2392 2648 2562 2720 primo
2592 2651 2814 2719 gratiam
2846 2648 2941 2703 Dei
2967 2648 3018 2702 in
3048 2651 3139 2703 illo
3168 2647 3434 2703 admiran-

1860 2745 1898 2800 ti
1918 2788 1933 2814 ,
1964 2745 2106 2799 clara
2136 2743 2440 2813 pervenerit
2472 2760 2484 2796 :
2516 2741 2745 2812 peccatis
2773 2758 2896 2796 vero
2925 2741 3213 2796 Christiani
3257 2742 3435 2810 populi

1859 2838 2218 2910 exigentibus,
2248 2852 2394 2907 saepe
2424 2852 2602 2892 rerum
2628 2845 2841 2891 creator
2896 2836 3149 2889 Dominus
3178 2837 3436 2890 immitem

1860 2929 2208 2985 barbarorum
2255 2937 2467 2999 gentem
2514 2941 2675 2997 super
2728 2942 2820 2981 eos
2858 2927 3060 2993 venire,
3097 2935 3255 2993 atque
3295 2926 3434 2990 illos,

1862 3022 2255 3090 ecclesiasque,
2281 3022 2332 3074 in
2365 3019 2560 3088 quibus
2610 3013 2873 3088 praecepta
2913 3018 3027 3085 ejus
3074 3015 3357 3070 audiebant
3383 3025 3437 3069 et

1864 3111 2220 3167 contemneba
2230 3120 2305 3177 nt,
2331 3112 2710 3173 exterminare,
2724 3124 2842 3163 cum
2875 3109 3003 3177 ipsis
3021 3123 3186 3161 sacra:
3200 3108 3438 3176 Scriptu-

1867 3221 1940 3259 τω
1971 3219 2156 3274 passus
2181 3213 2264 3259 est
2284 3202 2660 3257 voluminibus.
2687 3186 2893 3258 idcirco
2915 3216 3019 3271 que
3048 3199 3215 3266 iStius,
3251 3214 3439 3268 quem-

173 3280 519 3347 abstrahens,
539 3282 647 3337 Deo
668 3284 953 3353 acquisivit
975 3285 1201 3349 animas,
1221 3285 1495 3355 ipsamque
1521 3283 1755 3340 ﬁdelium
1785 3294 1835 3362 ο
1865 3298 2149 3354 admodum
2172 3305 2228 3351 ει
2255 3296 2611 3364 “mimorum
2664 3304 2991 3358 sanctorum,
3035 3300 3185 3361 gesta
3224 3291 3440 3345 omnino

172 3370 405 3426 instituit
432 3374 811 3444 baptisterium
841 3377 955 3431 fieri
990 3378 1304 3446 pupulorum
1352 3392 1446 3446 per
1470 3379 1762 3434 succeden-

178 3462 251 3515 tia
281 3479 545 3519 annorum
573 3469 839 3523 curricula
868 3487 881 3522 :
916 3468 968 3523 in
1006 3484 1107 3539 qua
1164 3470 1323 3524 etiam
1370 3478 1550 3524 tantus
1595 3485 1763 3526 sacra:

174 3551 461 3620 religionis
495 3556 719 3610 inolevit
747 3571 895 3622 usus,
923 3567 980 3611 ut
1010 3568 1195 3626 postea
1245 3573 1352 3613 non
1391 3560 1601 3615 modico
1629 3570 1763 3615 tem-

175 3654 308 3708 pore
336 3646 735 3700 sanctissimum
766 3647 896 3702 inibi
943 3654 1328 3704 monachorum
1382 3650 1483 3705 sub
1534 3651 1764 3720 regulari

177 3735 390 3790 tramite
419 3736 640 3793 Christo
668 3738 923 3795 militaret
945 3742 1253 3811 collegium.
1300 3742 1533 3798 Tertiam
1561 3745 1761 3798 nihilo-

182 3827 362 3881 minus
390 3830 695 3886 aflirmatur
718 3832 1014 3888 aedificasse
1041 3835 1349 3901 ecclesiam,
1380 3834 1434 3889 in
1465 3836 1617 3905 cujus
1642 3836 1760 3889 fun-

178 3914 445 3973 damentis
478 3922 601 3977 fecit
631 3926 780 3977 miras
808 3926 1217 3992 pulchritudinis
1244 3940 1505 3997 cryptam,
1534 3926 1762 3983 fontem-

180 4021 283 4073 oue
312 4011 537 4067 inferius
587 4016 895 4083 composuit
944 4018 1261 4084 miriﬁcum,
1314 4019 1404 4087 qui
1448 4033 1553 4074 non
1603 4020 1763 4075 modo

184 4094 375 4153 habilis
401 4112 488 4157 est
509 4104 575 4157 ad
600 4107 917 4176 potandum,
943 4110 1037 4164 sed
1067 4109 1288 4179 insuper
1314 4111 1471 4165 valde
1499 4112 1761 4178 salutifer,

184 4187 228 4240 si
254 4194 369 4257 quis
414 4208 539 4248 cum
589 4200 694 4252 ﬁde
744 4199 960 4270 biberit,
1014 4202 1082 4257 ad
1139 4218 1351 4258 omnem
1388 4205 1761 4272 expellendum

188 4283 512 4348 egritudinis
536 4287 809 4341 morbum.
842 4291 985 4346 Ante
1008 4295 1204 4348 ostium
1256 4310 1384 4350 vero
1413 4297 1580 4363 ipsius
1602 4298 1763 4351 fontis

190 4380 524 4430 consecravit
578 4393 725 4432 aram
785 4382 838 4433 in
890 4382 1147 4436 honorem
1178 4387 1518 4454 praeceptoris
1545 4388 1624 4441 sui
1647 4384 1760 4456 jam

193 4464 373 4519 crebro
400 4469 667 4524 nominati
690 4471 829 4526 beati
847 4472 990 4528 Petri
1016 4476 1268 4543 apostoli,
1293 4479 1762 4548 apostolorumque

195 4556 461 4628 principis,
518 4561 609 4617 ubi
670 4562 787 4632 ipse
833 4567 1170 4622 venerandus
1195 4568 1430 4637 lantistes
1458 4572 1759 4638 sepulcrum

1868 3389 1982 3444 fere
2009 3386 2269 3441 oblivioni
2292 3396 2416 3441 sunt
2441 3385 2654 3439 tradita.
2687 3384 2791 3439 Sed
2840 3382 2966 3452 quid
2996 3383 3189 3437 mirum
3225 3383 3271 3437 si
3320 3396 3441 3435 ma-

1868 3480 2012 3552 gnis,
2039 3481 2165 3533 dum
2194 3478 2499 3543 adviveret,
2527 3477 2735 3531 fulserit
2760 3475 3064 3542 virtutibus,
3095 3490 3213 3529 cum
3244 3474 3439 3541 adhuc,

1866 3576 1911 3629 si
1966 3571 2296 3643 peccantium
2356 3570 2489 3625 ﬁdes
2521 3584 2624 3622 non
2671 3568 2870 3634 deﬁcit,
2922 3568 3069 3621 locus
3097 3566 3441 3636 reliquiarum

1867 3664 1987 3733 ejus
2013 3677 2118 3717 non
2148 3661 2507 3716 mediocribus
2536 3669 2781 3714 coruscat
2814 3658 3124 3712 miraculis?
3154 3658 3442 3725 Tetnpori-

1868 3758 1968 3809 bus
1997 3767 2225 3821 namque
2256 3750 2452 3806 nostris
2475 3749 2719 3804 claudum
2749 3764 2914 3803 unum
2950 3748 3092 3803 omni
3116 3746 3329 3817 penitus
3349 3751 3441 3801 de-

1868 3846 2031 3901 bilem
2057 3857 2284 3911 corpore
2305 3852 2572 3909 sanatum,
2637 3850 2850 3906 tresque
2901 3840 3260 3894 daemoniacos
3282 3855 3442 3892 mun-

1868 3937 2024 3991 datos
2071 3944 2194 3989 ante
2235 3934 2631 3988 sanctissimum
2686 3946 2882 4001 corpus
2927 3932 3089 3997 illius,
3124 3931 3291 3986 oculis
3314 3945 3438 3999 pro-—

1869 4026 2018 4097 priis,
2052 4041 2158 4080 non
2181 4025 2299 4080 sine
2328 4024 2528 4095 ingenti
2553 4023 2924 4088 admiratione,
2964 4022 3215 4075 vidimus.

1939 4114 2215 4171 Transivit
2240 4130 2367 4171 vero
2391 4130 2530 4169 nono
2559 4115 2646 4168 die
2671 4112 3024 4168 Calendarum
3065 4112 3439 4167 Decembrium

1866 4208 1935 4262 ab
1958 4206 2058 4260 hac
2085 4221 2386 4261 aarumnosa
2416 4215 2468 4260 et
2489 4204 2719 4260 instabili
2745 4205 2845 4258 vita
2876 4205 2942 4257 ad
2972 4204 3179 4257 felicem
3204 4213 3259 4257 et
3276 4219 3439 4273 ange-

1868 4301 2024 4356 licam
2057 4300 2281 4367 patriam
2307 4300 2554 4368 princeps
2602 4297 2865 4352 maximus
2893 4309 2948 4353 et
2987 4299 3266 4363 Sacerdos,
3307 4312 3440 4353 con-

1863 4391 2081 4461 junctus
2136 4392 2347 4460 magnis
2387 4390 2714 4459 principibus
2767 4389 3133 4453 Sacerdotum,
3187 4388 3442 4444 assistens

1866 4496 2008 4538 nunc
2056 4483 2284 4537 Domino
2335 4483 2617 4549 caelorum,
2669 4491 2886 4550 paratus
2939 4480 3270 4536 intercedere
3301 4480 3439 4550 apud

1867 4574 2012 4629 illum
2044 4591 2141 4644 pro
2170 4574 2405 4644 peccatis
2434 4572 2669 4628 ﬁdelium
2719 4573 3052 4643 p0pnlorum,
3097 4571 3185 4628 ubi
3234 4588 3355 4628 cum
3377 4586 3441 4627 eo

195 4645 281 4699 sibi
302 4653 756 4717 quemadmodum
789 4673 957 4727 usque
1010 4660 1168 4715 hodie
1225 4665 1481 4729 cernitur,
1529 4666 1668 4733 fecit,
1705 4669 1758 4724 in
1787 4650 1846 4715 Ῑ)
1869 4667 2079 4720 laetatur
2101 4664 2331 4721 feliciter
2359 4665 2412 4719 in
2437 4665 2628 4719 saecula
2657 4662 2999 4718 smeulortﬁn.
3029 4664 3220 4719 Amen.

195 4749 291 4805 quo
312 4744 471 4798 etiam
502 4760 612 4813 non
643 4762 805 4816 parvo
836 4762 1075 4821 tempore
1098 4755 1345 4810 humatus
1362 4755 1548 4826 jacuit.

258 4832 358 4889 Nos
389 4851 523 4906 ergo
577 4854 686 4895 non
742 4842 914 4897 solum
951 4846 1062 4899 haec
1088 4861 1207 4914 qua:
1236 4848 1418 4915 paucis
1444 4851 1761 4906 memoravi-

200 4935 300 4977 mus
320 4928 562 4992 credere,
595 4944 781 4985 verum
814 4934 976 4988 etiam
1007 4939 1168 4990 multa
1200 4940 1300 4992 alia
1340 4947 1396 4994 et
1448 4940 1561 4995 fere
1606 4944 1758 4999 innu-

202 5019 456 5073 merabilia
491 5022 751 5078 debemus
779 5042 884 5079 non
913 5029 1202 5098 ambigere,
1258 5030 1382 5099 quia
1422 5049 1755 5104 nequaquam

202 5104 398 5163 nimium
426 5110 625 5167 ferocia
654 5130 717 5169 ac
739 5116 1077 5171 indomabilis
1095 5120 1367 5188 gentilium
1391 5124 1526 5179 colla
1542 5123 1760 5182 Christo

203 5198 381 5255 valeret
416 5205 688 5273 subigere,
740 5207 839 5262 nisi
898 5208 1054 5278 ipso,
1114 5214 1254 5280 quod
1306 5214 1440 5269 dixit
1494 5217 1755 5286 Christus,

206 5290 308 5346 Sine
323 5312 397 5348 me
424 5298 555 5350 nihil
584 5300 751 5367 facere
773 5304 1013 5368 potestis,
1039 5315 1380 5373 cooperante,
1412 5318 1469 5362 ut
1492 5309 1591 5377 ipsi
1616 5313 1761 5379 prin-

204 5382 325 5449 cipes
351 5400 555 5441 sanctae
584 5388 676 5443 Dei
712 5393 985 5461 Ecclesiae,
1032 5396 1242 5451 scilicet
1287 5400 1455 5455 sancti
1509 5403 1758 5470 apostoli,

205 5488 549 5549 sequacesque
579 5498 763 5537 eorum
812 5487 1088 5554 apostolici
1140 5489 1260 5556 viri,
1312 5494 1755 5559 quemadmodum

206 5564 246 5620 in
270 5574 424 5639 gestis
456 5573 672 5629 illorum
696 5578 997 5633 audivimus
1039 5581 1387 5655 credierrime,
1426 5585 1510 5638 hic
1549 5603 1759 5656 quoque

206 5666 266 5712 vir
283 5666 526 5733 egregius
555 5675 611 5720 et
639 5670 986 5739 apostolicus,
1019 5672 1152 5726 mira
1182 5681 1238 5728 et
1267 5678 1546 5744 magnifica
1574 5681 1759 5733 creda-

207 5756 271 5803 tur
295 5758 489 5824 egisse.
518 5757 637 5825 lpse
664 5775 858 5831 nempe
886 5766 1088 5818 Auctor
1118 5775 1298 5821 noster
1325 5781 1389 5822 ac
1434 5770 1758 5841 Redemptor

205 5843 434 5907 Dominus
454 5852 614 5910 .Iesus
643 5852 885 5912 Christus
931 5860 984 5914 in
1029 5860 1318 5933 Evangelio
1365 5864 1615 5921 omnibus
1641 5869 1752 5926 suis

461 5947 735 6012 Panos.
783 5950 967 6013 XCV.

1939 4758 2213 4813 Successit
2244 4757 2368 4811 huic
2399 4758 2478 4811 vir
2508 4758 2696 4834 plenus
2746 4758 2853 4811 Deo
2901 4756 3148 4812 Caelestis
3204 4756 3438 4822 nomine,

1863 4849 1951 4919 qui
1992 4850 2267 4907 caelestem
2300 4850 2459 4904 vitam
2490 4864 2611 4903 cum
2644 4850 2791 4918 regni
2848 4850 3106 4904 cmlorum
3150 4848 3437 4901 annuntia-

1866 4947 2010 4997 tione
2055 4945 2279 5007 ducens,
2328 4941 2587 5007 exemplis
2631 4943 2825 5008 pariter
2854 4950 2910 4995 et
2929 4939 3185 4995 doctrinis
3219 4939 3441 4993 creden-

1865 5039 2001 5091 tium
2037 5051 2316 5092 numerum
2352 5036 2611 5089 dilatavit.
2662 5035 2784 5089 l”ost
2831 5032 2971 5087 hunc
2999 5034 3228 5099 denique
3253 5046 3439 5100 regen-

1868 5129 1988 5182 dam
2013 5130 2247 5197 suscepit
2271 5127 2566 5181 Ecclesiam
2600 5124 2773 5189 Felix,
2810 5125 3003 5179 deinde
3034 5123 3269 5176 Patiens.
3316 5123 3440 5175 Post

1868 5222 1983 5275 hmc
2009 5222 2220 5289 quintus
2250 5220 2301 5273 in
2355 5219 2543 5271 ordine
2602 5217 2801 5281 Victor,
2852 5215 3043 5269 deinde
3072 5213 3206 5265 alius
3232 5211 3435 5266 Victor.

1867 5312 1990 5366 Post
2035 5312 2151 5376 hos,
2194 5313 2411 5365 Simeou
2461 5310 2749 5378 septimus;
2781 5315 2899 5373 post
2954 5319 3107 5373 quem
3137 5302 3437 5357 Sambatius

1826 5436 1829 5437 ν
1863 5412 2108 5465 octavus,
2137 5414 2360 5470 quorum
2384 5399 2617 5453 omnium
2648 5396 2837 5451 studiis
2865 5402 3069 5447 certum
3100 5402 3182 5445 est
3208 5393 3439 5447 crevisse

1865 5491 1959 5545 Dei
1994 5492 2307 5555 Ecclesium,
2342 5489 2585 5558 quamvis
2612 5502 2798 5541 eorum
2829 5485 2982 5540 nobis
3027 5484 3330 5552 specialiter
3346 5499 3439 5540 oc-

1862 5588 2002 5640 culta
2028 5586 2136 5638 sint
2159 5596 2328 5653 gesta.
2360 5581 2528 5637 Rufus
2554 5595 2684 5635 vero
2728 5590 2781 5635 et
2811 5578 3104 5649 Adelphus,
3127 5579 3216 5648 qui
3240 5580 3436 5634 suntin

1862 5692 2084 5731 numero
2108 5690 2278 5730 nonus
2301 5683 2356 5729 et
2380 5674 2641 5740 decimus,
2705 5673 2913 5742 magnis
2941 5670 3143 5741 absque
3186 5670 3349 5725 dubio
3381 5670 3453 5731 iu

1861 5772 1966 5824 vita
1998 5768 2203 5824 meritis
2242 5767 2455 5822 fulsisse
2505 5765 2760 5822 credendi
2790 5775 2945 5830 sunt;
2976 5764 3187 5834 quando
3216 5764 3431 5833 quidem

1864 5864 1952 5919 tali
1981 5864 2143 5919 etiam
2172 5870 2290 5932 post
2316 5861 2521 5918 obitum
2548 5860 2749 5916 fulsere
2795 5857 3073 5914 miraculo.
3106 5856 3307 5912 [lorum
3333 5855 3435 5910 de-

2913 5956 2995 6020 23
