3920 6336
553 357 649 413 IIS

1377 353 1575 410 PAULI
1616 352 1886 409 DIACONI
1914 350 2061 406 Oi’P.
2102 349 2280 407 PARS
2317 351 2356 405 Ι.
2396 380 2466 392 —-
2501 348 2895 409 HISTORICA..
2936 358 2937 361 “
3611 362 3684 425 716

543 472 704 541 nique
740 483 967 536 corpora
996 483 1114 521 cun:
1139 468 1190 521 in
1222 468 1491 522 basilicam
1522 469 1661 523 beati
1694 468 1888 523 Felicis
1912 476 2113 536 marty-
2139 473 2195 529 Α
2216 479 2304 521 sos
2352 468 2627 537 parvulus.
2687 467 2777 537 qui
2807 467 3054 549 .necdum
3104 466 3237 520 sacri
3267 466 3411 525 fontis
3433 472 3689 533 ablutionem

544 564 619 619 ris
660 562 841 617 essent
888 559 1126 624 humata,
1178 559 1315 614 sicut
1362 560 1428 613 ad
1479 575 1574 615 nos
1605 575 1769 628 usque
1808 556 2112 615 decucurrit

548 654 762 721 relatio,
793 653 872 707 vir
897 651 1110 721 quidam
1141 662 1257 706 erat
1284 651 1582 719 religiosus,
1609 667 1670 706 ac
1693 652 1761 705 de
1784 665 1895 707 sum
1919 649 2111 704 animae

540 760 671 803 cura
709 745 995 811 sollicitus,
1023 744 1106 798 cui
1159 754 1422 799 nocturno
1471 753 1730 813 tempore,
1784 754 1841 799 ut
1894 743 2111 811 privatis

539 838 866 896 orationibus
892 853 955 893 se
983 838 1207 891 Domino
1229 839 1655 901 commendaret,
1714 839 1959 893 universa
1989 852 2109 907 quas

535 940 695 988 extra
731 936 913 985 muros
939 929 1181 997 ejusdem
1211 930 1448 983 civitatis
1497 931 1599 984 sita
1628 937 1805 985 serant
1854 930 2108 993 oratoria,

536 1020 857 1082 indesinenti
878 1021 1056 1076 studio
1083 1020 1313 1074 circuire
1361 1019 1592 1075 solebat.
1638 1018 1733 1072 llic
1761 1019 1953 1099 itaque
1980 1018 2107 1073 dum

533 1116 600 1171 ad
631 1115 940 1184 prtedictam
973 1114 1110 1169 beati
1137 1112 1329 1169 Felicis
1360 1113 1610 1183 martyris
1642 1112 1972 1181 pervenisset
2009 1112 2106 1166 ba-

531 1205 760 1272 silicam,
809 1220 907 1262 nec
953 1216 1124 1259 tamen
1178 1205 1510 1275 ingrediendi
1565 1206 1613 1258 ei
1673 1214 1817 1259 esset
1848 1218 2107 1259 concessa

531 1301 774 1365 facultas,
800 1300 1029 1356 accessit
1051 1300 1200 1370 juxta
1262 1314 1470 1353 murum
1522 1298 1817 1352 forinsecus
1871 1296 1934 1352 ad
1986 1311 2108 1352 eam

531 1402 736 1464 partem
763 1394 867 1464 Qua
926 1392 1301 1462 praedictorum
1356 1392 1693 1447 sacerdotum
1741 1380 1969 1460 corpora
2023 1404 2107 1445 re-

535 1488 900 1558 quiescebant,
936 1496 1094 1555 atque
1123 1486 1193 1540 ibi
1228 1500 1288 1541 se
1312 1487 1365 1539 in
1391 1485 1634 1540 oratione
1656 1495 1763 1540 tota
1784 1498 1892 1539 suae
1913 1484 2107 1539 mentis

530 1580 823 1637 intentione
844 1581 1163 1650 prostravit;
1197 1580 1285 1649 qui
1312 1580 1437 1634 dum
1465 1589 1584 1648 post
1612 1578 1811 1633 effusas
1835 1593 2018 1648 preces
2036 1578 2105 1633 ab

532 1677 778 1733 oratione
818 1676 1167 1740 surrexisset,
1192 1685 1244 1729 et
1292 1677 1343 1729 in
1395 1684 1700 1729 sanctorum
1748 1674 2005 1729 honorem
2036 1672 2103 1727 ad

524 1776 750 1842 quarum
774 1783 806 1825 e
834 1769 1056 1839 regione
1086 1770 1328 1839 sepulcra
1352 1778 1617 1831 oraverat,
1643 1767 1833 1837 psalmi
1860 1768 2103 1821 versicu-

2214 570 2583 628 perceperant,
2615 557 2871 639 baptizari
2904 558 3177 629 praecepit.
3394 628 3397 629 ν

2283 650 2446 721 igitttr
2494 651 2773 707 audientes
2805 650 3002 719 Hunni,
3031 652 3119 720 qui
3170 665 3238 704 xu
3290 651 3515 707 milliario
3550 646 3693 711 exinde

2213 743 2373 799 situm
2402 754 2638 801 castrum
2669 741 2816 816 quod
2863 744 3175 812 Scarponna
3204 728 3387 797 dicitur
3425 740 3695 809 obsidebant,

2219 835 2474 893 Metensis
2497 836 2646 893 urbis
2673 835 2869 915 mmnia
2903 835 3191 902 corruisse,
3216 836 3391 889 iterato
3406 835 3465 891 ad
3479 853 3575 892 eam
3593 823 3698 915 festi-

2212 944 2278 984 na
2308 930 2583 985 celeritate
2612 929 2843 1001 regressi
2886 936 3033 999 sunt,
3083 916 3436 999 incendiisque
3478 928 3524 983 et
3549 922 3701 1003 rapinis

2212 1021 2463 1079 universa
2513 1029 2804 1087 vastantes,
2859 1019 3036 1089 plures
3063 1034 3096 1077 e
3134 1020 3355 1086 civibus,
3399 1035 3504 1075 cum
3551 1022 3615 1076 eis"
3641 1024 3702 1090 qui

2210 1111 2475 1183 baptizati
2514 1110 2725 1167 fuerant
2754 1110 3033 1183 parvulos,
3086 1106 3481 1179 interemerunt;
3533 1110 3707 1183 reliquos

2211 1182 2359 1266 vero,
2383 1199 2473 1270 qui
2503 1202 2667 1254 exitio
2698 1215 2984 1269 superesse
3016 1194 3282 1271 poterant,
3330 1182 3475 1257 simul
3499 1217 3596 1256 cum
3622 1218 3704 1256 san-

2210 1302 2296 1349 cto
2320 1294 2555 1347 Auctore
2588 1293 2873 1371 episCOpo,‘
2916 1282 3156 1365 captivos
3185 1286 3463 1347 abducunt.
3493 1293 3710 1364 impletum

2215 1398 2343 1439 sane
2370 1393 2453 1439 est
2476 1384 2638 1453 super
2669 1383 2810 1441 beati
2836 1378 3092 1452 Stephani
3117 1384 3293 1440 levita:
3314 1378 3365 1438 et
3381 1386 3712 1457 protomartyris

2209 1474 2488 1551 domicilio
2539 1474 2697 1551 quod~
2731 1490 2759 1527 a
2816 1475 3125 1549 beatissimo
3167 1470 3327 1532 Petro
3373 1474 3501 1547 apud
3546 1470 3715 1531 Romani

2207 1563 2406 1620 Christi
2435 1565 2636 1620 famulo
2660 1564 2906 1623 Servatio
2930 1560 3105 1627 fuerat
3133 1576 3257 1621 ante
3296 1566 3599 1637 praedictum.
3622 1566 3715 1621 Nam

2208 1671 2326 1712 cum
2350 1656 2590 1733 eamdem
2626 1648 2899 1737 basilicam
2932 1657 3118 1728 procul
3147 1658 3380 1714 [urentes
3404 1658 3590 1713 barbari
3617 1661 3720 1729 esui-

2206 1762 2415 1821 cerent,
2443 1751 2508 1807 ad
2534 1767 2652 1831 eam
2712 1754 2913 1829 cursim
2944 1754 3095 1824 quasi
3147 1756 3346 1825 optima
3400 1753 3551 1822 spolia
3584 1763 3719 1820 capta-

526 1841 659 1931 lum,
686 1863 743 1919 id
767 1868 849 1919 est
880 1879 894 1916 :
925 1860 1274 1919 Emttabttnt
1294 1863 1456 1916 sancti
1482 1862 1540 1914 in
1562 1860 1755 1931 gloria,
1786 1860 2097 1928 pronuntia-

2215 1844 2316 1898 turi
2336 1843 2715 1914 properabant.
2740 1841 2980 1916 Cumque
3003 1845 3223 1915 propius
3252 1842 3725 1912 accederent,eoruui

521 1962 622 2023 ret,
649 1968 773 2010 mox
802 1954 873 2009 ab
901 1956 1043 2009 intus
1093 1968 1228 2009 voce
1256 1953 1626 2022 subjungentis
1662 1953 1860 2007 audivit
1890 1968 1902 2004 :
1929 1951 2105 2006 Lata-

521 2050 710 2103 Μίκων
724 2049 779 2103 in
802 2047 1054 2102 cubilibus
1072 2048 1198 2102 satis.

589 2140 864 2201 Successit
890 2141 974 2196 his
994 2142 1162 2195 sacris
1188 2140 1320 2195 viris
1349 2137 1636 2205 Firminus,
1672 2138 1865 2193 deinde
1896 2139 2103 2207 Legen-

520 2235 644 2301 tius‘,
668 2233 737 2288 de
762 2245 988 2303 quorum
1016 2232 1219 2301 aliquid
1244 2232 1373 2296 vita,
1400 2242 1593 2301 praeter
1641 2245 1826 2285 eorum
1858 2231 2097 2295 nomina,-

520 2325 650 2380 nibil
692 2324 760 2379 ad
806 2339 904 2379 nos
944 2324 1157 2379 reduxit
1202 2324 1391 2378 relatio
1439 2322 1634 2391 prisca.
1666 2322 1885 2389 Accepit
1905 2320 2101 2376 deinde

519 2419 713 2474 tertius
736 2417 978 2471 decimus
998 2415 1339 2469 venesandus
1364 2413 1556 2481 praesul
1586 2416 1783 2467 Auctor
1799 2412 2099 2481 gubernan-

519 2510 641 2565 dam
672 2507 965 2562 Ecclesiam
1005 2521 1069 2561 ea
1123 2514 1462 2575 tempestate,
1505 2504 1718 2573 quando
1774 2519 1880 2557 non
1923 2504 2098 2559 solum

523 2601 715 2670 Gallia,
751 2600 847 2656 sed
870 2599 1154 2655 universus
1184 2615 1318 2671 pene
1338 2599 1597 2654 Occidens
1620 2598 1969 2653 barbarorum
1992 2612 2098 2654 sm-

522 2694 781 2750 vientlum
842 2702 925 2749 est
987 2708 1272 2764 perpessus
1324 2694 1617 2758 saevitiam;
1672 2693 1743 2747 de
1805 2706 1911 2760 quo
1963 2692 2097 2756 viro,

516 2786 761 2855 quamvis
780 2795 834 2840 et
857 2785 961 2840 alia
984 2786 1052 2838 ab
1074 2800 1139 2839 eo
1179 2784 1406 2854 insignia
1460 2784 1597 2838 facta
1639 2784 1950 2846 credantur,
1992 2783 2099 2837 duo

517 2889 696 2933 tamen
739 2878 805 2932 ad
831 2888 1072 2932 nostram
1104 2880 1414 2931 memoriam
1449 2878 1565 2946 ejus
1593 2877 1844 2932 miracula
1882 2877 2097 2945 pervul-

517 2978 637 3040 gata
669 2978 815 3023 sunt.
864 2969 942 3023 Eo
991 2969 1156 3041 igitur
1196 2981 1438 3038 tempore
1484 2983 1606 3025 cum
1653 2969 1983 3026 reverendus
2013 2969 2100 3024 hic

523 3062 721 3130 prmsul
751 3064 911 3116 vitam
941 3062 1152 3117 cunctis
1196 3062 1478 3116 virtutibus
1521 3063 1829 3117 decoratam
1856 3063 2098 3129 duceret,

523 3154 683 3207 Attila
716 3168 810 3207 rex
844 3154 1155 3209 Hunnorum
1188 3152 1435 3207 omnibus
1461 3153 1649 3208 belluis
1689 3154 1975 3219 crudelior,
2009 3155 2099 3207 ba-

2211 1939 2380 1995 ocuiis
2409 1940 2553 1994 velut
2584 1939 2775 2009 ingens
2802 1954 2990 1995 saxum
3031 1954 3094 1995 ac
3115 1940 3351 1994 ’mobilis
3373 1938 3529 1993 solida
3551 1952 3724 2009 appare

2211 2034 2336 2100 ὕδιὶ
2366 2048 2524 2104 quam
2552 2048 2699 2099 cum,
2727 2024 2915 2091 caecati
2957 2034 3256 2100 mentibus,
3310 2020 3547 2089 manibus
3574 2046 3647 2102 per
3663 2046 3728 2102 gy-

2210 2142 2327 2183 rum
2383 2126 2685 2196 palparent,
2717 2126 3034 2199 aditumque
3083 2125 3416 2197 ingrediendi
3467 2133 3725 2193 quaererent,

2210 2220 2344 2277 nihil
2369 2220 2589 2277 omnino
2615 2222 2694 2276 eis
2724 2218 2868 2279 aliud
2908 2234 3069 2293 quam
3117 2221 3382 2305 naturalis
3422 2220 3528 2277 saxi
3564 2219 3733 2275 durities

2207 2315 2509 2372 videbatur.
2538 2315 2777 2385 Denique
2821 2316 3019 2385 saepius
3072 2315 3451 2381 abscedentes,
3477 2325 3733 2381 rursumque

2208 2415 2566 2474 revertentes,
2599 2420 2720 2463 cum
2745 2420 2807 2463 se
2834 2404 2969 2463 nihil
3013 2407 3283 2477 proﬁcere
3334 2413 3615 2471 cernerent,
3640 2414 3737 2479 lau-

2205 2502 2327 2556 dem
2360 2500 2564 2570 fatigati
2595 2500 2989 2569 discesserunt,
3019 2515 3241 2571 suaeque
3271 2498 3558 2572 iniquitatis
3590 2494 3739 2553 eﬂ‘ectu

2206 2590 2447 2648 frustrati
2478 2600 2622 2649 sunt.
3678 2660 3683 2661 ί

2276 2683 2415 2751 Quid
2442 2687 2602 2743 etiam
2626 2686 2695 2741 de
2722 2685 2825 2741 hoc
2854 2686 3093 2741 oratorio
3137 2685 3335 2743 beatus
3367 2682 3630 2755 Gregorius
3666 2680 3741 2733 Tu-

2208 2792 2397 2835 ronum
2421 2777 2708 2846 episcopus
2732 2777 2785 2833 in
2814 2777 2927 2833 suis
2958 2759 3115 2833 libris
3160 2777 3427 2845 narravit,
3456 2789 3557 2833 non
3596 2771 3745 2829 silebo.

2205 2870 2388 2927 Retert
2406 2872 2552 2928 enim
2581 2870 2730 2939 prius
2756 2885 2915 2941 quam
2968 2872 3021 2925 lii
3064 2870 3257 2927 hostes
3310 2872 3571 2934 venirent.
3594 2865 3747 2921 vidisse

2214 2966 2399 3021 virum
2422 2964 2636 3022 ﬁdelem
2662 2966 2714 3019 in
2746 2969 2862 3020 visu
2887 2966 3040 3035 quasi
3055 2966 3432 3023 conferentem
3464 2978 3579 3021 cum
3597 2957 3750 3016 sanatis

2207 3059 2472 3128 apostolis
2490 3059 2651 3114 Petro
2672 3072 2736 3113 ac
2763 3057 2928 3114 Paulo
2953 3058 3169 3114 beatum
3204 3058 3427 3113 levitam
3479 3052 3751 3123 Stephanum

2204 3152 2274 3207 de
2327 3154 2429 3207 hoc
2470 3152 2705 3218 excidio,
2735 3166 2798 3206 ac
2826 3150 3134 3209 dicentem:
3183 3150 3324 3220 Oro,
3359 3148 3577 3211 domini.
3602 3153 3654 3201 ut
3676 3152 3755 3199 non

519 3245 652 3299 bella
669 3244 869 3299 multas
888 3244 1145 3299 barbaras
1165 3249 1411 3300 nationes
1432 3260 1529 3298 suo
1545 3244 1816 3314 subjectae
1834 3245 2092 3311 dominio,
2125 3225 2173 3291 (ἶ
2211 3244 2529 3314 permittatis
2554 3244 2777 3301 obtentu
2809 3252 2986 3298 vestro
3026 3243 3335 3300 Metensem
3391 3241 3571 3298 urbem
3607 3237 3663 3291 ab
3682 3232 3755 3288 ἱεὶ-

522 3344 804 3405 postquam
850 3337 1231 3407 tiundigariutn
1284 3338 1721 3409 Burgundionum
1769 3354 1946 3409 regem
1993 3340 2098 3397 sibi

510 3440 887 3487 occurrentem
914 3432 1254 3501 protriverat,
1286 3433 1352 3486 ad
1404 3433 1687 3486 universas
1712 3433 2095 3500 rleprirnendas

518 3521 723 3577 Gallias
750 3534 859 3577 sua:
874 3523 1090 3579 saevitiae
1111 3526 1368 3579 relaxavit
1396 3527 1652 3581 habenas.
1673 3526 1843 3597 Hujus
1861 3529 2092 3583 adventu

517 3616 707 3671 beatus
735 3608 1013 3670 Servatius
1035 3615 1368 3686 Tungrorum
1428 3618 1710 3686 episc0pus
1743 3622 2088 3691 praecognita,

515 3707 741 3763 Romam
765 3709 830 3763 ad
854 3708 1132 3765 beatorum
1160 3712 1525 3779 apostolorum
1554 3709 1693 3765 Petri
1740 3719 1796 3765 et
1823 3711 1970 3765 Pauli
1999 3727 2091 3767 sa-

512 3799 812 3857 cratissima
844 3816 1067 3873 corpora
1101 3805 1353 3872 perrexit,
1388 3815 1443 3858 ut
1490 3818 1585 3874 per
1626 3820 1813 3860 eorum
1864 3809 2092 3861 sublime

512 3897 761 3951 meritum
811 3896 1116 3965 specialiter
1163 3910 1190 3949 a
1236 3898 1460 3951 Domino
1503 3900 1834 3966 impetraret,
1865 3911 1918 3953 et
1951 3899 2094 3953 'l‘on-

510 3988 718 4057 grensis
747 3987 891 4041 urbis
923 3989 1178 4056 populum
1200 4004 1229 4041 a
1260 3997 1408 4043 tanto
1438 3991 1612 4044 exitio
1643 3990 1914 4045 liberaret.
1940 3991 2091 4045 Tunc

515 4079 562 4135 ei
593 4076 848 4135 divinitus
877 4093 970 4149 per
990 4081 1235 4135 eumdem
1280 4082 1489 4135 beatum
1537 4081 1749 4137 Petrum
1789 4080 2089 4151 apostolum

513 4172 806 4228 revelatum
830 4182 936 4237 est,
964 4173 1105 4242 quod
1137 4174 1206 4227 ita
1251 4176 1454 4229 caelesti
1505 4184 1648 4230 esset
1675 4174 1876 4243 judicio
1899 4176 2093 4230 delini-

516 4277 651 4333 tum,
685 4274 741 4319 ut
771 4265 1017 4321 universa
1063 4264 1230 4321 Gallia
1283 4267 1629 4321 barbarorum
1683 4268 1819 4323 teret
1872 4266 2092 4323 infesta-

514 4354 647 4408 tioni
683 4356 959 4419 tradenda,
978 4368 1175 4425 praeter
1200 4346 1335 4410 beati
1358 4359 1616 4426 Stephani
1642 4360 1817 4413 levitas
1832 4370 1886 4414 et
1909 4371 2092 4428 proto-

512 4446 762 4513 martyris
789 4447 946 4500 situtn
972 4448 1107 4515 apud
1144 4447 1306 4502 Melas
1337 4451 1632 4515 oraculum,
1662 4451 1714 4503 itt
1766 4465 1874 4518 quo
1925 4452 2092 4520 ipsius

511 4547 625 4592 erat
651 4540 918 4606 pretiosus
948 4546 1106 4594 cruor
1136 4540 1337 4610 absque
1358 4543 1719 4611 corruptionis
1752 4543 1872 4599 labe
1896 4557 2088 4597 recon-

2206 3336 2357 3391 micis
2382 3337 2558 3401 esuri,
2607 3336 2731 3406 quia
2757 3336 2908 3392 locus
2939 3350 3090 3393 meus
3118 3347 3233 3404 est,
3268 3337 3328 3393 in
3382 3348 3487 3406 quo
3533 3322 3757 3402 patrimis

2202 3448 2338 3488 mea;
2369 3434 2589 3503 pignora
2621 3433 2996 3498 continentur;
3026 3432 3341 3503 sed-potius
3361 3432 3593 3489 sentiant
3614 3420 3754 3495 pop!“

2202 3525 2402 3596 aliquid
2430 3539 2518 3581 me
2544 3539 2705 3594 posse
2726 3540 2849 3581 cum
2884 3526 3014 3581 Dee.
3044 3527 3204 3593 Quod
3246 3525 3301 3583 si
3348 3533 3557 3582 tantum
3597 3518 3761 3575 facinus

2205 3617 2389 3686 populi
2421 3617 2781 3687 supercrevit,
2807 3628 2867 3672 ut
2894 3616 3041 3673 aliud
3068 3617 3187 3673 fieri
3219 3635 3335 3674 non
3361 3617 3535 3688 possit
3551 3612 3641 3669 nisi
3662 3606 3762 3662 civi-

2205 3722 2284 3765 tas
2310 3712 2553 3766 tradatur
2576 3712 2851 3781 incendio,
2884 3714 3077 3768 saltem
3106 3712 3218 3768 hoc
3239 3713 3542 3769 oratorium
3564 3720 3660 3763 non
3674 3711 3763 3755 θη·

2202 3810 2399 3856 metur.
2454 3802 2553 3857 Cui
2597 3803 2679 3857 illi
2706 3803 2856 3858 aiunt
2888 3821 2903 3857 :
2936 3802 3081 3859 Vade
3131 3804 3189 3859 in
3251 3818 3411 3875 pace,
3468 3795 3764 3858 dilectissime

2199 3892 2399 3960 frater;
2431 3895 2726 3951 oratorium
2758 3904 2965 3951 tantum
2998 3906 3145 3951 tuum
3180 3898 3409 3953 carebit
3428 3890 3765 3955 incendiosi“

2199 3991 2336 4045 urbe
2364 4004 2493 4047 vero
2520 4005 2626 4046 non
2656 3992 3042 4059 obtinebimus,
3078 3993 3211 4062 quia
3241 3992 3549 4049 Domiuica
3574 3981 3764 4041 sanctio-

2207 4084 2290 4137 nis
2311 4098 2473 4153 super
2490 4094 2611 4138 eam
2641 4085 2909 4141 sententia
2935 4086 3044 4155 iam
3074 4087 3406 4155 praecessit;
3439 4071 3766 4141 invaluitssim

2208 4183 2488 4243 peccatum
2524 4177 2725 4245 populi,
2748 4187 2804 4231 et
2833 4177 3037 4233 damur
3070 4178 3308 4233 malitias
3357 4188 3547 4231 eorum
3577 4164 3769 4223 ascendit

2197 4280 2381 4321 coram
2417 4267 2674 4333 Domino;
2706 4268 2908 4323 idcirco
2955 4268 3146 4321 civitas
3208 4268 3335 4322 time
3379 4260 3691 4321 cremabit“
3711 4252 3770 4305 itr

2197 4360 2413 4415 cetidio.
2447 4358 2601 4416 Unde
2626 4374 2731 4415 non
2765 4359 2985 4415 dubium
3015 4367 3100 4413 est
3130 4362 3293 4430 quod
3346 4360 3544 4415 borum
3572 4356 3771 4410 obtentu.

2196 4453 2333 4505 urbe
2363 4460 2586 4519 vastata,
2617 4453 2911 4507 oratorium
2936 4453 3237 4522 pennam
3270 4452 3532 4509 iiiesum.

2272 4544 2435 4613 Igitur
2479 4556 2577 4599 rex
2622 4552 2787 4614 atque
2840 4544 3033 4608 hostis,
3082 4544 3221 4599 dum
3274 4544 3357 4600 ad
3385 4530 3773 4615 appidumqmd

512 4629 673 4684 ditus.
706 4629 833 4684 Haec
862 4626 986 4684 dum
1029 4644 1215 4687 sancto
1263 4632 1507 4687 Servatio
1563 4636 1791 4689 revelata
1842 4611 2497 4702 fuissent,‘Dappeltatur
2546 4611 2932 4705 Decempagos,
2982 4635 3126 4704 quod
3179 4650 3215 4691 a
3266 4611 3507 4693 me
3546 4629 3667 4686 urbe
3693 4633 3774 4677 ιιι

512 4718 738 4775 festinus
762 4720 828 4775 ad
858 4720 1053 4777 Gallias
1098 4725 1392 4791 repedavit,
1449 4728 1755 4795 invenitque
1805 4729 1911 4795 jam
1944 4729 2092 4783 iiun-

512 4824 702 4865 norum
738 4812 981 4867 examina
1017 4828 1109 4883 per
1150 4814 1425 4870 universas
1479 4815 1677 4871 Gallias
1725 4818 2084 4872 debaeeliari:

510 4906 596 4975 qui
625 4920 745 4960 cum
766 4907 834 4962 ab
855 4906 1133 4962 obsidione
1174 4907 1487 4964 Metensium
1521 4918 1620 4979 pro
1648 4926 1711 4966 eo
1734 4912 1879 4979 quod
1899 4924 2085 4966 eorum

510 5000 778 5055 civitatem
811 5002 1281 5072 inexpugnabilem
1313 5004 1382 5058 ob
1412 5016 1684 5059 murorum
1713 5004 2083 5060 fortitudinem

511 5090 817 5158 cernerent,
848 5093 1217 5161 recessissent,
1263 5096 1485 5165 contigit
1522 5098 1733 5152 beatum
1787 5098 2089 5153 Servatium

513 5188 627 5254 ἱμςο
652 5187 701 5240 i‘n
736 5184 977 5256 tempore
999 5186 1124 5241 dum
1155 5202 1182 5239 a
1218 5187 1384 5241 Roma
1413 5198 1795 5256 reverteretur,
1821 5191 1974 5246 Metis
1992 5192 2089 5245 de-

512 5278 729 5344 venire;
761 5277 851 5348 qtti
880 5279 1005 5332 dum
1038 5279 1284 5334 universa
1335 5281 1474 5336 sicut
1524 5282 1856 5337 revelatione
1882 5282 2087 5338 didice-

512 5380 613 5433 rat,
646 5381 833 5425 sancto
858 5373 1232 5426 consacerdoti
1290 5386 1387 5426 suo
1440 5375 1657 5428 Auctori
1686 5374 1985 5440 retulisset,
2017 5376 2088 5430 ad

512 5465 779 5520 civitatem
806 5466 1097 5536 prepri'am,
1130 5464 1231 5522 hoc
1261 5476 1343 5525 est
1391 5462 1642 5539 Tungris,
1700 5482 1950 5523 reversus
1980 5478 2082 5524 est.

512 5552 617 5609 Nec
643 5570 810 5620 mura,
850 5566 967 5623 post
1018 5554 1137 5627 ejus
1182 5560 1570 5627 egressionem,
1622 5574 1804 5614 murus
1862 5561 2095 5615 civitatis

512 5636 765 5702 iletens'is
816 5651 1039 5713 corruit,
1102 5651 1515 5721 ingressumque
1571 5653 1811 5707 Ιιυειὶδινε
1861 5662 2094 5721 superna

512 5734 865 5805 dispositione
899 5739 1167 5809 patefecit.
1198 5742 1318 5797 Mox
1350 5752 1408 5798 ut
1436 5745 1625 5800 beatus
1680 5744 1881 5799 Auctor
1926 5744 2093 5796 tradi-

516 5840 617 5885 tam
643 5832 914 5888 civitatem
945 5833 1282 5889 inimicorum
1311 5837 1504 5905 gladiis
1535 5838 1844 5904 advertens,
1876 5839 2096 5892 univer-
2134 5867 2139 5889 ς

2200 4727 2433 4783 millibus
2482 4726 2655 4794 abest,
2705 4731 3103 4797 pervenissent,
3158 4729 3301 4797 quia
3361 4726 3593 4784 Deum
3628 4726 3776 4774 πιθεῖτο

2196 4832 2409 4888 seraper
2426 4820 2493 4874 de
2514 4820 2629 4874 suis
2650 4820 2884 4876 servulis
2911 4834 3061 4883 cura,
3104 4828 3163 4874 et
3218 4820 3375 4876 mira
3423 4807 3777 4875 misericordia,

2195 4912 2329 4966 sicut
2347 4912 2419 4966 ait
2446 4910 2745 4979 Psalmisla,
2768 4928 2874 4966 non
2891 4912 3155 4978 continet,
3174 4922 3358 4967 tanta
3381 4912 3568 4967 subito
3588 4901 3775 4961 eodem

2197 5004 2421 5058 Hunnes
2455 4998 2694 5060 tenebrae
2745 5005 3261 5079 circumvallsrum,
3312 5016 3376 5061 ut
3406 5000 3542 5075 quid
3579 4997 3782 5068 mi

2200 5097 2280 5150 vel
2305 5106 2410 5167 quo
2441 5110 2500 5151 se
2526 5105 2817 5162 VINICI“,
2850 5098 3072 5151 omnino
3120 5100 3455 5153 nescirent.
3486 5095 3633 5151 Tune
3657 5095 3784 5142 eam

2196 5197 2356 5243 tanta
2387 5189 2731 5253 calamitatis,
2761 5197 2818 5241 ut
2858 5189 2912 5243 in
2958 5188 3055 5243 tati
3087 5200 3154 5241 re
3205 5202 3359 5258 Opus
3422 5195 3563 5253 erat,
3592 5176 3787 5238 sollicita

2196 5279 2553 5349 requirentes,
2588 5280 2654 5333 ab
2677 5290 2878 5333 unoex
2931 5279 3166 5347 captivis
3223 5294 3377 5350 quos
3436 5277 3788 5335 ducebant!"-

2194 5370 2369 5439 ‘diunt,
2399 5370 2521 5442 quia
2565 5382 2787 5441 propter
2839 5370 3080 5425 caelestis
3113 5370 3220 5424 Dei
3282 5374 3594 5426 Auctorem
3620 5361 3790 5433 ϐρίσαν-

2205 5478 2355 5531 pum,
2384 5477 2539 5529 quem
2589 5461 2641 5515 in
2687 5460 3026 5530 captivorum
3078 5476 3336 5517 numero
3367 5477 3433 5518 se
3461 5460 3659 5515 vidisse
3676 5451 3793 5507 diee-

2203 5558 2317 5621 bat,
2350 5554 2477 5609 talia
2509 5564 2839 5623 paterentur.
2871 5554 2994 5609 Mox
3022 5555 3196 5622 igitur
3240 5555 3399 5611 faeta
3451 5546 3791 5624 inquisitione.

2204 5650 2416 5703 beatam
2450 5648 2739 5702 Auctorem
2772 5649 3053 5715 reperiunt
3084 5663 3097 5698 :
3129 5660 3315 5716 quem
3346 5650 3487 5702 dum
3516 5645 3797 5717 perennem-

2206 5754 2395 5798 rentur
2421 5740 2550 5811 quid
2576 5742 2630 5795 in
2652 5746 2876 5795 ulunere
2898 5740 3061 5795 vellet
3081 5741 3387 5809 accipere,
3419 5751 3483 5794 ut
3510 5755 3539 5791 a
3568 5742 3708 5790 tanto
3722 5732 3798 5778 ωδ

2203 5834 2438 5909 periculo
2468 5834 2744 5898 liberaret,
2774 5832 2862 5887 ille
2880 5832 2949 5887 ad
2976 5831 3089 5887 hinc
3143 5834 3461 5902 respondit
3490 5831 3597 5886 sibi
3627 5821 3799 5880 nullm“
