3920 6336
220 354 300 414 'H'l
326 404 331 413 .

991 352 1205 410 GESTA
1251 352 1457 408 EPISC.
1504 346 1798 404 METENS.
1834 376 1903 387 —
1939 347 2209 403 TEXTUS
2248 345 2626 403 SECUNDUS.

3340 343 3445 396 7E8

220 472 335 527 aliud
361 472 746 541 gratiusposse
801 484 992 523 munus
1042 467 1219 522 oﬂerri
1271 480 1433 535 quam
1482 463 1525 516 si
1576 458 1844 517 omnesA
1940 456 2112 512 Unum
2170 467 2346 514 tamen
2401 460 2515 525 ejus
2566 456 2876 511 admirabile
2932 454 3130 511 factum
3188 458 3436 520 reieram,

220 580 328 635 quos
354 565 620 620 ducebant
638 564 897 632 captivos,
946 565 1185 616 sinerent
1212 560 1281 613 ad
1311 558 1527 629 propria
1550 560 1761 610 remea-

221 672 288 719 re;
335 656 474 725 quod
506 656 583 709 iiii
606 655 653 710 si
702 653 959 720 facerent,
992 651 1253 723 promittit
1294 662 1354 707 se
1392 664 1509 707 sine
1533 650 1701 705 dubio
1734 664 1761 702 a

221 764 296 802 suo
323 748 547 803 Dourlno
572 747 1001 816 impetraturum,
1031 756 1085 799 nt
1110 746 1179 799 ab
1225 745 1328 798 illis
1376 744 1567 811 quibus
1614 752 1766 796 tene-

222 839 386 894 bantur
424 838 658 892 tenebris
687 846 1019 891 emerentur.
1070 835 1395 902 Factumque
1423 843 1525 899 est,
1555 843 1611 888 et
1633 838 1753 888 mox

223 932 261 984 iu
281 931 522 984 universo
550 943 649 983 suo
677 928 851 983 Hunni
881 927 1119 983 exercitu
1171 926 1409 995 Captivos
1440 938 1574 995 quos
1599 925 1764 979 duce-

223 1022 321 1075 bant
348 1021 700 1090 requirentes,
714 1026 811 1075 eos‘
824 1021 978 1074 beato
1004 1018 1227 1073 Auctori
1245 1017 1610 1073 reddiderunt.
1638 1017 1755 1070 Mox

221 1114 377 1183 astris,
396 1125 453 1168 ut
476 1115 556 1168 eis
584 1114 896 1182 promissum
931 1112 1121 1178 fuerat,
1138 1110 1469 1167 essesnatus
1490 1109 1740 1171 tenebris,

224 1210 315 1261 luce
340 1206 569 1269 reddita,-
595 1206 848 1275 angustiis
879 1204 1084 1259 liberati
1138 1214 1283 1269 sunt,
1326 1204 1507 1271 sicque
1531 1214 1751 1256 venera-

220 1275 531 1355 bilis'Cbristi
561 1297 787 1354 fannius
813 1298 938 1351 dum
966 1297 1032 1350 ad
1051 1297 1315 1351 modicum
1341 1296 1395 1350 in
1418 1295 1748 1363 captiVorum

219 1412 280 1452 soi
294 1409 339 1451 te
365 1397 657 1463 deputatur
685 1397 877 1450 multos
895 1410 923 1448 a
943 1394 1247 1463 captivitate
1269 1392 1506 1447 resolvit.
1524 1391 1567 1445 0
1582 1400 1751 1460 quan-

220 1498 309 1543 tetn
331 1487 531 1559 potiori
559 1486 731 1556 gloria
756 1486 823 1541 de
850 1487 1079 1540 reductis
1101 1485 1203 1539 iste
1226 1484 1433 1539 Civibus
1466 1483 1765 1550 triumpha-

218 1584 294 1647 vit,
323 1595 483 1652 quam
512 1579 761 1635 crudeies
774 1579 1006 1642 barbari,
1025 1579 1229 1648 quieos
1249 1586 1402 1632 antea
1430 1578 1585 1647 quast
1606 1577 1769 1630 victo-

216 1684 289 1728 res
303 1674 667 1735 ,κατωπ-
695 1670 1031 1740 triumphare
1055 1669 1389 1738 potuissent!

272 1764 491 1818 Veniam
519 1764 593 1816 ad
614 1761 765 1815 sueti
788 1761 1134 1827 miraculum}
1166 1760 1305 1830 qumi
1363 1760 1601 1830 ejusdem
1648 1766 1762 1815 me-

1869 550 2011 619 quod
2040 549 2169 603 tatis
2193 550 2415 604 miratus
2441 566 2559 606 sum
2591 565 2696 619 quo
2722 548 2908 603 ordine
2937 548 3253 618 praeterierit
3282 550 3326 603 is
3355 552 3442 617 qui

1870 645 1985 714 ejus
2032 649 2304 701 contexuit
2345 645 2543 701 Vitam.
2599 647 2693 701 ilic
2730 646 2957 716 denique
3006 661 3127 699 cum
3182 645 3443 713 paeniten-

1872 742 1996 794 tiam
2029 755 2124 808 pro
2158 741 2421 809 aliquibus
2452 741 2760 795 excessibus
2787 742 2988 809 ageret,
3018 738 3236 807 contigit
3264 745 3323 791 ut
3357 752 3448 804 per

1871 833 2106 889 Mosellae
2151 833 2385 889 ﬂuminis
2436 843 2648 903 pontem
2681 835 2948 900 transiret,
2981 834 3209 900 cumque
3236 831 3444 884 subter-

1870 926 2147 979 ﬂuentium
2177 936 2431 995 aquarum
2462 925 2754 996 profundos
2796 938 2893 980 nec
2938 925 3051 979 visu
3094 923 3447 991 penetrabiles

1872 1017 2105 1088 gurgites
2134 1026 2396 1082 cerneret,
2431 1032 2535 1070 non
2564 1017 2737 1071 dubiae
2762 1017 2876 1086 spei
2909 1015 3157 1071 fiduciam
3186 1015 3237 1070 iu
3272 1023 3450 1070 mente

1870 1125 2085 1179 gerens,
2131 1120 2369 1167 extracto
2398 1112 2583 1180 digito,
2628 1114 2885 1165 annulum
2917 1112 2968 1166 in
3000 1113 3144 1166 illam
3188 1126 3443 1181 aquatum

1872 1206 2286 1276 profunditatem
2334 1208 2572 1277 projecit.
2623 1208 2789 1273 Tunc,
2840 1209 3100 1277 inquiens,
3135 1220 3219 1263 me
3250 1211 3444 1278 putabo

1874 1298 2148 1368 culparum
2192 1302 2416 1355 nexibus
2457 1302 2784 1363 absolutum,
2827 1302 3036 1373 quando
3083 1302 3243 1358 istum
3291 1310 3446 1373 quem

1873 1393 2094 1462 proiicit)
2123 1395 2370 1449 annulum
2404 1402 2677 1463 recepero.
2723 1394 2847 1449 Post
2873 1397 3073 1467 aliquot
3099 1402 3223 1452 vero
3252 1410 3446 1466 annos,

1874 1497 1995 1539 cum
2048 1484 2115 1537 ad
2162 1486 2498 1555 episcopatus
2561 1486 2883 1542 ascendisset
2934 1488 3205 1557 officiunt,
3267 1489 3317 1542 ei
3368 1489 3451 1543 die

1874 1575 2098 1641 quadam
2128 1578 2360 1646 piscator
2399 1580 2613 1648 quidam
2661 1582 2863 1648 piscem
2900 1580 3106 1643 attulit,
3159 1594 3317 1649 quem
3366 1580 3452 1635 ille

1875 1667 1999 1733 sibi,
2031 1668 2153 1737 quia
2182 1684 2209 1721 a
2241 1672 2489 1724 carnibus
2515 1670 2832 1737 abstinebat,
2864 1671 2927 1724 ad
2960 1670 3301 1725 refectionem
3330 1686 3448 1725 ves-

1878 1758 2135 1824 pertinam
2162 1760 2317 1826 jussit
2342 1761 2624 1829 praeparari
2639 1774 2913 1829 ;.cumque
2936 1760 3051 1829 eius
3071 1763 3313 1817 minister
3333 1761 3453 1816 ofﬂ-

212 1858 313 1911 ritis
337 1856 559 1911 caelesti
574 1850 779 1910 virtute
798 1863 1061 1925 patratum
1115 1864 1215 1909 est.
1264 1854 1505 1921 Quodam
1537 1854 1768 1922 denique
1807 1832 1858 1895 Β
1883 1849 1974 1912 cii,
2008 1864 2156 1904 more
2184 1852 2363 1917 solito,
2396 1864 2779 1919 exenterasset,
2809 1855 3053 1909 eumdem
3081 1856 3337 1909 annulum
3380 1858 3455 1909 iu-

212 1959 469 2017 tempore,
491 1956 615 2001 eum
660 1947 715 2001 in
744 1946 985 2001 oratorio
1032 1945 1173 2001 beati
1218 1947 1625 2016 protomartyris
1655 1945 1773 2000 Ste-

207 2043 378 2111 phani,
405 2040 479 2095 de
504 2050 613 2110 quo
639 2052 801 2109 supra
824 2040 1125 2100 retulimus,
1158 2039 1303 2093 trabs
1333 2039 1399 2092 ab
1422 2039 1536 2106 ipso
1568 2036 1775 2106 fastigio

207 2132 451 2186 culminia
481 2130 747 2185 dissoluta
774 2130 1095 2195 corruisset;-
1123 2137 1357 2183 marmor
1385 2128 1524 2199 quod
1551 2129 1603 2181 in
1622 2127 1776 2181 altari

205 2224 381 2279 eximii
412 2221 669 2278 candoris
721 2228 859 2289 erat,
905 2222 979 2276 ita
1027 2221 1310 2290 confregit,
1363 2230 1417 2274 ut
1475 2221 1531 2274 in
1572 2219 1777 2273 duabus

205 2313 327 2369 ΗΜ
373 2313 619 2382 partibus
667 2314 891 2373 omnino
941 2312 1223 2367 divideret.
1252 2310 1417 2367 Adest
1447 2311 1631 2365 beatus
1663 2310 1774 2364 Au-

203 2416 337 2476 ctor,
363 2415 421 2462 et
446 2407 659 2463 cunctis
679 2406 773 2476 qui
798 2404 1021 2461 aderant
1052 2417 1155 2474 pro
1182 2402 1332 2459 iliato
1352 2402 1634 2471 dispendio
1658 2414 1779 2455 con-

205 2501 453 2564 tria‘tatis,
511 2500 626 2569 ipse
674 2512 805 2555 vero
861 2497 1033 2552 lidens
1089 2498 1145 2551 in
1195 2494 1424 2551 Domino
1450 2535 1463 2556 ,
1528 2492 1779 2563 praecepit

203 2593 417 2649 «adeo
449 2591 713 2647 fracturae
759 2590 861 2646 sibi
911 2590 1139 2646 invicem
1194 2588 1457 2659 copulari,
1502 2587 1780 2655 pararique

201 2685 299 2740 sibi
327 2683 627 2739 ministeria
644 2697 755 2751 quo
772 2681 1004 2751 desuper
1034 2696 1182 2735 more
1213 2679 1372 2733 solito
1423 2675 1587 2732 divini
1612 2675 1780 2731 sacri-

202 2774 304 2830 ﬁcii
331 2788 537 2831 munus
563 2772 804 2829 oﬂemt.
837 2771 1189 2842 Stupentibus
1217 2771 1400 2839 itaque
1429 2768 1552 2835 illis,
1576 2775 1631 2822 et
1655 2765 1781 2834 quid

202 2878 345 2924 anet
369 2866 616 2922 tacturus
644 2864 1068 2930 intendentibus,
1085 2876 1207 2917 mor
1237 2861 1525 2917 salutarem
1554 2857 1778 2913 hostiam

206 2964 313 3020 Duo
338 2962 566 3019 obtulit.
611 2960 764 3016 lilieo
792 2960 971 3014 omnis
1014 2958 1104 3012 illa
1135 2955 1430 3012 eonfractio
1459 2955 1535 3007 ita
1558 2951 1782 3006 solidata

206 3050 488 3124 σξηειυωί
510 3060 667 3107 antea
695 3051 917 3105 minime
942 3048 1109 3103 divisa
1140 3047 1353 3101 fuisset.
1398 3044 1499 3100 Est
1523 3054 1698 3098 tamen
1732 3042 1782 3094 in

208 3146 391 3202 eodem
436 3156 735 3208 marmore,
776 3140 920 3211 quod
958 3155 1065 3194 non
1120 3135 1466 3193 mediocriter
1514 3147 1681 3203 usque
1730 3132 1784 3185 in

1882 1951 1960 1996 tra
1992 1942 2155 2008 ipsius
2187 1944 2346 2010 piscis
2379 1945 2689 1998 intestinum
2713 1946 2929 2013 reperit.
2961 1944 3051 1999 ille
3077 1947 3269 2000 tactum
3291 1947 3457 2000 admi-

1879 2046 2047 2099 ratus,
2080 2034 2175 2089 sed
2199 2037 2273 2089 rei
2303 2036 2568 2100 nesciens,
2595 2036 2747 2089 beato
2772 2039 3047 2105 Arnulpho
3067 2036 3457 2108 detulitzquem

1882 2124 1972 2177 ille
2000 2136 2053 2177 ut
2085 2124 2236 2190 vidit,
2272 2127 2447 2180 statim
2482 2130 2811 2198 recognovit,
2844 2144 2905 2181 ac
2948 2129 3058 2184 Deo
3088 2129 3458 2199 omnipotenti,

1879 2214 1987 2283 jam
2041 2216 2108 2269 de
2158 2217 2470 2273 remissione
2519 2230 2859 2286 peccatorum
2908 2218 3068 2287 ﬁdus,
3124 2223 3322 2290 gratias
3377 2237 3460 2277 re-

1884 2307 2023 2373 tulit,
2051 2321 2113 2361 ae
2134 2307 2390 2377 deinceps
2418 2326 2525 2364 non
2551 2313 2822 2366 remissius
2851 2313 3009 2367 vitam
3030 2314 3197 2378 tinxit,
3230 2316 3321 2369 sed
3350 2331 3461 2370 ma-

1878 2398 1985 2468 jori
2011 2414 2070 2454 se
2104 2400 2281 2469 potius
2307 2402 2627 2458 abstinentia
2657 2405 2967 2459 coaret'avit.
2998 2405 3107 2460 Nec
3135 2405 3463 2462 dissimiliter

1884 2491 2043 2547 Pater
2074 2492 2160 2547 hic
2191 2495 2511 2550 venerabilis
2537 2512 2694 2566 quam
2724 2499 2849 2551 olim
2894 2499 3109 2553 Gedeon
3142 2500 3228 2555 ille
3254 2502 3461 2570 signum

1885 2599 1915 2638 a
1965 2584 2188 2639 Domino
2229 2589 2486 2653 poposcit.
2539 2587 2630 2642 Ille
2679 2604 2860 2644 verum
2893 2590 3140 2645 iudicium
3170 2600 3262 2659 per
3294 2594 3466 2647 vellus

1885 2668 2094 2729 in‘area
2131 2676 2361 2743 positum
2390 2692 2585 2747 capere
2610 2680 2791 2745 voluit,
2828 2692 3002 2735 utrum
3038 2685 3087 2735 in
3117 2682 3261 2739 bello
3299 2685 3466 2739 victo-

1886 2766 2019 2822 riam
2049 2767 2121 2824 de
2150 2768 2377 2825 inimicis
2408 2770 2607 2825 habere
2638 2773 2930 2839 potuisset;
2985 2776 3086 2829 iste
3126 2777 3382 2830 annulum
3412 2776 3464 2830 iii

1888 2860 2367 2926 proluudissimum
2413 2861 2651 2917 ﬂuminis
2681 2865 2941 2935 gurgitem
2973 2866 3279 2935 projicieus,
3307 2883 3469 2937 expe-

1887 2954 1979 3008 riri
2016 2957 2182 3024 cupiit
2211 2966 2387 3011 utrum
2418 2958 2485 3013 de
2514 2958 2743 3012 inimicis
2780 2961 3053 3013 victoriam
3079 2958 3188 3029 jam
3218 2960 3467 3028 cepisset.

1890 3043 2082 3101 Fortes
2109 3048 2322 3115 quidem
2351 3060 2505 3103 erant
2535 3064 2668 3118 quos
2698 3049 2787 3103 ille
2816 3050 3104 3117 devicerat,
3135 3037 3231 3105 Sed
3261 3050 3312 3105 hi
3338 3066 3472 3120 quos

1889 3136 1993 3192 iste
2032 3148 2382 3206 superaverat
2430 3140 2701 3195 fortiores.
2754 3142 2881 3197 Haec
2917 3157 3018 3213 ego
3049 3156 3153 3197 non
3179 3160 3206 3196 a
3240 3144 3474 3213 qualibet

211 3191 525 3307 ὦῶ
580 3191 730 3291 diem,
777 3191 945 3303 possit
972 3231 1255 3295 admirari;
1286 3243 1409 3283 nam
1445 3227 1518 3281 ita
1568 3191 1861 3294 apparetc
1897 3191 2153 3283 medioclri
2199 3238 2427 3298 persona
2479 3230 2660 3296 didici,
2715 3232 2813 3288 sed
2854 3191 2979 3303 ips;
3023 3232 3185 3289 totius
3238 3191 3475 3290 veritatis

215 3332 470 3386 hactenus
509 3327 856 3386 canentibus
909 3324 1063 3395 quasi
1114 3320 1345 3378 divisum
1363 3337 1387 3385 ;-
1427 3319 1522 3375 sed
1551 3317 1789 3374 studiose

212 3433 606 3480 eontrectatum
631 3418 833 3491 digitis,
856 3419 928 3474 ita
948 3417 1203 3486 probatur
1237 3413 1491 3478 solidum,
1515 3419 1573 3466 nt
1596 3410 1790 3465 nullius

215 3518 265 3572 in
290 3533 355 3575 eo
379 3517 661 3574 divisionis
688 3515 957 3571 sentiatur
980 3513 1260 3568 indicium.
1291 3508 1409 3565 Non
1456 3517 1541 3565 est
1568 3508 1790 3563 dubium

215 3621 267 3667 et
314 3612 470 3682 plura
519 3625 645 3667 eum
693 3608 933 3663 miranda
980 3615 1240 3676 patrasse,
1274 3604 1371 3659 sed
1420 3602 1594 3674 qualis
1621 3616 1799 3671 quan-

217 3712 407 3775 tusque
427 3703 597 3759 fuerit
621 3714 689 3759 ea
718 3701 805 3757 bis
828 3715 951 3771 quae
972 3698 1140 3755 rotata
1186 3706 1312 3761 sunt
1357 3697 1572 3766 plenius
1624 3706 1799 3766 potest

283 3887 557 3946 Suceessit
583 3886 709 3944 huic
731 3894 959 3958 quartus
978 3898 1043 3942 ac
1059 3884 1304 3941 decimus
1332 3881 1616 3951 Euhius;
1651 3880 1805 3937 dein-

218 3980 283 4035 de
307 3982 529 4050 quintus
555 3980 798 4036 decimus
828 3978 1095 4035 Urbicius.
1127 3977 1320 4034 Sextus
1347 3975 1589 4031 decimus
1617 3974 1799 4031 Bono-

218 4070 322 4127 ius.
368 4072 643 4142 Septimus
673 4072 910 4127 deeintus
943 4068 1245 4126 Terentius.
1282 4069 1515 4124 Octavus
1564 4067 1802 4121 decimus

220 4162 603 4231 Gonsoionus;
650 4162 847 4219 exinde
884 4163 1189 4228 Romanus;
1238 4160 1525 4216 vicesimus
1570 4159 1801 4228 denique

220 4253 539 4321 Fronimus;
595 4265 715 4324 post
758 4268 921 4323 quem
980 4251 1381 4318 Grammatins,
1414 4251 1613 4306 deinde
1660 4253 1801 4319 Aga-

222 4348 472 4405 thimber.
502 4348 639 4405 Tres
667 4348 846 4417 itaque
888 4345 977 4401 isti
1001 4358 1136 4413 quos
1166 4344 1542 4414 prmmisimus,
1583 4344 1716 4397 sicut
1749 4341 1801 4395 in

220 4450 421 4493 eorum
463 4438 772 4493 nominibus
823 4435 1135 4499 attenditur,
1181 4435 1251 4490 de
1292 4434 1497 4503 origine
1545 4431 1806 4488 credendi

1898 3333 2164 3377 assertore
2204 3324 2464 3391 praeciso
2508 3339 2633 3394 rege
2682 3324 2874 3379 Carolo
2916 3326 3183 3381 referente
3230 3328 3474 3397 cognovi,

1899 3414 1991 3483 qui
2019 3414 2087 3469 de
2112 3414 2355 3484 ejusdem
2400 3416 2539 3471 beati
2567 3418 2825 3486 Arnulpbi
2847 3418 3179 3474 descendens
3206 3422 3472 3490 prosapia,

1901 3518 1955 3562 et-
1984 3507 2039 3561 in
2068 3508 2424 3576 generationis
2455 3509 2591 3562 linea
2621 3508 2853 3577 trinepos
2882 3511 3142 3565 exstabat.

1974 3600 2103 3656 Nam
2131 3601 2466 3655 venerandus
2497 3602 2599 3655 iste
2626 3602 2726 3667 vir,
2757 3611 2813 3654 ut
2841 3602 2907 3655 ad
2929 3603 3205 3669 superiora
3236 3602 3473 3667 redeam,

1903 3692 2194 3763 iuventutis
2224 3707 2333 3746 sua;
2364 3703 2626 3760 tempore,
2662 3706 2726 3745 ex
2766 3692 2984 3762 legitimi
3026 3693 3359 3750 tiiatrimonii‘
3392 3707 3479 3747 σοι

1906 3785 2029 3856 pula
2054 3785 2185 3841 duos
2218 3784 2354 3859 Ilios
2382 3784 2703 3853 procreavit,
2739 3785 2790 3839 id
2817 3796 2917 3851 est,
2956 3787 3244 3841 Anchisum
3276 3792 3328 3841 et
3357 3784 3482 3839 Clo-

1907 3881 2195 3948 dulphum,
2244 3878 2396 3948 cujus
2444 3880 2658 3933 Anchisi
2705 3893 2897 3933 nomen
2940 3879 3006 3933 ab
3050 3880 3283 3934 Anchise
3326 3885 3476 3948 patre

1908 3972 2119 4039 Encas,
2147 3973 2237 4043 qui
2263 3988 2290 4024 a
2316 3971 2475 4039 Troja
2509 3972 2558 4024 in
2587 3970 2787 4025 Italiam
2821 3971 2943 4025 olim
2976 3978 3218 4036 venerat,
3249 3971 3485 4027 creditur

1907 4080 2028 4122 esse
2048 4067 2352 4121 deductum.
2381 4064 2509 4119 Nam
2532 4078 2660 4133 gens
2684 4065 3031 4129 Francorum,
3055 4062 3192 4119 Sicut
3214 4065 3282 4119 ab
3304 4074 3485 4120 aucto-

1908 4160 2054 4215 ribus
2083 4170 2164 4215 est
2192 4161 2473 4224 traditum,
2518 4172 2545 4211 a
2579 4160 2806 4227 Troiana
2840 4160 3083 4228 prosapia
3124 4150 3289 4213 traliit'
3326 4162 3486 4213 exor-

1908 4251 2073 4305 dium.
2107 4250 2240 4303 Cum
2272 4251 2428 4319 igitur
2472 4252 2565 4304 hos
2596 4252 2729 4305 duos
2773 4250 2841 4304 de‘
2869 4250 3062 4320 quibus
3094 4250 3447 4319 praemisimus
3470 4294 3483 4317 ,

1908 4341 2226 4394 venerabilis
2270 4340 2580 4407 Arnulplius
2625 4342 2759 4394 iilios
2791 4341 3049 4404 haberet,
3083 4344 3329 4411 quoniam
3374 4344 3490 4400 erat

1910 4437 2253 4501 misericors,
2294 4449 2347 4491 et
2389 4439 2453 4489 ad
2501 4437 2711 4505 pietatis
2748 4450 2905 4503 Opera
2958 4440 3169 4505 semper
3220 4436 3485 4502 intentus,

222 4538 348 4587 sunt
372 4542 628 4586 emanare
657 4527 990 4584 ϐτωοοιιιιιι.
1041 4526 1166 4582 Post
1202 4526 1299 4581 hos
1337 4526 1476 4580 rexit
1506 4524 1800 4580 Ecclesia"!
1830 4568 1888 4633 ι)
1913 4533 2151 4600 utrisque
2176 4531 2297 4585 tiliis
2318 4533 2431 4584 suis
2452 4531 2616 4600 coepit
2638 4530 2861 4587 Suadere
2894 4544 2948 4583 ut
2978 4546 3248 4585 assensum
3285 4532 3487 4601 praebeo

223 4616 447 4687 Speras,
490 4620 691 4694 deinde
729 4620 948 4685 Vilicus,
988 4629 1097 4674 tum
1140 4618 1425 4674 vicesimus
1453 4618 1669 4687 quintus
1702 4616 1804 4670 Pe-

227 4718 375 4779 trus;
427 4713 715 4779 vicesimae
759 4727 822 4767 ac
873 4720 1057 4768 sextus
1113 4710 1449 4782 Agiulplius,
1501 4712 1591 4781 qui
1640 4709 1804 4765 fertur

224 4812 377 4868 patre
402 4820 469 4860 ex
500 4804 664 4860 nobili
708 4812 1016 4860 “natorum
1047 4801 1249 4858 familia
1279 4813 1426 4858 ortus
1448 4844 1461 4867 ,
1509 4817 1573 4857 ex
1615 4801 1810 4857 Clodo-

224 4895 332 4947 vaei
380 4898 522 4965 regis
562 4896 890 4955 Francorum
943 4896 1050 4951 filia
1104 4886 1433 4966 procreatus.
1480 4896 1604 4950 Post
1647 4897 1805 4948 istum

228 4986 431 5042 exstitit
458 4989 827 5073 neposistine,
856 4991 1071 5049 nomine
1101 4990 1417 5053 Arnoaldus,
1462 5002 1620 5058 quem
1648 5002 1801 5042 secu-

234 5082 325 5129 tus
346 5089 423 5133 est
449 5076 734 5151 Pappoius.
766 5080 897 5137 Post
922 5081 1025 5139 hes
1054 5084 1123 5137 ad
1143 5082 1381 5152 regimen
1406 5080 1661 5136 Ecclesize
1680 5080 1803 5135 bea-

237 5167 465 5223 tissimus
493 5170 802 5239 Arnnlpbus
825 5171 1031 5227 ascitus
1046 5182 1149 5237 est,
1179 5173 1259 5226 vir
1285 5186 1380 5241 per
1402 5172 1579 5227 omnia
1607 5171 1805 5226 lumine

236 5264 528 5318 sanctitatis
558 5273 613 5318 et
642 5265 925 5332 splendore
953 5266 1169 5335 generis
1194 5267 1405 5331 cturus;
1439 5267 1535 5336 qui
1562 5281 1627 5320 ex
1653 5265 1807 5320 nobi-

237 5347 437 5409 lissimo
474 5338 877 5427 l‘ortissimoqne
902 5358 1231 5415 Francorum
1269 5369 1499 5414 stemate
1526 5368 1705 5420 orte,
1739 5359 1809 5412 ita

242 5444 339 5498 Dei
365 5448 610 5506 Ecclesiae
641 5451 872 5520 praefuit,
907 5462 962 5508 ut
987 5460 1046 5508 et
1074 5453 1252 5521 palatii
1280 5452 1587 5509 moderator
1616 5453 1809 5509 existe-

240 5550 343 5592 ret.
374 5541 467 5598 Hic
494 5542 724 5613 denique
746 5555 804 5601 et
840 5548 890 5601 in
927 5561 1152 5616 corpore
1190 5562 1530 5616 permanens,
1571 5547 1729 5602 simul
1755 5554 1811 5601 et

244 5643 365 5697 post
387 5636 507 5692 vita
534 5639 734 5694 exitum
767 5640 932 5699 multa
956 5640 1270 5699 admiranda
1312 5642 1573 5712 patravit,
1618 5641 1811 5715 quaesi

244 5727 362 5790 quis
389 5745 544 5785 nosse
572 5732 859 5799 desiderat,
893 5734 1129 5791 libellum
1180 5736 1243 5790 'ui
1274 5736 1339 5792 de
1368 5735 1483 5806 ejus
1507 5726 1810 5805 specialiter

243 5820 442 5877 actibus
463 5834 550 5880 est
575 5827 933 5897 cei-scriptus,
962 5830 1122 5899 legat.

1914 4633 2033 4677 rent
2061 4633 2319 4693 quatenus
2350 4640 2535 4679 omnes
2579 4640 2701 4679 suas
2734 4626 3007 4680 facultates
3040 4626 3102 4679 ad
3135 4641 3256 4681 usus
3291 4641 3489 4695 paupe-

1915 4732 2030 4772 rum
2061 4717 2392 4785 dispertirct.
2440 4714 2588 4773 Tunc
2635 4722 2805 4788 major
2834 4714 3001 4786 illius,
3038 4720 3086 4774 id
3125 4729 3241 4788 est,
3282 4719 3492 4773 Clodul-

1915 4814 2069 4880 phus,
2104 4827 2160 4865 se
2188 4812 2287 4866 hoc
2317 4825 2473 4880 posse
2508 4814 2702 4877 facere,
2737 4814 2786 4868 id
2816 4824 2921 4879 est,
2965 4824 3021 4868 ut
3065 4816 3360 4883 portionem
3393 4814 3492 4869 sibi

1914 4903 2145 4957 debitam
2199 4906 2335 4972 patri
2383 4905 2681 4974 largiretur,
2724 4904 3049 4961 omnimodis
3092 4906 3393 4977 denegavit.
3430 4906 3495 4961 At

1920 5017 2043 5056 vero
2067 5002 2241 5056 minor
2274 5003 2436 5065 illius,
2469 5001 2519 5057 id
2548 5008 2654 5067 est,
2684 5000 2970 5071 Anchisus,
3006 5004 3172 5058 ﬁdens
3205 5005 3270 5058 de
3298 5002 3495 5057 Christi

1917 5095 2113 5163 pietate
2144 5095 2239 5149 sibi
2272 5096 2501 5164 pluriora
2529 5092 2821 5149 cuiid‘otia‘ri
2846 5138 2858 5159 ,
2892 5092 2954 5155 ad
2986 5090 3163 5151 omnia
3196 5078 3315 5163 qua:
3348 5105 3497 5165 pater

1920 5187 2079 5240 vellet
2106 5201 2163 5240 se
2194 5187 2425 5241 libenter
2454 5180 2673 5242 obedire
2707 5178 2983 5253 promittit.
3014 5187 3134 5257 Agit
3166 5174 3499 5242 venerandus

1918 5285 2070 5344 pater
2096 5277 2297 5346 gratias
2330 5274 2470 5341 filio,
2517 5288 2567 5332 et
2616 5279 2855 5346 praedicit
2896 5278 2943 5333 ei
2990 5276 3219 5353 pluriora
3250 5264 3497 5334 eumdem

1917 5382 2076 5437 quam
2109 5371 2398 5438 reliquerat
2431 5370 2770 5437 habiturum;
2822 5372 3037 5441 insuper
3081 5368 3353 5428 benedixit
3379 5389 3500 5428 eum

1918 5462 2142 5531 ejtisque
2164 5474 2408 5515 cunctam
2439 5464 2744 5533 progeniem
2772 5452 3093 5519 nascituram
3115 5454 3169 5521 in
3194 5454 3462 5532 posterum
3486 5509 3499 5531 ,

1922 5552 2225 5624 factumque
2254 5566 2331 5609 es:
2368 5574 2379 5608 :
2417 5574 2533 5608 nam
2588 5558 2853 5623 pluriores’
2893 5561 3125 5614 Aucliiso
3166 5577 3322 5630 quam
3374 5560 3502 5616 reli-

1920 5654 2109 5718 qticrat
2160 5648 2353 5702 divitiae
2411 5640 2774 5714 accesserunt,
2838 5664 2893 5707 et
2949 5644 3017 5707 ita
3073 5654 3124 5708 in
3176 5670 3241 5708 eo
3282 5636 3499 5723 paterna

1922 5753 2005 5799 est
2030 5730 2257 5798 stabilita
2294 5745 2613 5809 benedictio,
2647 5753 2701 5797 ut
2728 5744 2794 5799 de
2817 5746 2932 5814 ejtts
2961 5749 3215 5818 progenie
3236 5742 3343 5801 tam
3369 5758 3477 5801 stre

1926 5839 2312 5910 nationesque
2343 5838 2440 5895 viri
2469 5851 2836 5911 nascerentur,
2881 5852 2937 5898 ut
2979 5856 3084 5898 n0n
3133 5841 3397 5898 immerito
3435 5838 3504 5924 ad
