3920 6336
569 373 684 430 719·

1416 368 1618 424 PAULI
1660 364 1925 421 DIACONI
1963 362 2110 416 OPl’.
2153 357 2329 413 PARS
2368 358 2409 411 l.
2452 388 2516 398 —
2555 357 2931 414 HlSTORlCA.
3643 368 3717 424 no

568 488 686 556 ejus
717 486 1015 557 prosapiam
1060 485 1389 540 Francorum
1435 484 1748 538 translatum
1782 480 1851 535 sit
1889 490 2133 547 regnum.
2162 472 2217 533 Α
2241 471 2376 542 palis
2400 473 2561 527 officii
2583 488 2764 529 curam
2792 476 2992 544 gessit;
3039 488 3146 543 quo
3173 472 3237 527 de
3279 475 3456 530 mundo
3479 479 3718 552 recedente,

567 580 637 658 Et
665 587 723 635 ut
749 578 852 635 hoc
879 591 1169 648 agnoscere
1200 578 1393 647 possis,
1426 576 1609 646 paucis
1646 569 2008 628 animadverte
2037 568 2136 622 do-

569 674 726 731 cebo.

643 762 904 820 Anchisus
932 761 1113 831 genuit
1140 761 1445 830 Pippinum,
1486 774 1593 830 quo
1618 758 1749 814 nihil
1779 772 2007 825 unquam
2041 769 2139 824 po-

571 859 672 913 tuit
698 872 819 913 esse
854 854 1143 920 audacius;
1190 854 1443 923 Pippinus
1476 852 1656 921 genuit
1683 850 1969 917 Carolnm,
2012 848 2141 901 viris

570 951 787 1006 omnino
819 947 1118 1003 fortissimis
1141 944 1543 1011 conferendum,
1579 941 1669 1010 qui
1697 942 1833 996 inter
1862 948 2052 994 caetera
2083 948 2135 993 et

570 1055 762 1111 magna
788 1040 927 1096 bella
953 1054 1072 1109 quae
1099 1036 1295 1109 gessit,
1328 1036 1397 1090 ita
1427 1035 1690 1106 praecipue
1718 1034 2015 1089 Saracenos
2045 1032 2138 1085 dc-

573 1136 742 1201 trivit,
767 1142 827 1189 ut
852 1149 1019 1203 usque
1058 1132 1215 1186 hodie
1252 1144 1384 1200 gens
1410 1128 1499 1184 illa
1532 1127 1820 1182 truculenta
1852 1135 1906 1181 et
1933 1124 2135 1195 perfida

568 1228 897 1281 Francorum
922 1238 1068 1279 arma
1098 1222 1363 1277 formidet.
1417 1220 1511 1274 llic
1540 1220 1718 1288 itaque
1742 1218 1921 1287 genuit
1950 1215 2134 1283 Pippi-

568 1335 717 1383 num,
756 1318 1017 1386 sapientia
1047 1314 1391 1370 nihilominus
1427 1321 1481 1367 et
1520 1311 1826 1367 fortitudine
1869 1310 2000 1364 satis
2029 1309 2138 1364 cla-

566 1429 683 1467 rum
704 1453 719 1476 ,
753 1412 862 1478 qui,
897 1412 1033 1465 inter
1060 1409 1260 1479 reliqtta
1292 1422 1412 1477 quae
1441 1405 1684 1475 patravit,
1707 1404 1815 1474 jam
1840 1403 2135 1457 Wascones

564 1504 763 1560 dudum
810 1502 1138 1557 Francorum
1186 1501 1375 1555 ditioui
1417 1499 1664 1564 rebelles,
1695 1512 1814 1552 cum
1860 1495 2137 1551 Waisario

563 1613 663 1652 suo
693 1596 951 1665 principe,
982 1594 1238 1649 felicitate
1267 1591 1527 1656 miranda,
1556 1591 1839 1647 debellavit
1867 1600 1921 1645 et
1948 1589 2133 1645 subdi-

567 1689 663 1743 dit.
688 1686 858 1757 Hujus
880 1686 1004 1741 item
1029 1685 1170 1740 filius
1191 1700 1415 1756 magnus
1445 1700 1537 1738 rex
1559 1684 1782 1738 Carolus
1802 1682 2027 1749 exstitit,
2051 1683 2137 1750 qui

562 1785 889 1839 Francorum
932 1799 1176 1852 regnum,
1226 1783 1362 1846 sicut
1412 1796 1700 1851 numquam
1739 1788 1894 1834 antea
1945 1778 2135 1843 fuerat,

2246 560 2606 634 Clodulpltus,
2645 565 2798 635 cujus
2828 580 2988 635 supra
3026 567 3338 621 mentionem
3368 568 3585 636 fecimus,
3621 572 3723 630 beati

2244 654 2506 724 Arnulplti
2536 658 2781 727 genitalis
2813 658 2973 724 filius,
3012 657 3225 713 Anchisi
3253 674 3476 729 quoque,
3504 678 3530 716 a
3555 680 3638 732 quo
3660 682 3721 722 se-

2244 762 2366 801 men
2398 758 2745 818 propagatum
2775 757 2859 804 est
2890 750 3093 819 regium
3115 793 3130 818 ,
3159 766 3455 819 germanus,
3491 754 3546 809 ad
3571 759 3726 826 episco-

2245 840 2363 909 pale
2389 842 2600 897 culmen
2626 843 2696 897 ob
2743 852 2976 911 paternae
3010 843 3301 899 sanctitatis
3338 845 3537 914 gloriam
3573 849 3729 917 trigesi-

2245 947 2362 987 mus
2406 942 2565 1002 atque
2613 934 2879 988 secundus
2924 935 3189 999 ascendit;
3234 936 3299 990 de
3324 950 3420 1004 quo
3457 936 3568 992 nihil
3590 939 3641 992 ad
3664 956 3731 995 nos

2244 1022 2491 1089 amplius,
2516 1032 2709 1093 praeter
2738 1024 2882 1093 quod
2912 1039 2942 1077 a
2975 1025 3065 1078 tali
3097 1023 3275 1078 radice
3304 1036 3505 1080 exortus
3527 1034 3610 1089 est,
3633 1027 3731 1082 fama

2246 1113 2487 1182 perduxit
2519 1132 2531 1166 :
2561 1128 2667 1184 quo
2712 1115 3004 1171 decedente
3025 1154 3040 1178 ,
3095 1116 3300 1172 fidelem
3348 1120 3570 1187 populum
3602 1120 3733 1175 mode-

2243 1215 2490 1272 raturus,
2525 1208 2710 1261 tertius
2741 1215 2899 1277 atque
2941 1207 3242 1277 trigesimus
3280 1207 3426 1262 Abbo
3466 1210 3732 1275 ascitusest;

2244 1305 2364 1367 post
2387 1313 2544 1368 quem
2576 1301 2822 1367 Aptatus,
2844 1298 3038 1354 deinde
3087 1298 3235 1353 Felix
3261 1298 3404 1369 gregi
3447 1298 3637 1355 feliciter
3667 1300 3735 1354 do-

2242 1389 2440 1445 minico
2468 1398 2710 1462 pastores
2751 1393 3093 1445 exstiterunt.
3142 1391 3341 1446 Dehinc
3390 1389 3647 1460 Sigibaldus
3675 1407 3736 1460 ge-

2242 1482 2452 1536 nerosis
2504 1491 2657 1537 ortus
2715 1482 3015 1547 natalibus,
3086 1480 3333 1550 religioso
3383 1484 3528 1537 cretui
3577 1483 3739 1537 antistes

2242 1570 2463 1626 effectus
2491 1583 2593 1639 est,
2624 1573 2703 1627 vir
2730 1589 2824 1643 per
2848 1577 3027 1629 omnia
3056 1574 3370 1629 utilitatibus
3398 1574 3617 1630 Ecclesia:
3636 1575 3739 1629 dedi-

2241 1674 2348 1732 tus,
2379 1680 2656 1721 sacrorum
2687 1682 2900 1738 quoque
2930 1667 3222 1721 culminum
3258 1667 3608 1722 solertissimus
3631 1666 3741 1722 resti-

2243 1766 2404 1812 tutor.
2438 1757 2533 1812 llic
2572 1758 2644 1814 de
2683 1760 2978 1813 animarum
3011 1768 3153 1813 statu
3185 1759 3456 1825 sollicitus,
3495 1762 3586 1814 duo
3609 1774 3742 1813 mona-

567 1877 831 1932 dimam.
882 1841 1320 1947 Dengque,'iu'ler
1346 1876 1496 1945 plum
1524 1841 1577 1930 εί
1606 1874 1843 1929 miranda
1868 1888 1988 1942 qua,
2018 1841 2138 1945 ges;
2168 1845 2218 1908 B
2242 1852 2405 1906 steria
2435 1851 2692 1916 condidit,
2722 1868 2753 1908 e
2776 1851 2969 1923 quibus
2999 1868 3159 1907 unum
3188 1841 3518 1918 Hilariacunt,
3540 1852 3607 1907 vel
3630 1853 3742 1907 etiam

568 1978 656 2042 sit,
703 1975 1171 2043 Langobardorum
1200 1983 1411 2043 gentem
1450 1972 1534 2028 bis
1573 1988 1603 2027 a
1650 1979 1800 2043 patre
1836 1970 2096 2025 devictam
2120 2011 2134 2035 ,

490 2064 495 2069 ’
566 2069 738 2123 altero
763 2066 1068 2122 Grecorum
1095 2081 1241 2134 rege,
1267 2066 1419 2135 cujus
1446 2063 1752 2120 Desiderius
1780 2077 1974 2118 nomen
1999 2070 2135 2120 erat.

566 2170 744 2230 capto,
793 2160 1068 2227 alteroque
1113 2159 1202 2229 qui
1246 2158 1522 2213 dicebatur
1570 2156 1872 2226 Adelgisus,
1918 2163 1973 2210 et
2019 2169 2139 2210 cum

568 2256 807 2327 genitore
833 2262 1094 2324 regnante
1126 2268 1225 2307 suo
1252 2248 1762 2318 Constantinopolim
1795 2248 1980 2317 pulso,
2012 2247 2141 2301 uni-

564 2362 770 2402 versam
823 2347 938 2400 sine
980 2344 1127 2415 gravi
1178 2344 1362 2411 praelio
1399 2357 1510 2396 suae
1547 2339 1782 2396 subdidit
1815 2338 2025 2403 ditioni,
2065 2347 2136 2400 et,

564 2440 704 2508 quod
736 2453 858 2492 raro
891 2436 1006 2492 fieri
1036 2435 1255 2499 assolet,
1299 2434 1549 2489 clementi
1580 2430 1949 2487 moderatione
1975 2431 2139 2484 victo—

565 2534 697 2587 riam
740 2532 1071 2602 temperavit.
1115 2528 1382 2584 Romanos
1422 2534 1709 2597 prta-terea,
1741 2524 2020 2593 ipsamque
2051 2538 2138 2577 ur-

566 2625 686 2680 bem
716 2623 1028 2678 Romuleam
1053 2622 1159 2691 jam
1186 2621 1391 2691 pridem
1418 2619 1533 2688 ejus
1562 2617 1898 2687 praesentiam
1924 2613 2138 2671 deside.

564 2727 794 2780 rantem,
818 2730 938 2785 quae
974 2712 1256 2783 aliquando
1294 2713 1454 2767 totius
1483 2710 1665 2765 mundi
1699 2709 1914 2765 domina
1944 2707 2139 2772 fuerat,

564 2817 617 2862 et
650 2816 773 2860 tunc
800 2820 830 2859 a
856 2803 1219 2875 Langobardis
1257 2803 1511 2875 depressa
1548 2801 1815 2871 gemebat,
1867 2800 2015 2853 duris
2041 2813 2137 2852 an-

561 2897 749 2964 gustiis
767 2896 1030 2963 eximens,
1057 2896 1170 2950 suis
1193 2895 1393 2950 addidit
1412 2895 1658 2963 sceptris,
1682 2904 1976 2963 cunctaque
2000 2891 2139 2947 nihi-

563 2988 793 3042 leminus
823 2987 966 3041 Italia
1000 2987 1113 3041 miti
1143 2986 1500 3040 dominatione
1545 2985 1744 3055 potitus
1785 2996 1902 3051 est;
1946 2984 2011 3038 de
2037 2999 2143 3052 quo

559 3078 678 3133 viro
704 3078 915 3132 nescias
942 3087 1121 3132 utrum
1150 3076 1398 3131 virtutem
1440 3076 1494 3129 in
1531 3090 1597 3130 eo
1642 3075 1890 3130 bellicam
1910 3114 1927 3139 ,
1958 3089 2024 3128 an
2058 3088 2143 3128 sa-

2244 1942 2569 1998 Nova-Cella
2609 1944 2824 2011 dicitur,
2873 1945 3099 2000 alterum
3144 1960 3354 2015 quoque
3393 1944 3744 1999 Novum-Villam

2245 2037 2528 2094 vocitatur.
2561 2037 2713 2093 Hunc
2768 2038 2918 2092 dirus
2978 2038 3228 2109 podagrae
3280 2038 3431 2093 dolor
3476 2038 3745 2091 vehementer

2244 2127 2456 2186 afflixit.
2489 2128 2595 2185 Sed
2628 2130 2714 2184 ille
2742 2130 2969 2184 internis
2996 2130 3206 2199 gaudiis
3252 2138 3474 2184 mentem
3500 2129 3656 2196 ﬁgens,
3678 2125 3744 2179 do-

2244 2222 2390 2276 lores
2416 2236 2704 2293 corporeus
2734 2224 3125 2293 patientissime
3164 2224 3427 2280 toleravit.

2315 2317 2430 2372 Jam
2466 2318 2591 2372 hinc
2620 2318 2702 2373 vir
2731 2319 2996 2389 egregius,
3033 2330 3084 2374 et
3115 2319 3365 2383 omnibus
3393 2331 3637 2388 praeconiis
3655 2314 3747 2369 elle-

2246 2409 2487 2475 rendus,
2542 2409 2960 2480 Chrodegangus
3017 2410 3243 2466 antistes
3292 2411 3511 2481 eligitur,
3560 2425 3614 2465 ex
3655 2423 3748 2477 pago

2245 2499 2598 2556 Hasbaniensi
2647 2503 2923 2568 oriundus,
2976 2514 3125 2573 patre
3171 2504 3418 2575 Sigrano,
3470 2512 3617 2557 matre
3654 2499 3749 2554 Lan-

2244 2590 2431 2659 drada,
2466 2591 2792 2648 Francorum
2820 2610 2887 2649 ex
2914 2608 3111 2665 genere
3156 2597 3346 2665 prima
3392 2593 3645 2649 nobilitatis
3667 2603 3751 2659 pro-

2244 2683 2472 2751 genitus.
2523 2683 2621 2739 Hic
2663 2685 2717 2739 in
2766 2686 2960 2754 palatio
3003 2688 3226 2756 majoris
3254 2688 3427 2743 Caroli
3455 2687 3518 2741 ab
3538 2688 3637 2755 ipso
3656 2698 3749 2739 enu-

2247 2773 2426 2841 tritus,
2473 2774 2715 2847 ejusdem
2761 2776 2877 2847 ipse
2925 2776 3328 2835 referendarius
3370 2778 3660 2843 exstitit;ac
3689 2774 3752 2827 de-

2248 2883 2391 2923 mum
2440 2868 2650 2939 Pippini
2702 2871 2845 2941 regis
2896 2873 3263 2941 temporibus,
3312 2871 3593 2943 pontificale
3638 2867 3754 2921 decus

2247 2964 2567 3032 promeruit.
2614 2963 2738 3018 Fuit
2764 2975 2941 3021 autem
2972 2968 3194 3021 omnino
3226 2966 3544 3022 clarissimus
3568 2962 3755 3028 omnique

2249 3055 2526 3112 nobilitate
2553 3070 2833 3125 coruscus,
2883 3059 3055 3113 forma
3089 3060 3345 3128 decorus,
3390 3058 3583 3125 eloquio
3625 3052 3755 3105 facun-

564 3167 779 3233 pientize
824 3167 1156 3233 claritatem,
1207 3166 1551 3235 omniumque
1595 3164 1894 3220 liberalium
1948 3166 2138 3219 artium

2248 3148 2526 3218 dissimus,
2558 3158 2666 3204 tam
2691 3153 2861 3219 patrio
2890 3167 3160 3222 quamque
3187 3153 3351 3208 etiam
3378 3150 3553 3207 Latino
3570 3152 3755 3202 sermone

560 3257 729 3325 magis
776 3255 1059 3311 admireris
1112 3256 1377 3324 peritiam.
1419 3253 1515 3309 llic
1563 3269 1634 3308 ex
1683 3256 1968 3327 llildegard
2015 3271 2141 3312 con-

559 3350 687 3419 juge
713 3356 937 3417 quatuor
965 3348 1104 3403 filios
1131 3357 1184 3403 et
1212 3349 1444 3418 quinque
1492 3346 1630 3401 ﬁlias
1673 3348 1992 3417 procreavit.
2039 3348 2144 3403 lla-

565 3439 682 3494 buit
729 3448 907 3494 tamen
947 3448 1072 3494 ante
1121 3438 1291 3509 legale
1336 3439 1660 3493 connubium
1711 3454 1777 3493 ex
1826 3438 2140 3494 Dimiltruda

2166 3209 2217 3273 Ο

2249 3243 2486 3301 imbutus
2529 3255 2632 3300 est.
2682 3246 2975 3302 Servorum
3008 3247 3117 3303 ‘Dei
3169 3250 3421 3315 nutritor,
3469 3245 3754 3314 orplianorutn

2252 3338 2641 3409 viduarumque
2669 3356 2775 3395 non
2804 3341 2976 3397 solum
2998 3343 3162 3410 altor,
3189 3343 3286 3398 sed
3313 3352 3369 3399 et
3386 3337 3758 3398 clementissimus

2252 3439 2413 3487 tutor.
2447 3431 2690 3503 Cumque
2720 3444 2867 3490 esset
2895 3437 2948 3490 in
2980 3437 3234 3491 omnibus
3264 3435 3516 3505 locuples,
3542 3446 3571 3485 a
3594 3428 3758 3497 Pippino

561 3531 725 3586 nobili
751 3531 952 3600 puella,
972 3530 1139 3584 tilium
1166 3530 1379 3586 nomine
1412 3531 1716 3601 Pippinum.
1736 3530 1991 3586 Natorum
2014 3547 2143 3588 sane
2248 3541 2375 3596 rege
2401 3526 2654 3598 omnique
2679 3528 3009 3585 Francorum
3037 3539 3186 3586 cmtu
3238 3529 3567 3599 singulariter
3589 3523 3757 3581 elecwsr

561 3620 679 3688 ejus
707 3636 839 3691 quos
870 3621 918 3675 ei
950 3620 1234 3691 Hildegard
1269 3623 1492 3692 peperit,
1540 3623 1637 3678 ista
1664 3623 1901 3679 nomina.
1932 3622 2141 3679 Primus
2250 3618 2474 3674 Romam
2523 3620 2759 3676 directus
2807 3631 2892 3677 est
2917 3663 2932 3689 ,
2981 3622 3430 3694 Stephanumque
3471 3613 3758 3676 venerabilem

560 3710 737 3766 dictus
765 3722 848 3767 est
873 3710 1093 3767 Carolus
1113 3753 1129 3778 ,
1157 3713 1358 3768 scilicet
1387 3714 1553 3782 patris
1578 3730 1642 3770 ac
1669 3718 1850 3784 proavi
1880 3718 2143 3773 vocabulo
2248 3727 2459 3781 papam,
2504 3722 2564 3769 ut
2605 3725 2916 3771 cunctorum
2958 3727 3080 3771 vota
3129 3717 3475 3782 anhelabant,
3519 3711 3578 3767 ad
3615 3705 3759 3763 Gallias

561 3812 927 3873 nuncupatus;
977 3804 1243 3859 secundus
1297 3804 1423 3860 item
1470 3806 1723 3874 Pippinus
1778 3807 1928 3863 fratri
1982 3820 2144 3879 atque

560 3909 668 3949 avo
696 3895 1022 3965 aeqttivocus.
1057 3895 1266 3951 Tertius
1309 3897 1566 3966 Lodohic,
1597 3901 1690 3969 qui
1723 3915 1844 3955 cum
1887 3902 2143 3959 Lotborio

559 3988 651 4060 qui
681 3991 890 4045 biennis
919 3990 1202 4057 occubuit,
1237 4006 1342 4045 uno
1369 4003 1519 4060 partu
1546 4000 1630 4047 est
1658 3995 1885 4063 genitus.
1920 3995 1998 4049 Ex
2026 3996 2143 4066 qui-

559 4078 657 4135 bus
682 4079 827 4149 jam,
859 4079 971 4136 Deo
1002 4080 1245 4147 favente,
1288 4083 1463 4136 minor
1489 4081 1742 4152 Pippinus
1777 4099 1998 4153 regnum
2038 4085 2143 4139 Ita-

560 4173 682 4240 lim,
724 4171 964 4229 Lodoliic
1005 4173 1303 4244 Aquitania:
1346 4183 1547 4228 tenent.
1591 4175 1794 4229 Mortua
1820 4186 1996 4232 autem
2028 4176 2142 4232 Hil-

558 4263 755 4330 degard
790 4265 1000 4334 regina,
1045 4280 1135 4319 rex
1178 4265 1661 4321 excellentissimus
1703 4264 1922 4322 Carolus
1954 4268 2137 4324 Faste-

557 4355 740 4408 radam
786 4355 936 4409 duxit
979 4371 1221 4424 uxorem,
1273 4373 1390 4426 quae
1434 4358 1715 4429 llildegard
1758 4361 1895 4427 apud
1951 4364 2137 4415 urbem

559 4445 844 4500 Metensem
876 4447 932 4500 in
970 4446 1112 4501 beati
1141 4448 1399 4517 Arnulplii
1430 4453 1666 4504 oratorio
1697 4451 2003 4520 requiescit.
2036 4451 2139 4505 Pro

557 4551 624 4591 eo
671 4537 900 4607 denique
942 4539 1083 4608 quod
1122 4555 1154 4593 a
1189 4541 1345 4596 beato
1382 4542 1659 4612 Arnulpho
1698 4545 1809 4612 jam
1850 4546 1940 4597 fati
1985 4558 2138 4616 reges

557 4625 819 4692 originem
864 4625 1152 4693 ducerent,
1198 4643 1416 4684 suorum
1465 4631 1538 4684 ibi
1567 4632 1847 4687 charorum
1883 4635 2132 4691 defuncta

556 4729 781 4783 corpora
811 4731 1058 4787 posuere.
1104 4718 1232 4773 Nam
1265 4720 1338 4774 ibi
1382 4722 1612 4777 humata:
1661 4734 1785 4779 sunt
1828 4727 1947 4780 duae
1997 4732 2134 4798 regis

564 4805 772 4876 Pippini
801 4808 943 4875 filiae,
966 4824 1189 4879 quarum
1222 4826 1327 4865 una
1355 4812 1571 4881 Rotald,
1599 4814 1767 4870 altera
1794 4817 2015 4873 Adelaid
2043 4836 2137 4889 ap-

562 4897 754 4965 pellata
782 4907 883 4953 est.
918 4900 992 4955 Ibi
1023 4916 1235 4971 quoque
1279 4912 1333 4958 et
1365 4904 1593 4975 junioris
1633 4910 1776 4977 regis
1808 4911 1982 4965 Caroli
2020 4910 2139 4967 dum

562 4989 908 5045 nihilominus
936 4994 1211 5049 tumulata:
1240 5006 1409 5061 natae,
1453 4998 1659 5053 scilicet
1688 5000 1909 5055 Adelaid
1943 5005 2138 5068 culil-

557 5082 779 5153 degard,
806 5100 924 5153 quae
955 5084 1264 5156 Hildegard,
1293 5097 1535 5145 materno
1566 5101 1865 5163 nuncupata
1897 5097 2131 5164 nomine,

559 5187 781 5231 matrem
809 5178 1127 5234 morientem
1156 5181 1314 5235 citius
1342 5182 1624 5238 subsecuta
1654 5192 1756 5239 est.

628 5270 735 5324 Sed
763 5270 848 5325 his
876 5286 993 5340 quae
1022 5275 1395 5340 praetereunda
1424 5291 1531 5331 non
1561 5287 1713 5332 erant
1742 5278 1976 5335 breviter
2003 5297 2139 5349 prae-

557 5359 765 5427 libatis,
805 5362 873 5417 ad
923 5364 1245 5419 narrationis
1297 5368 1565 5423 tramitem
1609 5379 1963 5427 revertamur.
2015 5374 2140 5430 Post

555 5453 923 5509 beatissimum
959 5456 1189 5525 denique
1231 5459 1589 5529 Arnulpbum,
1632 5462 1852 5518 Metensi
1886 5466 2142 5522 Ecclesia:

555 5539 839 5609 Goericus,
866 5546 1195 5613 trigesimus,
1219 5552 1309 5620 qui
1337 5560 1393 5607 et
1412 5554 1568 5609 Abbo
1588 5556 1853 5611 vocitatus
1873 5567 1974 5626 est,
2006 5573 2141 5627 pra:-

558 5629 675 5685 fuit.
710 5631 912 5691 Deinde
940 5635 1093 5694 Godo
1124 5641 1331 5709 primus
1357 5653 1517 5715 atque
1544 5646 1846 5718 trigesimus
1866 5686 1881 5713 ,
1928 5648 2138 5716 episco-

625 5754 655 5784 ⁸
685 5748 810 5833 _Al.'..
830 5768 1007 5833 reperit
1034 5753 1392 5833 (Videj’itam
1421 5760 1483 5815 S.
1520 5761 1698 5833 Eligii,
1734 5764 1769 5815 ι.
1801 5778 1858 5826 ιι,
1889 5780 1935 5817 c.
1967 5764 2055 5827 39,
2090 5766 2142 5819 in

560 5819 656 5872 ﬁne
685 5828 725 5876 ι.
764 5819 810 5874 ν
840 5819 1132 5895 8ρὶεἱ1εῤ.).
1185 5826 1328 5898 Repa
1349 5867 1365 5896 ,
1402 5845 1470 5884 ou
1501 5819 1630 5885 rebri'
1667 5819 1873 5900 signilic
1906 5850 1973 5889 ιιιι
2003 5819 2101 5891 ciel
2122 5877 2138 5904 ,

2245 3806 2509 3860 evocavit.
2539 3805 2640 3861 Hic
2669 3806 2870 3862 clerum
2900 3807 3179 3876 adunavit,
3210 3817 3269 3864 et
3296 3809 3363 3863 ad
3393 3809 3551 3861 instar
3571 3794 3757 3856 emnobii.

2245 3895 2385 3952 intra
2431 3899 2789 3954 claustrorum
2832 3911 2983 3971 septa
3016 3903 3328 3957 conversari
3375 3899 3518 3966 fecit,
3556 3901 3760 3951 nonum

2244 4003 2349 4060 que
2372 3991 2452 4046 eis
2480 3992 2727 4061 instituit,
2763 3993 2988 4062 qualiter
3018 3995 3070 4049 in
3114 3994 3356 4051 Ecclesia
3401 3992 3612 4048 militare
3647 3981 3761 4036 debe'

2244 4094 2401 4151 rent;
2456 4085 2650 4155 quibus
2681 4101 2922 4142 annonas
2953 4089 3182 4158 vitasque
3228 4086 3528 4145 necessaria
3561 4074 3762 4135 sufficien-

2246 4184 2327 4231 ter
2353 4177 2573 4248 largitus
2602 4186 2706 4244 est,
2750 4187 2827 4246 ut,
2860 4179 3113 4248 perituris
3140 4195 3339 4235 vacare
3367 4176 3581 4249 negotiis
3606 4183 3688 4225 non
3705 4163 3760 4217 in-

2243 4268 2510 4340 digentes,
2542 4270 2743 4325 divinis
2770 4271 3112 4327 solummodo
3139 4272 3336 4329 officiis
3363 4257 3758 4326 excubarenl;il"

2242 4379 2467 4434 sumque
2496 4365 2698 4420 clerum
2731 4366 3069 4422 abundanter
3113 4367 3237 4439 lege
3280 4366 3462 4423 divina
3488 4362 3761 4419 Romanaque

2246 4453 2505 4509 imbutum
2534 4455 2818 4523 cantilena,
2852 4471 3056 4513 morem
3094 4466 3261 4528 atque
3306 4456 3542 4513 ordinem
3572 4450 3761 4504 [totum

2249 4545 2501 4602 Ecclesia:
2530 4561 2747 4603 servare
2780 4550 3065 4619 praecepit,
3114 4550 3262 4620 quod
3309 4562 3475 4620 usque
3501 4545 3562 4599 ad
3596 4540 3638 4596 id
3664 4545 3760 4589 tern-

2245 4652 2342 4706 pus
2370 4638 2424 4692 in
2455 4639 2677 4694 Metensi
2709 4640 2946 4695 Ecclesia
2987 4640 3184 4697 factum
3220 4642 3446 4697 minime
3472 4637 3578 4692 fuit.
3606 4630 3682 4686 llic
3704 4622 3758 4676 fa-

2240 4732 2450 4785 bricare
2471 4732 2649 4801 jussit,
2681 4747 2787 4787 una
2816 4748 2937 4788 cum
2968 4735 3242 4804 adjutorio
3275 4734 3485 4806 Pippini
3510 4728 3650 4797 regiS,
3670 4729 3764 4772 ’ἴθ’

2241 4823 2365 4877 bam
2409 4826 2580 4878 sancti
2627 4825 2886 4896 Stephani
2920 4830 3360 4901 protomartyris,
3392 4838 3443 4883 et
3471 4825 3623 4880 altare
3644 4812 3765 4883 ἱρείυδ

2240 4922 2401 4985 atque
2426 4901 2724 4983 cancellos,
2771 4920 3160 4990 presbyterium
3191 4935 3459 4992 arcusque
3495 4932 3583 4989 per
3605 4919 3761 4983 gyrum.

2240 5004 2499 5062 Similiter
2522 5016 2578 5061 et
2617 5008 2670 5062 in
2706 5010 2930 5065 ecclesia
2959 5010 3106 5067 beati
3136 5014 3287 5069 Petri
3318 5012 3520 5084 majore
3546 5003 3764 5079 presblw‘

2242 5100 2379 5153 rium
2408 5100 2524 5156 fieri
2549 5101 2730 5170 jussit.
2761 5103 3072 5159 Construxit
3097 5107 3262 5160 etiam
3286 5107 3565 5161 ambonem
3588 5102 3767 5151 anroar'

2241 5203 2515 5260 gentoque
2545 5195 2879 5262 decoratum,
2906 5206 2962 5253 et
2982 5212 3140 5253 arcus
3165 5214 3266 5269 per
3291 5212 3483 5271 gyrum
3510 5189 3664 5251 throni
3681 5188 3765 5239 an“

2243 5284 2417 5353 ipsum
2444 5286 2611 5342 altare
2638 5288 2938 5346 aedificavit.

2313 5376 2581 5433 Prmterea
2613 5384 2999 5438 monasterium
3032 5384 3086 5439 in
3119 5384 3378 5455 parocbia
3413 5380 3542 5439 beati
3570 5362 3766 5442 Stephani

2241 5469 2294 5523 in
2323 5485 2462 5542 pago
2489 5470 2758 5543 Mosilensi
2798 5475 2853 5530 in
2903 5475 3160 5532 honorem
3201 5479 3496 5533 beatissimi
3526 5470 3649 5530 Petri
3670 5475 3766 5533 apo-

2241 5560 2399 5625 stoli,
2446 5570 2505 5616 et
2540 5564 2729 5620 ditavit
2754 5566 2882 5622 illud
2914 5570 3108 5638 Opibus
3155 5570 3406 5641 magnis,
3437 5563 3765 5624 nionacttosil“at

2244 5653 2315 5709 ibi
2344 5655 2603 5723 instituit;
2634 5670 2795 5731 atque
2815 5663 2915 5718 sub
2945 5666 3129 5735 regula
3151 5667 3328 5721 sancti
3354 5665 3521 5721 Patris
3550 5644 3766 5715 Benedicti

2243 5789 2313 5828 un
2344 5776 2485 5845 Dais,
2521 5793 2589 5832 un
2621 5782 2899 5835 convercle
2943 5784 3105 5850 qu’on
3150 5784 3362 5839 mettait
3401 5798 3491 5839 sur
3518 5781 3587 5835 les
3617 5765 3744 5850 ίιιιιριδ

2242 5855 2299 5901 et
2323 5862 2415 5902 sur
2447 5842 2524 5905 les
2553 5851 2833 5905 tombeaux
2864 5842 3151 5909 des'saints
3190 5855 3303 5915 (Du
3336 5855 3522 5917 Canae.
3558 5842 3716 5902 [iif‘Alo
