3920 6336
217 378 305 439 ret
990 380 1081 436 ne
1121 381 1281 439 ORD.
1326 378 1544 436 EPISC.
1585 377 1885 435 timens.
1927 332 1996 419 ζ-
2037 376 2318 435 TEXTUS
2353 376 2726 433 usrutcus.

3377 378 3484 434 ἘΞ

208 501 258 557 in
284 511 387 553 una
427 496 687 552 charitate
732 496 1038 568 conjunxit.
1079 496 1390 553 Construxit
1435 497 1597 552 etiam
1647 495 1785 550 alte-
1814 497 1865 558 Α
1963 494 2068 550 Sed
2099 497 2349 563 quoniam
2364 496 2583 566 longum
2603 505 2688 551 est
2707 496 2846 550 bona
2874 496 3172 566 quaegessit
3201 510 3267 552 ex
3291 496 3487 553 ordine

206 606 312 648 rum
362 590 750 645 monaSIerinm
795 590 938 659 quod
990 588 1186 658 Gorgia
1233 598 1477 653 vocatur,
1535 588 1623 642 ubi
1674 587 1789 657 pari

205 679 356 737 modo
411 695 519 734 non
551 680 817 735 modicam
860 680 1251 737 multitudinem
1304 680 1562 735 adunavit
1599 694 1787 735 mona-

204 774 445 831 chorum.
489 773 724 842 Expetiit
756 773 987 842 denique
1013 789 1044 828 a
1075 773 1239 828 Paulo
1267 773 1508 828 Romano
1538 772 1791 841 pontiﬁce

206 868 296 922 tria
323 882 555 937 corpora
578 875 888 920 sanctorum
922 876 1240 937 martyrum,
1272 866 1320 920 id
1349 875 1453 934 est,
1482 865 1622 920 beati
1655 866 1788 920 Gor-

202 962 373 1030 gonii,
433 960 576 1030 quod
630 960 681 1014 in
731 960 927 1030 Gorgia
972 961 1291 1030 requiescit;
1351 959 1490 1014 beati
1538 958 1785 1024 Naboris,

200 1055 330 1125 quod
361 1055 419 1109 in
462 1052 1101 1120 Hilariaco;monasterio
1142 1053 1415 1109 conditum
1458 1062 1571 1119 est;
1616 1052 1788 1107 beati-

199 1161 292 1217 que
321 1145 559 1211 Nazarii,
593 1146 734 1215 quod
780 1145 918 1199 ultra
952 1144 1172 1200 ﬂuvium
1223 1145 1468 1199 Rhenum
1512 1145 1564 1198 in
1605 1158 1784 1198 monac

199 1242 355 1296 sterio
382 1242 530 1310 quod
578 1250 798 1295 vocatur
840 1240 1094 1305 Lorsam,
1141 1241 1401 1296 aediﬁcata
1433 1241 1483 1295 in
1529 1241 1788 1297 honorem

200 1333 355 1402 ipsius
387 1335 643 1404 martyris
673 1334 793 1388 miri
818 1333 1033 1388 decoris
1067 1334 1307 1399 basilica,
1339 1334 1643 1388 collocavit.
1677 1333 1787 1389 Hoc

202 1425 461 1494 siquidem
511 1425 768 1493 praedium
812 1425 1183 1480 Chillisiundt’s
1222 1426 1490 1495 quondam
1538 1425 1787 1496 religiosa

202 1515 387 1570 femina
418 1526 476 1571 et
507 1515 718 1586 Cangro
744 1516 859 1585 ejus
886 1515 1028 1571 ﬁlius
1073 1516 1246 1571 eidem
1280 1514 1665 1586 Chrodegango
1692 1531 1788 1571 an-
1810 1507 1824 1514 ’

205 1609 342 1663 tistiti
392 1608 462 1663 ad
512 1616 717 1678 partem
765 1609 906 1664 beati
956 1608 1216 1679 Stephani
1264 1609 1617 1665 tradiderunt.
1667 1609 1791 1664 Fuit

1898 595 2174 654 retexere,
2224 588 2354 642 satis
2401 589 2471 642 sit
2526 588 2639 643 haec
2678 602 2843 658 pauca
2890 586 3152 642 relibasse
3202 587 3270 643 de
3313 588 3483 657 pluri-

1897 679 2018 732 mis.
2044 676 2142 732 Hic
2170 680 2507 734 consecravit
2532 680 2814 749 episcopos
2834 679 3092 749 plurimos
3113 693 3209 749 per
3236 678 3487 735 diversas

1896 770 2167 831 civitates.
2210 772 2557 843 presbyteros
2589 772 2937 827 nihilominus
2965 786 3027 827 ac
3053 771 3309 827 diaconos
3328 812 3344 837 ,
3374 787 3485 827 ca:-

1899 872 2150 933 tcrosque
2192 866 2587 919 ecclesiasticos
2629 864 2867 930 ordines,
2912 865 3049 919 sicut
3079 864 3244 918 moris
3272 872 3354 919 est
3382 864 3489 919 Ro-

1900 972 2069 1010 manae
2093 956 2345 1011 Ecclesiae
2374 958 2429 1011 in
2458 958 2645 1011 diebus
2668 956 3021 1012 Sabbatorum
3050 958 3325 1024 quaternis
3354 967 3492 1013 tem-

1896 1051 2119 1120 poribus
2148 1051 2292 1105 anni.
2328 1050 2493 1106 Rexit
2516 1050 2806 1106 Ecclesiam
2840 1052 3133 1106 Metensem
3156 1051 3311 1105 annis
3331 1065 3487 1116 χχιιι,

1899 1144 2174 1199 mensibus
2211 1159 2265 1206 v,
2295 1142 2483 1199 diebus
2510 1160 2560 1196 v.
2595 1142 2738 1197 Obiit
2764 1158 2801 1198 ιι
2827 1142 3006 1198 Nonas
3039 1143 3275 1208 Martias,
3303 1144 3355 1197 in
3376 1142 3492 1198 die-

1899 1235 1998 1291 bus
2028 1235 2237 1304 Pippiui
2265 1235 2428 1304 regis.
2460 1235 2765 1304 Requiescit
2812 1236 2865 1289 in
2896 1233 3095 1305 Gorgia
3126 1243 3487 1301 monasterio,

1894 1330 2035 1402 quod
2066 1330 2180 1397 ipse
2202 1344 2231 1383 a
2263 1329 2625 1383 fundamentis
2655 1329 2972 1383 construxit.
3027 1328 3125 1381 Hic
3158 1328 3269 1396 jam
3291 1368 3307 1394 ,
3341 1338 3491 1396 pater

1895 1422 2233 1479 sanctissime
2272 1422 2644 1492 Angilramne,
2694 1421 3014 1475 narrationis
3052 1421 3191 1475 serie
3245 1429 3484 1475 vestram

1896 1516 2278 1571 beatitudinem
2312 1516 2463 1571 locus
2498 1525 2803 1585 exspeCIat;
2838 1515 2934 1571 sed
2965 1530 3063 1584 ego
3095 1530 3227 1569 meae
3256 1515 3485 1569 tenuita-

1898 1608 1965 1663 tis
1990 1624 2093 1670 non
2126 1609 2427 1676 immemor,
2461 1617 2722 1662 attentare
2753 1606 2927 1661 minus
2955 1605 3147 1661 idonee
3174 1620 3280 1659 non
3311 1604 3487 1659 audeo

203 1702 455 1771 siquidem
494 1702 687 1758 beatus
729 1703 830 1758 iste
876 1703 956 1757 vir
985 1704 1036 1757 in
1086 1703 1443 1775 eleemosynis
1485 1690 1701 1772 largus,’
1734 1704 1788 1757 in
1817 1771 1857 1775 _
1896 1714 2015 1771 quae
2047 1699 2116 1754 de
2142 1706 2335 1755 vestra:
2361 1700 2486 1754 vitae
2512 1713 2671 1755 cursu
2702 1696 2953 1753 laudabili
2980 1695 3170 1766 majori
3198 1695 3339 1766 stylo
3363 1708 3489 1765 pro-

205 1795 461 1850 obaritate
488 1794 830 1864 purissimus.
873 1804 1157 1864 susceptor
1189 1771 1458 1864 hospitum
1505 1771 1668 1865 atque
1696 1809 1790 1861 pe-
1817 1771 1870 1832 B
1900 1794 2093 1850 menda
2125 1802 2269 1849 sunt.

207 1889 531 1959 regrinorum
546 1929 561 1942 .

780 2142 914 2221 DE
969 2144 1356 2224 ORDINE
1417 2143 2033 2221 METENSIUM
2114 2140 2859 2239 EPISCOPORUM.

1299 2301 1742 2408 Τρωίας
1815 2304 2402 2409 matricem.

1164 2500 1306 2581 (Ea:
1331 2502 1409 2561 D.
1446 2501 1671 2564 Calmet
1700 2503 2002 2567 Historia
2028 2506 2506 2585 Lothart‘ngiw.)

221 2631 311 2699 Qui
342 2642 486 2683 sacra
513 2626 681 2682 vivaci
712 2624 886 2680 studio
915 2623 1181 2679 domicilia
1206 2623 1422 2691 lustras,

219 2721 465 2777 Noscendi
498 2730 587 2774 tua
622 2718 789 2789 tangit
816 2732 966 2771 amor
994 2716 1041 2771 si
1074 2726 1308 2785 pectora,
1339 2730 1563 2785 quorum

219 2816 332 2871 llzrc
358 2815 510 2869 luerit
534 2826 816 2883 procerum
846 2810 1061 2867 Christo
1091 2807 1348 2878 acquisita
1377 2808 1580 2872 labore,

217 2906 345 2964 Urbs
373 2905 629 2976 praeclara
660 2903 816 2967 viris,
848 2916 944 2956 seu
971 2900 1091 2971 quis
1115 2899 1213 2953 has
1244 2899 1449 2968 primus
1472 2898 1539 2953 ad
1568 2913 1691 2954 oras

215 3000 429 3056 Advexit
453 2999 636 3054 lumen
668 2996 878 3051 sublato
904 3009 1091 3050 errore
1125 3003 1367 3059 vetusto;

215 3093 461 3149 Almiﬂuaa
494 3093 670 3147 solers
698 3090 765 3145 de
790 3104 920 3145 vero
946 3088 1167 3143 Oriente
1195 3087 1344 3153 ﬁdei,

215 3186 423 3259 Perlege
447 3187 747 3256 subjectum
765 3227 779 3252 ,
810 3184 1152 3253 breviterque
1179 3181 1463 3247 docebere,
1500 3197 1741 3238 carmen.

214 3275 333 3329 Cum
360 3276 547 3331 Petrus
579 3276 765 3328 :eterni
794 3274 897 3328 dux
934 3288 1181 3328 summus
1208 3272 1433 3326 Romula
1467 3271 1649 3341 Regis,

211 3366 330 3434 Qum
356 3377 513 3436 caput
542 3367 692 3421 orbis
723 3375 863 3431 erat,
893 3367 957 3420 ad
989 3365 1185 3421 muenia
1218 3364 1414 3419 ﬁnibus
1444 3364 1588 3418 omni

210 3458 483 3516 Schemate
510 3460 772 3514 virtutum
801 3458 989 3528 plenus
1019 3459 1257 3513 venisset
1279 3455 1425 3521 Eois,

209 3552 386 3608 Claros
413 3567 657 3623 quosque
690 3552 837 3607 viros
867 3566 1106 3606 summas
1136 3548 1451 3605 caelestibus
1481 3551 1644 3604 armis

212 3645 308 3711 Qui
337 3654 594 3717 caperent
618 3660 793 3711 arces,
826 3644 892 3698 ad
923 3643 1263 3715 vitaegaudia
1295 3643 1477 3705 mittit,

214 3737 253 3791 E
281 3754 501 3808 quorum
530 3754 758 3795 numero
788 3746 814 3775 ⁸
846 3738 1100 3794 Clemens
1133 3738 1416 3801 vocitatus,
1452 3748 1508 3791 ιιι
1539 3738 1629 3792 ille

214 3829 305 3896 Qui
329 3831 509 3885 Romae
536 3830 700 3885 Petro
730 3838 1086 3896 successerat,
1115 3829 1292 3883 intulit
1316 3827 1432 3883 urbi

222 3924 364 3992 Huic,
400 3941 560 3996 quam
592 3927 720 3981 olim
750 3925 931 3981 Mettis
952 3935 1173 3987 veteres
1201 3925 1387 3980 dixere
1416 3924 1615 3979 coloni.

216 4017 457 4089 Egregius
485 4021 681 4089 praesul
709 4020 888 4075 divina
915 4035 1051 4075 voce
1079 4021 1333 4086 salulem,

217 4107 521 4181 Primusque
552 4114 636 4168 hic
670 4113 879 4170 Domini
903 4113 1063 4183 digne
1093 4113 1334 4167 fundavit
1356 4111 1521 4178 ovile,

218 4204 378 4260 Aurea
403 4205 778 4260 transmittens
803 4205 985 4276 populi
1012 4204 1261 4274 exempla
1293 4202 1505 4258 futuris.

216 4297 338 4355 Justi
363 4301 627 4356 successit
654 4302 865 4369 merito,
896 4300 983 4357 cui
1009 4301 1115 4355 vita
1148 4314 1408 4355 vocamen

215 4392 455 4451 C(elestis
487 4395 692 4461 tribuit,
724 4396 929 4452 cmlesti
959 4396 1212 4467 dogmate
1246 4395 1476 4463 pollens.

218 4486 419 4546 Tertius
452 4490 753 4546 Ecclesiam
785 4489 810 4526 ι)
844 4491 994 4546 Felix
1027 4488 1254 4544 leliciter
1284 4488 1456 4541 anxit.

218 4582 435 4647 Quartus
480 4584 635 4640 adest
661 4589 682 4615 ε
708 4585 923 4640 Patiens
944 4626 959 4651 ,
1007 4585 1145 4639 bene
1170 4597 1332 4652 quem
1369 4580 1623 4649 patientia
1648 4592 1797 4632 com-

1576 4670 1725 4744 [psit.

220 4764 338 4825 Hinc
366 4770 519 4827 fulsit
547 4776 577 4816 d
610 4769 809 4834 Victor,
838 4768 923 4823 cui
952 4769 1042 4821 dat
1071 4766 1295 4820 victoria
1319 4779 1536 4819 nomen.

231 4856 355 4920 Hunc
384 4864 627 4935 sequitur
654 4862 674 4901 ί
699 4871 880 4917 sextus
902 4860 1065 4915 simili
1096 4859 1413 4929 cognomine
1442 4855 1656 4926 praesul.

284 4989 307 5017 ³
328 4980 473 5038 Obiit
503 4998 556 5037 ιι
588 4979 708 5036 Kal.
738 4978 992 5034 Decemb.

282 5049 308 5090 δ
331 5052 473 5109 Obiit
505 5068 541 5107 ιι
572 5051 650 5106 Id.
679 5050 869 5104 Octob.

412 5069 473 5109 ιιι
505 5069 541 5107 ll
574 5069 650 5106 10.
679 5069 869 5104 υειοι).

286 5128 307 5155 ε
329 5124 472 5180 Obiit
501 5139 597 5178 vttt
627 5121 746 5177 Kal.
781 5121 934 5176 Mart.

284 5183 309 5223 ⁴¹
329 5197 476 5251 Obiit
499 5210 552 5248 vt
583 5194 656 5248 Id.
687 5193 906 5249 Ianuar.

284 5266 308 5295 ⁸
328 5266 475 5322 Obiit
505 5282 537 5320 x
562 5263 677 5319 Kal.
706 5262 895 5319 Octob.

285 5326 306 5365 ¹
331 5337 479 5393 Obiit
507 5353 575 5391 xv
605 5334 724 5391 Kal.
756 5335 912 5388 Mart.

285 5400 482 5465 FObiit
505 5422 633 5462 xvm
664 5405 782 5461 Kal.
813 5403 1001 5459 Octob.

282 5461 311 5499 δ
333 5461 482 5535 Obiit
508 5461 580 5532 vn
612 5477 687 5532 ld.
721 5475 978 5530 Novemb.

291 5542 305 5616 ξ
336 5550 483 5605 Obiit
511 5565 561 5603 tv
586 5548 707 5603 Kal.
738 5546 1011 5616 Septemb.

287 5606 570 5712 ίρρεξειν
743 5606 1017 5712 etiam.

339 5692 485 5746 Obiit
506 5707 579 5747 ιιι
602 5690 717 5745 Kal.
746 5690 902 5746 Mart.

291 5746 312 5789 ι
337 5761 481 5816 Obiit
507 5777 557 5816 tv
586 5762 663 5816 ld.
696 5765 832 5830 Aug.

288 5834 484 5889 '“Obiit
516 5848 571 5887 ιιι
604 5832 721 5887 Kal.
754 5836 891 5900 Aug.

289 5910 316 5940 ³
340 5904 484 5961 Obiit
505 5919 602 5957 xm
631 5902 751 5958 Kal.
780 5900 948 5971 April.

1891 2628 2161 2699 Septimus
2206 2630 2432 2687 Hebraeo
2475 2638 2559 2686 est
2597 2629 2613 2667 τ
2650 2630 2866 2688 Simeon
2892 2633 2960 2687 de
2993 2634 3251 2703 sanguine
3279 2646 3482 2695 cretus.

1892 2732 1919 2770 ε
1946 2723 2231 2779 Sambatus
2259 2734 2478 2780 octavus
2504 2726 2640 2780 bene
2666 2726 2888 2797 mystica
2914 2727 3144 2782 Sabbata
3166 2740 3365 2784 servat.

1899 2814 2024 2871 Post
2070 2815 2193 2882 hos,
2221 2815 2251 2853 ιι
2277 2816 2453 2885 Rut'fe,
2506 2818 2679 2881 venis,
2709 2817 2940 2872 ﬂammis
2971 2820 3302 2875 rubicundus
3332 2836 3485 2877 amo-

3295 2912 3410 2985 [ris.

1902 2998 1919 3037 ί
1945 2999 2222 3070 Adelphus
2252 3002 2494 3057 decimus
2526 3004 2748 3057 {ratrum
2781 3003 3009 3058 dilector
3036 3004 3267 3072 opimus.

1898 3091 2033 3147 Hinc
2064 3097 2079 3144 l
2121 3093 2391 3149 Firminus
2423 3105 2559 3163 erat,
2591 3095 2677 3150 cui
2700 3095 2915 3150 firmum
2947 3096 3143 3150 robore
3172 3103 3379 3163 pectus.

1896 3179 2005 3236 Hos
2030 3188 2088 3235 tu
2119 3181 2463 3251 subsequeris
2493 3181 2864 3247 duodecimus,
2894 3182 3035 3237 alme
3060 3179 3087 3219 ¹ι
3114 3182 3360 3252 Legonti.

1899 3272 2106 3329 Floruit
2137 3274 2263 3327 hinc
2300 3272 2314 3310 ³
2357 3277 2561 3329 Auctor
2590 3272 2745 3327 donis
2772 3273 3083 3328 caelestibus
3111 3285 3321 3328 auctus.

1897 3374 1939 3404 ω
1967 3366 2190 3437 Epletus
2230 3366 2369 3423 hanc
2420 3366 2662 3421 decimus
2715 3368 2886 3421 tenuit
2931 3375 3260 3436 quartusque
3304 3364 3491 3421 cathe-

3227 3456 3421 3529 [dram.

1900 3547 2105 3605 Clarutt
2131 3564 2231 3604 nac
2259 3549 2502 3605 decimus
2528 3550 2854 3621 quintusque
2878 3560 2908 3589 ιι
2942 3550 3192 3607 Urbicius
3224 3552 3378 3606 urbe.

1903 3645 2032 3700 Post
2053 3652 2078 3680 ο
2109 3644 2367 3713 Bonulus,
2392 3644 2646 3699 bonitatis
2670 3660 2803 3714 opus
2835 3645 2905 3700 de
2930 3660 3085 3700 more
3117 3645 3338 3715 peregit.

1900 3737 2112 3792 Trivisti
2146 3737 2362 3793 assidue
2390 3746 2512 3808 post
2536 3739 2717 3793 limina
2744 3748 2951 3804 sancta,
2980 3749 3008 3788 P
3038 3738 3274 3794 Terenti.

1897 3830 2129 3886 Octavus
2161 3830 2403 3885 decimus
2426 3841 2454 3880 ιι
2484 3831 2929 3901 Lamgunsolonis
2960 3832 3207 3887 habetur.

1901 3921 2027 3977 Inde
2054 3923 2231 3990 capis,
2264 3932 2286 3960 ι’
2319 3921 2579 3990 Romane,
2612 3924 2780 3979 decus
2807 3922 3129 3979 venerabilis
3153 3923 3309 3978 aulae.

1898 4020 2024 4074 Post
2054 4026 2075 4053 ³
2104 4017 2392 4072 Fronimus
2417 4027 2658 4071 sanctum
2690 4019 2965 4087 sapienter
2990 4018 3127 4071 rexit
3150 4016 3312 4071 ovile.

1902 4117 1921 4153 ί
1953 4116 2299 4173 Grammatus
2325 4116 2579 4171 instruxit
2605 4117 2749 4185 large
2774 4117 2840 4170 de
2867 4124 3161 4184 grammate
3185 4112 3397 4183 plebem

1898 4207 2106 4262 Emicat
2136 4206 2390 4262 Ecclesim
2413 4215 2440 4242 ιι
2470 4207 2682 4260 Danaus
2714 4205 3026 4276 Agatitnber
3054 4207 3108 4259 in
3136 4204 3255 4259 aede

1898 4298 2025 4354 Post
2067 4298 2165 4355 hos
2187 4308 2214 4336 ν
2241 4298 2446 4368 Sperus
2476 4307 2617 4365 erat,
2651 4312 2809 4365 quem
2841 4312 2964 4366 spes
2998 4296 3217 4352 fulcihat
3246 4298 3315 4351 ab
3341 4295 3488 4354 altis.

1901 4400 1927 4428 κ
1958 4391 2179 4446 Villicus
2213 4392 2451 4446 internas
2482 4401 2659 4445 servat
2689 4388 3055 4443 moderamine
3090 4389 3263 4442 villas.

1900 4484 2129 4539 Vicentts
2159 4485 2481 4553 quintusque
2506 4492 2536 4533 γ
2558 4482 2749 4536 Petrus
2779 4483 2869 4536 dat
2894 4479 3093 4536 famina
3122 4482 3286 4551 plebi.

1901 4576 1966 4631 Et
1997 4591 2163 4646 genus
2192 4585 2246 4631 et
2269 4577 2475 4645 fulgens
2502 4585 2524 4612 ι
2550 4573 2818 4644 Agiulfum
2852 4573 2955 4628 vita
2981 4574 3219 4629 decorat.

1904 4667 2037 4723 Hinc
2062 4667 2163 4723 fuit
2189 4669 2492 4725 Arnoaldus
2521 4682 2745 4722 manans
2767 4682 2797 4721 a
2823 4668 2991 4737 stirpe
3022 4666 3317 4723 Sicantbra.

1903 4759 2272 4816 Clirifaculum
2302 4760 2575 4825 {servanda
2608 4760 2755 4827 capis
2795 4770 2934 4828 post,
2965 4769 3023 4797 δι
3063 4760 3281 4830 Papttle,
3314 4768 3490 4830 septa.

1833 4846 1885 4905 Ι)
1910 4854 2193 4925 Spleuduit
2220 4857 2282 4901 δι)
2310 4855 2622 4924 Arnulphus
2645 4852 2843 4911 dehinc
2867 4853 3042 4923 ampla
3066 4853 3184 4908 'uce
3211 4853 3422 4908 beatus.

1977 4980 2002 5008 ο
2035 4972 2180 5027 Obiit
2207 4986 2280 5028 vtt
2311 4972 2386 5026 Id.
2413 4971 2606 5026 Octob.

1974 5053 2003 5092 P
2024 5044 2164 5099 Obiit
2194 5061 2245 5099 tv
2275 5044 2395 5098 Kal.
2428 5041 2686 5097 Novemb.

1978 5125 2006 5165 ιι
2029 5116 2172 5170 Obiit
2198 5132 2233 5169 ιι
2254 5115 2371 5169 Kal.
2402 5115 2539 5181 Aug.

1984 5196 2006 5223 ν
2036 5187 2177 5242 Obiit
2209 5188 2336 5241 Idib.
2373 5186 2541 5253 April.

1983 5266 2005 5294 ³
2036 5258 2180 5314 Obiit
2206 5274 2255 5311 v1
2283 5257 2399 5311 Kal.
2432 5259 2565 5323 Aug.

1983 5331 2002 5367 ⁸
2034 5328 2177 5383 Obiit
2207 5344 2279 5382 vn
2309 5326 2427 5381 Kal.
2460 5324 2603 5379 Maii.

1977 5406 2007 5435 ιι
2033 5398 2177 5453 Obiit
2202 5414 2257 5451 tv
2286 5399 2365 5452 ld.
2400 5397 2546 5451 Mait.

1978 5478 2008 5507 ν
2029 5470 2173 5525 Obiit
2200 5486 2234 5523 χ
2260 5468 2379 5522 Kal.
2413 5468 2566 5531 Sept.

1981 5549 2008 5577 κ
2039 5540 2180 5595 Obiit
2207 5556 2292 5593 xlv
2322 5537 2442 5593 Kal.
2465 5536 2610 5593 Maii.

1979 5623 2007 5662 ι’
2035 5612 2180 5667 Obiit
2207 5627 2237 5663 v
2261 5610 2379 5663 Kal.
2409 5607 2600 5663 Octob.

1981 5694 2007 5723 ι
2037 5682 2181 5737 Obiit
2211 5699 2239 5736 ιι
2267 5680 2385 5736 Kal.
2418 5681 2569 5748 Sept.

1983 5763 2040 5794 ιι
2068 5755 2208 5808 Obiit
2232 5769 2265 5808 ιι
2292 5752 2407 5807 Kal.
2438 5749 2687 5806 Decemb.

1977 5830 2038 5871 ιη)
2065 5825 2207 5882 Obiit
2234 5840 2342 5879 xvrt
2370 5821 2487 5878 Kal.
2522 5820 2672 5888 Sept.
