3920 6336
552 329 641 379 lit?

541 535 730 601 priano
780 533 1035 599 episcopo
1100 530 1281 586 dixit:
1341 530 1700 586 Sacratissimi
1758 530 2116 598 Imperatores

540 622 854 677 Valerianus
880 632 932 676 et
963 620 1257 687 Gallienus,
1314 623 1518 677 litteras
1547 624 1612 677 ad
1640 637 1726 676 me
1756 622 1885 676 dare
1913 621 2115 690 dignati

537 723 681 780 sunt,
710 714 900 783 quibus
929 726 1319 782 prmceperunt,
1367 729 1462 768 eos
1490 714 1578 782 qui
1613 722 1628 751 ι
1665 714 1961 766 Romanam
1991 711 2116 766 reii-

535 808 749 876 gionem
780 821 883 859 non
906 807 1106 871 colunt,
1138 808 1336 861 debere
1367 807 1632 862 Romanas
1652 806 2002 861 czeremonias
2031 822 2116 861 re-

533 912 879 964 cognoscere.
910 898 931 929 ²
966 896 1235 966 Exquisivi
1286 913 1413 968 ergo
1455 898 1524 953 de
1564 898 1780 953 nomine
1810 908 1939 964 tuo;
1991 897 2115 967 quid

534 990 663 1044 mihi
692 989 713 1020 ³
740 988 1074 1058 respondes?
1107 988 1402 1061 Cyprianus
1435 990 1733 1059 Episcopus
1761 989 1895 1043 dixit
1920 1007 1932 1042 :
1967 988 2115 1043 Chri-

532 1082 739 1136 stianus
767 1097 908 1151 sum,
939 1092 992 1135 et
1032 1082 1343 1151 Episcopus.
1385 1086 1410 1120 δ
1433 1082 1618 1137 Nullos
1645 1083 1779 1136 alios
1808 1082 1935 1136 deos
1967 1082 2109 1150 novi,

531 1174 635 1228 nisi
680 1190 840 1228 unum
869 1185 921 1229 et
949 1191 1136 1228 verum
1189 1175 1376 1240 Deum,
1424 1176 1512 1243 qui
1547 1175 1667 1228 fecit
1696 1176 1889 1229 caelum
1922 1184 1974 1226 et
2010 1183 2114 1227 ter-

531 1280 672 1334 ram,
705 1281 851 1321 mare
883 1277 933 1320 et
964 1282 1081 1336 qua:
1112 1268 1163 1321 in
1191 1268 1269 1321 eis
1312 1277 1437 1321 sunt
1463 1267 1663 1325 omnia.
1715 1268 1848 1321 lluic
1878 1267 1985 1321 Deo
2015 1280 2115 1319 nos

530 1357 818 1411 Christiani
847 1358 1201 1423 deservimus,
1250 1360 1390 1412 hunc
1419 1359 1770 1427 deprecamur
1817 1358 2006 1412 diebus
2053 1371 2116 1411 ac

528 1450 797 1516 noetihus,
830 1448 853 1482 ⁸
881 1467 977 1519 pro
1006 1453 1180 1515 nobis,
1219 1459 1274 1505 et
1301 1467 1397 1521 pro
1422 1453 1669 1507 omnibus
1701 1453 2029 1516 hominibus,
2060 1461 2115 1507 et

535 1559 631 1610 pro
682 1543 1046 1597 incolumitate
1094 1546 1332 1615 ipsorum
1392 1546 1794 1614 imperatorum.
1851 1545 2115 1599 Paternus

530 1634 815 1701 proconsul
865 1634 1043 1689 dixit:
1096 1636 1152 1689 lit
1185 1636 1285 1691 hac
1328 1651 1457 1706 ergo
1507 1638 1781 1691 voluntate
1809 1637 1830 1667 ‘
1861 1652 2113 1705 perseve-

530 1724 656 1777 ras?
685 1722 989 1793 Cyprianus
1011 1728 1293 1795 episcopus
1320 1730 1591 1797 respondit
1618 1746 1630 1782 :
1665 1729 1811 1782 Bona
1840 1728 2110 1794 voluntas,

1429 324 1631 380 PAULI
1670 321 1943 380 DIACONI
1977 322 2126 377 OPP.
2170 322 2342 377 PARS
2384 321 2426 376 l.
2467 350 2533 362 —-
2562 318 2943 376 HISTORICA.
3324 302 3325 305 η
3626 335 3701 392 733

541 442 858 511 Carthagine
889 442 912 468 ⁸
948 442 1000 495 in
1047 440 1363 506 secretario,
1410 441 1666 495 Paternus
1696 438 1979 509 proconsul
2007 437 2113 507 Cy-
2145 442 2193 500 Α
2222 437 2420 492 deferri
2467 452 2496 490 a
2537 451 2622 491 me
2672 451 2779 490 non
2808 446 3033 506 possunt
3086 453 3097 488 :

3151 436 3199 489 in
3245 438 3515 497 civitatibus
3569 458 3701 505 autem

2220 530 2329 582 suis
2380 528 2735 581 invenientur.
2804 526 3065 580 Paternus
3125 530 3393 595 proconsul
3438 532 3582 590 dixit:
3624 540 3705 609 Ego

2221 618 2380 673 hodie
2421 618 2472 671 in
2527 617 2627 671 hoc
2670 618 2787 671 loco
2828 618 3069 686 exquiro.
3103 616 3384 689 Cyprianus
3422 623 3572 678 dixit:
3607 628 3703 684 Cum

2219 710 2500 779 disciplina
2550 709 2847 778 prohibeat,
2880 718 2935 760 ut
2962 711 3081 778 quis
3116 720 3137 748 ο
3170 724 3225 762 se
3269 712 3398 765 ultro
3434 713 3626 782 offerat,
3667 731 3706 775 et

2218 800 2246 839 (ι
2280 814 2382 857 tua:
2409 817 2621 872 quoque
2664 816 2902 854 censura:
2937 801 3035 853 hoc
3073 801 3372 867 displiceat;
3424 819 3508 858 nec
3560 807 3707 866 olierre

2219 894 2380 959 seipsi
2428 902 2652 964 possunt
2682 912 2693 946 :
2727 893 2819 947 sed
2854 909 2881 946 a
2928 902 2978 947 te
3002 893 3247 961 exquisiti
3277 894 3590 951 invenientur.
3638 899 3707 952 Pa-

2220 994 2404 1038 ternus
2436 985 2720 1054 proconsul
2767 984 2901 1038 dixit
2933 1002 2944 1037 :
2980 986 3020 1037 Α
3044 1000 3127 1037 me
3151 985 3465 1037 invenientur
3480 987 3539 1042 ι’.
3571 988 3620 1040 Ei
3641 991 3707 1044 ad.

2212 1074 2382 1144 jecit:
2430 1076 2810 1145 Praecepcrnnt
2835 1077 3016 1138 etiam,
3046 1092 3111 1130 ne
3142 1076 3195 1131 in
3221 1076 3465 1145 aliquibus
3485 1078 3593 1134 locis
3609 1096 3704 1135 con-

2217 1169 2464 1223 ciliabula
2507 1168 2656 1236 tiaut,
2699 1184 2797 1224 nec
2826 1170 3128 1224 cmineteria
3176 1172 3531 1240 ingrediantur.
3559 1176 3709 1245 Siquis

2219 1266 2399 1334 itaque
2447 1265 2550 1318 hoc
2581 1275 2689 1318 tam
2734 1264 2950 1318 Salubre
2982 1275 3302 1334 praeceptum
3333 1281 3427 1320 non
3461 1269 3707 1323 observare-

2219 1358 2308 1422 rit,
2356 1355 2530 1424 capite
2580 1357 2865 1424 plectetur.
2913 1354 3214 1426 Cyprianus
3246 1357 3515 1426 Episcopus
3541 1374 3708 1428 respon-

2215 1449 2378 1503 dit“:
2409 1448 2514 1503 Fac
2538 1447 2678 1518 quod
2699 1447 2794 1502 tibi
2822 1460 3142 1517 przeceptum
3164 1458 3245 1502 est
3266 1450 3327 1503 ".
3359 1449 3495 1503 Tunc
3517 1449 3710 1504 Paternus

2214 1544 2501 1613 proconsul
2543 1543 2701 1614 jussit
2752 1544 2963 1598 beatum
3012 1541 3335 1612 Cyprianum
3386 1547 3646 1614 episcopum
3670 1546 3703 1599 in

2219 1633 2469 1689 exsilium
2503 1634 2795 1704 deportari.
2844 1635 3080 1705 Cumque
3110 1634 3200 1688 diu
3244 1636 3426 1690 ibidem
3456 1644 3707 1698 moraretur.

2219 1727 2481 1781 successit
2504 1728 2729 1794 Aspasio
2756 1726 2983 1781 Paterno
3016 1729 3314 1796 proconsuli
3356 1727 3566 1783 Galerius
3592 1730 3709 1783 blati-

525 1834 639 1885 quae
670 1819 833 1872 Deum
879 1823 1046 1888 novit,
1081 1822 1099 1852 τ
1133 1823 1407 1877 immutari
1462 1839 1566 1877 non
1599 1832 1797 1891 potest.
1850 1823 2111 1878 Paternus
2139 1804 2190 1866 Β
2216 1835 2335 1874 mus
2378 1820 2687 1889 proconsul,
2728 1822 2817 1888 qui
2844 1831 3087 1874 sanctum
3126 1821 3442 1891 Cyprianum
3469 1824 3709 1891 episcopum

524 1913 811 1977 prueniisiil
841 1914 975 1967 dixit
1002 1933 1014 1967 :
1050 1913 1259 1969 Poteris
1289 1933 1418 1987 ergo
1448 1917 1739 1972 secundum
1771 1925 2103 1985 praeceptum

526 2001 791 2057 Valeriani
823 2011 877 2058 et
902 2002 1151 2073 Gallieni,
1199 2009 1350 2062 exsul
1390 2008 1455 2061 ad
1492 2010 1677 2063 urbem
1724 2007 2106 2063 Curuhitauatn

524 2096 835 2162 proﬁcisci?
884 2099 1177 2168 Cyprianus
1218 2102 1499 2170 cpiscopus
1546 2102 1716 2155 dixit:
1769 2100 2106 2154 Proficiscor.

524 2186 782 2241 Paternus
811 2192 1093 2255 proconsul
1119 2192 1291 2245 dixit:
1349 2193 1463 2246 Non
1492 2193 1664 2246 solum
1708 2193 1775 2247 de
1816 2192 2104 2261 episcopis,

524 2293 706 2333 verum
736 2282 899 2335 etiam
941 2283 1009 2336 de
1062 2283 1387 2354 presbyteris
1439 2283 1567 2337 mihi
1621 2283 1858 2337 scribere
1905 2282 2107 2351 dignati

524 2381 664 2426 sunt.
721 2373 853 2426 Volo
890 2389 1017 2442 ergo
1049 2376 1185 2429 scire
1228 2392 1292 2429 ex
1326 2386 1377 2430 te
1406 2377 1493 2445 qui
1543 2375 1649 2429 sint
1683 2375 1980 2444 presbyteri
2012 2366 2106 2444 qui

525 2461 576 2514 in
638 2461 735 2516 hac
791 2465 1008 2519 civitate
1070 2467 1390 2520 consistunt.
1463 2464 1758 2536 Cyprianus
1822 2465 2107 2535 episcopus

525 2556 834 2624 respondit:
884 2557 1111 2626 Legibus
1156 2558 1352 2614 vestris
1382 2560 1516 2614 bene
1544 2570 1702 2630 atque
1731 2560 1932 2613 utiliter
1980 2575 2108 2613 cen-

525 2649 726 2714 suistis,
756 2650 779 2683 ⁸
807 2649 835 2689 ι»
867 2650 1132 2708 delatores
1176 2669 1282 2707 non
1331 2669 1471 2710 esse.
1533 2657 1553 2687 ’
1607 2655 1785 2723 itaque
1828 2653 2005 2725 detegi
2053 2661 2108 2708 et

2215 1913 2283 1968 ab
2318 1912 2510 1968 exsilio
2539 1922 2843 1966 revocatum
2876 1912 2974 1967 sibi
3006 1912 3168 1981 jussit
3197 1913 3509 1980 praesentari.
3533 1913 3711 1980 Cumque

2212 2004 2512 2075 Cyprianus
2542 2014 2760 2059 sanctus
2785 2014 3006 2075 martyr,
3034 2006 3239 2060 electus
3269 2021 3296 2059 a
3321 2006 3443 2072 Deo,
3471 2006 3527 2059 de
3552 2006 3711 2058 civitate

2211 2094 2559 2162 Curubitana,
2593 2097 2644 2150 in
2676 2111 2781 2166 qua
2821 2097 3010 2150 exsilio
3051 2107 3318 2166 praecepto
3342 2094 3528 2164 Aspasii
3555 2096 3710 2149 Paterni

2213 2200 2337 2246 tunc
2391 2190 2726 2261 proconsulis
2775 2190 2931 2243 datus
2965 2191 3152 2259 luerat,
3201 2206 3466 2261 regressus
3502 2199 3634 2254 esset,
3669 2204 3713 2242 ex

2212 2298 2366 2339 sacro
2395 2284 2704 2351 praescripto
2748 2283 2799 2335 in
2830 2282 2997 2335 hortis
3040 2285 3149 2335 suis
3181 2282 3438 2336 manebat.
3481 2281 3588 2334 inde
3612 2298 3707 2347 qun-

2215 2374 2342 2429 tidie
2368 2375 2615 2443 Sperabat
2639 2373 2807 2430 veniri
2834 2372 2901 2426 ad
2926 2388 3004 2436 se,
3023 2374 3259 2428 sicut'illi
3290 2383 3544 2427 ostensum
3565 2371 3706 2425 luerat.

2211 2467 2279 2522 Et
2323 2483 2441 2521 cum
2474 2466 2584 2520 illic
2631 2467 3021 2530 demoraretur,
3080 2477 3301 2535 repente
3338 2466 3499 2520 idibus
3526 2464 3714 2534 Septem-

2211 2559 2343 2624 bris,
2396 2558 2570 2612 Tusco
2614 2569 2667 2612 et
2699 2558 2864 2612 Basso
2918 2557 3251 2621 consulibus,
3282 2566 3529 2611 venerunt
3552 2555 3605 2607 ad
3630 2568 3714 2606 cum

2212 2650 2474 2720 principes
2496 2651 2601 2707 duo
2622 2650 2668 2683 ¹³
2692 2669 2705 2705 :
2738 2649 2887 2707 Unus
2902 2659 2926 2688 ⁸
2941 2660 3137 2705 strator
3158 2650 3326 2706 ol'ticii
3357 2649 3537 2706 Galerii
3556 2646 3715 2703 Maximi

1732 2768 2127 2825 VARIANTES
2169 2767 2571 2825 LECTIUNES.

590 2860 605 2889 ⁸
639 2857 923 2914 Romanam
972 2861 1267 2931 religionem
1311 2861 1505 2928 colunt,
1552 2861 1730 2916 debere
1768 2864 2098 2918 ca’remonias

524 2945 893 2986 recoanOscere.

586 2948 629 2981 το
670 2948 893 2986 noscere.

586 3002 605 3031 '
634 2948 869 3070 gExquiro
898 3018 1021 3075 ergo
1052 3003 1166 3058 Gal.
1198 3005 1365 3061 Saris.
1409 3002 1639 3073 Exqttiro
1680 3006 1767 3058 tibi
1795 3008 1858 3059 de
1900 3007 2098 3061 nomine

523 3080 623 3135 tuo,
658 3075 782 3135 quid
812 3076 933 3125 mihi
964 3077 1293 3138 respondeas.
1321 3076 1453 3130 Cod.
1488 3078 1688 3131 C0ncli.

587 3142 608 3170 ³
643 3144 994 3206 Respondeas,
1029 3143 1147 3197 Gal.
1181 3146 1347 3200 Saris.

587 3212 609 3241 ‘
636 3212 828 3266 Nullos
851 3216 979 3267 alios
1008 3229 1125 3267 deos
1153 3220 1285 3277 colo,
1320 3216 1486 3271 Saris.
1518 3218 1633 3271 Cal.

589 3284 607 3313 ⁶
645 3282 747 3334 Pro
784 3286 944 3345 nobis,
979 3296 1023 3337 ct
1052 3303 1143 3351 pro
1173 3286 1546 3350 incolumitate,
1577 3289 1744 3342 Saris.
1778 3286 1895 3342 Gal.

588 3358 608 3387 ⁸
637 3352 936 3407 Perseueras
964 3368 1017 3408 ut
1041 3374 1141 3408 non
1178 3358 1467 3422 sacri/ires,
1502 3360 1619 3412 Act.
1655 3360 1803 3412 Pass.

587 3422 833 3501 "_Mntari
861 3443 960 3501 non
992 3436 1174 3497 potest.
1207 3426 1329 3482 Non
1359 3431 1522 3482 solum
1565 3432 1627 3484 de
1660 3432 1925 3501 episwpis,
1977 3431 2096 3487 Gal.

525 3494 686 3549 Saris.
721 3503 838 3550 Act.
866 3494 1012 3549 Pass.

525 3636 535 3687 Ι
588 3566 609 3595 ⁸
637 3569 741 3619 Sic.
774 3568 865 3620 Gal
895 3567 1060 3623 Saris.
1107 3568 1220 3622 Nos
1246 3571 1493 3625 delatores
1524 3588 1621 3625 non
1644 3588 1769 3637 esse,
1796 3574 1915 3626 Act.
1949 3573 2094 3629 Pass.

544 3652 679 3687 mur.

544 3652 679 3700 inpr.

581 3708 602 3739 ⁹
630 3704 828 3782 itaque
847 3725 931 3762 eos
975 3711 1210 3765 exhibere
1258 3729 1359 3766 non
1400 3730 1707 3781 possumus;
1760 3715 1849 3767 sed
1882 3730 1970 3767 nec
2000 3714 2100 3782 ipsi

526 3793 568 3830 .e
596 3778 731 3831 ultro
760 3780 999 3845 o/Ierunt,
1031 3797 1145 3836 cum
1177 3784 1272 3837 hoc
1302 3778 1576 3852 Scriptura
1602 3793 1782 3839 sancta
1813 3778 2097 3855 prohibeat.

2121 3173 2170 3239 C

2204 2862 2248 2915 Α
2276 2871 2322 2915 te
2341 2861 2471 2915 enim
2501 2861 2696 2927 quasi“
2743 2861 3082 2917 invenientur.
3133 2858 3422 2914 Proconsul
3446 2860 3591 2913 dixit:
3625 2855 3716 2909 Jus-

2202 2949 2317 2988 sum
2341 2941 2411 2984 cst
2442 2943 2492 2984 ut
2524 2932 2667 2984 nulla
2688 2933 3028 2984 conciliabula
3053 2933 3270 2999 faciant,
3302 2933 3417 2986 Act.
3447 2931 3576 2984 Pass.

2276 3004 2319 3036 ¹⁰
2341 3001 2403 3055 In
2427 3002 2703 3055 civitatibus
2726 3006 2829 3056 suis
2853 3003 3187 3059 invenientur.
3231 3006 3471 3057 Paternus
3499 3000 3710 3071 proconsul

2200 3072 2331 3128 dixit
2356 3090 2371 3122 ,ο
2404 3074 2442 3125 Α
2466 3089 2545 3125 me
2569 3074 2900 3126 invenientur.
2937 3074 3104 3127 Saris.
3145 3074 3266 3129 Gal.

2275 3144 2314 3177 “
2334 3144 2622 3197 (ltrnteteria
2648 3144 3015 3213 ingrediantur,
3041 3147 3176 3216 quod
3196 3149 3283 3216 qni
3306 3144 3464 3216 facere
3488 3140 3713 3210 deprehen-

2200 3234 2287 3272 sns
2343 3217 2512 3284 fuerit,
2563 3217 2727 3282 capite
2766 3216 3035 3280 plertatnr.
3083 3215 3309 3270 Sanctus
3346 3215 3605 3284 Cyprianus
3635 3227 3718 3284 res-

2201 3281 2378 3358 pondit
2412 3303 2429 3340 :
2458 3282 2570 3340 Fac
2616 3281 2748 3354 quod
2802 3285 2890 3358 tibi
2941 3296 3251 3358 prteceptum
3305 3281 3402 3341 est:
3430 3284 3489 3338 Et
3528 3292 3619 3358 post
3640 3281 3717 3334 hinc

2202 3355 2378 3411 ductus
2408 3370 2476 3411 est
2502 3358 2812 3432 incutiatur
2842 3356 2904 3412 Β.
2933 3355 2983 3410 Μ
2994 3368 3133 3432 artyr
3162 3377 3249 3429 per
3272 3356 3717 3432 praceptttiii__Aspa-

2202 3432 2263 3482 sii
2290 3429 2608 3497 proconsulis
2630 3431 2680 3481 in
2708 3431 2953 3481 civitatein
2978 3428 3364 3485 Curubitanam.
3400 3428 3515 3482 Post
3544 3429 3630 3479 dies
3646 3440 3716 3475 oti-

2204 3511 2297 3553 tein
2334 3505 2521 3554 multos
2549 3516 2796 3569 egressus,
2832 3498 2952 3553 Act.
2986 3500 3134 3555 Pass.

2280 3572 2322 3602 ¹²
2358 3570 2465 3624 Fac
2489 3574 2622 3633 quod
2654 3572 2741 3623 tibi
2790 3582 3097 3640 prwceptnm
3118 3581 3215 3626 est.
3251 3572 3467 3639 Cumque
3494 3569 3717 3639 Cyprianus

2201 3644 2385 3696 electus
2416 3659 2446 3693 a
2480 3640 2583 3694 Deo
2612 3643 2674 3694 de
2701 3643 2897 3694 civitate
2927 3641 3265 3708 Curubitana,
3292 3644 3452 3698 Saris.
3484 3640 3587 3695 Gal.

2271 3715 2315 3746 "
2344 3711 2605 3786 Principes
2626 3714 2729 3786 duo
2750 3713 3008 3786 excf/icio
3030 3704 3350 3786 proconsulis
3386 3712 3560 3768 Galerii
3579 3704 3712 3762 Hari-

2200 3785 2268 3837 mi
2287 3797 2305 3846 ;
2327 3791 2373 3836 et
2397 3785 2638 3851 levantes,
2667 3782 2785 3839 Act.
2816 3785 2965 3839 Pass.

1902 3895 2104 3952 FELLI
2143 3892 2372 3950 NOTAE.

523 4000 571 4039 se
602 3983 708 4037 ictu
736 3984 1099 4053 rapidissimo,
1152 3986 1423 4042 Christum
1464 3989 1558 4043 Dei
1591 3987 1783 4042 Filium
1815 3987 1980 4043 Deum
2013 3990 2090 4042 fa-

523 4066 707 4120 tentes,
755 4056 997 4123 jecerttnt
1047 4057 1098 4111 in
1143 4059 1317 4127 ignem
1360 4070 1416 4114 ct
1466 4062 1603 4113 inter
1654 4074 1880 4128 vapores
1928 4060 2091 4114 calcis

522 4127 758 4200 titlth*_t'8l_
786 4138 920 4200 sunt
949 4129 1181 4182 demersi
1206 4148 1218 4191 ;
1248 4146 1381 4200 quos
1412 4130 1512 4183 sibi
1540 4127 1780 4184 Christus
1810 4145 2093 4185 consecra-

522 4202 607 4249 vit.
660 4196 714 4249 lu
748 4197 828 4251 bis
859 4209 1036 4270 autem
1067 4196 1403 4254 tliehus'cum
1436 4203 1554 4253 talia
1588 4212 1919 4270 gererentur,
1964 4203 2091 4254 hea-

520 4279 601 4319 tns
630 4268 1175 4341 antistesCyprianus
1222 4268 1693 4338 Carthaginiensem
1726 4273 1965 4341 .regebat
1995 4273 2095 4324 Ec-

522 4340 753 4405 rlesiatn,
784 4339 872 4406 qui
903 4345 1322 4409 comprehensus
1352 4359 1379 4395 a
1410 4343 1713 4411 gentilibus,
1740 4339 1960 4396 sedente
1995 4344 2094 4394 Pa-

520 4420 673 4461 terno
721 4412 1040 4475 proconsule
1086 4413 1137 4464 in
1189 4414 1437 4474 civitate,
1494 4413 1687 4480 iniquis
1746 4413 2096 4466 tribunalibus

2272 3995 2295 4023 °
2328 3986 2531 4058 Strator
2580 3985 2759 4058 ofﬁcii.
2792 3985 3022 4041 Perinde
3069 3995 3154 4042 est
3181 3988 3296 4043 sive
3329 3994 3606 4042 stratorem,
3632 3979 3721 4058 sive

2200 4067 2457 4111 statoreni
2479 4057 2711 4128 dixeris;
2734 4058 2948 4112 codices
2977 4058 3119 4128 enim
3144 4068 3430 4128 utrumque
3450 4057 3715 4128 9309500“;

2201 4130 2363 4182 altera
2398 4144 2495 4182 vox
2522 4126 2720 4183 Griecm
2748 4129 2985 4195 originis;
3008 4127 3171 4182 altera
3204 4123 3425 4183 Latitiae.
3457 4126 3530 4181 liii
3555 4123 3643 4195 lere
3667 4123 3719 4169 vi-

2202 4201 2391 4254 dentur
2421 4215 2541 4254 esse
2570 4199 2659 4265 qui
2697 4192 2876 4264 postea
2915 4192 3387 4253 co’mmentarienses
3426 4197 3560 4251 dicti.
3593 4192 3718 4260 Egre.

2204 4272 2286 4337 gia
2320 4269 2648 4324 Constantini
2677 4272 2757 4324 lex
2788 4270 2850 4322 ad
2897 4270 3222 4323 Florentium
3252 4270 3589 4327 Rationalem,
3617 4266 3718 4315 litte-

2206 4343 2279 4395 ris
2300 4343 2474 4394 aureis
2522 4342 2824 4404 scribenda,
2851 4341 3120 4394 hominum
3153 4346 3374 4396 istorum
3398 4339 3605 4393 indolem
3629 4346 3719 4401 gra-

2210 4414 2359 4481 phice
2380 4412 2635 4481 depingit.
2660 4410 2877 4465 Veniant
2896 4411 3039 4465 dabit
3062 4413 3233 4465 lector
3253 4415 3296 4464 si
3317 4416 3479 4465 locum
3506 4409 3713 4481 integri!!!)

522 4470 892 4551 przesen't‘atur.
923 4499 941 4531 ι
978 4470 1610 4551 ΙιιΜθτιγτοΙοςὶσνθιριίί
1641 4482 2027 4548 incipit,Tusco
2058 4492 2103 4537 et
2132 4474 2181 4533 D
2208 4470 2511 4550 exhibeam,
2545 4470 2826 4551 "siquidem
2856 4481 3083 4536 mutilari
3133 4483 3353 4539 minime
3395 4481 3584 4538 debeat.
3604 4470 3718 4529 PCM-

521 4547 678 4619 Basso
710 4546 860 4619 Cass.
894 4552 947 4601 in
990 4546 1258 4606 secretario
1285 4570 1304 4607 :
1350 4546 1506 4618 quem
1540 4554 1588 4605 iii
1643 4546 1857 4606 modum
1911 4553 2092 4619 legunt

521 4618 649 4670 [ἱνα.
701 4617 867 4671 Satis.
918 4629 971 4673 et
1009 4622 1125 4675 Gal.
1174 4617 1431 4676 Nimirum
1476 4638 1595 4677 eum
1651 4626 1702 4676 in
1733 4639 1894 4675 unum
1929 4617 2094 4677 Actus

520 4688 690 4741 exsilii
724 4697 773 4740 et
807 4692 1088 4757 passionis,
1138 4692 1188 4745 in
1235 4710 1360 4747 usus
1389 4695 1661 4754 Ecclesim,
1706 4708 2096 4747 commemora-

521 4759 681 4812 tionis
709 4762 1091 4815 anniversaria:
1134 4779 1282 4831 ergo,
1329 4768 1850 4832 compingebantur;
1901 4766 2092 4817 chara-

518 4837 635 4903 cter
672 4837 968 4903 temporum
998 4834 1085 4901 qui
1113 4836 1175 4886 ad
1213 4837 1513 4903 passionem
1559 4836 1896 4888 solummodo
1928 4836 2093 4902 perti-

518 4901 700 4970 nebat,
733 4900 943 4970 utrique
972 4900 1357 4969 pr.t-tigehattir.
1392 4905 1553 4961 FELL.

589 4979 614 5005 ίι
646 4969 710 5023 In
740 4973 1037 5060 secretario,
1062 4974 1234 5029 Gloss.
1264 4976 1435 5060 (irato.
1468 4981 1721 5060 Sixp‘erov,
1749 4975 2093 5060 ᾃικτίιστήριον,

519 5046 945 5117 χαρτονρυλάκιον.
985 5046 1239 5119 Σέκρετον,
1268 5046 1811 5121 συνέδριονίηεδγειι.
1843 5047 1915 5100 lo.
1965 5046 1975 5050 ⁷

587 5110 612 5185 ξ’
645 5112 911 5166 Delatores
932 5131 1031 5168 non
1060 5134 1189 5172 esse.
1243 5118 1349 5170 Illis
1381 5135 1471 5185 per
1504 5122 1757 5184 rescripta
1795 5118 2094 5183 principum

519 5184 648 5256 urbe
670 5187 891 5256 exactis,
926 5196 978 5237 et
1000 5202 1026 5237 a
1065 5184 1414 5241 tribunalibus
1446 5188 1705 5256 depulsis.
1758 5187 1961 5241 Exinde
1996 5187 2091 5241 De-

518 5254 650 5305 lator
676 5254 872 5328 habuit,
902 5259 1040 5323 quod
1070 5258 1209 5310 dedit
1237 5259 1491 5311 exsilium.
1522 5254 1676 5311 Unde
1703 5269 1846 5312 recte
1877 5258 2099 5328 Cypria-

520 5339 621 5398 nus
649 5326 713 5375 ad
745 5324 889 5392 leges
924 5338 1194 5395 provocat,
1246 5340 1300 5382 et
1331 5327 1520 5398 frigide
1548 5330 1837 5395 diceretur,
1884 5324 1977 5383 nos
2005 5330 2092 5383 deo

519 5394 705 5446 latores
734 5411 833 5447 non
862 5413 989 5450 esse.
1028 5399 1100 5451 In.

595 5473 617 5501 ο
644 5462 713 5516 Se
738 5466 1096 5540 uitreo/ferat.
1132 5469 1296 5540 Epist.
1329 5470 1422 5522 ult.
1462 5470 1625 5540 Cypr.
1652 5470 1747 5535 ait,
1786 5488 1805 5521 ‹
1843 5469 2095 5523 Dominus

527 5547 625 5586 nos
652 5536 893 5607 conﬁteri
925 5540 1090 5607 magis
1117 5539 1302 5599 voluit,
1332 5556 1488 5607 quani
1508 5536 1779 5607 'protiteri.
1811 5562 1827 5591 ι
1858 5541 2022 5595 Ρειι.

592 5614 618 5646 α
678 5602 799 5679 Ture
844 5602 1045 5679 quoque
1086 5626 1309 5662 censura:
1351 5602 1445 5662 hoc
1475 5602 1762 5679 displiceat.
1796 5614 1882 5663 Sic
1913 5612 2095 5665 Arrius

525 5674 842 5739 Antoninus,
876 5674 1190 5732 Christianis
1212 5681 1361 5744 quasi
1393 5674 1707 5735 inauttvi'acta
1742 5694 1963 5735 mortem
1996 5683 2092 5735 de-

524 5746 861 5824 poscentibus
886 5747 1038 5824 dixit,
1050 5746 1118 5802 Ὠ
1139 5749 1308 5824 dulci,
1342 5753 1384 5804 si
1398 5752 1556 5808 θέλετε
1582 5756 1927 5819 ἀποθνήσκειν,
1944 5774 2097 5824 κρεμ-

522 5815 640 5872 mi:
668 5813 699 5872 ἦ
732 5815 971 5885 ϐρύχους
1002 5818 1170 5889 ἔχετε.
1204 5813 1350 5874 Tert.
1382 5823 1448 5875 ad
1480 5826 1692 5892 Scapul.
1730 5825 1800 5876 In.

2204 4554 2245 4616 Ι,
2277 4570 2349 4619 Ix,
2368 4557 2517 4608 titJ.
2545 4553 2617 4607 De
2635 4553 2874 4607 custodia
2894 4568 3128 4607 reorum.
3159 4572 3178 4605 ι
3202 4556 3256 4608 In
3286 4565 3581 4624 quacunque
3599 4556 3717 4601 causa

2199 4638 2293 4678 reo
2347 4624 2605 4689 exhibito,
2660 4627 2774 4678 sive
2801 4635 3077 4678 acctisator
3103 4626 3320 4689 existat,
3366 4625 3480 4677 ’sive
3513 4632 3617 4674 eum
3657 4627 3719 4682 plt-

2200 4694 2351 4747 hlica:
2408 4694 2786 4748 sollicitudinis
2838 4708 2968 4749 tura
3027 4698 3353 4760 perduxerit,
3400 4696 3564 4748 statim
3599 4689 3718 4760 debel

2198 4767 2423 4832 qnazstio
2457 4765 2592 4827 tieri,
2640 4777 2693 4817 ut
2724 4770 2913 4819 noxius
2958 4757 3225 4835 puniatur,
3257 4757 3505 4819 innocens
3528 4757 3719 4835 absolya'

2200 4845 2305 4887 tur.
2343 4836 2493 4899 Quod
2547 4836 2588 4889 si
2626 4850 2905 4890 accusator
2934 4838 3105 4889 aberit
3129 4836 3194 4889 ad
3222 4847 3453 4904 tempus,
3481 4841 3563 4886 aut
3583 4841 3716 4904 $96907

2200 4921 2316 4959 rum
2349 4898 2627 4979 praesentia
2662 4910 2958 4962 necessaria
2984 4906 3246 4979 videatur,
3277 4898 3560 4976 idqui—dem
3595 4898 3718 4979 μείξει

2198 4971 2362 5043 quani
2402 4977 2686 5031 celerrime
2744 4979 3033 5046 procurari.
3111 4971 3318 5032 ln'terea
3378 4971 3485 5029 viro
3517 4971 3718 5046 exhibiw

2200 5061 2302 5100 non
2332 5045 2535 5101 ferreas
2558 5043 2794 5102 manicas
2814 5058 2867 5103 et
2896 5050 3217 5102 inhaerentes
3236 5048 3445 5103 ossibus
3465 5043 3585 5116 mitti
3600 5052 3718 5116 oporf

2199 5126 2292 5184 tet,
2356 5122 2447 5173 seti
2495 5120 2811 5187 prolixiores
2858 5130 3091 5181 catenas,
3135 5129 3193 5173 ut
3233 5120 3484 5173 cruciatio
3526 5114 3656 5175 desit,
3682 5114 3721 5157 ei

2202 5200 2509 5255 permaneat
2543 5190 2642 5241 tida
2688 5192 2950 5243 custodia.
2974 5190 3081 5243 Nec
3124 5204 3253 5243 vero
3297 5191 3437 5244 sedis
3476 5186 3646 5239 intima:
3665 5187 3719 5229 te-

2200 5264 2393 5312 nebras
2427 5261 2532 5327 pati
2565 5261 2726 5315 debet
2756 5260 3011 5323 inclusus,
3040 5260 3134 5314 sed
3161 5259 3461 5328 usurpando
3485 5259 3633 5328 lucent
3659 5262 3723 5328 γρ·

2198 5332 2361 5396 getari
2390 5347 2402 5381 :
2428 5321 2488 5382 et
2512 5332 2599 5383 ubi
2630 5347 2732 5384 nox
2764 5321 3110 5402 geminaverit
3139 5321 3458 5393 custodiam,
3488 5321 3713 5402 vestibulli

2197 5413 2491 5467 carcerum,
2550 5410 2605 5455 et
2654 5398 2957 5455 salubribus
2989 5402 3119 5455 locis
3163 5404 3351 5468 recipi,
3393 5414 3453 5453 ac
3474 5398 3719 5468 reverte‘nte

2201 5472 2386 5522 iterum
2418 5460 2525 5535 die,
2558 5474 2624 5525 ad
2674 5475 2900 5539 primum
2925 5474 3056 5525 solis
3102 5460 3300 5536 ortum,
3334 5460 3475 5526 illico
3499 5467 3557 5521 ad
3588 5460 3717 5532 publi-

2198 5555 2316 5594 cum
2371 5543 2548 5596 lumen
2606 5543 2780 5604 educi,
2832 5559 2898 5597 ne
2953 5543 3128 5612 pinnis
3179 5544 3410 5603 carceris
3458 5539 3716 5612 perimatur.

2198 5612 2338 5679 quod
2389 5615 2758 5667 innocentibus
2789 5607 3066 5669 miserum.
3099 5614 3271 5668 noxiis
3314 5629 3417 5667 non
3462 5607 3582 5662 satis
3603 5616 3717 5679 set'Cj

2199 5677 2313 5734 rum
2347 5697 2462 5735 esse
2517 5686 2869 5752 cognoscitur.
2922 5687 3050 5738 illud
3079 5688 3239 5739 etiam
3295 5680 3653 5743 observabitur,
3678 5677 3719 5747 ut

2201 5770 2369 5821 neque
2395 5756 2473 5806 his
2497 5757 2584 5823 qui
2612 5766 2900 5809 stratoruin
2933 5758 3215 5823 funguntur
3249 5757 3445 5817 ollicio,
3476 5760 3627 5812 netue
3642 5755 3715 5819 ηιξ·

2204 5825 2380 5877 κείςιτίε
2430 5842 2614 5880 eorum
2667 5826 2821 5879 liceat
2867 5829 3230 5881 crudelitatem
3261 5843 3409 5880 suam
3440 5826 3715 5875 accusatori-
