3920 6336
226 358 327 415 729

1491 358 1551 414 s.
1592 355 1907 413 CYPIHANI
1948 340 2196 411 PASSIO.

3371 354 3472 411 750

226 472 581 543 proconsulis,
630 473 720 541 qui
764 471 988 541 Aspasio
1036 470 1266 525 Paterno
1318 479 1682 536 successerat,
1735 469 2085 529 etAtissimi
2108 471 2853 540 imperatorescaaremouiari.
2871 472 3170 541 Cyprianus
3187 471 3472 541 episcopus

223 568 355 621 alius
393 576 421 603 ἰ
450 566 769 637 equistrator
796 576 810 604 ι
843 580 872 620 a
899 566 1152 620 custodiis
1182 565 1421 635 ejusdem
1449 562 1611 617 ofﬁcii
1635 564 1680 627 ',
1704 563 1791 631 qui

223 669 272 711 et
322 660 376 712 in
427 656 750 711 curriculum
790 673 911 712 eum
944 659 1270 724 levaverunt,
1305 656 1357 709 in
1388 655 1671 723 medioque
1703 668 1795 722 po-

221 760 465 814 suerunt,
500 752 625 804 etin
655 751 799 805 Sexti
825 750 1218 820 perduxerunt,
1261 750 1350 803 tibi
1382 749 1520 803 idem
1545 746 1793 801 Galerius

223 840 485 894 Maximus
532 841 833 906 proconsul,
881 841 1036 894 bonae
1065 838 1384 894 valetudinis
1415 838 1794 906 recuperandae

220 933 384 1001 gratia
443 939 760 987 secesserat.
816 934 883 986 Et
926 934 996 986 ita
1048 933 1189 986 idem
1243 931 1486 987 Galerius
1534 932 1793 985 Maximus

220 1026 528 1093 proconsul,
577 1026 628 1078 in
670 1024 826 1078 aliam
858 1025 1010 1089 jdiem
1045 1025 1367 1095 Cyprianum
1401 1024 1498 1079 sibi
1531 1024 1792 1078 reservari

222 1118 491 1186 praecepit.
547 1117 610 1171 Et
641 1133 706 1171 eo
758 1128 995 1184 tempore
1034 1116 1222 1171 beatus
1270 1116 1564 1188 Cyprianus
1595 1118 1783 1170 ductus

218 1210 278 1261 ad
330 1208 625 1276 principem
677 1217 729 1263 et
779 1217 1063 1261 stratorem
1114 1207 1355 1276 ejusdem
1398 1207 1559 1260 oflicii
1593 1204 1790 1261 Galerii

222 1305 430 1358 Maximi
484 1303 815 1371 proconsulis
863 1302 1145 1358 clarissimi
1194 1304 1293 1358 viri
1341 1305 1596 1368 secessit,
1639 1312 1693 1358 et
1737 1302 1788 1357 in

223 1400 448 1468 hospitio
477 1400 613 1467 ejus,
667 1415 785 1454 cum
836 1415 902 1454 eo
940 1401 990 1453 in
1023 1401 1138 1457 vico
1185 1401 1277 1469 qui
1316 1400 1507 1455 dicitur
1553 1400 1787 1466 Saturni,

219 1490 243 1531 δ
267 1503 405 1547 inter
434 1491 731 1548 Veneream
759 1503 813 1548 et
849 1492 1168 1549 Salutariam
1198 1495 1237 1560 ³,
1276 1495 1486 1548 mansit.
1511 1493 1642 1549 Illuc
1672 1494 1791 1548 uni-

220 1600 398 1639 versus
451 1585 675 1654 populus
724 1586 947 1641 fratrum
993 1586 1262 1640 convenit.
1298 1587 1361 1639 l'lt
1387 1600 1508 1641 cum
1538 1587 1636 1640 hoc
1667 1601 1790 1640 san-

218 1686 324 1729 ctus
374 1676 669 1747 Cyprianus
725 1678 1095 1746 comperisset,
1148 1678 1171 1707 °
1223 1677 1478 1731 custodiri
1531 1678 1733 1744 puellas
1765 1676 1788 1708 δ

220 1770 488 1838 przecepit,
523 1770 773 1840 quoniam
821 1784 1007 1824 omnes
1038 1769 1092 1824 in
1121 1768 1243 1823 vico
1279 1779 1403 1823 ante
1427 1768 1646 1838 januam
1688 1768 1787 1821 ho-

1893 562 2064 618 dixit:
2122 563 2235 617 Non
2292 564 2449 620 facio.
2492 562 2737 620 Galerius
2784 565 3043 619 Maximus
3092 566 3168 618 ait
3196 582 3209 618 :
3237 566 3469 621 Consule

1894 658 2008 711 tibi.
2054 657 2352 727 Cyprianus
2381 660 2667 727 episcopus
2699 658 2975 727 respondit
3003 673 3020 714 :
3054 656 3160 713 Fac
3203 659 3343 728 quod
3377 658 3472 715 tibi

1894 761 2215 818 praeceptum
2238 758 2354 804 est:
2383 751 2435 804 in
2463 765 2522 804 re
2545 758 2650 804 tam
2671 750 2816 821 justa
2846 751 2986 804 nulla
3009 760 3092 805 est
3120 750 3471 806 consultatio.

1893 842 2137 897 Galerius
2188 844 2444 897 Maximus
2498 842 2522 882 τι
2552 845 2849 899 collocutus
2879 860 3001 899 cum
3047 846 3294 909 consilio,
3346 860 3472 900 seu.

1894 937 2111 988 tentiam
2145 938 2228 990 vix
2259 952 2402 1005 regre
2429 938 2565 991 dixit
2596 940 2774 992 verbis
2809 939 3110 1007 huiusmodi
3138 955 3152 992 :
3182 939 3281 993 Diu
3304 938 3471 993 sacri-

1893 1028 2009 1095 lega
2038 1037 2218 1084 mente
2254 1028 2453 1096 vixisti,
2502 1040 2553 1083 et
2582 1030 2842 1096 plurimos
2888 1031 3106 1085 nefarias
3134 1030 3229 1085 tibi
3257 1030 3475 1099 conspi-

1893 1120 2114 1175 rationis
2170 1122 2413 1176 homines
2466 1125 2783 1192 aggregasti,
2845 1136 2898 1179 et
2947 1124 3219 1179 inimicum
3263 1133 3315 1179 te
3368 1123 3470 1178 diis

1892 1210 2146 1266 Romanis
2176 1222 2228 1266 et
2280 1212 2447 1267 sacris
2483 1213 2687 1281 legibus
2715 1216 3064 1280 constituisti,
3097 1229 3195 1269 nec
3235 1224 3289 1269 te
3319 1216 3389 1284 pii
3418 1223 3475 1269 et

1891 1304 2243 1359 sacratissimi
2287 1305 2553 1374 principes
2608 1306 2918 1362 Valerianus
2963 1320 3019 1363 et
3057 1307 3325 1363 Gallienus
3374 1311 3474 1362 Au-

1889 1400 2049 1469 gusti,
2075 1407 2130 1454 et
2155 1400 2178 1429 °
2208 1397 2519 1453 Valerianus
2548 1399 2909 1454 nobilissimus
2950 1401 3149 1468 Caesar,
3178 1401 3243 1454 ad
3270 1411 3471 1455 sectam

1888 1489 2324 1544 caeremoniarum
2354 1505 2569 1544 suarum
2624 1505 2876 1546 revocare
2906 1501 3212 1561 potuerunt.
3257 1492 3325 1546 Et
3352 1491 3473 1546 ideo

1888 1597 2008 1638 cum
2033 1583 2106 1637 sis
2136 1582 2578 1651 nequissimorum
2608 1583 2892 1637 criminum
2924 1592 3110 1638 auctor
3155 1593 3210 1638 et
3251 1583 3473 1653 signifer

1887 1673 2272 1742 deprehensus,
2294 1673 2400 1727 eris
2424 1674 2536 1742 ipse
2548 1674 2867 1730 documento
2894 1674 2976 1730 bis
3002 1689 3133 1743 quos
3158 1676 3361 1731 scelere
3383 1686 3474 1731 tuo

1891 1775 2063 1821 tecum
2095 1767 2422 1835 aggregasti;
2453 1768 2709 1837 sanguine
2757 1778 2848 1822 tuo
2873 1770 3141 1824 sancietnr
3169 1769 3471 1837 disciplina.

214 1863 349 1930 spitii
385 1832 642 1932 principis
686 1871 1009 1917 manserant.
1044 1862 1113 1916 Et
1140 1862 1211 1915 ita
1250 1867 1419 1916 altera
1447 1862 1554 1926 die,
1591 1872 1780 1916 octava
1814 1832 1861 1891 Β
1891 1859 1955 1912 Et
1982 1858 2062 1911 his
2085 1857 2259 1923 dictis,
2287 1858 2557 1911 decretum
2583 1874 2648 1912 ex
2674 1859 2861 1914 tabella
2886 1858 3162 1915 recitavit:
3188 1860 3473 1914 Thascium

213 1954 411 2007 decima
441 1952 799 2007 Kalendarum
824 1953 1153 2018 Octobrium,
1186 1952 1207 1983 '
1238 1968 1416 2017 mane,
1440 1954 1603 2007 multa
1629 1954 1780 2007 turba

211 2045 460 2099 convenit
509 2045 576 2098 ad
627 2044 798 2111 Sexti,
848 2044 1141 2099 secundum
1195 2055 1525 2113 praeceptum
1585 2044 1780 2099 Galerii

212 2138 420 2192 Maximi
474 2137 825 2207 proconsulis.
862 2138 925 2191 Et
968 2138 1038 2190 ita
1066 2135 1206 2191 idem
1236 2136 1481 2191 Galerius
1524 2136 1783 2190 Maximus

212 2230 517 2297 proconsul,
560 2227 744 2282 eadem
774 2228 859 2283 die
892 2228 1214 2299 Cyprianum
1244 2228 1344 2282 sibi
1376 2228 1555 2282 oll‘erri
1583 2243 1783 2297 praece-

217 2321 311 2389 pit,
345 2323 395 2374 in
428 2320 561 2373 atrio
591 2320 837 2375 Sauciolo
865 2321 1092 2375 sedenti.
1116 2320 1355 2390 Cumque
1394 2320 1602 2374 oblatus
1648 2320 1780 2374 fuis-

207 2422 304 2478 set,
337 2412 580 2465 Galerius
628 2409 885 2464 Maximus
917 2412 1201 2479 proconsul
1231 2410 1496 2482 Cypriano
1531 2411 1780 2480 episcopo

209 2504 337 2555 dixit
366 2521 377 2554 :
413 2502 491 2555 Tu
524 2518 583 2556 es
610 2502 867 2556 Thascius
896 2503 1227 2574 Cyprianus?
1248 2502 1548 2573 Cyprianus
1576 2504 1780 2570 cpisco-

210 2613 302 2663 pus
327 2594 602 2665 τρεμοηιιὶι
628 2614 639 2648 :
670 2595 785 2665 Ego
824 2611 964 2650 sum.
1002 2593 1246 2650 Galerius
1271 2597 1531 2650 Maximus
1560 2611 1782 2665 procon-

211 2691 288 2744 sul
313 2692 483 2747 dixit:
516 2691 594 2745 Tu
642 2706 829 2761 papam
864 2700 916 2746 te
942 2691 1217 2760 sacrilega:
1243 2691 1435 2745 mentis
1476 2690 1781 2745 hominibus

212 2784 503 2851 pnebuisti?
533 2785 829 2854 Cyprianus
859 2782 1142 2852 episcopus
1173 2783 1480 2853 respondit:
1517 2782 1650 2852 Ego.
1676 2782 1779 2837 Ga-

212 2883 365 2937 lerius
397 2883 654 2937 Maximus
686 2882 970 2952 proconsul
1016 2883 1185 2938 dixit:
1217 2881 1500 2938 Jusserunt
1529 2894 1581 2937 te
1608 2896 1783 2936 sacra-

1888 1948 2212 2018 Cyprianum
2266 1947 2460 2018 gladio.
2499 1950 2848 2005 animadverti
2916 1950 3109 2019 placet.
3172 1951 3472 2020 Cyprianus

1888 2046 2170 2112 episcopus
2191 2044 2323 2096 dixit
2354 2060 2364 2095 :
2400 2043 2419 2073 °
2447 2043 2553 2098 Deo
2579 2044 2798 2113 gratias.
2831 2045 2850 2075 ⁷
2885 2044 3011 2098 Post
3039 2047 3176 2099 hanc
3195 2059 3323 2099 vero
3350 2060 3473 2100 sen-

1889 2136 2110 2190 tentiam
2172 2135 2324 2187 turba
2379 2133 2596 2187 fratrum
2640 2134 2898 2188 dicebat:
2933 2135 2999 2189 Et
3053 2148 3153 2189 nos
3203 2149 3323 2189 cum
3357 2136 3473 2204 ipso

1890 2225 2239 2280 decolletnur.
2299 2224 2520 2293 Propter
2571 2225 2670 2279 hoc
2698 2224 2951 2280 tumultus
2989 2224 3211 2280 fratrum
3252 2236 3473 2281 exortus

1889 2327 1990 2382 est,
2039 2326 2093 2371 et
2142 2316 2307 2370 multa
2339 2316 2491 2369 turba
2519 2330 2642 2369 eum
2682 2328 2962 2385 prosecuta
2989 2325 3090 2372 est.
3135 2317 3203 2371 Et
3232 2317 3303 2373 ita
3331 2317 3473 2372 idem

1888 2417 2184 2491 Cyprianus
2216 2416 2235 2455 τ
2281 2418 2332 2472 in
2378 2434 2560 2487 agrum
2602 2418 2748 2473 Sexti
2784 2419 3074 2487 productus
3105 2430 3206 2485 est,
3236 2429 3290 2474 et
3318 2419 3388 2474 ibi
3417 2434 3473 2475 se

1891 2529 1916 2567 ε
1948 2521 2154 2573 lacerna
2178 2519 2319 2573 birro
2347 2516 2661 2586 exspoliavit
2685 2520 2725 2583 ⁸,
2751 2527 2805 2574 et
2832 2533 2968 2589 genu
2997 2520 3050 2574 in
3077 2528 3213 2573 terra
3235 2519 3400 2584 ﬂexit,
3421 2527 3474 2573 et

1893 2620 1943 2673 in
1975 2619 2267 2674 orationem
2299 2634 2357 2672 se
2405 2619 2629 2673 Domino
2661 2622 2963 2687 prostravit.
3015 2620 3083 2675 Et
3119 2636 3239 2675 cum
3271 2635 3328 2675 se
3357 2620 3472 2673 dal-

1892 2722 2081 2777 tnatica
2127 2721 2499 2791 exspoliasset,
2533 2729 2587 2774 et
2633 2721 2940 2775 diaconibus
2972 2721 3300 2787 tradidisset,
3331 2722 3383 2773 in
3414 2721 3473 2772 Ii-

1895 2842 1993 2882 nea
2026 2829 2045 2859 ⁹
2076 2826 2242 2891 stetit,
2297 2835 2351 2878 et
2402 2823 2564 2894 coepit
2606 2824 2980 2895 spiculatorem
3027 2825 3311 2880 sustinere.
3341 2823 3471 2877 Cum

1420 2970 1808 3053 vautaurss
1851 2986 2250 3051 LECTIONES.

277 3113 291 3141 ¹
326 3111 717 3170 Proconsularis
746 3125 990 3184 equester,
1024 3116 1166 3183 Ga|.,
1197 3125 1555 3186 sequestrator,
1585 3117 1772 3179 Saris.,
1806 3117 1851 3179 C

212 3198 550 3251 equestrator,
587 3189 683 3241 Ms.
720 3198 823 3243 vet.
859 3206 886 3242 a
922 3188 1137 3243 Gothof.
1171 3190 1364 3241 landal.

275 3258 294 3330 ξ
320 3256 426 3330 S_ed
455 3269 502 3309 et
528 3259 765 3330 custodes
798 3260 1023 3330 ejusdem
1053 3260 1222 3329 officii,
1248 3270 1292 3312 et
1323 3260 1493 3321 (inibo,
1536 3258 1702 3330 Sari_s.

275 3321 295 3351 ⁸
337 3326 482 3381 Inter
526 3326 737 3382 Veneria
766 3321 1115 3384 et'Salutaria
1146 3321 1280 3382 Coll.
1329 3330 1597 3384 Mombrit.
1637 3327 1781 3383 Inter

211 3396 331 3450 duas
385 3402 579 3466 plateas
616 3400 877 3454 Veneriam
923 3409 970 3455 et
1014 3402 1329 3455 Salutariam
1360 3401 1539 3455 Germ.
1574 3405 1622 3455 l.
1658 3400 1775 3455 Gal.

209 3470 465 3534 talarium,
520 3478 647 3537 Imp.
689 3472 1008 3535 saltuarium,
1061 3473 1145 3524 alii
1205 3473 1352 3534 Mss,
1405 3472 1677 3540 Regressus
1718 3472 1780 3524 de

209 3540 380 3592 exsilio
410 3541 665 3595 habitabat
695 3545 744 3595 in
790 3542 952 3595 hortis
993 3545 1121 3606 suis,
1166 3559 1377 3609 cumque
1400 3544 1587 3595 ibidem
1610 3559 1782 3594 mora-

207 3621 356 3673 retur,
408 3624 644 3682 venerunt
693 3614 762 3665 ad
790 3630 903 3665 eum
951 3614 1053 3666 duo
1097 3614 1348 3682 principes
1378 3630 1439 3666 ex
1471 3614 1631 3682 officio
1660 3630 1781 3681 pro-

207 3685 425 3734 consulis
465 3680 657 3735 Galerii
706 3683 851 3737 Max.
884 3695 930 3738 et
979 3687 1201 3738 levantes
1228 3680 1340 3736 eum
1380 3685 1432 3735 in
1466 3680 1781 3737 curriculum

205 3768 365 3817 suum,
416 3754 671 3825 duxerunt
718 3755 787 3806 ad
842 3756 1214 3825 proconsulem,
1265 3756 1334 3825 ad
1374 3757 1540 3807 locum
1573 3756 1658 3808 ubi
1688 3771 1781 3825 pro

206 3824 490 3889 reparanda
538 3828 758 3878 sanitate
803 3828 1032 3895 degebat.
1080 3824 1145 3877 Et
1176 3824 1413 3879 collectus
1443 3824 1783 3878 abadstatore

205 3895 367 3961 ofﬁcii,
416 3898 620 3948 secessit
649 3898 715 3948 ad
756 3895 1030 3963 hospitium
1073 3900 1203 3963 ejus,
1237 3899 1287 3949 in
1329 3896 1493 3948 vicum
1522 3901 1606 3959 qui
1646 3899 1783 3949 (lice-

205 3963 348 4017 batur
377 3964 613 4029 Saturni,
635 3979 681 4019 et
709 3967 961 4019 habitabat
992 3968 1090 4031 ibi;
1122 3968 1346 4021 convenit
1368 3978 1536 4020 autem
1566 3969 1632 4020 ad
1665 3984 1779 4021 eum

206 4049 467 4088 universus
501 4038 718 4105 populus
751 4040 988 4103 fratrum,
1024 4044 1137 4091 Act.
1172 4038 1321 4091 Pass.

275 4107 295 4138 ⁸
320 4107 571 4175 Custiguri
602 4110 819 4177 puellas,
854 4109 969 4161 Gal.
1002 4109 1166 4161 Saris.
1200 4110 1251 4162 in
1279 4110 1387 4161 vico
1414 4120 1630 4173 orantes,
1657 4111 1777 4164 Gal.

232 4193 311 4229 me
365 4182 673 4231 advenerant
725 4180 907 4231 audire
960 4180 1164 4232 verbum
1218 4179 1333 4245 Dei,
1383 4182 1623 4248 quoniam
1662 4194 1781 4235 ante

229 4252 388 4329 stium
443 4250 686 4318 principis
729 4250 1018 4317 manebant,
1060 4252 1120 4303 ob
1152 4267 1372 4305 umorem
1394 4253 1634 4321 martyris
1668 4256 1778 4324 glo-

224 4335 341 4372 τοδί.

1952 3107 1973 3138 ⁸
2005 3106 2159 3159 Mane
2202 3112 2371 3156 autem
2419 3102 2574 3171 facto,
2609 3100 2725 3157 Act.
2773 3099 2922 3171 Pass.
2958 3100 3111 3153 Mane
3133 3102 3313 3163 multo,
3346 3102 3469 3157 Gal.

1888 3178 2046 3231 Mane
2101 3186 2265 3228 autem
2297 3169 2455 3243 farto,
2488 3174 2685 3227 oblatus
2731 3182 2801 3226 est
2828 3169 2891 3225 Β.
2918 3171 3219 3243 Cyprianus
3250 3190 3468 3239 procon-

1887 3250 2008 3313 stili,
2059 3263 2205 3316 quem
2246 3242 2477 3308 intuitus,
2529 3245 2598 3296 ait
2636 3244 2762 3297 illi:
2808 3243 2881 3316 Es
2909 3242 3154 3296 Thascius
3184 3245 3471 3314 Cyprianus

1887 3323 1973 3387 qui
2021 3315 2077 3372 te
2104 3333 2288 3386 papant
2340 3317 2599 3383 sacrilegia
2644 3316 2824 3367 mentis
2865 3315 3152 3367 hominibus
3173 3316 3471 3387 pra'buisti.’

1887 3385 2157 3445 Iusserunt
2187 3398 2233 3441 te
2278 3387 2607 3440 sacratissimi
2633 3388 2962 3455 imperatores
2996 3386 3306 3451 sacriﬁcare.
3339 3385 3472 3441 Con-

1887 3466 1996 3516 sule
2025 3461 2115 3513 tibi
2147 3476 2208 3511 ne
2233 3474 2433 3528 pereas.
2459 3456 2789 3527 Tunc‘iratus
2818 3459 3092 3528 proconsul
3115 3457 3254 3517 dixit
3276 3472 3296 3512 :
3345 3456 3469 3525 Diu,

1892 3534 2008 3587 Act.
2044 3534 2187 3583 I’ass.

1957 3604 1979 3634 °
2028 3603 2231 3653 Gratias
2258 3617 2352 3670 ago
2407 3600 2511 3653 Deo
2558 3600 2913 3667 omnipotenti,
2952 3601 3040 3671 qui
3085 3616 3165 3652 me
3191 3618 3222 3651 a
3254 3600 3470 3654 vinculis

1885 3675 2040 3743 huius
2067 3676 2290 3742 corporis
2321 3672 2559 3739 (liquatur
2587 3675 2862 3735 absolvere,
2891 3670 3009 3725 Gal.
3042 3670 3158 3724 Act.
3188 3671 3336 3726 Pass.

1957 3748 1977 3777 ⁷
2019 3744 2084 3797 Et
2134 3760 2246 3796 cum
2295 3745 2576 3806 duceretur,
2633 3742 2850 3810 papulas
2897 3745 3140 3812 plangens
3191 3753 3236 3795 et
3268 3742 3469 3813 ejulans

1886 3817 2081 3870 dicebat
2116 3833 2126 3867 :
2162 3813 2276 3867 Nos
2314 3831 2424 3867 cum
2457 3816 2565 3884 ipso
2596 3815 2923 3875 deroltemur,
2952 3818 3071 3867 Act.
3105 3813 3253 3868 Pass.

1956 3888 1979 3921 ⁸
2012 3885 2302 3939 Productus
2358 3894 2524 3938 autem
2568 3888 2821 3954 glorosus
2877 3895 3092 3954 martyr,
3134 3887 3270 3937 exuit
3302 3902 3353 3937 se
3392 3886 3468 3937 la-

1887 3975 2093 4011 cernum
2150 3958 2359 4023 birrnm,
2411 3972 2559 4022 quem
2605 3957 2817 4008 indutus
2862 3965 2991 4019 erat,
3041 3956 3391 4023 complicans;
3422 3965 3467 4007 et

1891 4030 2059 4097 posuit
2088 4030 2153 4079 ad
2181 4045 2342 4098 genua
2390 4044 2501 4088 sua,
2536 4030 2648 4079 dein
2679 4028 2898 4078 tunicam
2919 4028 3056 4098 _tttl_it
3081 4035 3125 4077 et
3170 4026 3466 4078 diaconibus

1889 4101 2118 4163 tradidit,
2154 4096 2267 4152 Act.
2298 4099 2444 4152 Pass.
2469 4098 2716 4150 Tunicam
2744 4098 2879 4159 tulit,
2908 4096 3075 4152 Saris.

1960 4176 1978 4204 θ
2012 4172 2088 4223 Ad
2130 4170 2333 4226 lineam.
2370 4168 2536 4223 Saris.
2568 4168 2724 4223 Stans
2768 4169 2820 4221 in
2853 4168 3006 4233 linea,
3039 4171 3153 4222 Act.
3202 4166 3346 4221 Pass.
3379 4167 3463 4219 1ιὶ-

1886 4244 1996 4296 neis
2025 4244 2262 4295 vestibus.
2293 4240 2411 4293 Gal.

1608 4416 1805 4472 FELLI
1846 4417 2070 4472 NO'I'AS.

199 4504 297 4579 bus
335 4505 567 4561 vendere
589 4548 605 4574 ,
646 4515 699 4562 et
749 4508 1060 4563 innocentes
1092 4508 1254 4579 intra
1304 4523 1577 4564 carcerum
1632 4521 1778 4579 septa
1808 4515 1860 4572 D
1888 4511 2205 4574 sanctitatis,
2239 4518 2290 4563 et
2324 4508 2583 4578 pudicitiae
2614 4525 2897 4566 memores.
2926 4529 2945 4563 ›
2979 4510 3053 4566 lo.

200 4577 357 4629 Letho
386 4581 539 4641 dare,
571 4579 975 4633 autsubtractos
1001 4578 1283 4632 audientiae
1307 4580 1461 4648 longa
1497 4587 1618 4635 tabe
1646 4577 1775 4635 tron-

198 4664 427 4702 sumere.
458 4649 571 4703 Non
601 4652 740 4703 enim
767 4649 1171 4703 existimationis
1219 4659 1443 4715 tantum,
1493 4653 1586 4706 sed
1618 4654 1773 4707 etiam

200 4719 416 4781 pt-riculi
469 4730 642 4774 ructus
689 4718 855 4789 judici
902 4721 1218 4782 imminebit,
1269 4721 1313 4773 si
1365 4722 1592 4790 aliquem
1641 4725 1774 4778 ultra

198 4791 434 4843 debitum
462 4800 670 4859 tempus
712 4791 883 4843 inedia
911 4800 997 4843 aut
1039 4806 1352 4859 quocunque
1402 4794 1559 4845 modo
1582 4796 1775 4861 aliquis

195 4870 477 4933 stratarum
502 4862 825 4923 exhauserit,
859 4870 911 4914 et
943 4878 1046 4915 non
1072 4862 1246 4933 statim
1279 4877 1399 4915 eum
1432 4879 1591 4929 penes
1615 4880 1772 4933 quem

194 4932 429 4983 ulticium
485 4932 742 4985 custodia:
786 4941 886 5004 est,
918 4943 1075 5001 atque
1113 4932 1228 5000 ejus
1259 4933 1532 4988 ministros
1559 4932 1774 5004 capitali

195 5015 365 5068 pinna:
392 5004 698 5069 subjecerit.
740 5021 759 5053 ι
796 5002 868 5055 lo.

262 5077 289 5103 λ
317 5070 663 5141 Equistrator.
692 5071 1005 5143 Ἀναβολεὺς,
1037 5075 1445 5139 marescbalcus,
1472 5075 1609 5141 apud
1641 5078 1775 5130 scri-

193 5151 370 5209 ptores
414 5144 898 5197 Latino-Barbaros
933 5161 947 5205 ;
989 5148 1077 5213 qui
1130 5145 1500 5207 imperatorem
1539 5156 1629 5199 aut
1675 5147 1775 5199 du-

191 5228 311 5285 ceni
328 5226 597 5285 armatum
620 5216 671 5269 iti
698 5230 893 5284 equum
925 5215 1171 5284 imponit.
1204 5216 1277 5270 De
1310 5216 1496 5269 horum
1523 5219 1767 5285 genitura

190 5284 261 5335 ait
294 5283 562 5353 Manilius,

944 5359 1034 5405 nic
1059 5371 1203 5407 curru
1227 5358 1405 5407 celsior
1429 5358 1550 5417 ibit,

346 5418 442 5467 Aut
464 5417 692 5468 onerabit
714 5431 869 5482 equos
888 5423 1057 5481 armis,
1085 5428 1166 5471 aut
1189 5422 1335 5469 ducet
1359 5425 1406 5468 in
1432 5434 1581 5470 arma.

190 5506 502 5557 Ammianus
533 5503 771 5557 Marcell.
823 5504 913 5560 lib.
944 5520 1069 5570 xxx,
1102 5520 1214 5573 cap.
1255 5503 1307 5570 5,
1344 5504 1627 5558 Slratorem
1673 5505 1772 5558 mi-

190 5577 325 5627 litem
356 5574 604 5641 appellat.
635 5574 709 5627 ID.

258 5645 289 5683 ι)
320 5645 465 5698 Inter
497 5644 774 5699 Veneream
828 5655 874 5700 et
905 5644 1245 5700 Salutariam.
1292 5645 1447 5701 Forte
1479 5646 1695 5702 Veneris
1717 5656 1772 5702 et

193 5717 390 5769 Salutis
421 5716 561 5769 l'aua.
596 5715 760 5770 FELL.
1175 5727 1179 5730 ’

265 5794 287 5821 ε
316 5786 580 5841 Custodire
612 5786 840 5842 Puellae.
884 5789 1123 5856 Rigalttts
1154 5789 1249 5854 ait,
1296 5807 1314 5841 t
1349 5788 1631 5857 Castigari,
1668 5788 1769 5843 hoc

193 5867 292 5924 est,
319 5858 596 5914 admonuit
617 5869 674 5913 ut
696 5859 992 5915 castissime
1018 5874 1136 5915 sese
1169 5861 1422 5915 haberent
1439 5877 1453 5925 ;
1484 5860 1765 5925 castitatis,

1958 4584 1983 4622 αἱ
2014 4582 2305 4637 Collocutus
2352 4597 2465 4634 cunt
2520 4582 2752 4635 consilio.
2809 4583 2874 4638 Ut
2902 4598 3017 4638 mos
3045 4595 3161 4637 erat
3208 4581 3461 4639 Romanis

1888 4655 2220 4722 prmsidihus.
2257 4668 2391 4720 pone
2440 4652 2691 4720 siparium
2739 4653 3073 4708 consiliarios
3102 4653 3368 4721 sedentes,
3394 4658 3462 4711 de

1872 4727 2143 4789 ,sententia
2203 4726 2414 4776 ferenda
2445 4726 2741 4778 consulere.
2800 4725 2915 4778 Vitl.
2946 4725 3063 4779 Act.
3100 4740 3217 4787 xxv,
3252 4727 3337 4780 12.
3384 4728 3456 4781 lo.

1956 4797 1980 4824 θ
2017 4795 2317 4848 Valerianus
2356 4794 2698 4848 nobilissimus
2745 4795 2934 4849 Cwsar.
2966 4796 3132 4863 Quem
3157 4796 3313 4851 Pater
3344 4800 3462 4862 ejus

1882 4865 1931 4917 iu
1968 4865 2205 4920 Persiam
2237 4879 2529 4933 prOperans
2575 4864 2840 4920 Caesarem
2874 4866 3217 4931 renuntiavit,
3261 4869 3348 4922 ubi
3381 4869 3463 4922 iu-

1879 4936 2215 4990 l'elicissirnus
2256 4952 2419 4989 senex
2446 4975 2459 4997 ,
2492 4936 2626 4988 hanc
2664 4936 3087 5003 Christianorum
3133 4937 3460 5004 persecutio-

1880 5022 2023 5073 nem,
2067 5005 2362 5061 miserrima
2392 5007 2714 5074 captivitate,
2749 5016 2803 5061 et
2830 5007 3129 5074 miseriore,
3161 5008 3203 5061 si
3228 5008 3340 5061 fieri
3368 5023 3461 5077 po-

1882 5080 1998 5139 tuit,
2032 5087 2201 5131 morte
2232 5076 2427 5129 luebat.
2465 5080 2535 5129 In.

1954 5146 1975 5185 ί
2022 5147 2089 5201 In
2130 5163 2313 5218 agrum
2363 5147 2531 5200 Sexti.
2577 5147 3007 5219 Martyrologium
3045 5147 3224 5213 Rom.,
3267 5149 3459 5219 Agrum

1876 5219 2005 5272 sexti
2029 5221 2081 5341 :n
2118 5228 2315 5342 segetum
2346 5218 2563 5271 milliure
2591 5236 2622 5271 a
2644 5217 2950 5290 Carthagine
2963 5219 3119 5289 juxta
3147 5217 3458 5289 ’κατείβετο

1878 5300 2018 5342 muta
2042 5299 2136 5342 iat.
2191 5305 2238 5342 u.

1878 5299 2136 5343 mutabat.
2167 5299 2238 5342 ID.

1952 5367 1977 5406 κ
2004 5360 2233 5413 Lucerna
2256 5357 2414 5411 birro.
2448 5358 2816 5413 Lucerna-sive
2839 5360 3012 5425 birro;
3037 5359 3202 5413 altera
3232 5376 3297 5415 ex
3326 5360 3459 5415 dua-

1876 5429 1973 5484 bus
1992 5431 2207 5483 vocibus
2226 5445 2318 5492 pro
2339 5429 2696 5483 additamenta
2710 5430 2968 5485 habenda.
2984 5430 3457 5487 Etninentissimus

1876 5501 2162 5556 cardinalis
2214 5499 2473 5553 Baronius
2522 5500 2701 5554 multis
2740 5501 2847 5569 agit
2890 5513 2945 5555 ut
2997 5502 3122 5555 hinc
3167 5504 3457 5557 doceamur

1883 5590 1901 5623 ι
1936 5573 2105 5640 qualis
2148 5580 2303 5643 esset
2341 5572 2727 5643 episcoporum
2778 5572 2993 5643 habitus
3024 5590 3038 5627 :
3077 5592 3096 5625 ι
3128 5582 3181 5627 et
3212 5575 3452 5643 quidem,

1876 5643 2095 5715 lynceus
2144 5641 2231 5694 ille
2271 5640 2421 5693 nobis
2476 5643 2729 5715 ostendit,
2776 5642 2966 5697 lineam
3010 5644 3075 5697 ad
3120 5640 3278 5712 quam
3307 5648 3456 5699 stetit

1875 5712 2188 5783 Cyprianus,
2228 5729 2246 5762 t
2284 5726 2563 5765 commune
2609 5712 2735 5785 illu_d
2770 5714 3033 5785 omnibus
3090 5715 3353 5785 episcopis
3384 5716 3455 5768 li-

1875 5782 2032 5840 neum
2090 5786 2459 5836 indumentum
2504 5782 2645 5852 quod
2683 5782 2869 5853 prod
2921 5786 3013 5840 alii
3041 5782 3244 5852 dicunt,
3276 5786 3457 5841 Italica

1874 5872 2005 5912 vero
2035 5853 2315 5919 Rochetto,
2355 5872 2372 5904 ›
2407 5853 2586 5908 luisse.
2611 5854 2827 5911 Birrurn
2848 5874 2868 5908 ι
2896 5872 3023 5913 vero
3052 5874 3170 5914 esse
3197 5858 3344 5915 rubri
3358 5870 3452 5911 co-
