3920 6336
1590 248 1602 279 ς

210 346 298 404 753

1513 346 1569 404 S.
1613 344 1903 413 ᾼΒΝΟΙΧΙ
1947 342 2134 402 W'I'A.

3346 322 3457 399 λιιι

204 476 337 527 sape
366 459 653 531 phalanges
679 460 1104 527 adversariorum
1136 476 1231 515 suo
1265 460 1485 519 viriliter
1507 462 1768 531 abegisset
1800 464 1847 522 Α
1875 459 2047 513 bitare
2070 457 2356 517 debuerat!
2384 456 2449 511 Et
2475 456 2586 511 hac
2608 452 3180 517 dicens,deditsecum
3202 451 3456 527 [spumis

204 553 489 623 indemne?
514 551 850 623 Quapropter
880 552 1101 617 effectus
1143 563 1222 607 est
1266 555 1318 607 in
1358 553 1504 615 brevi
1530 553 1770 613 omnium

204 643 428 713 primus,
474 643 544 713 ita
581 653 636 719 ut
658 658 753 711 sex
780 645 1101 713 provinciae.
1143 660 1273 711 quas
1303 662 1366 699 ex
1402 658 1527 705 tunc
1555 658 1607 705 et
1637 662 1775 701 nunc

202 735 418 809 totidem
450 744 614 803 agunt
652 734 908 803 officiales
932 778 946 800 ,
973 737 1071 795 sub
1096 737 1260 791 solius
1288 738 1403 803 eius
1440 737 1659 793 arbitrio
1690 754 1776 795 re-

202 837 470 898 gerentur.
514 827 715 901 lntcrea
754 841 877 901 cum
926 837 1172 891 strenuus
1215 828 1366 883 miles
1398 828 1496 882 iste
1523 844 1641 899 qua)
1680 829 1776 885 Dei

201 929 313 971 sunt
343 917 596 987 redderet
624 917 733 977 Deo
761 918 967 985 sedulo,
996 918 1201 981 scilicet
1234 920 1283 973 in
1324 921 1584 983 oratione,
1612 920 1666 974 in
1689 920 1775 988 je-

197 1009 389 1080 juniis,
423 1012 473 1062 in
504 1009 857 1083 egleemosynis
877 1048 895 1077 ,
918 1018 972 1065 et
1002 998 1117 1079 quae
1156 1010 1382 1065 Caesaris
1407 1021 1535 1067 sunt
1558 1010 1773 1076 Caesari,

200 1105 345 1173 fortis
379 1102 585 1167 scilicet
614 1103 665 1157 in
692 1103 828 1159 bello
847 1144 864 1169 ,
899 1103 1148 1172 providus
1179 1104 1229 1157 in
1254 1104 1499 1169 consilio,
1532 1107 1774 1173 cogenti-

199 1195 289 1249 bus
340 1195 529 1251 amicis
574 1201 736 1261 atque
784 1194 1129 1263 parentibus,
1180 1208 1211 1247 a
1251 1194 1580 1255 nobilissima
1616 1206 1777 1264 gente

199 1287 426 1361 puellam
454 1286 770 1358 quamdam,
802 1286 1072 1355 prreclaris
1100 1287 1338 1345 moribus
1374 1298 1649 1352 ornatam.
1679 1288 1778 1345 du-

198 1385 270 1445 xit
300 1396 544 1451 uxorem.
577 1382 691 1451 Quo
730 1382 787 1447 in
836 1381 976 1447 facto
1003 1383 1235 1452 speciale
1272 1384 1537 1452 quoddam
1580 1399 1775 1439 munus

195 1478 378 1551 gratim
418 1492 529 1533 sua:
556 1476 728 1537 eidem
760 1478 875 1531 tiro
907 1477 1158 1533 Dominus
1186 1476 1402 1535 indulsit
1424 1520 1441 1546 ,
1482 1487 1541 1532 ut
1587 1492 1656 1532 ex
1687 1492 1777 1533 ea-

196 1573 310 1627 dem
344 1570 601 1627 videlicet
623 1572 832 1640 egregia
856 1569 1053 1626 femina
1075 1570 1299 1627 duorum
1331 1570 1556 1635 filiorum
1586 1570 1775 1640 gaudia

194 1666 464 1739 suscipere
507 1675 800 1725 mereretur
848 1682 860 1717 :
902 1663 990 1733 qui
1023 1664 1169 1733 quasi
1199 1663 1425 1723 duarum
1449 1678 1779 1733 gemmarum

197 1755 538 1831 splendidum
562 1754 752 1823 decus,
788 1755 839 1809 in
878 1754 1078 1823 mundo
1112 1757 1448 1824 postmodum
1480 1754 1781 1810 clarescere

1888 550 1935 599 iu
1977 549 2270 603 orationem
2305 562 2451 618 :qua
2482 546 2660 612 finita,
2704 546 2886 617 fugato
2922 546 3222 610 ﬂamonio,
3269 558 3452 603 sanam

1883 640 2023 701 illico
2069 640 2242 695 reddit
2284 639 2589 701 mulierem.
2620 639 2700 695 Eo
2722 649 2981 709 ,teltpore
3017 653 3122 707 quo
3144 637 3453 701 triduanum

1874 728 2136 805 jejunium
2188 731 2497 789 universalis
2547 730 2821 799 celebrare
2866 730 3142 799 consuevit
3192 730 3460 797 Ecclesia,

1878 824 1961 891 vir
1988 832 2208 891 sanctus
2242 835 2387 885 extra
2427 824 2690 885 civitatem
2721 840 2840 883 Cum
2871 824 3117 897 crucibus
3136 834 3297 893 atque
3326 837 3460 893 pro-

1881 916 2082 985 miscua
2116 917 2291 987 populi
2340 918 2681 977 multitudine
2700 958 2718 983 ,
2748 916 2939 981 orandi
2964 918 3131 987 gratia
3160 917 3458 981 secundum

1883 1024 2082 1077 olorem
2135 1010 2281 1071 urbis
2328 1011 2586 1078 processit
2620 1023 2639 1065 :
2681 1019 2733 1071 et
2768 1025 2898 1069 ecce
2940 1010 3127 1075 mulier
3167 1025 3232 1065 ex
3266 1008 3463 1073 mediis

1881 1102 2109 1163 catervis
2156 1116 2315 1157 voces
2361 1102 2536 1161 emisit
2580 1104 2631 1157 in
2674 1105 2890 1165 cmlum.
2924 1104 3078 1172 Quod
3118 1103 3344 1163 audiens
3383 1102 3465 1167 vir

1883 1195 2120 1262 Domini,
2154 1211 2276 1251 cum
2298 1198 2632 1265 cognovisset
2660 1213 2780 1257 eam
2816 1208 3085 1267 arreguam
3117 1212 3145 1250 a
3173 1196 3462 1263 daemonio,

1882 1290 2125 1361 Opposita
2153 1291 2328 1346 crocis
2359 1291 2553 1347 vexillo
2571 1333 2584 1357 ,
2618 1291 2860 1351 liberavit
2885 1305 3003 1351 eam
3032 1290 3101 1351 ab
3120 1289 3277 1351 hoste
3300 1288 3462 1353 mali-

1882 1398 2007 1453 guo.
2042 1384 2161 1447 Alio
2188 1398 2397 1452 quoque
2438 1390 2680 1452 tempore
2721 1398 2840 1441 cum
2873 1383 3008 1439 infra
3038 1381 3228 1441 urbem
3258 1380 3460 1439 oratio-

1888 1473 1972 1535 nis
2000 1488 2156 1533 causa
2189 1473 2256 1527 ab
2282 1473 2556 1529 basilicam
2584 1482 2782 1535 sanctae
2805 1474 2980 1533 crucis
3008 1470 3337 1536 accessisset,
3362 1467 3465 1524 ibi-

1887 1580 1990 1635 que
2016 1565 2249 1635 puellam
2282 1567 2527 1635 nequiter
2557 1565 2969 1623 debacchantem
3017 1564 3337 1632 reperisset,
3369 1564 3467 1617 mi-

1887 1656 2177 1711 sericordia
2210 1666 2384 1710 motus
2407 1696 2422 1721 ,
2452 1655 2827 1717 archidiacono
2855 1669 2952 1711 suo
2988 1654 3060 1710 ait
3092 1672 3109 1710 :
3142 1654 3248 1710 Hac
3286 1661 3468 1721 nocte,

1894 1748 2076 1812 frater,
2107 1762 2202 1817 pro
2224 1747 2327 1809 ista
2363 1748 2681 1819 paupercula
2717 1748 2919 1819 vigilias
2949 1761 3187 1817 agamus,
3216 1746 3345 1805 utsi
3376 1761 3470 1814 per

196 1857 494 1925 cmperunt.
526 1846 883 1917 Temporibus
927 1847 1031 1901 illis
1077 1856 1191 1903 erat
1233 1848 1282 1901 in
1312 1846 1610 1907 ministerio
1642 1849 1781 1917 regis
1816 1842 1859 1911 Β
1886 1841 2111 1910 gratiam
2146 1841 2237 1896 Dei
2278 1853 2462 1905 sanata
2512 1841 2961 1907 fuerit,'crastina
3003 1841 3222 1899 dictasti
3251 1832 3495 1901 domum

197 1942 270 2011 vir
309 1938 600 2010 egregius,
642 1940 858 2003 nomine
904 1937 1251 2001 Romaricus,
1301 1937 1542 1997 familiari
1589 1936 1779 1995 affectu

196 2031 350 2089 beato
378 2029 600 2095 Arnolfo
633 2029 931 2098 copulatus.
965 2027 1058 2085 Hic
1088 2042 1207 2089 cum
1254 2042 1319 2081 ex
1365 2026 1671 2081 assiduitate
1697 2041 1784 2082 se-

196 2137 310 2175 cum
360 2122 734 2193 commanenili
762 2161 777 2187 ,
817 2119 1139 2181 desiderium
1184 2119 1325 2181 beati
1371 2119 1465 2175 viri
1507 2134 1613 2188 quo
1641 2120 1785 2175 circa

195 2214 519 2270 monasteria
550 2214 632 2281 vel
662 2214 773 2273 loca
812 2220 992 2275 sancta
1035 2212 1175 2283 jugis
1230 2210 1307 2287 illi
1349 2210 1623 2267 meditatio
1664 2212 1783 2277 fuit,

196 2305 526 2376 agnovisset,
552 2302 736 2373 habito
760 2303 898 2357 inter
926 2316 984 2355 se
1010 2301 1257 2366 consilio,
1280 2299 1568 2370 disponunt
1592 2315 1786 2356 secun-

200 2397 320 2473 dum
356 2394 631 2464 Evangelii
664 2401 1019 2467 pra‘ceptum,
1055 2393 1353 2467 relinquere
1380 2393 1555 2446 omnia
1580 2407 1701 2451 sua.
1733 2403 1787 2449 et

201 2488 531 2567 peregrinari
565 2504 661 2557 pro
690 2485 888 2557 Christi
928 2501 1111 2557 amore
1141 2504 1153 2540 :
1186 2485 1278 2553 sed
1310 2485 1553 2551 voluntas
1579 2486 1783 2539 Domini

198 2582 407 2653 obstitit
450 2581 506 2634 in
542 2580 644 2651 hac
690 2592 849 2633 causa
882 2580 1151 2648 proposito
1176 2580 1472 2647 utriusque.
1509 2579 1614 2633 Nec
1643 2580 1784 2632 enim

202 2674 280 2728 (as
309 2672 526 2749 censuit
571 2672 682 2739 fore
710 2669 1041 2741 providentia
1072 2670 1297 2735 Christi,
1333 2678 1388 2722 ut
1427 2669 1476 2723 hi
1517 2670 1623 2729 duo
1664 2669 1786 2733 viri,

203 2764 286 2836 qui
317 2763 643 2834 quandoque
670 2761 833 2816 veluti
862 2762 980 2823 dua:
1012 2761 1280 2833 lampades
1311 2761 1572 2831 fulgercnt
1602 2762 1654 2814 in
1684 2776 1785 2815 sae-

199 2858 339 2924 culo,
371 2855 476 2919 sub
505 2838 660 2909 unius
682 2853 844 2915 modii
870 2854 1263 2919 occultarentur
1291 2853 1539 2919 articulo,
1567 2854 1658 2909 sed
1690 2868 1785 2922 po-

203 2950 301 3003 tius
347 2961 517 3017 super
573 2945 950 3019 candelabrutn
1004 2945 1199 3014 positi,
1256 2944 1495 3007 lucerent
1545 2943 1789 2999 omnibus

198 3039 514 3125 operatione
544 3052 636 3105 sua
664 3036 829 3113 fideli.
864 3036 917 3091 ln
950 3036 1057 3091 illis
1094 3038 1354 3107 siquidem
1383 3038 1571 3095 diebus
1601 3037 1792 3092 accidit

200 3140 253 3205 ut
294 3130 493 3205 civitas
536 3128 789 3199 Mete‘nsis
830 3128 1035 3193 viduata
1088 3143 1187 3189 suo
1230 3138 1469 3196 pastore.
1513 3144 1613 3191 una
1665 3144 1793 3191 voce

1890 1933 2189 1989 redeamus.
2219 1931 2287 1987 Et
2314 1935 2384 1989 ita
2416 1934 2615 1997 factum
2655 1944 2757 1995 est.
2800 1934 3148 2003 Temporibus
3190 1932 3473 2003 Dagoberti

1888 2024 2052 2095 regis,
2086 2039 2207 2079 cum
2240 2026 2290 2081 in
2325 2026 2519 2094 palatio
2548 2025 2665 2096 ejus
2697 2034 2936 2081 maneret
2972 2026 3159 2097 beatus
3201 2022 3470 2087 Arnoll'us,

1890 2114 2131 2191 leprosos
2158 2115 2370 2184 quidam
2402 2114 2652 2173 clamavit
2678 2115 2741 2168 ad
2770 2130 2915 2189 eum,
2941 2113 3240 2184 deposcens
3278 2112 3475 2166 victum

1893 2209 2008 2273 sive
2037 2207 2286 2263 vestitum
2322 2225 2335 2261 :
2368 2218 2422 2261 at
2446 2208 2535 2263 ille
2564 2210 2739 2267 statim
2761 2207 2922 2279 jussit
2948 2221 3067 2263 eum
3097 2204 3162 2269 ad
3187 2204 3473 2275 hospitium

1892 2318 2044 2365 suum
2076 2303 2214 2359 duci.
2255 2302 2351 2369 ψρή
2380 2318 2502 2363 cum
2540 2319 2661 2373 erga
2698 2302 3003 2375 languidum
3030 2300 3325 2365 secundum
3356 2315 3473 2355 mo-

1894 2410 2005 2451 rem
2040 2409 2195 2451 suum
2231 2405 2505 2469 paternam
2548 2396 2824 2453 exhiberet
2864 2397 3152 2469 pietatem,
3176 2392 3480 2453 sciscitatus

1893 2499 1974 2543 est
2004 2489 2071 2549 ab
2100 2504 2166 2543 eo
2211 2488 2257 2543 si
2306 2503 2453 2553 sacra
2483 2488 2625 2547 unda
2678 2489 3010 2556 baptismatis
3052 2486 3269 2553 ablutus
3314 2496 3476 2557 esset.

1894 2578 2370 2648 Nequaquam,ait,
2394 2579 2614 2637 domine
2631 2578 2726 2645 mi,
2751 2593 2872 2637 nam
2898 2577 3088 2645 infelici
3120 2577 3246 2637 mihi
3273 2576 3480 2649 διῄει-ιι)

1892 2685 1922 2722 a
1954 2670 2147 2738 popqu
2176 2672 2295 2739 quis
2338 2670 2473 2725 hanc
2514 2669 2740 2739 gratiam
2786 2668 3077 2723 tribueret?
3107 2667 3335 2731 Sanctus
3365 2667 3478 2737 epi-

1894 2777 2086 2830 sc0pus
2114 2763 2279 2816 dixit:
2304 2762 2482 2835 Modo,
2511 2762 2702 2817 dilecte
2727 2762 3089 2835 fraterpctede
3111 2763 3163 2831 in
3198 2761 3475 2835 Dominum

1897 2851 2080 2927 lesum
2109 2851 2381 2907 Christum
2408 2895 2421 2917 ,
2453 2862 2506 2907 et
2532 2854 2786 2909 continuo
2830 2854 3055 2919 recipies
3086 2850 3334 2923 corporis
3360 2850 3477 2913 ani-

1896 2960 2104 3013 matque
2154 2944 2437 2999 medelam.
2488 2946 2719 3015 Accepto
2767 2944 2924 3015 igitur
2974 2943 3216 3019 leprosos
3257 2957 3285 3017 a
3329 2942 3484 2997 beazo

1897 3032 2017 3088 viro'
2036 3020 2284 3103 baptismi
2310 3044 2664 3099 sacramento,
2699 3034 2955 3095 liberatus
2984 3043 3064 3095 cst
3087 3036 3154 3105 ab
3183 3034 3326 3103 omni
3352 3047 3449 3097 .cor
3476 3062 3479 3065 -

1898 3126 2043 3195 poris
2092 3127 2472 3191 incommodo,
2516 3136 2674 3196 atque
2724 3126 2791 3180 de
2840 3125 3042 3197 reliquo
3096 3125 3265 3189 factus
3309 3124 3482 3191 estin

199 3225 428 3295 parique
454 3236 719 3295 consensu
751 3220 1025 3279 Arnolfunt
1048 3263 1062 3287 ,
1094 3221 1444 3277 domesticum
1472 3229 1629 3289 atque
1659 3236 1789 3275 con-
1820 3214 1868 3279 (Ξ
1902 3229 2123 3289 utraque
2144 3219 2436 3273 substantia
2472 3233 2655 3287 sanus,
2682 3220 2769 3289 qui
2798 3219 2943 3290 prius
2966 3220 3135 3287 fuerat
3164 3227 3412 3288 peccator
3432 3225 3488 3272 et

197 3300 461 3385 siiiariutn
494 3314 649 3381 regis,
685 3319 930 3389 peterent
958 3310 1055 3365 sili
1080 3311 1314 3365 ordinari
1344 3313 1669 3385 episcopum.
1692 3311 1792 3378 Qui

198 3405 318 3487 licelt
350 3406 655 3481 lacrytnans
686 3418 748 3485 ac
779 3400 1000 3469 multum
1034 3403 1291 3479 renitens,
1326 3403 1631 3469 compulsus
1672 3413 1792 3456 tan-

197 3496 353 3564 dem,
388 3498 516 3566 quia
560 3497 637 3577 sic
682 3496 931 3567 placitum
967 3494 1063 3548 fuit
1108 3493 1251 3560 Deo,
1295 3492 1561 3567 praefatam
1598 3494 1788 3571 Iurbem

197 3588 607 3659 gubernandatn
638 3586 893 3657 suscepit.
928 3585 1037 3651 Nec
1068 3597 1239 3657 tamen
1270 3586 1592 3653 primatum,
1635 3601 1790 3655 quem

204 3680 255 3751 in
284 3678 497 3755 palatio
520 3677 765 3746 gerebat,
792 3662 1038 3730 deserere
1080 3668 1368 3745 permissus
1399 3684 1499 3729 est.
1530 3676 1793 3730 Subzima-

208 3780 291 3845 tus
328 3770 497 3839 igitur
527 3766 812 3839 episcopali
841 3766 1128 3837 dignitate,
1157 3776 1297 3820 tanta
1324 3776 1534 3837 tamque
1562 3766 1793 3834 perfecta

204 3862 573 3917 munificentia
624 3860 968 3931 indigentiam
1012 3872 1302 3928 pauperum
1336 3857 1607 3915 revelabat
1646 3858 1789 3930 [Al.,

204 3951 534 4023 relevabat],
569 3952 815 4006 utetiam
857 3950 922 4004 de
965 3949 1269 4019 longinquis
1316 3950 1619 4019 regioiiihus
1658 3948 1794 4002 fama

204 4040 343 4098 beati
375 4046 473 4097 viri
500 4042 701 4107 audita,
730 4040 1129 4094 innumerabilis
1160 4044 1391 4115 virorum
1421 4056 1482 4091 ac
1517 4041 1791 4113 mulierum

205 4149 427 4191 caterva
471 4134 537 4187 ad
579 4149 700 4189 eum
744 4132 1090 4205 refocillanda
1132 4131 1425 4186 festinaret.
1479 4130 1646 4185 Porro
1678 4146 1798 4183 nor-

206 4246 345 4285 mam
387 4231 725 4284 abstinentia:
754 4228 868 4301 ejus
894 4229 1017 4307 quis
1044 4243 1297 4282 enarrare
1325 4227 1526 4291 valeat,
1559 4242 1677 4281 cum
1712 4227 1795 4299 in-

210 4322 431 4399 terdum
486 4330 607 4393 post
654 4320 894 4375 triduana
940 4321 1019 4375 vel
1064 4319 1223 4375 etiam
1269 4322 1493 4389 amplius
1533 4329 1797 4390 protracta

206 4400 450 4485 jejunia,
490 4429 626 4483 pane
666 4412 967 4495 hordeaceo
994 4428 1085 4466 seu
1118 4410 1341 4483 lymphae
1370 4411 1558 4481 poculo
1592 4409 1798 4465 victita-

204 4482 329 4559 iret?
362 4482 587 4558 lndutus
618 4482 826 4572 quoque
854 4490 1050 4572 jugiter
1092 4482 1227 4555 infra
1262 4511 1491 4555 tunicam
1532 4517 1679 4555 suam
1712 4515 1804 4569 oc-

1896 3312 2225 3363 maculosus.
2260 3307 2386 3364 Post
2419 3310 2531 3363 haec
2561 3326 2680 3365 cum
2716 3311 2777 3365 ad
2809 3321 2985 3383 partes
3011 3310 3402 3380 Thyringorum
3435 3312 3486 3365 in

1896 3404 2149 3479 comitatu
2200 3401 2401 3471 prchati
2453 3404 2591 3473 regis
2635 3414 2849 3469 sanctus
2892 3405 3172 3473 episcopus
3229 3403 3483 3469 venisset,

1898 3493 2093 3569 accidit
2122 3503 2178 3547 ut
2206 3494 2423 3562 quidam
2466 3510 2745 3573 procerum
2774 3494 2991 3549 nomine
3020 3493 3195 3549 Nutilo
3214 3532 3230 3560 ,
3264 3481 3486 3569 puerum

1897 3600 2071 3651 suum,
2102 3599 2258 3661 quem
2292 3589 2418 3640 satis
2446 3586 2730 3659 diligebat,
2770 3586 2878 3656 jam
2906 3597 3209 3663 extremum
3240 3586 3487 3654 spiritum

1901 3674 2232 3741 trahentem,
2265 3692 2453 3745 magno
2495 3677 2694 3748 ejulatu
2723 3674 2965 3731 defieret.
3009 3675 3172 3747 Cujus
3215 3676 3491 3731 doloribus

1901 3770 2230 3837 compatiens
2266 3771 2449 3825 beatus
2482 3766 2766 3837 Arnolfus,
2800 3784 2917 3845 cum
2952 3768 3042 3826 ille
3071 3769 3388 3839 desperatus
3418 3768 3487 3843 de

1900 3858 2069 3911 salute
2099 3858 2276 3913 dilecti
2326 3861 2514 3928 pueri,
2555 3858 2684 3914 nihil
2716 3859 2855 3937 aliud
2884 3861 3224 3935 intenderet,
3279 3860 3377 3914 nisi
3436 3868 3493 3914 ut

1901 3958 2175 4019 amputato
2201 3953 2374 4019 capite
2397 3951 2534 4022 ejus,
2560 3967 2707 4023 more
2735 3952 3007 4020 gentilium
3030 3946 3257 4008 cadaver
3285 3952 3492 4025 ignibus

1902 4040 2321 4095 comburendum
2356 4028 2655 4097 traderetur
2685 4059 2697 4094 :
2732 4043 2961 4098 accessit
2989 4044 3055 4098 ad
3086 4043 3334 4099 lectulum
3369 4045 3492 4097 lan-

1902 4135 2132 4203 gnentis,
2164 4146 2217 4190 et
2249 4138 2383 4189 facta
2414 4137 2675 4207 oratione,
2710 4134 2791 4192 his
2819 4152 2939 4192 eum
2966 4137 3255 4208 alloquitur
3280 4136 3488 4192 verbis:

1906 4225 2207 4290 Pmnitere,
2258 4226 2350 4290 fili,
2389 4227 2432 4280 si
2482 4212 2607 4295 quid
2649 4228 2786 4282 male
2824 4227 3050 4299 gessisti,
3094 4238 3149 4284 et
3195 4212 3492 4285 restitueris

1903 4314 2045 4370 illico
2075 4317 2310 4393 pristina:
2340 4317 2571 4371 sanitati.
2601 4318 2737 4393 Quid
2774 4320 2959 4389 plura?
2991 4320 3244 4375 l’romens
3276 4321 3365 4397 ille
3398 4335 3492 4389 po-

1902 4414 2011 4467 tius
2044 4412 2362 4483 singultibus
2392 4428 2549 4482 quam
2579 4412 2756 4469 verbis
2784 4414 3173 4489 confessionem
3200 4415 3493 4491 cujuslibet

1915 4520 2024 4558 suae
2074 4505 2512 4574 transgressionis
2539 4550 2553 4575 ,
2601 4517 2889 4585 perunctus
2932 4516 3014 4561 est
3055 4510 3172 4563 oleo
3213 4508 3493 4564 benedicto

206 4578 360 4651 culto
387 4597 588 4664 cilicio,
621 4600 890 4667 geminum
920 4596 1198 4675 ingerebat
1224 4598 1511 4650 cruciatum
1552 4596 1802 4651 membris
1911 4613 2004 4668 per
2036 4611 2224 4650 manus
2252 4598 2545 4652 sacerdotis
2569 4598 2801 4664 Christi,
2836 4582 2995 4675 atque
3034 4602 3217 4663 eadem
3253 4600 3381 4655 hora
3424 4601 3494 4653 ita

208 4690 411 4759 vigiliis
460 4698 622 4757 atque
656 4689 871 4759 jejuniis
917 4672 1258 4744 vehementer
1291 4692 1483 4743 exesis.
1528 4685 1668 4742 lnter
1710 4688 1803 4742 has

210 4781 460 4835 assiduas
489 4782 728 4850 corporis
755 4780 1089 4845 afllictiones,
1121 4781 1311 4852 quibus
1339 4781 1408 4835 ob
1434 4795 1666 4834 antorem
1697 4794 1804 4835 cm—

214 4872 370 4926 lestis
399 4860 587 4941 patriae
611 4870 797 4925 beatus
832 4871 1079 4926 Arnolqu
1108 4882 1275 4927 semet
1304 4881 1591 4939 Spontanea
1624 4873 1807 4925 volun-

213 4974 326 5019 tate
356 4963 673 5033 castigabat,
701 4964 890 5017 multas
918 4981 1010 5033 per
1031 4981 1149 5018 eum
1178 4965 1428 5018 Dominus
1458 4964 1703 5032 dignatus
1725 4975 1807 5019 est

216 5059 478 5111 virtutum
507 5059 844 5127 operationes
872 5058 1258 5124 demonstrare,
1288 5058 1353 5112 de
1382 5058 1572 5127 quibus
1605 5059 1685 5111 hic
1711 5057 1808 5111 ali-

217 5162 359 5216 quas
388 5150 664 5216 aggrediar
693 5164 963 5202 enarrare.
1007 5148 1137 5203 Cum
1183 5150 1233 5202 in
1274 5150 1533 5218 contiguis
1567 5144 1806 5217 partibus

220 5236 455 5307 Vos-agi,
487 5240 536 5292 in
579 5238 793 5309 praediis
834 5239 1037 5293 scilicet
1080 5239 1246 5293 sancti
1295 5238 1546 5308 Stephani
1602 5240 1811 5308 patroni

220 5328 481 5386 Metensis
512 5330 613 5384 loci
655 5331 733 5383 vir
771 5329 976 5384 Domini
1008 5342 1333 5407 moraretur,
1367 5341 1417 5383 ct
1452 5331 1638 5384 mulier
1668 5346 1814 5399 quac-

226 5425 395 5489 dam,
428 5425 639 5479 nomine
679 5422 883 5487 Becila,
916 5441 941 5475 a
976 5423 1242 5477 daemonio
1279 5433 1553 5491 eorrepIa,
1584 5428 1814 5490 graviter

226 5526 364 5570 ante
392 5526 730 5584 conspectum
752 5515 867 5587 ejus
891 5527 1193 5587 vexaietur,
1218 5527 1273 5571 ut
1302 5526 1416 5570 erat
1442 5517 1584 5570 omni
1621 5518 1814 5582 pieiate

228 5608 639 5676 suﬂ'ultus,cum
666 5608 783 5663 altis
813 5610 1055 5677 suspiriis
1086 5592 1217 5663 dixit
1252 5628 1262 5662 :
1293 5612 1401 5662 llcu
1433 5611 1684 5663 miserum
1718 5609 1816 5662 hu-

234 5714 668 5770 manumgenus,
693 5698 876 5766 inquo
909 5708 1107 5753 tantum
1144 5700 1413 5769 praevaluit
1454 5699 1729 5767 inimicus,
1762 5711 1820 5755 ut

236 5789 569 5845 domicilium
602 5791 763 5861 ipsius
787 5793 1001 5858 cxistat,
1022 5791 1161 5861 quod
1189 5790 1363 5858 potius
1391 5791 1634 5849 Christus
1661 5792 1818 5850 inha.

1912 4689 2211 4755 convaluit,
2247 4703 2308 4742 ac
2333 4690 2374 4743 si
2409 4689 2602 4743 nullam
2636 4704 2853 4760 prorsus
2882 4689 3243 4746 infirmitatem
3272 4688 3495 4767 jampri-

1912 4782 2035 4837 dem
2069 4797 2256 4851 passus
2293 4780 2494 4838 fuisset.
2529 4785 2754 4859 Quidam
2805 4784 2964 4839 homo
2993 4787 3251 4861 scelestus
3281 4785 3495 4838 nomine

1910 4871 2072 4925 Notto
2093 4912 2106 4935 ,
2137 4886 2297 4926 ausus
2331 4881 2413 4927 est
2455 4873 2692 4943 irrogare
2719 4889 2837 4928 cum
2870 4874 3217 4947 complicibus
3246 4876 3355 4929 suis
3385 4874 3496 4942 epi-

1913 4975 2076 5029 δεοβο
2102 4970 2287 5015 sancto
2314 4963 2578 5032 iniuriam,
2611 4980 2854 5018 asserem
2878 4964 3081 5018 scilicet
3103 4979 3220 5039 eum
3252 4980 3355 5016 non
3377 4978 3496 5017 esse

1916 5053 2173 5107 cultorem
2207 5055 2315 5117 Dei,
2350 5055 2441 5108 sed
2472 5055 2645 5122 potius
2679 5056 2943 5109 hominem
2984 5056 3218 5131 deditum
3259 5056 3496 5123 volupta-

1916 5144 1954 5197 ti
1991 5163 2002 5197 :
2033 5144 2097 5198 ad
2126 5146 2275 5213 cujus
2307 5146 2501 5200 lectum
2534 5147 2806 5200 nocturnis
2839 5147 2999 5211 horis,
3034 5164 3139 5201 non
3170 5148 3339 5223 solum
3368 5164 3493 5223 rex,
3552 5156 3555 5157 '

1921 5255 2099 5291 verum
2152 5242 2308 5294 etiam
2358 5241 2538 5308 regina
2561 5281 2575 5305 ,
2611 5248 2856 5307 tanquam
2890 5240 3166 5293 consilium
3198 5240 3496 5308 flagitantes

1920 5329 2181 5382 interdum
2215 5312 2578 5399 properarent.
2608 5329 2738 5385 Cum
2768 5345 2894 5400 ergo
2925 5330 3001 5383 vir
3033 5330 3118 5382 ille
3156 5329 3243 5383 die
3270 5332 3495 5399 quadam

1921 5420 2041 5472 alvo
2066 5420 2262 5495 referto
2287 5421 2405 5473 vino
2433 5435 2535 5474 una
2562 5437 2679 5474 cum
2703 5421 3014 5474 detrahente
3041 5421 3187 5475 socio
3212 5437 3310 5473 suo
3334 5429 3496 5475 strata

1924 5516 2167 5585 petisset,
2196 5516 2414 5585 jubente
2448 5518 2692 5587 Domino,
2723 5521 2900 5572 omnia
2938 5521 3251 5573 vestimenta
3286 5521 3495 5575 illorum

1924 5610 2183 5661 vallantur
2214 5611 2445 5679 nudique
2475 5610 2705 5665 ﬂamma.
2740 5611 2940 5677 Quibus
2970 5610 3111 5665 illiCo
3141 5628 3260 5667 cum
3284 5596 3496 5685 ingenti

1923 5703 2160 5756 clamore
2191 5702 2586 5770 prosllienlibus
2612 5748 2625 5771 ,
2657 5714 2708 5757 et
2740 5719 2930 5772 aquam
2971 5703 3109 5758 circa
3146 5718 3291 5758 nates
3321 5720 3383 5759 ac
3409 5720 3495 5774 ge-

1927 5792 2103 5850 nitalia
2128 5791 2263 5871 loca.
2292 5792 2380 5849 ubi
2406 5793 2636 5851 camisia:
2665 5794 2875 5851 illorum
2902 5796 3159 5853 acerrime
3187 5796 3487 5853 cremabant
