3920 6336
482 330 583 386 155

477 542 694 596 missam
743 546 1084 613 exstinguere
1130 547 1470 615 valentibus,
1520 550 1731 605 tandem
1780 554 1845 605 ad
1894 552 2061 609 instar

478 651 763 707 porcorum
814 637 925 694 luto
970 639 1232 695 volutabri
1273 656 1392 696 sese
1429 644 1630 712 pariter
1659 645 1930 700 involvunt
1959 665 1974 703 :
2006 658 2061 704 et

476 735 548 790 ibi
578 735 666 790 diu
706 735 1093 803 vociferantes,
1125 740 1207 793 vix
1248 740 1313 793 ad
1346 740 1589 795 ultimum
1623 758 1869 812 poenam,
1902 761 2059 815 quam

477 829 669 883 merito
716 830 1072 898 patiebantur,
1124 842 1431 886 evaserunt.
1486 835 1541 889 In
1590 836 1779 904 quibus
1822 840 2061 907 profecto

475 921 749 991 impletum
781 934 864 979 est
893 922 994 979 hoc
1022 926 1163 994 quod
1186 927 1442 994 scriptum
1475 937 1555 981 est
1583 928 1633 981 in
1666 928 1876 984 Psalmo
1905 947 1918 984 :
1945 929 2059 985 De-

477 1014 758 1070 trahenlem
805 1026 996 1069 secreto
1040 1019 1271 1087 proximo
1309 1036 1436 1084 suo,
1480 1021 1615 1074 hunc
1650 1038 1925 1093 persequar
1954 1041 1973 1078 :
2004 1024 2057 1080 in

478 1115 683 1161 tantum
725 1117 780 1161 ttt
822 1116 877 1162 et
926 1108 1050 1162 illud
1089 1109 1264 1163 divina
1314 1126 1538 1166 censura
1586 1115 1930 1169 factumesse
1958 1132 2061 1171 non

478 1201 845 1267 ambigatnus,
900 1200 1037 1269 quod
1084 1201 1415 1257 detractores
1459 1204 1544 1258 isti
1595 1206 2062 1263 vehementissime

477 1292 852 1347 cremabantur
897 1292 949 1345 in
992 1295 1229 1360 partibus
1260 1293 1366 1349 illis
1390 1338 1404 1362 ,
1438 1294 1523 1347 ubi
1558 1296 1721 1351 libido
1748 1299 1814 1351 de
1843 1314 1945 1367 qua
1973 1314 2063 1353 ca-

479 1386 873 1440 lumniabantttr
897 1390 1066 1439 virum
1095 1388 1298 1456 justum
1321 1429 1334 1451 ,
1370 1405 1591 1457 regnare
1624 1406 1727 1444 nou
1768 1392 2061 1447 dubitatur.

477 1477 585 1533 Nec
632 1478 798 1532 multo
830 1489 949 1546 post
986 1492 1174 1534 auctor
1212 1481 1368 1547 hujus
1397 1482 1775 1546 detramionis,
1812 1485 2060 1552 praefatus

480 1570 720 1624 videlicet
754 1570 945 1634 Notto,
986 1572 1035 1624 in
1070 1572 1370 1640 hujusmodi
1415 1574 1727 1629 criminibus
1758 1577 2062 1633 diﬁ'amatus

478 1663 615 1731 apud
643 1679 842 1731 regem,
868 1672 927 1717 ut
952 1665 1155 1719 scelera
1182 1665 1297 1734 ejus
1325 1682 1424 1719 ttna
1448 1683 1570 1721 cum
1596 1669 1700 1721 vita
1731 1671 1922 1739 regalis
1951 1672 2061 1741 gla—

478 1753 594 1809 dius
623 1768 953 1824 amputaret,
984 1773 1191 1813 necnon
1223 1768 1278 1813 et
1317 1759 1454 1815 ﬁlius
1483 1762 1599 1830 ejus
1631 1762 1802 1817 eidem
1845 1774 2059 1819 senten-

1363 336 1565 395 ΡΜ]ιί
1607 341 1873 400 DIACONI
1899 336 2055 402 OPP.
2096 346 2267 406 PARS
2306 352 2346 409 Ι.
2370 384 2441 398 -
2478 355 2862 415 HISTORICA.

480 457 565 504 tur
585 488 602 515 ,
651 444 1013 519 injicientibus
1036 493 1054 519 ,
1101 461 1201 506 nec
1245 451 1464 508 omnino
1508 455 1778 511 ﬂammam
1805 457 2061 515 divinitus
2087 462 2139 521 Α
2164 458 2354 519 iterum
2380 477 2539 537 atque
2567 469 2757 525 iterum
2782 487 2809 525 a
2844 473 3141 542 Dagoberto
3167 479 3407 555 principe,

3592 387 3667 447 756

2164 505 2253 516 ...η
2269 505 2354 519 ...η
2380 505 2539 537 -..μιν
2569 505 2657 525 um
2673 505 2757 525 um
2782 505 2809 525 α
2844 505 3141 542 υειδυυκπιυ
3167 505 3407 555 pl'lllClpe,
3426 505 3558 558 quem
3582 505 3667 568 ipse

2162 553 2566 625 diligentissime
2595 567 2885 629 nutrierat,
2912 566 3179 624 licentiam
3221 572 3366 645 hujus
3391 582 3458 636 rei
3486 592 3669 652 pustula.

2163 655 2263 713 ret,
2292 648 2547 707 instinctu
2568 655 2783 713 \diaboli
2830 670 3129 717 commotus
3167 664 3407 727 adversus
3450 648 3553 731 eum
3582 700 3669 751 rex,

2163 752 2283 790 cum
2330 740 2382 794 ei
2424 741 2513 797 die
2557 745 2782 813 quadam
2834 750 2992 804 nimis
3042 753 3362 823 importunus
3403 763 3449 819 in
3491 740 3672 835 petendo

2163 829 2385 899 fuisset,
2424 847 2638 904 arrepto
2669 856 2924 897 mucrone
2954 845 3121 900 voluit
3156 864 3271 904 eum
3310 858 3564 915 sauciatam
3587 880 3608 916 a
3630 884 3673 923 se

2165 936 2459 979 removere.
2498 926 2646 981 Tunc
2686 930 2771 983 ille
2805 936 3189 1002 parvipendens
3230 940 3354 997 iram
3384 941 3589 1007 morituri
3613 972 3673 1010 re-

2166 1013 2264 1082 gis,
2291 1026 2598 1072 constanter
2623 1020 2787 1076 dixit:
2819 1024 2953 1091 Quid
2991 1029 3125 1096 agis,
3157 1032 3344 1088 miser?
3367 1036 3483 1092 Mala
3506 1058 3585 1109 pro
3605 1046 3675 1101 bo.

2168 1104 2249 1157 nis
2279 1106 2404 1159 mihi
2438 1111 2730 1176 rependere
2762 1114 2875 1166 vis?
2916 1116 3065 1171 Nunc
3091 1130 3285 1189 autem,
3315 1104 3673 1199 quandoquidem

2168 1193 2235 1246 ita
2286 1197 2492 1263 placet,
2542 1201 2731 1255 stcvias
2775 1203 2827 1257 in
2872 1221 2956 1260 me
3002 1221 3253 1277 quantum
3303 1217 3426 1271 velis
3462 1237 3582 1291 :ego
3605 1242 3676 1293 pro

2169 1289 2310 1345 illius
2337 1307 2521 1349 amore
2549 1297 2682 1349 mori
2714 1312 2820 1352 non
2851 1299 3037 1354 dubito
3062 1344 3076 1367 ,
3110 1306 3196 1373 qui
3234 1308 3355 1363 mihi
3385 1289 3675 1384 vitamvdedit,

2167 1393 2221 1436 et
2253 1399 2347 1451 pro
2380 1400 2465 1440 me
2496 1398 2735 1444 mortuus
2767 1404 2868 1445 e5t.
2904 1394 3027 1450 Hmc
3074 1413 3139 1451 eo
3175 1399 3408 1467 dicente,
3436 1420 3539 1460 cum
3577 1426 3678 1465 unus

2167 1480 2452 1534 astantium
2480 1498 2758 1548 procerum
2787 1489 2993 1545 blandis
3016 1494 3190 1548 verbis
3213 1498 3533 1569 redargueret
3558 1515 3681 1562 teme-

2168 1573 2376 1627 ritatem
2407 1576 2548 1644 regis
2574 1616 2589 1640 ,
2622 1578 2838 1635 sedatus
2868 1592 2949 1636 est
2987 1585 3130 1640 furor
3160 1589 3322 1656 ipsius
3343 1634 3356 1656 ,
3386 1604 3435 1647 et
3467 1597 3680 1654 mediante

2165 1666 2332 1734 gratia
2370 1668 2496 1734 Dei,
2526 1673 2698 1726 caruit
2724 1674 2918 1730 effectu
2946 1680 3241 1737 sceleratus
3270 1685 3492 1743 affectus.
3524 1690 3679 1748 Interea

2124 1810 2131 1823 ,
2166 1763 2575 1830 superveniente
2603 1770 2814 1835 regina,
2863 1782 2916 1826 ut
2946 1775 3146 1831 audivit
3182 1782 3563 1837 commotionem
3595 1801 3681 1854 qua

478 1847 563 1900 tiae
593 1847 915 1918 subjaceret.
957 1850 1057 1904 Per
1083 1851 1222 1906 idem
1261 1863 1467 1921 tempus
1492 1870 1612 1909 cum
1645 1856 1833 1911 beatus
1866 1858 2062 1913 Αιιηοι-
2093 1851 2143 1911 Β
2170 1862 2354 1907 contra
2385 1858 2553 1910 virum
2585 1857 2678 1913 Dei
2706 1861 2822 1915 sine
2855 1878 3010 1917 causa
3053 1866 3391 1925 incanduerat
3412 1915 3425 1937 ,
3454 1877 3683 1940 prostravit

476 1935 562 1991 fus
603 1938 710 2006 jam
759 1955 895 2009 pene
953 1956 1141 1997 omnes
1201 1945 1477 2000 thesauros
1524 1946 1776 2002 Ecclesia:
1832 1950 1883 2003 in
1934 1965 2061 2005 usus

478 2043 766 2097 pauperum
795 2044 1068 2103 erogasset
1088 2076 1104 2101 ,
1140 2047 1416 2105 supererat
1459 2038 1632 2093 adhuc
1662 2040 1840 2095 discus
1867 2056 2060 2111 argen-

480 2130 617 2185 teus,
649 2120 848 2177 habens
878 2124 1041 2180 libras
1068 2142 1229 2182 Lxxtt.
1256 2129 1406 2184 Hunc
1438 2133 1649 2201 quidam
1685 2133 1837 2204 Hugo
1865 2137 2064 2204 primas

479 2229 755 2283 procerum
805 2218 928 2272 dato
976 2223 1150 2289 pretio
1192 2225 1564 2292 comparavit,
1606 2227 1697 2281 sed
1727 2228 2064 2309 omnipotens

481 2309 619 2364 Deus
650 2325 753 2364 non
785 2327 971 2378 passus
1016 2326 1095 2369 εει
1144 2325 1200 2369 ut
1250 2317 1416 2371 laicus
1462 2319 1556 2373 illo
1596 2321 1859 2377 frueretur
1890 2326 1977 2393 qui
2012 2326 2064 2379 in

479 2401 682 2456 honore
710 2402 851 2458 beati
882 2405 1138 2473 Stephani
1169 2414 1577 2483 protomartyris
1621 2414 1730 2484 jam
1775 2418 1900 2472 olim
1941 2434 2066 2473 con-

480 2503 719 2549 secratus
749 2495 1061 2551 habebatur.
1098 2499 1359 2554 Przedicto
1389 2503 1650 2571 siquidem
1684 2507 1905 2577 Hugone
1931 2525 2066 2580 pra!-

478 2588 587 2657 peti
615 2597 785 2643 morte
815 2601 1102 2658 prostrato,
1131 2594 1311 2650 discus
1339 2595 1427 2652 ille
1455 2599 1713 2657 Lotbario
1745 2606 1851 2675 regi
1876 2606 2066 2664 allatus

481 2689 597 2746 est;
643 2681 903 2749 quicum,
946 2686 1301 2741 referentibus
1346 2690 1684 2762 quibusdam,
1715 2699 2066 2765 comperisset

477 2772 620 2827 hunc
663 2789 691 2829 a
733 2774 890 2829 beato
930 2776 1153 2833 Amolfo
1182 2779 1252 2834 ob
1289 2781 1599 2837 alimoniam
1643 2800 1936 2854 pauperum
1975 2805 2064 2845 ve-

485 2864 777 2921 nundatum
810 2866 1009 2935 fuisse,
1038 2885 1159 2924 mox
1202 2882 1451 2942 tanquam
1493 2876 1703 2929 caelitus
1741 2878 2063 2948 inSpiratus,

475 2959 623 3028 jubet
660 2975 779 3015 eum
817 2962 1070 3018 velociter
1108 2967 1458 3033 superpositis
1493 2978 1707 3023 centum
1758 2974 1956 3039 aureis,
1997 2974 2063 3028 ad

475 3051 767 3107 Metensem
817 3055 1088 3110 civitatem
1139 3068 1325 3112 sancto
1375 3061 1608 3126 pontiﬁci
1660 3061 1880 3118 deferri.
1930 3064 2063 3119 Cum

474 3143 635 3212 igitur
682 3147 1027 3215 quamplures
1078 3149 1299 3204 virtutes
1345 3136 1455 3218 per‘
1487 3153 1696 3207 beatum
1741 3155 1908 3209 virum
1949 3171 2064 3210 cre-

2166 1959 2223 1999 se
2249 1960 2351 1999 una
2384 1962 2504 2002 cum
2534 1965 2659 2019 rege
2692 1953 2912 2021 pedibus
2944 1957 3059 2026 ejus
3091 1977 3103 2013 :
3134 1971 3189 2014 et
3219 1972 3273 2016 ut
3315 1964 3391 2018 sui
3430 1966 3682 2021 misereatur

2167 2038 2490 2091 remittendo
2512 2088 2513 2091 η
2535 2040 2730 2096 illatam
2784 2046 3061 2114 injuriam,
3092 2066 3212 2106 cum
3246 2054 3478 2125 lacrymis
3501 2058 3683 2125 postula-

2168 2142 2291 2182 vere
2313 2130 2584 2187 dicentes:
2620 2136 2810 2206 Perge,
2838 2140 3073 2207 domine,
3106 2146 3171 2198 ad
3202 2163 3445 2211 eremum.
3478 2152 3593 2204 sicut
3613 2152 3682 2206 de-

2167 2222 2373 2276 sideras
2408 2242 2419 2277 :
2456 2235 2654 2281 tantum
2684 2238 2735 2283 te
2766 2232 3029 2300 placatum
3058 2235 3348 2295 habeamus
3367 2257 3507 2310 quem
3534 2243 3685 2312 injuste

2167 2311 2506 2371 offendimus.
2537 2319 2664 2373 Data
2696 2321 2855 2391 igitur
2877 2325 2982 2378 illis
3005 2329 3180 2394 venia,
3212 2345 3329 2383 cum
3357 2333 3683 2400 egrederetura

2171 2406 2365 2470 palatio
2403 2408 2592 2463 beatus
2634 2409 2885 2467 Arnolfus
2914 2417 3199 2487 episcopus
3225 2461 3240 2486 ,
3271 2436 3392 2476 ecce
3421 2437 3505 2489 pro
3532 2420 3687 2475 foribus

2167 2500 2499 2566 claudorum,
2518 2517 2781 2558 caecorum
2800 2516 2851 2560 et
2870 2508 3246 2565 universorum
3261 2528 3529 2582 pauperum
3549 2522 3687 2567 astans

2168 2590 2450 2646 multitudo
2479 2593 2698 2648 elevatis
2730 2597 2951 2651 vocibus
2983 2600 3291 2657 clamabant
3323 2604 3384 2657 ad
3412 2620 3520 2659 eum
3544 2604 3688 2659 dicen-

2170 2691 2247 2736 tes
2283 2700 2297 2737 :
2333 2685 2376 2738 Ο
2420 2697 2603 2740 sancte
2633 2699 2840 2757 pastor,
2868 2707 2961 2745 cur
3003 2709 3097 2749 nos
3130 2697 3356 2752 miseros
3386 2695 3689 2764 derelinquisi

2168 2778 2297 2844 Quis
2348 2781 2697 2836 miserebitur.
2738 2786 2940 2853 nostri,
2992 2789 3073 2842 vel
3113 2791 3235 2858 quis
3266 2791 3451 2845 tribuet
3485 2789 3613 2843 nobis
3635 2786 3691 2841 vi-

2169 2881 2309 2950 ctum
2340 2880 2431 2925 aut
2460 2876 2752 2929 vestitum?
2785 2876 2876 2930 His
2908 2888 2961 2931 et
2991 2880 3292 2950 hujusmodi
3326 2880 3601 2951 lacrymusis
3624 2893 3691 2931 vo-

2168 2939 2337 3027 cibus,
2365 2967 2637 3032 respondit
2663 2968 2740 3021 eis
2773 2970 2888 3036 pius
2919 2939 3096 3037 Pater,
3122 2982 3176 3026 et
3207 2974 3319 3042 ipse
3334 2973 3496 3025 ﬂendo
3519 2972 3688 3023 dicens:

2169 3052 2343 3109 Nolite
2389 3058 2735 3125 contristari,
2785 3062 2930 3115 ﬁlioli
2962 3060 2999 3115 ἐ
3052 3064 3202 3119 dabit
3246 3066 3384 3120 enim
3432 3062 3562 3117 vobis
3586 3062 3692 3114 Deus

2171 3156 2435 3213 pastorem
2467 3151 2552 3219 qui
2588 3167 2681 3205 vos
2708 3162 2887 3220 pascat
2918 3154 2970 3209 in
3005 3156 3347 3211 miseratione
3375 3164 3427 3211 et
3448 3153 3693 3209 misericor-

481 3237 729 3292 brescere
752 3242 1063 3309 coepissent,
1082 3244 1178 3297 soli
1205 3246 1314 3299 Deo
1345 3262 1532 3302 vacare
1551 3249 1754 3316 volens,
1780 3253 2066 3307 remotiora

2174 3239 2279 3292 dia.
2314 3240 2494 3294 Estote
2524 3244 2692 3310 pacati
2723 3244 2971 3309 invicem,
3006 3247 3245 3316 benigni,
3276 3244 3627 3308 misericordes,
3653 3248 3693 3293 ut

474 3330 717 3397 quaedam
756 3330 871 3384 loca
897 3331 1045 3401 juxta
1083 3334 1366 3407 Vosaginm
1398 3340 1617 3406 expetiit
1653 3358 1665 3393 :
1699 3348 1753 3393 et
1782 3341 1851 3395 ibi
1892 3351 2065 3397 retru-

476 3433 568 3473 sus
616 3420 668 3474 in
719 3423 911 3476 cellula
961 3429 1232 3495 quadam,
1277 3428 1464 3484 diebus
1493 3446 1557 3485 ac
1593 3434 1839 3487 noctibus
1867 3438 2061 3492 caelum

476 3512 827 3569 sanctissimis
859 3517 1106 3582 precibus
1150 3522 1396 3587 pulsavit.
1438 3524 1717 3579 Sollicitari
1749 3543 1875 3583 vero
1900 3533 2064 3599 coepit

476 3602 697 3667 interea,
732 3621 797 3661 ne
825 3608 971 3674 plebs
1000 3608 1097 3664 sibi
1137 3626 1165 3664 a
1208 3611 1430 3668 Domino
1458 3618 1655 3671 credita
1684 3660 1698 3684 ,
1731 3634 1796 3673 eo
1835 3633 2060 3689 rem0to,

477 3693 545 3748 de
574 3704 788 3750 aeterna:
839 3700 959 3751 vitae
1006 3701 1196 3769 pabulo
1240 3704 1436 3774 aliquid
1482 3709 1589 3775 jam
1642 3712 1816 3765 minus
1846 3715 2060 3784 accipe-

474 3794 596 3839 rent
627 3804 639 3839 :
669 3787 991 3861 mittensque
1030 3808 1124 3862 per
1174 3798 1525 3854 internuntios
1574 3805 1829 3871 epistolas
1868 3808 1934 3861 ad
1976 3825 2064 3865 re-

475 3893 593 3947 gem
616 3922 632 3949 ,
671 3882 888 3950 rogabat
918 3885 1269 3944 intentissime
1309 3900 1364 3945 ut
1403 3894 1564 3948 alium
1598 3895 1715 3951 loco
1745 3914 1843 3954 suo
1871 3902 2083 3975 subro-‘

475 3989 599 4041 gare
644 3976 801 4030 vellet
848 3980 1188 4048 pontiﬁcem,
1229 3984 1319 4052 qui
1352 3988 1747 4054 prmdicationis
1790 3995 1949 4048 verbo
1978 3996 2061 4048 di-

475 4065 627 4134 gnius
689 4080 747 4122 se
800 4070 1034 4124 erudiret
1089 4072 1285 4129 ChriSti
1342 4077 1572 4144 plebem.
1632 4082 1745 4147 Qua
1803 4084 2064 4151 legatione

476 4169 723 4227 accepta,
768 4161 1055 4219 Lotharius
1087 4182 1190 4220 non
1243 4170 1466 4224 modicis
1496 4174 1729 4242 repletur
1755 4180 2061 4247 angoribus,

476 4262 527 4306 et
555 4256 845 4322 quaeritans
878 4272 937 4310 se
966 4258 1032 4312 ab
1075 4262 1216 4315 omni
1245 4264 1469 4319 consilio
1494 4268 1826 4339 destitutum,
1857 4271 1902 4325 si
1933 4272 2061 4328 bea-

478 4352 560 4396 tus
608 4348 856 4403 Arnolqu
898 4365 927 4402 a
985 4350 1278 4421 frequentia
1325 4358 1505 4425 palatii
1549 4371 1786 4417 remotus
1838 4364 2057 4436 fuisset,

479 4436 724 4490 rescribit
746 4439 792 4492 ei
826 4440 904 4494 sic
930 4442 1069 4497 inter
1098 4455 1289 4500 caetera
1324 4466 1338 4503 :
1370 4468 1390 4502 ε
1431 4450 1541 4507 Hoc
1570 4457 1708 4524 quod
1742 4472 1835 4527 per
1860 4460 2061 4528 episto-

481 4525 585 4578 lam
622 4536 852 4584 vesttam
875 4572 889 4595 ,
920 4533 1133 4591 domine
1177 4539 1352 4605 Pater,
1384 4558 1569 4614 rogare
1610 4548 1883 4616 voluistis,
1920 4563 1976 4607 ut
2005 4555 2058 4609 in
2094 4595 2153 4619 ..ν

2088 4595 2143 4657 υ

481 4615 599 4670 loco
626 4629 806 4673 vestro
832 4623 966 4677 alter
1001 4627 1352 4685 substituatur
1391 4636 1671 4705 episcopus
1696 4682 1709 4702 ,
1763 4643 2063 4702 nullatenus

481 4717 661 4760 nostra
695 4715 1039 4781 praesumptio
1068 4717 1242 4772 facere
1272 4725 1541 4789 praesumit
1567 4743 1581 4780 :
1605 4730 1696 4783 sed
1722 4734 1895 4800 potius
1918 4739 2061 4793 omni

480 4800 762 4857 devotione
792 4818 1040 4874 rogamus
1068 4821 1125 4863 ut
1157 4812 1201 4864 si
1232 4812 1283 4865 in
1321 4815 1581 4872 bonorum
1615 4835 1834 4888 aperum
1859 4830 2063 4883 exerci-

481 4895 553 4949 tio
585 4896 744 4950 vitam
794 4898 987 4954 alicubi
1033 4902 1226 4959 ducere
1269 4906 1596 4976 deliberatis,
1642 4916 1777 4983 apud
1808 4919 2063 4987 populum

482 4990 632 5046 vobis
661 4993 1023 5061 commissum,
1048 4997 1182 5049 sicut
1208 5000 1444 5067 coepistis
1472 5008 1859 5077 conversando,
1884 5024 2065 5066 exem-

479 5084 625 5154 plum
655 5085 703 5139 ei
729 5087 845 5140 sitis
871 5090 1239 5155 promerendae
1266 5094 1473 5148 salutis.
1513 5113 1532 5146 ι
1564 5096 1673 5151 Nec
1701 5100 1890 5154 mirum
1925 5103 2065 5171 quod

482 5185 628 5232 tanta
656 5179 938 5235 dilectione
969 5181 1251 5240 Lotharius
1286 5200 1377 5241 rex
1417 5188 1627 5243 beatum
1658 5190 1828 5246 virum
1859 5196 2066 5265 ample-

482 5283 639 5327 xatus
676 5273 774 5337 sit,
803 5275 885 5331 cui
917 5283 971 5330 et
1015 5276 1179 5332 ﬁlium
1208 5293 1373 5334 suum‘
1391 5282 1747 5355 Dagobertttm
1788 5287 1839 5342 in
1873 5291 2069 5358 princi-

483 5374 609 5435 patu
640 5368 984 5424 sublimatum
1011 5412 1027 5438 ,
1057 5373 1206 5441 quasi
1236 5377 1501 5443 propriam
1534 5379 1774 5434 sobolem
1815 5384 2066 5440 erudien-

485 5458 610 5513 dum
638 5463 909 5516 commisit
944 5484 955 5517 :
988 5474 1041 5518 et
1071 5466 1184 5535 ipse
1204 5468 1436 5537 quandiu
1458 5471 1609 5538 vixit,
1635 5487 1728 5541 per
1749 5472 1865 5544 ejus
1893 5477 2069 5531 consi-

489 5552 619 5607 lium
645 5564 700 5609 et
724 5556 1109 5623 providentiam
1131 5576 1353 5630 quaeque
1372 5564 1517 5634 regni
1549 5566 1758 5635 negotia
1787 5567 2072 5637 disponere

483 5647 613 5702 satis
642 5646 771 5702 utile
796 5649 963 5704 duxit.
1002 5650 1259 5709 Defuncto
1283 5655 1455 5727 itaque
1485 5657 1737 5715 Lotbario
1769 5675 1892 5729 rege
1912 5703 1925 5727 ,
1951 5678 2070 5717 cum

484 5737 658 5794 adhuc
692 5740 879 5797 beatus
923 5742 1177 5802 Arnoll‘us
1226 5750 1749 5819 episc0pns'eodem
1807 5754 2074 5810 desiderio

487 5851 595 5903 quo
626 5840 788 5904 prius,
822 5845 1171 5899 conversandi
1206 5845 1452 5901 videlicet
1484 5849 1533 5903 in
1566 5864 1747 5903 eremo
1804 5848 2045 5916 ﬂagraret

2166 3329 2290 3382 dum
2321 3328 2375 3383 in
2422 3330 2521 3386 hac
2554 3335 2800 3400 praesenti
2845 3339 2949 3387 vita
2980 3348 3293 3405 paupertate
3323 3347 3374 3391 et
3402 3334 3587 3390 miseria
3623 3345 3693 3383 an-

2165 3424 2494 3491 gustiemini,
2526 3426 2577 3479 in
2608 3426 2781 3481 futura
2810 3428 2913 3481 vita
2947 3428 3127 3484 felices
3149 3446 3273 3487 cum
3297 3430 3497 3485 Christo
3519 3436 3693 3495 regnare

2166 3518 2517 3585 mereamini,
2550 3527 2604 3571 et
2635 3520 2720 3572 his
2749 3520 2906 3576 dictis
2933 3524 3111 3577 statim
3150 3525 3220 3579 ad
3250 3524 3536 3579 orationum
3566 3516 3695 3588 pergit

2166 3611 2481 3663 certamina.
2512 3609 2637 3663 Post
2668 3610 2781 3664 haec
2810 3628 2977 3682 pauco
3005 3616 3221 3669 evoluto
3249 3625 3502 3683 tempore,
3527 3617 3695 3663 sanctus

2168 3699 2424 3754 Goericus
2451 3742 2465 3768 ,
2498 3711 2852 3769 engnomento
2877 3704 3027 3772 Appo
3056 3745 3070 3769 ,
3106 3705 3266 3774 hujus
3295 3717 3554 3759 successor
3578 3695 3694 3764 eligi-

2168 3801 2272 3857 tur,
2309 3791 2427 3845 vitte
2454 3794 2738 3847 sanctitate
2759 3794 3108 3860 admirabilis,
3135 3806 3189 3849 et
3220 3796 3459 3849 omnibus
3485 3792 3569 3845 sibi
3588 3801 3697 3841 com-

2168 3883 2345 3938 missis
2374 3884 2635 3937 amabilis.
2662 3884 2779 3952 Quo
2802 3884 3001 3950 audito,
3034 3888 3113 3941 vir
3143 3888 3387 3958 egregius
3418 3880 3696 3942 llomaricus,

2166 3978 2374 4033 scilicet
2424 3978 2637 4032 beatum
2680 3980 2959 4035 Arnolfum
2988 3982 3285 4035 solitariam
3318 3984 3471 4034 vitam
3499 3976 3696 4045 elegisse.

2165 4084 2196 4123 a
2225 4069 2463 4137 partibus
2495 4069 2686 4139 Vosagi
2719 4086 2998 4141 egressus,
3036 4075 3209 4144 pergit
3236 4073 3302 4128 ad
3328 4088 3467 4137 eum,
3496 4077 3628 4138 atque
3650 4076 3699 4117 ex

2167 4163 2538 4216 convenientia
2589 4164 2862 4233 utriusque
2912 4165 3047 4219 infra
3099 4177 3266 4222 vastae
3310 4166 3468 4222 eremi
3508 4156 3699 4215 solitudi~

2168 4270 2311 4324 nem,
2339 4266 2517 4324 aptum
2544 4256 2640 4310 sibi
2671 4256 2808 4311 idem
2832 4270 3094 4328 praeparat
3123 4261 3323 4317 locum.
3348 4260 3448 4317 Sed
3470 4263 3698 4323 antequam

2168 4354 2354 4409 urbem
2381 4356 2616 4421 exirent,
2650 4365 2705 4407 ut
2739 4357 2802 4409 ad
2832 4372 3070 4411 eremum
3102 4367 3411 4429 pergerent,
3443 4353 3554 4425 quid
3579 4351 3699 4404 min-

2167 4447 2270 4501 culi
2301 4462 2393 4516 per
2418 4447 2631 4502 beatum
2665 4449 2939 4502 Arnolfum
2969 4451 3019 4502 in
3049 4452 3237 4505 eadem
3267 4451 3398 4504 urbe
3422 4449 3489 4501 sit
3513 4451 3696 4515 gestum.

2169 4540 2327 4595 silere
2377 4556 2482 4595 non
2532 4541 2718 4595 debeo.
2754 4541 2893 4595 Casu
2939 4558 3166 4613 namque
3217 4544 3439 4612 contigit
3464 4548 3513 4592 ut
3556 4538 3598 4589 in
3624 4544 3699 4587 una

2173 4646 2327 4689 nocte
2350 4635 2460 4703 jam
2493 4638 2913 4705 promptuarium
2945 4641 3086 4705 regis
3129 4640 3268 4707 ignis
3300 4649 3484 4689 vorans
3512 4633 3699 4689 vexareb

2171 4738 2329 4797 atque
2360 4740 2610 4782 eructans
2642 4727 2853 4782 ﬂamma
2892 4729 3109 4783 dOtnum
3148 4735 3548 4797 circumquaque
3573 4723 3702 4776 mina-

2171 4824 2304 4876 citer
2354 4822 2631 4876 lamberet.
2684 4822 2924 4890 Repente
2968 4838 3262 4893 exsurgens
3311 4823 3481 4876 omnis
3522 4815 3700 4872 civitas,

2172 4933 2294 4973 cum
2320 4918 2399 4972 sui
2423 4918 2629 4973 videret
2657 4919 2898 4981 exitium,
2928 4918 2979 4973 in
3005 4919 3261 4988 ejulatum
3293 4929 3447 4985 atque
3467 4918 3700 5011 clamorem

2172 5026 2429 5066 conversa
2459 5020 2560 5065 est.
2590 5012 2710 5079 Quo
2740 5011 2943 5077 audito,
2978 5016 3194 5082 praepeti
3224 5028 3409 5083 gressu
3438 5010 3499 5065 ad
3526 5006 3609 5061 viri
3634 5003 3701 5101 ﬁci

2177 5105 2392 5158 domum
2428 5106 2806 5173 pervenimus,
2838 5114 2892 5159 et
2919 5120 3038 5158 eum
3062 5146 3077 5169 ,
3110 5106 3247 5160 sicut
3279 5106 3349 5160 illi
3373 5103 3555 5173 jugiter
3578 5103 3705 5150 morti

2177 5206 2328 5262 erat,
2357 5196 2670 5265 psalmodize
2698 5207 2971 5251 vacantem
2998 5201 3315 5266 reperimus.
3347 5195 3525 5253 Statim
3551 5198 3703 5259 appre-

2179 5291 2342 5346 hensa
2371 5306 2527 5345 manu
2558 5291 2720 5356 illius,
2744 5292 2815 5345 ait
2838 5291 3179 5347 Romaricus:
3208 5292 3487 5363 Egredere,
3512 5281 3702 5380 domine.

2176 5399 2302 5439 ecce
2348 5385 2539 5437 adsunt
2586 5399 2682 5453 pro
2713 5385 2912 5439 foribus
2956 5386 3076 5455 equi
3119 5386 3286 5439 ttoStri
3320 5402 3334 5439 :
3366 5381 3613 5452 egredere,
3647 5384 3705 5423 ιη·

2177 5492 2355 5545 quam,
2388 5493 2475 5545 ne,
2498 5478 2637 5544 quod
2658 5475 2820 5541 absit,
2850 5486 2901 5532 te
2929 5477 2982 5531 in
3014 5477 3110 5531 hac
3140 5477 3272 5531 urbe
3302 5477 3435 5546 ignis
3464 5473 3556 5567 iste
3580 5467 3703 5567 absu-

2176 5579 2304 5624 mat.
2340 5568 2419 5623 Ad
2453 5569 2565 5623 haec
2598 5568 2719 5633 ille;
2751 5567 3129 5639 Nequaquam,
3163 5570 3363 5639 inquit,
3392 5561 3702 5620 dilectissime,

2175 5663 2268 5716 sed
2297 5660 2472 5715 ducite
2504 5676 2586 5715 me.
2617 5660 2709 5715 illo
2735 5678 2748 5715 :
2778 5671 2832 5715 et
2860 5663 3041 5730 ponite
3072 5678 3239 5731 prope
3261 5664 3431 5731 ignem
3453 5700 3465 5724 ,
3491 5666 3539 5709 ut
3566 5650 3705 5747 vim:

2178 5771 2293 5808 tuus
2328 5755 2427 5809 hoc
2476 5756 2691 5824 impium
2738 5755 2878 5825 quod
2927 5766 3200 5826 grassatur
3249 5750 3710 5843 incendittmzel‘tl

2180 5849 2245 5915 ita
2279 5848 2386 5895 vult
2419 5848 2555 5901 Dens
2590 5857 2644 5901 ut
2673 5847 2913 5910 ardeam,
2935 5863 3062 5904 ecce
3090 5852 3141 5905 in
3169 5864 3329 5904 manu
3350 5846 3461 5903 eius
3487 5853 3606 5895 sum.
3625 5828 3707 5879 Νυε
