3920 6336
182 392 262 447 ’157
1499 377 1559 434 S.
1599 372 1770 431 ARNG

1877 369 1890 424 |
1931 369 2106 425 VITA.

3334 345 3438 407 738

184 506 345 574 itaque
374 511 621 557 tenentes
644 512 834 553 manus
859 497 1020 562 illius,
1048 495 1113 551 ad
1140 497 1303 550 larem
1329 492 1602 548 ardentem
1627 504 1749 561 per-
1776 495 1827 553 Α
1854 487 2105 543 retardati
2135 498 2319 554 gressu
2345 523 2360 547 ,
2411 482 2579 538 libere
2623 478 2942 551 gradiuntur
2985 481 3110 528 ante
3137 486 3196 528 se
3217 508 3238 539 ,
3264 470 3440 528 donec

184 598 446 661 venimus,
492 605 546 649 et
569 593 793 663 iubente
823 591 949 657 illo,
994 591 1169 646 statim
1215 589 1266 643 in
1305 587 1602 642 orationem
1635 598 1751 651 pro-

184 689 364 755 strati,
412 687 647 756 capitulo
691 685 833 739 dicto
878 697 1063 737 omnes
1107 681 1459 749 exsurgimus.
1500 678 1634 731 Tum
1667 675 1754 729 ille

178 784 384 838 elevans
412 792 649 841 manum,
670 777 877 845 signum
906 773 1080 829 crucis
1108 780 1291 826 contra
1321 771 1561 823 flammas
1589 780 1755 834 Oppo-

177 876 299 939 suit,
326 885 559 940 moxque
588 868 779 923 mirum
802 868 855 921 in
878 867 1097 920 modum
1125 874 1373 931 tanquam
1399 861 1607 916 caelitus
1636 873 1756 927 per-

178 979 372 1030 cussus,
406 964 481 1017 nil
509 961 636 1015 alibi
665 973 859 1013 nocens
879 1000 894 1024 ,
924 959 1058 1011 infra
1085 956 1313 1025 parietes
1340 961 1484 1007 totus
1514 959 1751 1005 retorsus

176 1061 303 1133 ignis
332 1058 557 1114 interiit.
583 1054 734 1121 Quod
764 1068 861 1108 nos
890 1052 1135 1106 videntes
1165 1050 1364 1120 gratias
1394 1047 1506 1100 Deo
1525 1045 1751 1113 egimus,
1774 1108 1791 1127 .

177 1162 224 1208 et
247 1153 405 1205 dictis
435 1147 709 1203 matutinis
738 1145 805 1199 ad
853 1144 1074 1198 lectulos
1121 1149 1332 1197 nostros
1372 1137 1752 1192 remeavimus.

179 1244 365 1299 Eadem
398 1243 532 1296 hora
561 1240 649 1293 uni
676 1253 708 1293 e
739 1236 989 1290 fratribus
1018 1234 1135 1288 talis
1171 1230 1415 1300 apparuit
1454 1228 1589 1281 visio
1620 1242 1634 1277 :
1676 1224 1758 1277 in--

179 1346 319 1389 tuens
353 1335 408 1387 in
439 1330 664 1395 caelum,
696 1328 829 1382 vidit
858 1337 1104 1395 tanquam
1142 1323 1411 1377 ﬂammam
1442 1319 1575 1389 ignis
1606 1315 1760 1383 depi-

177 1438 309 1484 ctum
340 1426 673 1496 signaculum
714 1422 923 1485 crucis,
957 1428 1011 1473 et
1061 1433 1160 1472 vox
1208 1417 1341 1469 facta
1388 1420 1471 1466 est
1511 1410 1578 1463 de
1621 1409 1759 1463 ccelo

142 1514 351 1574 dicens
401 1534 415 1569 :
473 1514 661 1569 Cernis
713 1513 813 1566 hoc
857 1510 1106 1580 signum?
1156 1507 1267 1561 Hac
1320 1513 1475 1559 nocte
1506 1497 1760 1556 Arnolfus

176 1611 455 1680 episcopus
481 1622 577 1677 per
603 1605 778 1674 ipsum
813 1614 974 1680 totam
1006 1601 1269 1655 civitatem
1300 1598 1454 1651 istam
1482 1593 1551 1648 ab
1576 1594 1761 1646 inccn-

177 1704 255 1758 dio
284 1675 557 1756 iiberavit.
584 1675 902 1751 Mirantide
934 1702 1111 1746 autem
1143 1688 1297 1744 nttbis
1318 1685 1568 1741 omnibus
1594 1682 1762 1735 virtu-

177 1806 273 1851 tem
302 1807 463 1863 quam
496 1790 730 1844 vidimus
761 1788 829 1841 de
862 1787 980 1855 igne
1010 1782 1255 1851 superius
1282 1782 1351 1833 ab
1374 1793 1439 1831 eo
1470 1775 1757 1836 chtincto,

1858 580 1934 635 illi
1963 581 2050 650 qui
2098 578 2230 648 lapsi
2261 576 2510 645 fuerant,
2555 572 2832 628 evidenter
2869 581 3049 623 coram
3080 562 3328 620 omnibus
3354 574 3441 616 as-

1857 680 2160 744 surgentes,
2184 680 2237 727 et
2265 670 2460 725 iterum
2481 683 2541 723 se
2564 667 2762 722 feretro
2786 661 3132 731 subjicientes
3154 652 3440 712 ministerii

1857 765 1936 819 sui
1964 765 2161 829 locum,
2194 766 2334 817 sicut
2361 771 2537 829 antea,
2562 759 2962 827 suppleverunt.
2986 750 3191 807 Accidit
3218 756 3272 803 et
3298 745 3441 800 aliud

1858 856 1911 910 in
1941 856 2130 911 eodem
2156 856 2349 909 itinere
2372 853 2703 908 miraculum.
2736 848 2959 917 Quidam
2991 843 3254 911 siquidem
3284 840 3443 894 homo

1857 950 1910 1003 in
1961 963 2096 1018 pago
2147 946 2607 1009 Calvomontinse,
2653 942 2868 997 nomine
2894 941 3081 1006 Ceuta,
3110 938 3444 990 incestuosus

1860 1041 1959 1095 fuit
1993 1059 2006 1095 :
2036 1057 2193 1110 quem
2224 1041 2410 1096 beatus
2438 1038 2692 1094 Arnolqu
2718 1052 2839 1090 cum
2881 1035 2934 1088 in
2971 1032 3070 1086 hac
3110 1031 3214 1084 vita
3245 1027 3447 1098 positus

1860 1144 2041 1199 esset,
2072 1134 2268 1204 saepius
2310 1132 2376 1187 ad
2426 1128 2854 1186 emendationem
2908 1126 3199 1195 perducere
3236 1120 3445 1185 volens,

1862 1242 1961 1282 nec
1987 1228 2191 1296 valens,
2222 1228 2339 1282 sine
2366 1225 2674 1295 paenitentia
2708 1222 2941 1291 reliquit.
2978 1217 3321 1274 Venientibus
3347 1214 3452 1284 igi-

1863 1330 1949 1375 tur
1978 1320 2087 1376 illis
2119 1324 2206 1389 qui
2239 1319 2376 1374 beati
2410 1319 2505 1373 viri
2558 1318 2715 1371 funus
2765 1314 3068 1385 portabant,
3101 1311 3165 1364 ad
3195 1308 3452 1364 terminos

1864 1415 2023 1484 hujus
2052 1414 2341 1469 incestuosi
2373 1413 2607 1468 hominis
2630 1453 2644 1478 ,
2691 1418 2912 1487 repente
2959 1404 3196 1460 membra
3238 1409 3453 1479 portan-

1866 1509 1994 1562 tium
2027 1506 2376 1573 obriguerunt
2401 1546 2415 1571 ,
2463 1505 2534 1559 ita
2564 1514 2619 1557 ut
2651 1501 2872 1556 ulterius
2911 1499 3056 1553 nullo
3086 1495 3242 1550 modo
3274 1506 3455 1560 proce-

1866 1604 1992 1657 dere
2019 1610 2257 1669 possent.
2283 1600 2399 1667 Quo
2429 1600 2546 1653 viso
2571 1596 2880 1651 sacerdotes
2906 1603 2959 1647 et
2987 1589 3221 1647 universi
3249 1584 3452 1656 populi,

1866 1710 1985 1751 eum
2019 1710 2121 1749 non
2152 1693 2419 1748 modicum
2450 1690 2739 1761 angustiari
2781 1687 3100 1754 cmpissent,
3149 1678 3274 1750 quid
3315 1678 3457 1732 face-

1869 1797 2005 1853 rent,
2041 1801 2147 1857 quo
2190 1787 2536 1848 diverterent,
2586 1780 2879 1851 prmsertim
2924 1790 3043 1831 cum
3070 1774 3179 1843 jam
3219 1769 3337 1824 dies
3365 1768 3458 1822 de-

177 1887 330 1941 frater
362 1883 451 1937 ille
482 1883 619 1935 hanc
649 1880 910 1933 visionem
938 1873 1214 1937 narravit,
1248 1882 1547 1935 omnesque
1576 1879 1672 1917 nos
1706 1862 1757 1915 in
1790 1877 1841 1940 Β
1869 1882 2065 1935 cunam
2098 1886 2243 1933 esset
2266 1876 2330 1932 ad
2372 1890 2672 1944 vespam“.
2701 1871 2861 1926 Νοιιο
2890 1868 3020 1933 (ιω,
3051 1866 3140 1935 qui
3180 1876 3316 1917 unus
3344 1867 3461 1914 erat

176 1977 429 2044 majorem
455 1971 863 2026 admirationem
894 1966 1130 2020 adduxit.
1166 1963 1258 2016 llis
1286 1962 1385 2015 ista
1416 1954 1601 2027 gestis,
1634 1955 1762 2010 bea-

176 2076 253 2121 tus
286 2064 539 2118 Arnolfus
569 2062 767 2117 relictis
792 2056 1001 2113 cunctis
1030 2054 1210 2111 saeculi
1245 2054 1424 2116 rebus,
1448 2060 1503 2104 et
1536 2047 1759 2101 faculta-

176 2158 312 2210 tibus
361 2157 475 2208 suis
506 2152 826 2220 pauperibus
851 2147 1103 2215 erogatis,
1128 2145 1238 2214 jam
1280 2141 1417 2195 fidus
1455 2149 1507 2196 et
1546 2149 1763 2191 securus

175 2250 236 2304 de
266 2249 525 2301 thesauro
556 2245 609 2299 in
639 2242 777 2298 cmlo
808 2239 1109 2302 recondito,
1141 2248 1341 2305 pauper
1370 2230 1583 2301 quidem
1613 2243 1765 2296 prop—

177 2351 251 2394 ter
276 2339 554 2392 Christum
605 2335 657 2389 in
705 2333 901 2387 saeculo
930 2329 1184 2389 effectus,
1229 2323 1321 2377 sed
1365 2322 1473 2391 jam
1521 2319 1670 2373 dives
1699 2317 1764 2371 de

175 2434 370 2487 virtute
399 2430 524 2493 Dei,
558 2427 718 2481 veluti
749 2439 916 2479 novus
944 2421 1089 2475 Elias
1120 2420 1184 2471 ad
1216 2431 1453 2471 eretnutn
1484 2421 1759 2482 properat,

170 2533 224 2578 et
252 2524 394 2576 inter
420 2519 623 2575 bestias
664 2526 719 2571 et
761 2516 901 2569 feras
945 2511 1250 2581 quotidiana
1282 2504 1624 2560 meditatione
1654 2501 1766 2555 laru-

171 2614 265 2669 des
290 2613 405 2667 Deo
439 2620 715 2680 personat,
741 2607 922 2660 ascitis
944 2617 1124 2657 secum
1149 2599 1431 2669 aliquantis
1461 2594 1762 2661 monachis,

172 2708 369 2778 quibus
414 2704 643 2775 propriis
673 2701 914 2756 manibus
945 2697 1304 2752 fidelissimam
1346 2692 1653 2746 servitutem
1681 2687 1766 2757 ju-

171 2803 312 2873 giter
341 2800 722 2869 impendebat,
762 2795 1108 2851 calciamenta
1149 2806 1178 2844 a
1228 2788 1451 2858 pedibus
1480 2784 1770 2840 detrahens

170 2903 334 2961 atque
383 2893 706 2959 detergens,
752 2886 923 2956 capita
970 2894 1023 2939 et
1072 2883 1234 2954 pedes
1282 2881 1489 2935 illorum
1529 2875 1769 2931 crebrius

171 2985 398 3039 abluens
422 3023 438 3048 ,
490 2998 588 3036 nec
636 2995 742 3034 non
791 2988 844 3033 et
876 2980 1038 3032 lectos
1065 2976 1303 3044 ipsorum
1333 2972 1553 3041 singulis
1583 2968 1771 3022 diebus

174 3077 571 3133 studiosissime
605 3087 933 3142 componens
968 3088 980 3123 :
1013 3069 1257 3139 coquinae
1294 3068 1459 3121 etiam
1490 3061 1766 3117 servitium

179 3190 283 3228 non
309 3173 638 3236 abhorrens,
671 3185 832 3225 cocus
860 3168 975 3237 ipse
1005 3179 1147 3233 saepe
1177 3164 1438 3226 esuriens,
1472 3172 1597 3213 suos
1637 3170 1770 3211 con-

1867 1972 1935 2028 de
1965 1972 2124 2026 simul
2154 1968 2521 2040 gradientibus
2550 1967 2626 2019 ait
2652 1984 2663 2017 :
2696 1964 3034 2019 Manifettum
3076 1967 3157 2014 est
3186 1955 3307 2026 quia
3337 1968 3489 2007 sanr

1866 2077 1985 2121 ctus
2032 2066 2131 2120 istc
2177 2074 2372 2118 terram
2424 2060 2580 2129 hujus
2632 2054 2919 2111 incestuosi
2971 2052 3198 2106 heminis
3254 2044 3460 2116 ingredi

1869 2157 2158 2227 despiciat,
2188 2164 2242 2211 et
2270 2155 2414 2219 ideo,
2442 2154 2483 2205 si
2515 2152 2578 2205 ad
2610 2151 2939 2204 mansionem
2974 2159 3167 2208 meam,
3202 2156 3319 2209 qua:
3366 2139 3463 2192 ali-

1868 2250 2180 2320 quantulum
2211 2249 2337 2303 hinc
2366 2253 2571 2301 remota
2608 2252 2730 2308 est,
2763 2251 2886 2294 ante
2915 2254 3071 2309 quam
3106 2251 3208 2290 nox
3253 2232 3460 2287 initium

1869 2354 2069 2412 sumat,
2101 2344 2286 2398 venire
2318 2355 2616 2411 possemus,
2645 2336 2711 2391 de
2735 2336 2816 2389 his
2842 2350 2961 2404 qua:
2987 2331 3117 2387 mihi
3146 2330 3214 2384 de
3241 2326 3461 2383 instanti

1869 2446 2204 2508 suppetunt,
2240 2436 2362 2489 licet
2408 2432 2642 2487 ditfidam
2697 2439 2895 2482 tantam
2946 2425 3337 2480 multitudinem
3378 2434 3465 2475 me

1867 2532 1976 2603 jam
2010 2547 2168 2603 posse
2196 2530 2438 2593 reficere,
2477 2537 2530 2580 ut
2576 2535 2697 2595 pote
2726 2540 2788 2579 ex
2841 2522 3130 2590 improviso
3175 2519 3466 2572 adventan-

1872 2635 2015 2692 tem,
2046 2635 2102 2680 ct
2140 2640 2225 2679 me
2261 2638 2477 2692 prorsus
2504 2620 2821 2690 imparatum
2856 2616 3238 2676 inveniontcm,
3282 2625 3465 2665 neces-

1871 2720 2015 2773 saria
2065 2717 2451 2770 ministrarent.
2510 2713 2601 2766 llis
2648 2709 2867 2773 auditis,
2913 2707 3195 2761 universus
3242 2703 3466 2772 papulas

1873 2813 2132 2882 arripiunt
2164 2811 2265 2865 iter
2290 2823 2476 2863 versus
2499 2806 2752 2875 oppidum
2778 2803 3014 2871 ejusdem
3045 2801 3193 2853 ducis
3224 2816 3236 2850 :
3267 2808 3322 2852 et
3348 2809 3467 2863 por-

1877 2905 2064 2958 titores
2114 2901 2298 2956 feretri
2354 2908 2494 2952 tanta
2546 2906 2669 2950 sunt
2718 2893 2999 2948 velocitate
3046 2890 3248 2955 donati,
3299 2896 3355 2940 ut
3398 2884 3466 2939 ad

1874 2999 2195 3055 destinatum
2229 2995 2403 3049 locum
2436 3000 2562 3046 ante
2593 2990 2875 3044 terminum
2919 2985 3022 3039 diei
3070 2980 3465 3052 pervenientes,

1877 3093 2054 3161 potius
2084 3090 2405 3157 semetipsos
2434 3083 2635 3153 portari
2679 3081 2961 3143 sentirent,
3012 3090 3167 3145 quam
3201 3072 3299 3141 ipsi
3343 3085 3469 3139 por-«

1877 3192 2067 3237 tarent.
2093 3181 2241 3236 Tunc
2272 3178 2429 3232 Notto
2460 3177 2535 3230 ait
2563 3174 2729 3239 :Qnia
2761 3185 2944 3241 parum
2977 3166 3104 3238 quid
3137 3165 3188 3218 in
3224 3170 3469 3231 promptu

183 3266 481 3320 tubernales
529 3264 797 3333 pascebat.
847 3260 952 3315 Sed
995 3266 1050 3313 et
1096 3257 1291 3311 lectum
1339 3259 1538 3307 stratus
1579 3249 1767 3318 ipsius.
1796 3255 1845 3319 C
1880 3274 2158 3337 habemus,
2188 3279 2402 3324 sanctus
2430 3266 2683 3320 Arnolt‘us
2725 3270 2880 3316 nocte
2923 3262 3020 3312 hac
3068 3254 3344 3325 prorideat
3373 3267 3471 3306 no-

187 3360 335 3414 vilem
365 3359 581 3429 quidem
614 3357 667 3410 in
696 3356 864 3410 oculis
895 3353 1192 3415 hominum,
1228 3348 1321 3403 sed
1353 3344 1770 3416 pulcherrimum

189 3451 240 3507 in
268 3454 540 3508 obtutibus
564 3450 911 3520 angelorum,
941 3446 1136 3515 spretis
1167 3442 1413 3497 mollibus
1443 3449 1497 3495 et
1522 3435 1772 3508 pretiosis

189 3547 438 3609 vestibus,
467 3543 647 3599 cilicio
677 3540 991 3597 exornabat.
1024 3534 1079 3592 ln
1110 3536 1193 3590 his
1236 3534 1397 3600 igitur
1436 3543 1594 3601 atque
1620 3538 1774 3583 caete-

190 3639 260 3694 ris
286 3636 758 3693 innumerabilibus
799 3634 993 3698 bonis,
1040 3631 1166 3685 dum
1214 3629 1508 3698 angelicam
1556 3624 1775 3679 duceret

191 3732 362 3795 vitam,
405 3730 627 3800 jamque
657 3728 797 3781 Deus
844 3725 1182 3793 omnipotens
1215 3721 1466 3775 athletam
1515 3732 1669 3771 suum
1709 3714 1772 3768 ad

191 3821 505 3875 destinatum
540 3818 783 3873 bravium
815 3818 973 3871 vellet
1002 3828 1192 3868 vocare
1220 3855 1233 3878 ,
1278 3820 1484 3866 astante
1515 3808 1612 3862 sibi
1652 3805 1773 3861 reli-

193 3916 334 3984 gioso
361 3916 477 3970 viro
524 3912 828 3977 Romarico,
861 3908 1107 3963 familiari
1138 3921 1237 3961 suo
1267 3922 1385 3958 cum
1417 3901 1625 3959 caeteris
1656 3913 1771 3953 mo-

193 4005 368 4060 nachis
394 4047 409 4073 ,
460 4013 517 4059 et
560 4002 848 4073 gloriosum
884 3999 1002 4069 ejus
1050 3998 1328 4051 transitum
1361 3996 1427 4049 de
1456 3998 1554 4047 hoc
1579 3990 1775 4046 szeculo

194 4097 645 4167 przcstolantibus,
676 4094 878 4148 electus
921 4090 1010 4146 Dei
1044 4089 1278 4159 pontifex
1312 4089 1393 4141 his
1425 4101 1517 4139 eos
1548 4082 1775 4150 alloqui»

196 4198 276 4242 tur
318 4190 491 4244 verbis
545 4206 558 4240 :
612 4186 879 4241 Amabiles
928 4183 1169 4246 domini,
1202 4181 1479 4235 obsecrate
1504 4176 1773 4230 Christum

197 4299 288 4354 pro
315 4300 415 4339 me.
448 4285 568 4340 Jam
596 4286 738 4337 enim
769 4280 920 4334 adest
944 4278 1059 4332 dies
1089 4277 1141 4331 in
1172 4291 1276 4343 quo
1300 4272 1461 4343 judici
1492 4284 1611 4324 meo
1636 4283 1773 4337 pra:-

198 4377 474 4429 sentandus
501 4373 790 4444 apparebo.
820 4369 955 4436 Quid
981 4366 1205 4422 faciam?
1236 4364 1375 4420 Nihil
1406 4363 1528 4417 honi
1552 4360 1690 4431 gessi
1723 4359 1774 4412 in

201 4466 295 4521 hoc
321 4469 537 4523 sacculo.
567 4464 827 4521 Omnibus
854 4461 1148 4517 sceleribus
1185 4467 1242 4513 et
1282 4457 1511 4527 peccatis
1554 4453 1775 4507 vallatus

199 4569 452 4625 eoarctor,
482 4574 580 4628 pro
627 4558 818 4627 quibus
864 4554 1148 4608 Dominum
1174 4592 1189 4617 ,
1221 4559 1280 4604 ut
1303 4550 1511 4604 veniam
1544 4559 1773 4607 merear,

203 4650 435 4719 obsecro,
466 4625 754 4720 postulate.
784 4648 985 4702 Interea
1021 4646 1165 4699 venit
1192 4645 1320 4695 hora
1366 4649 1421 4693 ut
1460 4646 1640 4693 sancta
1683 4634 1772 4689 illa
1804 4625 1859 4686 D

207 4744 369 4799 anima
413 4744 663 4799 manibus
715 4742 1025 4812 angelorum
1064 4739 1129 4792 ad
1157 4735 1423 4790 Christum
1455 4738 1772 4801 gestaretur.

208 4833 285 4888 Fit
312 4836 451 4891 illico
478 4835 733 4906 gaudium
764 4847 1012 4902 magnum
1058 4841 1409 4897 supernarum
1439 4825 1694 4879 virtutum
1724 4822 1776 4876 in

208 4928 355 4993 eicio,
383 4930 474 4984 sed
505 4930 693 4999 ingens
724 4927 896 4982 luctus
925 4939 1219 4995 pauperum
1252 4920 1447 4975 Christi
1475 4925 1633 4986 atque
1659 4931 1777 4971 mo-

209 5022 483 5075 nachorum
511 5021 565 5074 in
587 5020 804 5074 saeculo.
832 5018 1070 5073 Audiens
1095 5024 1270 5068 autem
1300 5010 1618 5065 venerabilis
1641 5009 1780 5063 Goe-

210 5112 340 5165 ricus
384 5114 669 5181 episcopus
718 5110 996 5164 transitum
1046 5104 1188 5161 beati
1232 5102 1495 5172 pontificis
1535 5098 1780 5163 Arnolﬁ,

211 5204 482 5273 assumptis
522 5217 704 5257 secum
735 5200 943 5255 duobus
973 5200 1092 5252 ariis
1140 5195 1438 5264 episcopis,
1484 5202 1538 5247 et
1576 5204 1787 5245 coacer-

212 5302 322 5345 vata
348 5294 545 5362 ingenti
574 5302 790 5346 Caterva
816 5290 1129 5344 clericorum
1160 5296 1214 5341 et
1241 5285 1495 5338 laicorum
1528 5284 1698 5351 pergit
1718 5279 1784 5333 ad

212 5396 434 5438 eremum
456 5425 474 5450 ,
506 5394 560 5439 et
604 5398 725 5438 cum
759 5396 945 5450 magna
978 5376 1272 5434 reverentia
1308 5376 1555 5429 tollentes
1594 5387 1787 5441 corpus

215 5474 306 5528 viri
334 5476 463 5542 Dei,
503 5475 879 5545 regrediuntur
909 5473 973 5526 ad
1006 5473 1214 5526 urbem.
1244 5468 1485 5536 Cumque
1510 5467 1786 5522 venissent

213 5565 275 5618 ad
300 5568 576 5636 quemdam
605 5567 820 5619 fluvium
839 5606 855 5630 ,
887 5562 1036 5632 cujus
1064 5563 1193 5629 ripze
1232 5568 1416 5612 tenera
1448 5556 1602 5611 tellus
1626 5569 1785 5609 exesa

215 5658 453 5712 euntibus
506 5658 771 5712 lubricum
821 5653 1091 5725 praebebat
1141 5658 1412 5713 meatum,
1466 5647 1787 5718 posteriores

218 5751 302 5818 qui
345 5751 595 5807 feretrum
642 5748 964 5819 portabant,
1016 5744 1149 5815 lapsi
1194 5749 1448 5798 corruunt
1500 5758 1513 5793 :
1564 5739 1691 5803 sed,
1733 5746 1792 5792 ιιι

220 5855 354 5910 reor,
380 5843 577 5900 ibidem
598 5842 778 5898 statim
808 5839 981 5911 angeli
1007 5839 1225 5894 adsunt.
1246 5828 1617 5904 Nam'priores
1646 5829 1794 5887 nullo

1877 3365 1980 3428 bis,
2004 3364 2154 3433 cujus
2182 3362 2302 3415 fidei
2325 3359 2486 3413 verba
2511 3365 2691 3411 secuta
2714 3365 2794 3409 est
2818 3369 2995 3407 rerum
3020 3348 3280 3404 efticacia.
3300 3343 3470 3398 Tanta

1879 3470 2108 3525 namque
2126 3451 2450 3509 abundantia
2474 3448 2579 3503 cibi
2602 3456 2654 3500 et
2672 3459 2827 3515 potus
2846 3442 3104 3505 excrevit,
3131 3450 3186 3493 ut
3213 3438 3470 3491 medietas

1882 3552 2024 3606 illius
2075 3548 2325 3604 omnibus
2376 3546 2442 3599 ad
2492 3542 2859 3597 sufficientiam
2910 3537 3155 3599 satiatis,
3206 3532 3381 3586 adhuc
3418 3530 3471 3585 in

1878 3645 2173 3702 crastinum
2205 3648 2530 3709 superesset.
2576 3637 2702 3690 Post
2732 3635 2845 3687 haec
2873 3648 2996 3687 cum
3028 3644 3215 3700 magna
3248 3640 3471 3696 prospe-

1881 3739 2037 3793 ritate
2067 3748 2117 3790 et
2150 3735 2329 3789 lzetitia
2358 3732 2424 3784 ad
2457 3729 2640 3783 urbem
2671 3725 3008 3797 perveniunt.
3044 3723 3150 3776 Hoc
3182 3720 3320 3773 fama
3351 3732 3473 3786 pro-

1880 3830 2056 3883 vocati
2101 3829 2245 3881 cives
2270 3865 2285 3889 ,
2317 3840 2437 3879 cum
2468 3822 2715 3876 crucibus
2745 3830 2796 3873 et
2828 3814 2999 3871 cereis
3024 3855 3037 3881 ,
3078 3825 3235 3883 atque
3275 3806 3475 3878 ingenti

1883 3924 2075 3996 gaudio
2106 3934 2157 3978 et
2186 3922 2542 3975 admiratione
2570 3917 2780 3972 obviam
2810 3922 3061 3975 currunt,
3095 3920 3473 3979 pastoremque

1884 4033 2039 4073 suum
2058 4058 2075 4084 ,
2107 4031 2264 4088 quem
2292 4014 2489 4068 dudum
2518 4010 2720 4080 judicio
2764 4008 2857 4062 Dei
2892 4007 3131 4075 fugacem
3161 4002 3469 4065 amiserant,

1883 4112 2022 4167 cmlo
2048 4109 2160 4179 jam
2192 4116 2504 4179 regnantem
2535 4103 2825 4171 recipiunt,
2850 4109 3009 4169 atque
3037 4111 3249 4151 sacrum
3280 4108 3475 4163 corpus

1886 4205 2028 4258 illius
2057 4204 2108 4256 in
2149 4201 2367 4257 basilica
2400 4208 2705 4253 sanctorum
2737 4196 3100 4263 apostolorum
3130 4205 3251 4244 cum
3282 4202 3475 4257 magna

1886 4295 2183 4350 reverentia
2224 4292 2541 4346 recondunt.
2572 4290 2686 4355 Quo
2716 4286 2955 4354 sepulto,
2988 4283 3111 4353 quid
3144 4280 3282 4351 pud
3313 4278 3474 4334 Chri-

1885 4394 2023 4440 stum
2056 4384 2111 4438 in
2142 4398 2322 4438 eremo
2354 4391 2620 4436 mercatus
2650 4378 2809 4433 fuerit
2838 4377 3041 4431 civibus
3068 4375 3176 4428 suis
3209 4370 3476 4426 miraculis

1885 4476 2295 4532 demonstravit.
2344 4473 2479 4529 Nam
2528 4471 2721 4526 mulier
2770 4468 3011 4540 quasdam
3072 4466 3286 4519 nomine
3314 4461 3477 4526 Julia,

1888 4570 2174 4626 luminibus
2192 4568 2317 4621 olim
2345 4575 2564 4634 caecata,
2588 4579 2706 4619 cum
2729 4561 2794 4615 ad
2815 4561 3118 4630 sepulcrum
3148 4558 3244 4611 viri
3270 4557 3361 4610 Dei
3385 4569 3473 4610 ac-

1885 4663 2083 4718 cedens
2113 4660 2427 4714 liducialiter
2457 4666 2682 4717 orasset,
2708 4655 2909 4724 absque
2930 4668 3078 4707 mora
3101 4650 3279 4704 lumen
3313 4648 3471 4717 longo

1885 4764 2126 4824 tempore
2138 4751 2500 4807 desideratum
2525 4746 2746 4818 recepit,
2766 4755 2923 4814 atque
2945 4759 3039 4814 per
3058 4742 3232 4797 exitus
3249 4741 3474 4803 viarum,

1886 4861 2021 4916 quos
2066 4860 2171 4899 non
2219 4845 2318 4898 nisi
2368 4844 2537 4896 aliena
2578 4855 2739 4895 manu
2787 4838 3075 4892 auxiliante
3106 4835 3312 4888 calcare
3341 4844 3476 4885 con-

1888 4947 2158 5000 sueverat,
2187 4936 2415 5005 propriis
2434 4946 2667 4988 cernens
2694 4929 3003 4993 luminibus,
3025 4925 3090 4979 ad
3123 4921 3477 4978 diversorium

1889 5031 2009 5085 lzeta
2038 5031 2330 5084 remeabat.
2363 5026 2518 5080 Aliud
2550 5039 2757 5079 rursum
2791 5019 3111 5075 miraculum
3139 5030 3243 5069 non
3269 5013 3481 5078 sileam,

1895 5121 2038 5191 quod
2068 5136 2235 5187 nuper
2279 5126 2527 5171 narrante
2572 5115 2689 5169 viro
2730 5113 2978 5182 religioso
3018 5102 3357 5175 Arnegaudio
3385 5101 3485 5155 abs

1898 5215 2020 5270 bate
2048 5212 2291 5283 cognovi.
2322 5210 2452 5265 Cum
2488 5225 2582 5280 per
2609 5208 2748 5263 idem
2782 5216 2989 5272 tempus
3019 5198 3210 5255 mulier
3234 5194 3480 5267 quaedam

1898 5308 1951 5362 in
1996 5307 2301 5362 suburbano
2346 5303 2545 5372 degens
2572 5342 2587 5367 ,
2647 5298 2921 5354 Dominica
2964 5295 3051 5349 die
3096 5288 3305 5360 operari
3356 5302 3487 5343 ausa

1897 5401 2122 5464 fuisset,
2164 5394 2363 5466 judicio
2414 5394 2507 5449 Dei
2556 5401 2688 5446 tacta
2712 5430 2727 5457 ,
2761 5397 2983 5458 utraque
3021 5399 3179 5438 manu
3208 5387 3486 5437 contracta

1896 5505 2016 5561 est;
2049 5491 2190 5547 unde
2219 5490 2312 5544 illa
2340 5489 2515 5542 nimiis
2541 5485 2734 5540 vallata
2764 5481 3052 5551 angoribus
3080 5478 3145 5532 ad
3170 5475 3485 5547 praedictum

1897 5585 2144 5641 abbatem
2192 5583 2456 5649 pervenit,
2483 5573 3011 5642 misericordiamque
3039 5570 3107 5625 ab
3131 5584 3197 5624 eo
3234 5567 3486 5623 flebiliter

1899 5675 2210 5750 postulavit.
2239 5673 2338 5740 Qui
2386 5686 2510 5725 mox
2548 5669 2801 5739 praecepit
2827 5667 2877 5722 ei
2908 5671 3172 5736 quatenus
3202 5662 3268 5716 ad
3302 5659 3486 5726 sepul-

1900 5790 2052 5832 crum
2081 5771 2249 5827 sancti
2297 5766 2552 5821 antistitis
2581 5778 2702 5819 cum
2734 5762 2839 5819 fide
2887 5761 3184 5818 festinaret.
3224 5756 3341 5824 Quo
3369 5767 3490 5809 cum

1902 5865 2282 5929 pervenisset.
2314 5863 2450 5918 ostia
2480 5858 2795 5916 monasterii
2830 5857 3013 5915 clausa
3051 5850 3295 5919 invenit,
3326 5856 3492 5915 sequo
