3920 6336
532 409 636 465 743
1356 402 1555 459 PAULI
1595 400 1864 456 DIACONI
1901 397 2049 452 OPP.
2074 396 2080 448 l

2145 396 2253 451 tRS
2291 396 2331 449 Ι.
2372 423 2442 436 -
2479 392 2857 448 ΗΙΞΤΟΒΙΟᾹ.
3623 392 3693 453 ῖιι

530 518 796 582 Apollonii
837 516 1007 587 Tyrii,
1041 515 1467 571 Romaheusihns
1508 514 1697 569 fabulis
1725 510 2073 568 accensenda.
2111 509 2203 563 llas
2232 517 2409 563 autem
2440 524 2544 563 non
2575 508 2760 563 eadem
2805 519 2997 569 manu,
3026 516 3087 555 ac
3116 515 3403 570 superiora,
3429 511 3569 572 atque
3591 509 3697 567 adeo

502 638 505 639 ,
529 592 704 647 minus
729 591 965 657 antiqua,
995 589 1192 655 scripta
1221 590 1452 641 fuerunt.

599 644 872 715 Casterutu'
906 644 1152 712 Miscellie
1202 659 1443 712 llisioriie
1489 657 1805 725 dignitatem
1852 664 2013 723 atque
2061 652 2339 725 utilitatem
2374 650 2502 725 nihil
2544 650 2730 702 attinet
2774 647 3021 725 pluribus
3067 644 3452 723 commendare.
3482 644 3698 725 llibetilii

528 732 856 786 eruditorum
890 730 1191 798 respublica
1221 716 1811 781 nniversalisvbistorim
1831 766 1846 788 ,
1873 716 1940 779 et'
1958 726 2211 798 Romanae
2241 722 2291 774 in
2326 721 2507 798 primis
2530 760 2545 784 ,
2576 730 2733 797 atque
2760 716 2965 798 ‘IlilliCéB
3004 718 3362 798 continuatam
3405 717 3594 793 seriem,
3614 722 3701 798 col-

531 784 768 870 lectaque
808 802 859 854 in
904 784 1230 870 minuitque
1259 815 1325 853 ex
1361 801 1477 851 aliis
1507 784 1973 870 auctoribus'cum
2018 796 2200 870 labore
2223 833 2237 855 ,
2273 784 2337 870 et:
2367 794 2557 842 frustra
2578 784 2896 870 “interdum,
2932 796 3195 870 petantur.
3251 784 3423 849 Neque
3450 789 3572 837 enim
3597 788 3702 867 ideo

532 857 944 940 part-{facienda
968 881 1051 924 est
1080 857 1336 923 collectio
1363 870 1458 921 ista
1485 909 1498 928 ,
1530 868 1975 940 quodauctorem
2020 866 2211 916 habeit
2241 879 2268 913 a
2305 861 2530 940 florente
2576 859 2936 940 Romanorum
2989 857 3257 940 republica
3291 869 3530 940 remotum
3565 859 3700 911 nimis.

530 925 659 997 Nam
686 953 740 995 et
766 941 1152 994 vetustissimus
1184 952 1264 994 est
1294 942 1407 1006 ipse
1450 925 1849 992 coiisarcinaiiir
1870 978 1885 999 ,
1919 937 2088 1002 iisque
2133 932 2458 1006 temporibus
2490 934 2712 1006 scripsit.
2749 928 3288 1006 quibusncotﬂplurcs
3319 925 3534 1006 ιιῑειρτίεε
3557 942 3705 1006 super;

530 996 700 1077 erant,
731 1028 953 1078 quarum
985 996 1382 1077 irreparabilein
1416 1010 1682 1062 interitum
1728 1022 1824 1060 nos
1865 996 2036 1078 serius
2070 1004 2176 1056 nati
2208 996 2350 1078 inani
2382 1001 2598 1078 querela
2629 999 2891 1052 dolemus.
2948 998 3206 1078 Exciilere
3239 996 3467 1063 profecto
3492 1006 3560 1048 tot
3586 998 3704 1078 Livii,

532 1068 719 1143 Taciti,
749 1068 909 1151 =l‘rogi
962 1068 1216 1149 Pompeii,
1250 1084 1583 1151 aliorumque
1630 1076 2156 1151 chronograptioriini
2206 1074 2358 1151 libri;
2403 1080 2458 1123 at
2509 1072 2739 1151 fortasse
2787 1084 2892 1121 non
2941 1068 3249 1151 exciderant
3298 1080 3633 1128 oinnes,cum
3655 1069 3705 1121 ad

530 1138 815 1208 Miscellam
848 1138 1271 1205 concinnandam
1302 1138 1530 1218 scriptor
1560 1150 1659 1202 iste
1695 1163 1752 1201 se
1782 1138 2046 1218 contulit.
2078 1146 2253 1197 Sicubi
2309 1140 2845 1218 ergo_iios_deliciunt
2878 1138 3087 1205 egregia
3131 1146 3706 1218 vetenturmonumenta,

529 1206 758 1277 adrillos
808 1224 1093 1291 confugere
1121 1223 1290 1289 juvat,
1321 1206 1425 1287 qui.
1461 1234 1761 1288 quanquam
1812 1217 2081 1291 nonnullis
2131 1224 2247 1279 post
2298 1206 2814 1291 szeculisdlorue‘re,
2853 1220 3091 1291 veterum
3146 1215 3322 1259 tamen
3368 1206 3523 1291 libros
3550 1210 3707 1287 felicius

531 1276 689 1363 quam
722 1276 825 1347 nos
849 1276 1020 1348 terere
1049 1276 1289 1345 inanibus
1320 1276 1633 1363 potuerunt:
1658 1291 1837 1363 Itaque
1866 1286 2107 1363 Miscellti
2135 1276 2240 1353 quo
2261 1299 2345 1348 inc
2372 1297 2499 1334 suus
2531 1281 2940 1363 honorfuturus
2969 1286 3356 1363 estpeam‘que,
3495 1278 3705 1363 vetustius

532 1346 619 1418 res
650 1346 1002 1417 historiaa'aut
1025 1365 1203 1427 silent,
1235 1346 1335 1415 aut.
1356 1363 1492 1415 inter
1516 1375 1575 1414 se
1602 1346 1953 1419 dissentiunt,
1985 1346 2245 1427 advocare
2264 1346 2491 1427 testem,
2511 1361 2685 1427 atque
2715 1350 2989 1427 illiusope
3024 1349 3119 1410 uti,
3148 1346 3708 1427 ertItMernditisumitque

536 1416 803 1500 trinam
830 1416 1022 1487 ἑτι-ηερε.
1069 1416 1220 1487 Edita
1246 1444 1422 1485 autem
1457 1433 1569 1484 haec
1598 1430 1823 1500 Historia
1857 1416 1951 1500 fuit
1982 1425 2200 1500 Parisiis
2226 1438 2365 1500 anno
2396 1421 2566 1484 1531,
2594 1416 2955 1500 tuuipnsilem
2985 1433 3127 1471 anno
3164 1417 3325 1500 ιεςιρειἶ
3363 1416 3712 1500 ιιςρειιιιιιείηιιο

535 1488 835 1573 lngolstadii
886 1504 1093 1559 lleurici
1131 1504 1327 1558 Canisii
1371 1517 1495 1556 cura
1539 1498 2033 1573 cuinuvariantibus
2082 1494 2395 1573 lectionibus
2443 1507 2584 1543 anno
2596 1489 3021 1573 Alit-taetrum
3051 1488 3586 1573 θιιιξηόειῑὶῡιιψυδρῑ
3613 1490 3713 1568 notis

531 1556 1197 1630 lai’iitlruterillanmia:
1236 1588 1374 1628 anno
1432 1572 1588 1626 ltili.
1641 1570 1789 1624 Illata
1845 1582 2055 1637 quoque
2108 1573 2190 1619 est
2242 1565 2296 1617 in
2345 1574 2545 1617 tomum
2596 1560 2713 1615 XIII
2757 1560 3102 1614 Bibliotheca:
3146 1558 3371 1614 Patrum
3410 1556 3714 1626 Lugdunensis

532 1662 672 1701 anno
702 1646 837 1701 l077

578 1758 3673 1786 Ν

1556 1862 2074 1950 LECTORI
2130 1862 2733 1965 MONITUM.

612 2028 819 2090 Quanta
849 2024 955 2077 sint
986 2022 1231 2077 Historiae
1262 2025 1405 2088 huic,
1430 2040 1586 2093 quam
1616 2026 1904 2077 Miscellatn
1930 2024 2290 2091 appeilavere,
2311 2024 2541 2076 decursu
2572 2033 2871 2090 temporum
2904 2023 3249 2093 superaddita
3284 2039 3542 2093 nunquam
3570 2026 3716 2079 melius

532 2097 830 2157 didicimus,
865 2109 1020 2163 quam
1065 2111 1183 2148 cum
1219 2092 1453 2159 paranda
1498 2095 1597 2148 fuit
1651 2111 1787 2148 nova
1838 2098 2018 2147 isthmc
2071 2095 2246 2146 l'lditio
2273 2096 2538 2163 :quinque
2572 2111 2665 2146 nos
2700 2096 2842 2147 enim
2884 2092 3111 2148 Codices
3159 2092 3503 2162 pt-rgatiienos
3543 2100 3721 2161 antiqua:

534 2179 671 2223 notae
716 2169 767 2219 in
798 2167 1144 2218 rel'ertissitna
1176 2166 1498 2219 bibliotheca
1547 2166 1895 2218 Ambrosiana
1928 2175 2168 2218 servatos
2198 2164 2261 2217 ad
2294 2181 2481 2217 manus
2514 2166 2791 2219 habuimus
2820 2205 2833 2227 ,
2865 2178 3159 2233 omnesque
3188 2166 3469 2231 diligenter
3494 2169 3721 2230 perlustra-

532 2249 635 2301 tos,
668 2253 775 2290 uno
820 2236 987 2289 ferme
1032 2245 1284 2289 contextu
1330 2244 1577 2288 exaratos
1628 2237 1949 2297 invenimus,
1976 2237 2103 2303 quin
2154 2237 2465 2289 immensam
2494 2236 2656 2288 ιιΙΙ.ιηι
2704 2250 2881 2289 rerum
2923 2236 3115 2289 seriem
3146 2236 3402 2289 eGraacis
3452 2238 3722 2304 potissimum

531 2308 837 2363 auctoribus
885 2307 1189 2373 decerptam
1238 2308 1578 2370 contineant,
1608 2322 1722 2372 qua:
1754 2308 1805 2359 in
1839 2307 2005 2359 Editis
2040 2318 2091 2357 ιιι
2132 2305 2416 2371 plurimum
2448 2306 2699 2359 occurrit.
2754 2306 2827 2358 Ea
2858 2308 2924 2359 de
2970 2321 3127 2359 causa
3160 2308 3430 2359 collationi
3463 2320 3632 2360 IIOSII'J!
3656 2322 3721 2358 re-

540 2380 816 2432 tustiorem
842 2376 1128 2441 selegimus
1158 2376 1590 2444 probatissimum
1616 2377 1863 2433 Codicetu
1887 2394 1914 2429 a
1939 2377 2156 2430 doctiss.
2185 2376 2470 2429 Mitratorio
2500 2378 2551 2429 in
2579 2376 2886 2443 praefatione
2910 2376 2973 2428 ad
3005 2376 3146 2429 hanc
3171 2378 3455 2431 Ilistoriain
3487 2377 3722 2439 laudatum,

539 2458 593 2503 et
622 2450 951 2499 eruditorum
984 2448 1204 2516 gratiam
1232 2447 1363 2499 inire
1391 2447 1738 2508 credidimus,
1772 2450 2029 2513 integram
2064 2448 2204 2499 illitis
2229 2448 2512 2500 lectionem
2538 2449 2870 2516 exhibentes,
2906 2457 2961 2499 nt
2986 2461 3089 2500 uno
3117 2448 3289 2501 ferme
3321 2448 3423 2501 ictu
3446 2448 3570 2500 oculi
3601 2448 3725 2516 laetor

540 2519 875 2586 dignosceret
901 2514 1151 2583 quidquid
1186 2518 1632 2585 subsequentibus
1668 2518 1997 2586 temporibus
2027 2516 2273 2570 Miscella:
2306 2518 2427 2570 huic
2458 2520 2759 2571 accesserit.
2792 2515 2847 2569 Id
2885 2533 3014 2570 vero
3046 2519 3114 2569 ita
3145 2517 3524 2583 ordinaviinus,
3554 2514 3724 2584 utquod

533 2589 586 2642 in
623 2596 803 2641 nostro
834 2588 1026 2640 Codice
1057 2588 1266 2653 legitur,
1300 2591 1544 2656 antiquo,
1581 2599 1635 2641 tit
1665 2598 1852 2641 νοιτειηι
1874 2632 1887 2656 ,
1923 2589 2193 2641 communi
2224 2590 2562 2651 charactere,
2599 2589 2798 2655 reliqua
2833 2587 3034 2655 Italico,
3070 2589 3233 2657 vulgo
3260 2591 3485 2648 cursivo,
3513 2589 3727 2654 imprime-

535 2671 741 2713 rentur.
770 2658 825 2712 Si
851 2657 975 2728 quid
1002 2666 1175 2711 autem
1203 2658 1254 2711 iit
1290 2658 1455 2711 Editis
1484 2660 1737 2711 omissum
1768 2670 1850 2712 est
1876 2700 1887 2719 ,
1923 2669 1978 2711 et
2006 2660 2055 2710 iii
2087 2669 2270 2711 nostro
2302 2658 2613 2728 legebatur,
2646 2659 2693 2710 id
2725 2674 2883 2711 omne
2914 2659 3135 2726 adjectis
3162 2675 3212 2711 in
3247 2660 3395 2711 calce
3423 2657 3727 2725 cujuscunque

532 2731 754 2798 pagella!
785 2733 921 2781 notis
951 2743 1050 2781 una
1096 2743 1213 2780 cum
1247 2728 1407 2781 νειτίιε
1452 2730 1769 2783 lectionibus
1792 2773 1806 2795 ,
1835 2730 2025 2796 ubique
2057 2729 2398 2783 inseruiinns.
2447 2731 2618 2797 Atque
2652 2730 2719 2781 ita
2754 2729 2947 2781 factum
2973 2740 3053 2781 est
3079 2740 3133 2781 ut
3165 2729 3374 2796 integer
3405 2732 3626 2782 Ambros.
3656 2729 3728 2779 Cu-

532 2801 633 2853 dex
660 2801 834 2852 editus
862 2800 932 2852 sit
966 2801 1271 2852 continuata
1304 2814 1395 2866 per
1438 2808 1588 2853 notas
1618 2809 1828 2853 nostras
1856 2811 1908 2853 et
1936 2802 2205 2867 antiquam
2247 2800 2614 2853 characterem
2650 2800 2872 2851 formam
2916 2801 3056 2851 illius
3089 2799 3345 2854 lectione.
3378 2800 3612 2866 Quoniam
3635 2811 3727 2849 vero

532 2869 588 2924 in
618 2870 785 2923 altero
810 2884 876 2923 ex
906 2868 1188 2923 Codicibus
1214 2869 1580 2923 Ambrosianis
1607 2876 1905 2938 reperimus
1949 2885 2151 2938 partem
2190 2885 2305 2924 eam
2339 2886 2456 2933 quie
2504 2871 2816 2935 Landulpho
2849 2869 3037 2937 Sagaci
3084 2870 3357 2933 tribuitur,
3382 2883 3532 2938 atque
3558 2870 3728 2921 omnino

532 2943 795 2994 diversam
827 2941 893 2992 ab
924 2942 1182 3008 impres~a
1220 2945 1653 3004 observavimus,
1689 2941 1806 2993 ideo
1847 2941 1911 2994 ad
1955 2944 2156 2994 calcem
2206 2942 2448 2993 Historia:
2497 2939 2628 2993 dare
2681 2941 2909 3006 placuit,
2943 2956 3010 2993 ne
3060 2940 3295 2994 lectores
3345 2942 3497 3008 longo
3535 2948 3727 2993 notarum

534 3026 760 3065 munero
791 3009 1158 3079 fatigarentur.
1209 3011 1321 3064 IIoc
1360 3016 1576 3065 minime
1616 3014 1829 3065 silentio
1874 3011 2299 3077 printereuuduin
2347 3012 2718 3078 Landulpliutu
2751 3018 3037 3079 538308"),
3073 3011 3157 3063 ναι
3192 3026 3511 3079 quamquam
3537 3010 3670 3063 alium
3692 3008 3729 3058 iii

534 3081 837 3204 Ιιῖιῇιιβιηοαί
866 3082 1229 3204 adtﬁtatnento
1276 3084 1408 3135 nihil
1439 3083 1581 3136 aliud
1614 3084 1787 3152 egisse
1809 3124 1824 3148 ,
1856 3097 2015 3150 quam
2065 3083 2211 3135 Pauli
2260 3081 2478 3136 Diaconi
2512 3082 2797 3136 llistoriam
2833 3081 3235 3151 compendiario
3267 3094 3524 3150 repetere,
3553 3082 3669 3133 illius
3691 3085 3731 3129 ιιι

536 3167 570 3204 n
594 3166 821 3204 urimum
858 3166 947 3203 ver
991 3167 1053 3204 is.

536 3166 821 3219 plurimum
858 3166 1053 3204 verbis.

606 3221 821 3275 Littera:
861 3221 1109 3284 initiales,
1140 3236 1255 3288 quae
1288 3231 1439 3274 notas
1482 3223 1802 3276 antecedunt
1848 3223 1947 3277 hoc
1976 3222 2162 3277 ordine
2196 3223 2494 3277 distributae
2538 3233 2685 3287 sunt,
2717 3232 2777 3278 ut
2802 3223 2975 3277 littera
3006 3224 3047 3278 A
3084 3220 3345 3277 Codicem
3376 3222 3729 3277 Ambrosianum

510 3291 803 3363 designet,
829 3290 1165 3363 B_Bongarsii
1194 3291 1436 3363 Boilryzei
1467 3293 1642 3363 varias
1679 3294 1957 3348 leCtiones.
1988 3294 2033 3347 ll
2055 3292 2429 3349 Ilersfeldense
2457 3295 2553 3348 Ms.
2584 3310 2615 3349 a
2646 3296 2860 3349 Cauisio
2887 3295 3113 3360 editum,
3146 3294 3305 3363 cujus
3335 3290 3730 3362 praelatiunculam

533 3360 589 3415 in
618 3375 741 3415 suns
772 3360 944 3413 varias
975 3361 1231 3413 lectiones
1259 3360 1345 3413 hic
1371 3362 1720 3416 describimus
1747 3382 1758 3415 :

608 3449 627 3481 ι
664 3430 855 3504 _V_arias
878 3431 1135 3504 lectiones
1175 3432 1226 3483 in
1251 3432 1538 3504 Miscellam
1568 3434 1770 3487 notavit
1797 3434 1865 3487 cl.
1900 3433 2127 3488 Jacobus
2156 3434 2481 3503 Bongarsius
2530 3434 2819 3504 Bodryaeus
2846 3450 2911 3488 ex
2943 3433 3037 3487 Ms.
3075 3433 3244 3488 Paulo
3280 3435 3523 3497 Diacono,
3556 3434 3733 3504 itemst

532 3499 631 3555 Ms.
662 3501 870 3564 Pitlimi,
904 3511 955 3572 et
985 3501 1231 3555 aliorum.
1284 3499 1426 3567 Quas
1458 3505 1632 3557 varias
1670 3506 1924 3557 lectiones
1956 3508 2097 3557 nacti
2147 3499 2351 3559 sumus.
2406 3508 2470 3558 Et
2511 3506 2634 3572 quia
2673 3499 2834 3559 etiam
2866 3505 3012 3558 Pauli
3062 3504 3284 3558 Diaconi
3319 3508 3634 3558 membranas
3659 3499 3731 3550 MS-
3764 3504 3767 3509 ’

536 3572 845 3644 monasterii
871 3571 1263 3644 illersfeldensis
1297 3574 1495 3639 habui,
1528 3575 1647 3628 ideo
1681 3576 1796 3627 illas
1829 3576 1987 3627 etiam
2019 3576 2241 3628 contuli.
2293 3576 2357 3629 Ut
2402 3571 2575 3629 autem
2612 3577 2731 3643 quis
2763 3577 2942 3630 videre
2975 3578 3139 3643 possit
3166 3576 3298 3644 quid
3349 3580 3557 3628 ultimus
3594 3579 3737 3624 auctor

537 3641 1100 3715 MiscellieiaddMerit,
1134 3643 1253 3715 ideo
1285 3655 1528 3697 notamus
1558 3645 1609 3699 iri
1639 3644 1803 3699 variis
1853 3646 2169 3699 lectionibus
2216 3648 2483 3714 quomodo
2512 3641 2727 3699 differat
2758 3641 3067 3715 Eutropius,
3100 3657 3155 3699 et
3186 3641 3389 3700 Paulus
3434 3650 3681 3715 Diaconos".
3697 3645 3734 3689 el

536 3722 713 3765 nostra
747 3712 1018 3775 MiScella;
1050 3724 1104 3767 et
1135 3714 1233 3767 hoc
1283 3716 1611 3782 patissimuni
1660 3731 1938 3784 quousque
1984 3718 2100 3771 linit
2134 3708 2440 3783 Eut'iopius.
2485 3716 2614 3769 Nam
2646 3721 2825 3772 caeteri
2862 3708 2981 3769 libri
3018 3717 3161 3769 Pauli
3204 3716 3423 3771 Diaconi
3455 3708 3730 3784 quibusz

535 3784 761 3855 t_rnpium
794 3793 1062 3836 continuat
1083 3824 1098 3849 ,
1134 3784 1311 3851 ibique
1341 3794 1465 3838 sunt
1493 3787 1656 3840 obvii.
1680 3783 1818 3840 Nam
1854 3783 2045 3839 l’aulus
2076 3790 2333 3840 IliaCouus
2366 3789 2566 3853 primus
2589 3798 2673 3841 est
2699 3790 2787 3854 qui
2835 3789 3118 3840 llistoriam
3152 3788 3446 3841 Misct-llam
3476 3783 3685 3850 collegit,
3699 3783 3739 3855 Id

537 3852 846 3926 Eutropiutn
894 3870 1028 3923 pene
1066 3856 1374 3925 descripsit,
1403 3856 1592 3911 additis
1622 3858 1843 3911 subinde
1868 3859 2177 3923 quihusdam
2207 3874 2273 3911 ex
2304 3852 2420 3910 aliis
2446 3852 2769 3922 auctoribus,
2811 3858 3003 3911 deinde
3048 3858 3396 3926 Landulphus
3427 3857 3586 3925 Sagax
3614 3852 3736 3926 attiil.

533 3924 632 3977 Ms.
667 3921 914 3978 Ilirsfeld.
955 3927 1021 3979 de
1050 3927 1105 3978 ι».
1143 3921 1376 3979 Diacono
1422 3927 1535 3980 haec
1573 3930 1768 3981 habet:
1826 3946 1845 3979 ‹
1877 3921 1973 3981 Hic
2027 3928 2216 3981 Paulus
2264 3930 2551 3981 monachus
2593 3936 2707 3982 erat
2748 3933 2941 3982 montis
2996 3927 3196 3981 Cassitii
3249 3921 3453 3982 ordinis
3499 3921 3743 3994 structili?

539 4011 558 4045 ι
605 3995 841 4069 nediCti,
864 3996 1143 4069 quietiam
1184 3998 1453 4069 contexuit
1485 3998 1649 4051 Vitam
1673 4000 1840 4053 sancti
1886 3998 2125 4068 Gregorii
2159 4013 2324 4067 papae,
2362 4010 2415 4050 ut
2444 3998 2583 4069 idem
2608 3999 2737 4053 dicit
2773 3999 2825 4053 in
2848 4001 2985 4054 libro
3008 3999 3074 4052 de
3113 3998 3451 4069 Longobard.
3491 3994 3743 4061 Couipostﬂl

540 4082 559 4116 ι
605 4069 765 4121 etiam
795 4067 933 4121 idem
967 4068 1220 4137 hymnum
1255 4067 1322 4122 Ut
1358 4080 1545 4137 queant
1570 4070 1724 4132 laxis,
1752 4081 1804 4124 et
1834 4067 2075 4139 quaedam
2107 4071 2207 4123 alia
2235 4084 2337 4123 non
2362 4068 2585 4123 inutilia.
2617 4088 2636 4120 ι

540 4209 3729 4239 W

1118 4332 1145 4368 ³
1223 4325 2123 4439 HISTORIA
2196 4322 3151 4437 MISCELLA.

1202 4560 1207 4563 ~
1717 4514 2063 4595 LIBER
2114 4512 2587 4595 PRIMUS.

610 4758 815 4812 Primus
845 4755 895 4808 in
949 4750 1115 4813 Italia,
1174 4760 1232 4805 ut
1287 4747 1604 4819 quibusdam
1648 4746 1840 4816 placet,
1870 4747 2115 4815 regnavit
2139 4747 2193 4807 D
2216 4744 2267 4800 in
2295 4745 2587 4813 speluncis,
2618 4751 2712 4797 aut
2733 4741 3012 4798 frondibus
3043 4742 3397 4813 virgultisque
3420 4738 3660 4798 contextis
3680 4748 3753 4789 ca-

540 4851 744 4915 Jaiius,
796 4846 989 4901 deinde
1042 4843 1323 4910 Saturnus,
1370 4841 1554 4896 Jovem
1608 4840 1772 4893 ﬁlium
1826 4856 1857 4894 e
1911 4839 2112 4894 Graecia
2217 4839 2347 4893 sulis
2387 4838 2702 4891 habitarent.
2736 4836 2853 4905 Ipse
2880 4837 3039 4890 etiam
3068 4836 3146 4889 eis
3197 4850 3448 4890 nummos
3476 4847 3630 4890 aereos
3669 4827 3751 4897 ντί·

540 4944 743 5012 fugietis
773 4941 823 4993 in
876 4938 1146 4991 civitatem
1177 4950 1296 5004 qua:
1360 4949 1425 4988 ex
1466 4932 1581 5002 ejus
1611 4932 1829 4987 nomine
1870 4931 2113 4985 Saturnia
2222 4946 2338 4982 inus
2385 4929 2630 4982 instituit.
2691 4927 2795 4980 Pro
2846 4926 3037 4996 quibus
3083 4928 3289 4981 meritis
3339 4926 3367 4964 δ
3416 4927 3482 4981 ab
3529 4923 3754 4977 incolarum

540 5011 679 5087 dicta
708 5042 812 5098 est,
837 5030 985 5083 latuit
1010 5043 1029 5082 :
1059 5028 1210 5096 cujus
1237 5027 1406 5080 ruina:
1436 5026 1691 5079 hactenus
1748 5033 2034 5078 cernuntur
2060 5025 2113 5075 in
2225 5036 2243 5058 ι’
2273 5022 2468 5074 rustica
2504 5020 2838 5073 multitudine
2864 5020 2995 5072 deus
3022 5020 3319 5086 appellatus
3348 5029 3449 5073 est.
3505 5015 3618 5069 Post
3650 5011 3754 5064 hunc

542 5126 736 5179 finibus
764 5124 970 5177 Tuscia:
1015 5119 1154 5173 haud
1202 5119 1381 5186 procul
1413 5118 1480 5171 ab
1510 5118 1669 5171 Urbe.
1713 5116 1805 5169 llic
1833 5115 2114 5176 Saturnus,
2222 5112 2376 5167 Picus
2420 5113 2536 5182 ejus
2576 5112 2737 5176 Illius,
2795 5113 2862 5166 de
2912 5129 3016 5181 quo
3070 5115 3311 5167 fabulose
3340 5113 3549 5175 dicitur,
3598 5103 3756 5176 quod!

540 5218 657 5283 quia
691 5217 741 5269 in
776 5214 922 5267 Italia
955 5212 1124 5284 latujt,
1150 5210 1219 5263 ab
1245 5210 1361 5279 ejus
1394 5209 1592 5263 latebra
1616 5207 1823 5261 Latium
1853 5207 2116 5275 appellata
2218 5204 2440 5272 quadam
2486 5202 2833 5255 farnOsissima
2890 5217 3063 5270 maga,
3122 5203 3274 5256 Circe
3318 5205 3546 5265 nomine,
3574 5198 3634 5252 ob
3656 5204 3756 5246 con-

541 5316 640 5359 est.
672 5306 787 5373 Ipse
814 5303 1007 5356 ctenim
1036 5300 1206 5354 adhuc
1248 5300 1406 5353 rudes
1439 5299 1659 5368 populos
1707 5297 1895 5350 domos
1942 5296 2117 5349 aedili-
2224 5302 2480 5362 templum
2508 5292 2623 5361 ejus
2656 5307 2893 5346 amorem
2924 5293 2974 5345 in
3006 5307 3159 5346 avem
3184 5292 3265 5346 sui
3313 5292 3541 5346 nominis
3577 5288 3638 5341 sit
3669 5296 3756 5337 mu'

542 5414 688 5464 care,
744 5406 912 5449 terras
935 5393 1190 5469 incolere,
1221 5392 1459 5461 plautare
1490 5392 1670 5444 vineas
1709 5390 1909 5455 docuit,
1963 5397 2122 5456 atque
2226 5396 2388 5441 tatus.
2421 5385 2550 5438 Post
2591 5386 2730 5438 hunc
2778 5383 2894 5453 ejus
2942 5384 3080 5437 Illius
3111 5382 3354 5449 Faunus,
3401 5385 3488 5453 qui
3518 5380 3605 5435 fuit
3649 5382 3760 5443 pater

543 5488 791 5541 humanis
821 5466 1054 5540 moribus
1102 5486 1306 5552 vivere,
1337 5499 1456 5538 cum
1500 5493 1652 5538 anteit
1703 5480 1933 5536 semiferi
1967 5480 2121 5549 glan-
2227 5479 2397 5533 Latini
2446 5479 2597 5545 cujus
2653 5484 2825 5531 mater
2871 5476 3172 5530 Carmentis
3223 5474 3521 5530 Nicostrata
3569 5466 3759 5524 creditur

544 5581 688 5631 dimn
721 5588 919 5631 tantum
945 5577 1107 5632 modo
1126 5576 1392 5632 alimentis
1421 5577 1583 5631 vitam
1606 5583 1987 5640 sustentarent,
2037 5582 2129 5627 aut
2231 5573 2447 5627 Latinas
2495 5571 2696 5626 litteras
2738 5569 3021 5639 reperisse.
3057 5568 3257 5636 Quibus
3289 5565 3622 5639 regnantibus
3665 5569 3756 5611 cen‘

620 5700 646 5727 ⁸
692 5692 875 5748 Codex
921 5692 1302 5747 Ambrosianus
1358 5692 1427 5745 ita
1485 5691 1837 5746 inscribitur:
1890 5687 2127 5756 Eutr-apii
2232 5686 2319 5761 cili
2341 5686 2445 5761 hic.
2598 5754 2607 5761 _
2965 5750 2977 5761 _
3204 5750 3237 5761 ﬂ
3310 5759 3316 5761 Δ
3366 5750 3377 5761 Ι
3662 5736 3716 5761 ﬂ:

550 5736 1427 5819 Βνευίῖῆἶιῖπῖήξέὶῖἐίῖῇᾉῆἶαηὶξ
1486 5736 1837 5746 ””””””“”
1890 5736 2120 5756 “Mr”
2237 5736 2477 5809 'fﬁ’cttiec
2501 5754 2660 5807 verba
2692 5765 2861 5821 usque
2913 5750 2978 5804 ad
3007 5750 3130 5803 illa:
3191 5750 3317 5803 Post
3358 5750 3491 5821 hunc
3522 5736 3759 5821 timui"

618 5831 647 5874 ι)
672 5835 725 5889 In
758 5836 822 5890 A.
855 5845 909 5889 et
929 5832 995 5887 Il.
1028 5833 1132 5903 leg.
1152 5833 1216 5887 ab
1246 5833 1476 5899 indocili,
1503 5843 1551 5888 et
1576 5833 1826 5895 τηεμ-8.,
1866 5847 1928 5884 ao
1974 5829 2123 5884 indo-
2233 5825 2466 5893 Faunus,
2486 5828 2677 5881 desunt
2706 5823 2757 5877 in
2778 5817 2885 5878 Ms.
2919 5821 3087 5876 Paulo
3102 5822 3339 5876 Diacono
3369 5817 3620 5876 ﬂersfetd.
