3920 6336
215 384 315 449 765

1278 383 1598 448 HISTORIA
1636 391 2001 453 MISCELLA.
2042 424 2111 437 —
2151 396 2280 451 LIB.
2326 393 2368 450 Ι.

3362 399 3470 464 746

217 518 314 564 tum
334 501 709 575 quinquaginta
729 507 855 556 anni
908 500 1213 557 referuntur
1239 505 1462 561 evoluti.
1495 506 1779 578 Regnante
1803 514 1856 576 Α
1882 511 2172 578 superioris
2203 514 2342 585 regis
2396 515 2534 569 lilius
2564 516 2721 571 annis
2748 530 2913 571 xsvtn
2942 555 2959 581 ,
3010 518 3097 587 qui
3128 515 3363 583 Capuam
3412 521 3472 578 ia

215 609 374 653 tamen
427 595 637 661 Latino,
688 593 777 663 qui
834 592 1077 647 Latinam
1132 594 1364 664 linguam
1410 600 1663 663 correxit,
1723 610 1780 655 et

214 692 412 747 Latinos
440 688 507 744 de
552 701 650 742 suo
698 686 915 742 nomine
961 687 1269 756 appellavit,
1318 689 1477 758 Troja
1506 704 1537 744 a
1567 689 1778 745 Graecis

210 793 347 852 capta
386 788 489 844 est.
521 794 642 834 cum
690 778 827 849 apud
874 778 1126 834 Hebraeos
1152 779 1372 835 Labdon
1425 782 1639 836 tertium
1699 781 1783 837 sui

212 872 515 942 principatus
526 884 722 924 annum
737 879 935 940 ageret,
950 877 1005 924 et
1018 869 1158 939 apud
1172 870 1419 941 Assyrios
1451 880 1476 908 ε
1491 871 1777 939 Teutanes,

208 964 333 1033 apud
363 962 642 1033 Egyptios
667 958 696 1000 δ
718 962 896 1016 Thoos
944 968 1236 1033 regnaret,'
1264 962 1489 1031 expletis
1526 978 1558 1017 a
1599 964 1782 1019 mundi

206 1056 450 1127 principio
465 1055 618 1108 annis
630 1062 857 1122 quatuor
872 1053 1125 1116 millibus,
1141 1062 1194 1107 ct
1209 1052 1391 1109 decem
1410 1063 1461 1108 et
1475 1069 1689 1121 novem,
1713 1067 1734 1094 ο
1752 1069 1784 1109 a

206 1147 396 1202 diluvio
418 1148 566 1201 mille
586 1148 930 1215 septingentis
954 1147 1287 1216 septuaginta
1310 1145 1569 1217 septem,d
1586 1164 1615 1201 a
1643 1149 1784 1203 nati-

204 1242 352 1295 vitate
367 1241 615 1308 Abrahae,
635 1240 788 1294 tertio
804 1253 943 1294 anno
974 1238 1094 1293 Nini
1117 1240 1256 1308 regis
1270 1241 1630 1309 Assyriorum,
1644 1254 1783 1294 anno

203 1333 636 1401 octingentesimo
664 1332 874 1402 quinto,
899 1347 928 1385 a
958 1333 1240 1386 nativitate
1268 1331 1435 1402 Moysi
1467 1332 1621 1387 annis
1643 1346 1779 1402 qua-

202 1426 499 1495 dringensis
527 1425 738 1489 decem,
765 1433 892 1480 ante
934 1423 1129 1480 Urbem
1161 1433 1337 1480 autem
1386 1425 1656 1480 conditam
1685 1440 1785 1479 an-

200 1517 276 1571 nis
331 1516 737 1587 quadringentis
785 1524 1034 1587 quatuor,
1093 1524 1217 1569 ante
1268 1513 1495 1585 primam
1571 1528 1784 1594 quoque

197 1608 559 1678 Olympiadem
613 1608 769 1663 annis
803 1607 1227 1678 quadringentis
1254 1620 1370 1661 sex.
1422 1605 1589 1675 Capta
1620 1606 1781 1675 igitur

196 1700 375 1770 Troja,
407 1698 605 1755 Eneas
652 1698 877 1754 Veneris
915 1708 970 1753 et
995 1698 1242 1753 Anchisae
1281 1697 1419 1752 lilius
1470 1697 1535 1751 ad
1585 1698 1787 1753 italiam

198 1792 340 1845 venit
372 1805 513 1844 anno
559 1790 716 1844 tertio
746 1801 866 1859 post
910 1789 1087 1859 Trojae
1134 1787 1424 1854 excidium,
1454 1802 1574 1842 cum
1608 1786 1788 1841 Turno

1886 599 2173 669 Campania
2229 603 2485 660 condidit.
2528 605 2656 661 Item
2693 606 2712 643 ί
2741 607 2973 675 Capetus
2996 606 3190 663 Silvius
3209 608 3366 678 Capis
3399 611 3473 665 ll-

1887 691 2008 758 lins,
2028 695 2184 750 annis
2213 711 2327 750 xm.
2361 697 2485 751 Post
2516 697 2795 754 Tiberinus
2820 700 3004 769 Capeti
3040 699 3177 756 lilius
3206 702 3361 756 annis
3397 719 3475 758 ιχ.

1889 786 1969 840 Ab
1999 787 2154 855 hujus
2167 788 2378 843 nomine
2392 790 2673 846 Tiberinus
2699 793 2890 849 ﬂuvius
2915 794 3092 850 dictus
3120 805 3225 859 est,
3242 811 3306 851 eo
3331 797 3476 867 quod

1888 876 1940 932 in
1971 894 2090 934 eum
2123 880 2376 937 decidens
2402 886 2696 938 exstinctus
2724 895 2824 952 est,
2884 887 2973 954 qui
3007 890 3150 955 prius
3180 887 3367 942 Albula
3394 889 3478 942 di-

1888 981 2004 1027 ctus
2058 982 2162 1031 est.
2212 973 2483 1030 Successit
2541 976 2666 1031 huic
2716 978 2947 1047 Agrippa
2991 980 3190 1034 Silvius
3246 994 3476 1050 regnans

1886 1063 2041 1117 annis
2065 1080 2154 1127 XL,
2184 1064 2334 1135 cujus
2357 1067 2680 1135 temporibus
2710 1067 2970 1122 Homerus
3009 1067 3173 1124 fuisse
3195 1070 3247 1122 in
3278 1069 3485 1124 Graecia

1888 1153 2215 1222 perlnbetur.
2238 1154 2439 1209 Dehinc
2473 1154 2669 1211 Remus
2697 1155 2895 1213 Silvius
2918 1158 3164 1226 Agrippae
3187 1162 3481 1229 superioris

1885 1244 2017 1313 regis
2045 1243 2188 1299 lilius
2215 1247 2625 1315 regnavitannis
2654 1263 2765 1302 xIx.
2792 1248 2893 1303 Iste
2920 1248 3222 1317 praasidium
3247 1251 3485 1305 Albano-

1890 1349 2006 1390 rum
2038 1335 2175 1391 inter
2202 1345 2433 1405 montes,
2480 1338 2567 1392 ubi
2598 1352 2739 1393 nunc
2780 1339 2947 1393 Roma
2997 1349 3099 1406 est,
3135 1342 3331 1410 posuit,
3389 1343 3485 1412 qui

1889 1424 1960 1479 ob
1988 1426 2314 1494 impietatem
2363 1428 2582 1483 fulmine
2612 1429 2747 1483 ictus
2795 1429 3014 1484 interiit.
3048 1430 3178 1486 Post
3222 1432 3363 1488 hunc
3401 1448 3491 1487 re-

1892 1516 2074 1585 gnavit
2107 1518 2400 1573 Aventinus
2433 1519 2629 1575 Silvius
2660 1519 2812 1574 annis
2840 1535 3046 1586 xxsvn,
3077 1522 3166 1591 qui
3196 1522 3354 1575 luitIn
3378 1522 3489 1579 Re-

1893 1610 1965 1664 mi
1986 1610 2278 1679 superioris
2322 1612 2467 1680 regis
2496 1612 2657 1677 illius,
2700 1612 2897 1682 quique
2951 1612 3004 1666 in
3030 1627 3096 1669 eo
3152 1622 3356 1680 monte,
3393 1614 3490 1685 qui

1894 1715 2036 1756 nunc
2067 1702 2361 1771 pars‘urbis
2411 1713 2513 1773 est,
2549 1714 2791 1760 mortuus
2839 1719 2902 1760 ac
2930 1705 3170 1773 sepultus
3224 1716 3488 1765 :cternum

1897 1791 2014 1846 loco
2041 1794 2351 1848 vocabulum
2379 1794 2543 1849 dedit.
2569 1795 2859 1850 Successor
2880 1795 3037 1866 huius
3061 1796 3266 1852 exstitit
3288 1797 3489 1855 Procas

192 1881 363 1937 Dauni
394 1883 691 1937 Tuscorum
722 1882 862 1951 regis
888 1882 1012 1976 lilio
1047 1882 1309 1937 dimicans
1334 1897 1455 1936 eum
1488 1881 1783 1946 interemit,
1820 1915 1866 1976 Β
1895 1882 2374 1976 Silvius,ejusdem
2405 1894 2431 1922 η
2458 1888 2707 1942 Aventini
2733 1888 2893 1953 Illius,
2924 1889 3016 1957 qui
3040 1890 3279 1957 regnavit
3324 1892 3488 1945 annis

190 1972 420 2041 ejusque
465 1987 717 2042 sponsam
774 1971 1051 2027 Laviniam
1099 1973 1240 2043 regis
1294 1973 1464 2027 Latini
1511 1972 1674 2027 ﬁliam
1732 1972 1782 2025 in

188 2064 498 2132 conjugium
528 2061 753 2132 accepit,
784 2064 851 2117 de
872 2064 1025 2132 cujus
1066 2062 1228 2118 etiam
1255 2063 1471 2118 nomine
1502 2061 1785 2117 Lavinium

186 2157 475 2223 oppidum,
517 2156 658 2226 quod
713 2162 1125 2219 construxerat,
1173 2154 1474 2225 appellavit.
1527 2152 1790 2225 Regnavit

187 2249 347 2316 igitur
380 2245 588 2302 Encas
613 2247 813 2302 Latinis
845 2247 997 2301 anuis
1028 2249 1219 2302 tribus.

257 2342 379 2407 Quo
410 2343 517 2395 vita
538 2340 836 2398 decedente
867 2356 1087 2411 regnum
1120 2341 1353 2412 suscepit
1376 2341 1660 2406 Ascanius,
1694 2339 1789 2409 qui

183 2442 238 2489 et
260 2433 432 2498 lulus,
454 2434 695 2505 ejusdem
723 2435 884 2503 lilius,
908 2450 1063 2506 quem
1092 2436 1229 2504 apud
1256 2434 1471 2505 Trojam
1501 2452 1566 2491 ex
1588 2436 1789 2491 Creusa

185 2527 421 2598 conjuge
477 2538 500 2566 ο
532 2529 641 2598 ﬁlia
676 2528 877 2585 Priami
916 2531 1050 2603 regis
1078 2538 1355 2601 genuerat,
1387 2539 1442 2585 et
1489 2545 1670 2587 secum
1734 2531 1788 2587 in

190 2616 398 2671 Italiam
433 2618 653 2675 veniens
681 2621 1000 2678 adduxerat.
1025 2621 1127 2689 Qui
1158 2621 1447 2688 Ascanius,
1471 2623 1658 2679 relicto
1683 2637 1782 2677 no-

186 2722 369 2763 vercae
398 2725 509 2765 suae
537 2711 768 2768 Lavinia:
797 2727 982 2783 regno,
1006 2714 1194 2770 Albam
1227 2714 1474 2785 Longam
1523 2716 1785 2785 condidit,

187 2808 243 2854 et
270 2799 498 2856 Silvium
552 2802 899 2861 Posthumum
924 2803 1143 2861 fratrem
1175 2820 1356 2877 suum,
1402 2809 1487 2877 qui
1537 2817 1648 2876 post
1677 2823 1791 2861 eunt

191 2894 446 2961 regnavit,
479 2892 668 2949 {Enete
682 2911 748 2949 ex
770 2894 987 2950 Lavinia
1018 2896 1184 2951 lilium
1215 2913 1420 2952 summa
1447 2899 1640 2967 pietate
1660 2899 1791 2953 edu-

193 2988 352 3050 eivit,
391 2982 413 3022 ί
448 2986 667 3056 deosque
715 2986 935 3043 Penates
963 2990 1119 3060 patris
1146 2991 1224 3044 sui
1246 2989 1436 3045 Eneti:
1465 3007 1527 3045 ea:
1578 2990 1791 3046 Lavinio

195 3079 246 3133 in
270 3082 459 3135 Albam
497 3085 702 3155 longam
744 3086 1024 3140 transtulit.
1049 3085 1345 3140 Simulacra
1368 3102 1483 3141 vero
1518 3085 1791 3140 Lavinium

198 3185 370 3244 sponte
417 3177 697 3231 redierunt.
752 3175 949 3231 Rursus
998 3178 1298 3232 transducta
1342 3180 1395 3232 in
1424 3178 1789 3263 Albant‘Lon-

1896 1984 2031 2023 sxtt.
2057 1970 2173 2036 Quo
2225 1982 2481 2042 regnante
2509 1980 2535 2008 ο
2572 1972 2775 2028 Phidon
2821 1974 3051 2043 Argivus
3105 1990 3385 2031 mensuras
3429 1985 3489 2032 et

1894 2061 2128 2130 pondera
2170 2064 2388 2131 reperit,
2412 2078 2531 2119 cum
2562 2066 2701 2134 apud
2721 2065 2973 2122 llebraios
3006 2077 3031 2116 ρ
3061 2068 3168 2123 Aza
3218 2067 3271 2123 in
3300 2066 3488 2125 Judtea

1892 2161 1948 2208 et
1973 2151 2272 2209 Jerusalem
2309 2164 2570 2226 regnaret.
2606 2155 2669 2209 Et
2693 2159 2815 2211 dum
2842 2156 3039 2212 Procas
3068 2160 3247 2213 obisset
3272 2200 3289 2225 ,
3320 2168 3487 2215 testa-

1893 2258 2116 2302 mentum
2136 2264 2287 2303 suum
2314 2248 2511 2302 duobus
2549 2248 2673 2318 [iliis
2715 2249 2822 2302 suis
2874 2249 3081 2304 Amulio
3130 2260 3175 2303 et
3220 2250 3490 2306 Numitori

1891 2343 2112 2412 reliquit,
2168 2352 2222 2395 ut
2271 2358 2403 2396 unus
2455 2343 2721 2413 pecuniam
2786 2344 3035 2413 protinus,
3092 2343 3225 2399 alter
3273 2361 3494 2415 regnum

1891 2438 2189 2508 susciperet.
2212 2435 2447 2490 Amulius
2471 2451 2585 2490 vero
2600 2436 2749 2506 fratri
2770 2453 2862 2490 suo
2892 2436 3161 2491 Numitori
3184 2438 3481 2492 electionem

1894 2528 2058 2594 dedit,
2105 2536 2163 2583 ut
2209 2530 2345 2599 quod
2385 2528 2696 2582 desideraret
2751 2529 3043 2597 acciperet;
3084 2528 3327 2583 Numitor
3364 2544 3485 2583 vero

1893 2622 2161 2693 pecuniam
2186 2622 2320 2685 tulit,
2342 2620 2576 2677 Amulius
2594 2631 2760 2675 autem
2787 2637 3003 2693 regnum
3022 2621 3261 2690 obtinuit,
3290 2621 3343 2674 in
3381 2636 3483 2689 quo

1893 2715 2117 2784 regnavit
2145 2729 2305 2767 annos
2330 2727 2478 2767 smn.
2516 2712 2582 2765 Et
2608 2713 2731 2766 dum
2761 2728 2975 2784 regnum
2999 2713 3259 2776 obtineret,
3298 2726 3487 2765 census

1895 2807 1991 2859 luit
2019 2808 2161 2871 deos,
2196 2820 2595 2875 responsumque
2623 2814 2695 2857 est
2730 2805 2777 2858 ei
2796 2805 2933 2872 quod
2958 2819 2992 2856 a
3032 2804 3187 2874 stirpe
3213 2803 3389 2873 fratris
3407 2802 3493 2856 sui

1894 2898 2227 2962 occideretur,
2249 2905 2299 2949 et
2333 2911 2543 2966 regnum
2569 2895 2816 2965 perderet.
2849 2893 3134 2964 Statimque
3163 2908 3279 2947 eum
3304 2894 3367 2946 de
3395 2909 3486 2946 re-

1894 3006 1993 3060 gno
2031 2989 2244 3057 expulit.
2282 2987 2529 3042 Numitor
2556 2997 2726 3041 autem
2755 2987 2952 3053 abiens,
2982 2988 3038 3042 in
3064 3002 3188 3058 agro
3216 3002 3309 3041 suo
3334 2988 3483 3041 vixit.

1895 3081 2059 3137 Erant
2082 3092 2252 3136 autem
2280 3082 2325 3136 ei
2375 3082 2476 3135 duo
2506 3082 2625 3149 ﬁlii,
2660 3081 2950 3154 Sergestus,
2994 3089 3041 3135 et
3074 3082 3235 3145 Rhea,
3281 3096 3395 3153 quae
3432 3089 3485 3135 et

1896 3172 2001 3228 Ilia
2040 3175 2180 3229 dicta
2206 3184 2296 3228 est.
2332 3172 2563 3228 Metuens
2602 3188 2721 3242 ergo
2764 3173 2998 3226 Amulius
3037 3188 3127 3227 rex
3164 3186 3492 3244 responsum;

203 3281 336 3335 gam,
384 3267 571 3321 iterum
617 3270 891 3337 repetivere
940 3269 1231 3340 antiquiora
1259 3269 1495 3328 delubra.
1530 3264 1788 3327 Ascanius
1815 3275 1863 3340 ρ
1895 3264 2186 3336 Sergestum
2229 3280 2399 3319 secum
2418 3264 2485 3318 ad
2505 3266 2814 3319 venationem
2841 3265 3006 3329 duxit,
3063 3272 3109 3318 et
3134 3280 3249 3319 eum
3270 3264 3325 3318 in
3358 3264 3493 3318 silva

208 3354 392 3411 deinde
437 3365 462 3403 Β
487 3357 653 3412 lulum
702 3359 865 3413 lilium
898 3359 1215 3429 procreavit,
1249 3376 1277 3414 a
1331 3376 1437 3432 quo
1466 3360 1668 3416 familia
1698 3361 1796 3417 Ju-

212 3446 390 3504 liorum
414 3463 599 3507 exorta
622 3464 701 3508 est
728 3450 755 3489 ιι
785 3454 1085 3523 parvulum,
1117 3464 1193 3522 et,
1218 3455 1305 3524 qui
1336 3456 1559 3511 necdum
1611 3471 1800 3525 regen-

214 3540 284 3596 dis
305 3546 548 3600 civilibus
568 3548 705 3601 curis
735 3547 956 3602 idoneus
982 3556 1119 3603 erat.
1174 3548 1305 3603 Cum
1330 3558 1506 3604 autem
1540 3548 1557 3585 ί
1586 3548 1797 3620 triginta

217 3641 264 3687 et
282 3646 397 3691 octo
417 3638 574 3693 annis
604 3649 880 3710 regnasset
893 3638 1175 3705 Ascanius,
1194 3640 1417 3695 Silvium
1443 3640 1796 3697 Posthumum

219 3723 421 3783 fratrem
444 3744 601 3784 suum
623 3732 770 3802 regni
797 3730 1014 3800 reliquit
1043 3730 1334 3787 literedem.

282 3822 467 3879 Silvius
513 3841 635 3897 ergo
688 3824 1012 3881 Postbuntus
1039 3827 1277 3896 regnavit
1303 3841 1428 3883 ann.
1463 3828 1479 3878 l
1518 3842 1666 3894 χιιι,
1706 3832 1796 3898 qui

224 3912 524 3973 Posthumus
554 3918 675 3973 inde
696 3919 1016 3989 appellatus,
1048 3920 1168 3990 quia
1205 3930 1326 3990 post
1366 3930 1593 3976 mortem
1626 3922 1794 3991 patris

226 4014 295 4057 est
321 4016 465 4063 natus
495 4026 509 4074 ;
545 4006 763 4075 Silvius,
786 4010 906 4079 quia
939 4011 1047 4066 ruri
1080 4014 1248 4067 luerat
1290 4012 1568 4080 educatus,
1615 4029 1646 4070 a
1691 4028 1797 4083 quo

227 4106 388 4150 omnes
414 4099 741 4154 Albanorum
770 4115 922 4170 reges
948 4101 1095 4156 Silvii
1113 4103 1287 4157 vocati
1316 4102 1457 4158 sunt.
1483 4103 1607 4159 Post
1628 4118 1789 4173 quem

230 4193 444 4257 regnavit
471 4190 671 4250 Encas
713 4194 908 4251 Silvius
963 4197 1117 4253 annis
1163 4198 1373 4269 triginta
1424 4215 1549 4256 uno.
1590 4200 1791 4256 Deinde

233 4276 423 4338 Latinus
451 4287 647 4342 Silvius
688 4290 914 4359 regnavit
944 4289 1098 4345 annis
1127 4307 1175 4356 ι.,
1204 4306 1307 4361 quo
1359 4294 1517 4347 etiam
1550 4304 1795 4363 tempore

235 4377 347 4440 apud
366 4377 611 4434 Hebraeos
633 4379 797 4435 David
816 4383 1084 4451 regnabat.
1113 4384 1403 4454 Postcujus
1433 4387 1633 4442 obitum
1661 4387 1795 4442 Alba

237 4464 400 4526 Silvius
434 4469 459 4509 ¹ι
492 4473 734 4543 regnavit
760 4474 914 4529 annis
950 4490 1135 4530 χχιιι.
1169 4474 1293 4532 Post
1335 4477 1474 4531 hunc
1508 4477 1791 4549 Egyptus,

240 4559 327 4617 sive
358 4568 500 4635 Atvs,
528 4566 645 4636 ejus
662 4565 821 4633 ﬁlius,
844 4566 996 4624 annis
1017 4582 1163 4623 XXIV.
1192 4566 1396 4623 Deinde
1418 4569 1577 4639 Capis
1596 4569 1792 4627 Silvius

299 4716 429 4788 _‘A.,
458 4724 518 4777 Β.
549 4732 604 4777 et
630 4724 721 4787 H.,
745 4720 1021 4776 Teutanes.

297 4779 319 4817 δ
349 4791 401 4848 Β.
415 4779 474 4848 ἐι
505 4795 592 4856 Η.,
618 4779 815 4849 Thous.

301 4860 319 4929 ‘f
348 4862 426 4929 H.,
453 4882 483 4918 a
503 4866 695 4919 diluvio
720 4864 870 4917 annis
892 4875 1240 4917 ιιυοαιιιιιιι.

299 4926 489 5004 {Aret
529 4935 619 4997 H.,
664 4952 698 4989 a
725 4935 989 4988 nativitate
1022 4933 1278 4986 Abraham
1315 4942 1362 4987 et
1401 4932 1798 5004 quadragesimo

244 5001 360 5055 tertio
381 5023 509 5059 anna
544 5005 672 5060 Nini
698 5006 831 5075 regis
872 5005 1181 5075 Assiriorum
1210 5006 1359 5059 annis
1383 5001 1685 5059 n'cccxxiv.

298 5082 318 5147 ξ
343 5074 447 5147 Non
483 5078 586 5147 leg.
610 5078 663 5131 in
693 5074 873 5147 citatis
904 5076 1002 5128 Ms.
1027 5074 1117 5138 A.,
1140 5076 1203 5128 Β.
1223 5086 1277 5130 et
1311 5076 1374 5129 H.

299 5140 317 5181 ί
342 5145 462 5201 Item
493 5140 608 5202 haec
624 5149 798 5201 omnia
826 5146 1041 5200 diverso
1069 5147 1377 5200 charactere
1413 5151 1615 5200 notata.

293 5222 316 5284 β
342 5216 418 5284 B.,
441 5217 647 5272 Iulium
668 5234 839 5272 suum.

1904 3358 2104 3410 occidit.
2152 3356 2347 3411 Rheam
2403 3372 2539 3423 vero,
2586 3372 2700 3427 qua:
2727 3365 2775 3410 et
2825 3355 2951 3420 Ilia,
2999 3356 3258 3410 adimendi
3313 3366 3495 3426 partus

1901 3448 2088 3517 gratia,
2115 3446 2361 3518 virginem
2390 3448 2625 3502 aestatem
2655 3450 2796 3518 fecit.
2838 3448 2967 3516 Quae
2995 3463 3114 3502 cum
3139 3447 3370 3517 septimo
3393 3463 3495 3519 pa-

1904 3541 2005 3595 trui
2034 3555 2175 3595 anno
2199 3539 2442 3609 geminos
2468 3540 2726 3597 edidisset
2754 3539 3014 3607 infantes,
3037 3539 3194 3610 juxta
3240 3540 3410 3611 legem
3432 3540 3494 3601 in

1902 3640 2041 3687 terra
2084 3631 2204 3686 viva
2228 3630 2443 3686 defossa
2469 3639 2571 3687 est.
2606 3630 2800 3687 Verum
2843 3632 3095 3700 parvulos
3127 3646 3292 3702 prope
3320 3632 3495 3702 ripam

1900 3734 1930 3777 ιι
1957 3724 2157 3779 Tiberis
2209 3724 2507 3795 expositos,
2538 3723 2823 3779 Faustulus
2849 3723 2985 3795 regii
3037 3732 3217 3791 pastor
3261 3726 3497 3781 armenti

1898 3816 1967 3873 ad
1992 3822 2187 3873 Accam
2233 3818 2576 3873 Laurentiam
2608 3830 2830 3872 uxorem
2859 3830 3011 3871 suam
3061 3816 3287 3882 detulit,
3315 3825 3339 3854 τ
3374 3831 3496 3886 quas

1898 3911 1968 3967 ob
1994 3908 2440 3980 pulchritudinem
2467 3916 2521 3965 et
2540 3908 2883 3979 rapacitatem
2925 3908 3168 3977 corporis
3198 3907 3498 3978 quaestuosi

1898 4004 2021 4073 lupa
2050 4018 2081 4058 a
2133 4002 2322 4059 vicinis
2371 4001 2633 4072 appellata
2676 4010 2779 4058 est.
2834 4001 2985 4058 Unde
3034 4010 3091 4058 et
3140 3999 3210 4055 ad
3253 4008 3496 4056 nostram

1899 4111 2065 4167 usque
2101 4096 2417 4152 memoriam
2461 4094 2803 4150 meretricum
2835 4092 3041 4149 cellulas
3092 4092 3369 4162 lupanaria
3412 4091 3498 4146 di-

1898 4198 2114 4245 cuntur.
2144 4188 2302 4244 Pueri
2346 4202 2467 4242 cum
2513 4185 2916 4251 adolevissent,
2967 4184 3189 4240 collecta
3219 4193 3498 4254 pastorum

1898 4291 1954 4339 et
1980 4282 2248 4337 latronum
2288 4295 2468 4349 manu,
2500 4289 2521 4316 9
2554 4276 2932 4345 interiectaque
2959 4279 3097 4348 apud
3125 4279 3310 4333 Albam
3327 4278 3498 4334 Amu-

1899 4376 1992 4445 lio,
2021 4391 2177 4432 avum
2204 4374 2534 4429 Numitorem
2564 4371 2866 4441 in‘regnum
2902 4369 3208 4425 restituunt.

1973 4471 1995 4506 ί
2031 4470 2326 4525 Romanum
2353 4466 2512 4536 igitur
2559 4463 2863 4535 imperium,
2904 4476 3011 4531 quo
3036 4477 3206 4531 neque
3234 4464 3301 4518 ab
3328 4475 3466 4518 exor
3492 4491 3497 4497 ε

1899 4569 1988 4628 dio
2017 4566 2182 4623 ullum
2215 4563 2328 4619 lere
2368 4562 2569 4628 minus,
2605 4572 2779 4627 neque
2807 4555 3151 4612 incrementis
3205 4564 3317 4611 toto
3366 4556 3498 4612 orbe

1826 4709 1882 4771 D
1977 4731 2007 4759 ιι
2033 4722 2125 4788 Δ.,
2170 4731 2324 4775 mu.
2357 4714 2442 4781 Β.,
2497 4710 2765 4767 Adrentini
2793 4708 2873 4779 ﬁl.
2899 4709 2988 4780 qui
3030 4722 3173 4780 regn.
3216 4723 3306 4762 an.
3337 4723 3492 4764 χχιιι.

1904 4793 1968 4849 H.
2000 4808 2121 4848 cum
2153 4790 2217 4845 A.

1977 4860 2330 4927 on.,st'don.
2370 4853 2675 4931 (inﬁda!!-
2745 4922 2757 4931 _
2825 4919 2846 4931 .
2906 4920 2917 4931 ,
3139 4919 3156 4931 .
3257 4919 3269 4931 .
3444 4919 3457 4931 .

1974 4944 2001 4983 ρ
2025 4934 2078 4988 ιη
2105 4919 2473 4995 1t.,u.etn.',
2499 4925 2709 4979 Αιατξαι
2738 4922 2791 4975 in
2810 4919 2990 4995 Iuda,
3032 4930 3080 4976 et
3123 4919 3495 4995 Jeroboant‘in

1903 5003 2071 5061 Israel
2099 4989 2233 5075 [Al'.,
2269 4995 2837 5075 Jerusal.]l_regnarent.
2874 4989 2974 5075 .I‘sli
3008 5007 3208 5073 quoque
3250 4990 3489 5075 Amulius

1904 5059 2172 5130 succedens
2187 5059 2298 5136 eius
2311 5059 2666 5136 junior'ﬁlius
2683 5064 2913 5136 regnavit
2937 5059 3087 5115 annis
3108 5059 3269 5136 aut}.
3304 5059 3489 5115 Numi-

1911 5155 1990 5199 tor
2029 5131 2377 5213 Pracw'regis
2428 5139 2595 5213 major
2634 5131 2791 5213 ﬁlius
2832 5151 2862 5185 a
2895 5136 3053 5213 [ratre
3084 5131 3287 5213 Amulio
3331 5146 3490 5213 regno

1910 5217 2086 5286 pulsus
2105 5215 2164 5286 in?
2194 5201 2324 5282 agro
2357 5225 2456 5286 suo.
2490 5201 2641 5286 uiguit.
2684 5202 2824 5286 Filia
2844 5205 3000 5286 ‘ejus,
3028 5201 3286 5257 adimendi
3313 5211 3493 5271 partus

295 5282 319 5321 δ
340 5276 425 5353 Α..
448 5288 710 5360 parvulus,
726 5299 771 5343 et
790 5288 878 5359 qui
897 5287 1113 5342 necdum
1136 5287 1364 5358 regendis
1384 5285 1570 5360 civibus
1588 5285 1803 5360 idoneus
1908 5276 2098 5360 gratia,
2121 5276 2260 5360 virgo
2279 5280 2483 5360 uestalis
2508 5276 2667 5332 electa
2685 5282 2779 5338 est,
2806 5282 2911 5328 etc.

232 5368 339 5429 erat.
367 5360 421 5413 Β.
448 5356 511 5414 ἐι
530 5360 622 5425 Η.,
655 5356 933 5427 Paruttlus,
963 5360 1083 5429 quia
1106 5356 1323 5412 necdum
1350 5358 1583 5426 regendis
1608 5356 1797 5411 civibus

231 5426 424 5554 idqui"
468 5442 595 5484 erat.
629 5430 877 5485 Ascanius
904 5426 1021 5484 cum
1049 5445 1249 5485 sxxvm
1269 5430 1436 5484 annis.

383 5542 422 5554 ..
453 5517 641 5554 xxxix.

383 5542 424 5570 .,
453 5517 641 5556 xxxix.

289 5573 303 5621 Ι
344 5580 430 5638 A.,
469 5588 653 5626 xxxix.
682 5573 807 5627 item
836 5572 896 5626 Β.
928 5580 982 5627 et
1010 5571 1077 5625 H.

288 5639 312 5714 β
351 5645 619 5714 Regnavit.
650 5644 726 5697 Ita
753 5644 963 5711 corrigo
989 5656 1052 5695 ex
1086 5643 1144 5698 Β.
1186 5641 1327 5698 etll.
1350 5641 1448 5696 Ms.
1471 5654 1591 5695 cum
1621 5638 1791 5710 vulg.,

222 5711 660 5784 Vitiosefregnnm
676 5714 894 5784 suscepit
919 5714 1100 5767 Carus.

288 5780 306 5823 ι
332 5787 420 5850 Δ..
455 5780 522 5837 BI
546 5794 601 5840 et
630 5783 719 5849 H.,
750 5780 1054 5848 Carpentus.

285 5863 327 5896 ³
353 5860 421 5912 Δ.
453 5864 509 5910 et
535 5854 623 5923 B.,
651 5856 899 5908 Arentult'.
932 5855 1022 5923 H.,
1052 5854 1272 5911 Remuli.

458 5948 738 6015 Ρηιιοι..
784 5945 980 6011 XCV.

1977 5366 2005 5407 τι
2032 5356 2096 5410 A.
2109 5397 2122 5419 ,
2154 5353 2401 5423 ﬂuminis.

1974 5437 1996 5465 ι’
2030 5414 2119 5491 A.,
2153 5414 2251 5490 Qui
2278 5422 2339 5476 ob
2386 5417 2815 5489 pulchritudinem
2853 5424 2900 5491 e_t
2949 5414 3280 5491 rapacitatem
3310 5429 3488 5491 carpo.

1894 5499 1970 5551 ris
2018 5484 2127 5564 lupi
2148 5484 2194 5548 ἆ
2214 5484 2397 5547 vicinis
2418 5491 2823 5562 appellabantur.
2859 5488 2943 5554 8.,
2979 5484 3149 5556 lupica
3174 5484 3353 5542 vicinis
3380 5502 3481 5553 ap-

1890 5569 2192 5638 pellabatur.

1972 5649 1993 5677 ³
2029 5643 2119 5703 A.,
2147 5636 2411 5706 interfecto
2440 5630 2824 5706 AlbaAAntulio.

1977 5712 1997 5747 τ
2030 5695 2216 5764 Αιίιιὶς
2242 5695 2417 5760 verbis
2440 5702 2623 5771 incipit
2653 5702 2937 5755 Historiam
2967 5698 3259 5767 Eutropius
3286 5695 3478 5771 major.

1905 5781 2056 5838 Unde
2109 5786 2252 5849 patet
2297 5767 2645 5849 praecedentia
2696 5788 2728 5828 a
2780 5772 2946 5829 Paulo
3004 5773 3238 5827 Diacouo
3276 5767 3478 5825 addita.

1905 5852 2166 5911 Canisius.
