3920 6336
514 320 628 388 ‘m

1391 310 1592 397 PAULI
1630 305 1897 366 DlACONl
1935 303 2084 361 OPP.
2127 296 2304 362 PARS
2343 299 2383 359 Ι.
2414 328 2485 343 -
2520 299 2906 359 HISTORICA.
3611 307 3692 366 *ηε

523 443 749 505 amplius
778 439 1005 493 humana
1034 439 1207 502 potest
1226 428 1479 484 memoria
1511 424 1799 489 rocordari,
1819 439 1849 476 a
1873 420 2097 475 Romulo
2131 426 2177 490 Α
2203 433 2350 489 quem
2379 432 2519 478 mox,
2544 425 2599 469 ut
2628 416 2680 468 in
2708 416 2994 469 societatem
3020 409 3164 502 regni
3183 409 3288 482 ejus
3308 419 3566 490 assumpsit,
3589 427 3695 479 occi-

522 532 685 592 itanct
710 528 1006 589 exordium,
1030 526 1116 590 qui
1150 523 1313 578 Rhea:
1341 521 1519 579 Silvia
1546 518 1762 574 vestalis
1782 515 2024 586 virginis,
2046 523 2104 567 ut

521 623 861 698 praemissum
888 626 991 683 est,
1018 615 1176 681 (ilius,
1203 624 1277 679 et,
1307 620 1558 682 quantum
1585 618 1796 681 putatus
1827 615 1928 671 est,
1958 605 2102 661 Mar-

524 718 617 781 tis,
648 730 771 770 cum
796 712 963 767 Remo
1014 710 1177 764 fratre
1205 722 1310 760 uno
1357 712 1507 774 partu
1536 703 1709 757 editus
1757 709 1856 755 est.
1892 700 1941 754 is
1980 712 2099 752 cum

522 806 666 867 Inter
697 812 933 874 pastores
966 799 1365 854 latrocinaretur
1391 810 1515 850 xvut
1563 806 1732 847 annos
1763 803 1915 846 natus
1947 832 1961 855 ,
2012 804 2105 843 ur-

521 895 645 953 bem
671 896 912 964 exiguam
940 892 991 946 in
1018 890 1258 945 Palatino
1284 896 1462 943 monte
1483 885 1753 941 constituit
1779 898 1811 938 x
1837 881 2104 938 Kalendas

521 983 711 1053 Maias,
730 983 1052 1056 Olympiadis
1097 992 1261 1036 sextte
1308 995 1448 1034 anno
1467 985 1648 1048 quarto
1679 987 1705 1015 α
1732 1018 1745 1040 ,
1787 983 1904 1043 post
1923 973 2100 1044 'I‘rojm

522 1077 789 1134 excidium
838 1074 966 1140 419,
1001 1074 1131 1140 sive,
1162 1082 1217 1127 ut
1246 1073 1415 1142 placet
1453 1070 1663 1136 Orosio,
1705 1067 1831 1134 ιρι,
1863 1076 1985 1121 ante
2010 1081 2104 1120 sex

523 1189 699 1231 annos
728 1188 883 1244 quam
915 1172 1095 1227 decem
1129 1170 1296 1223 tribus
1324 1167 1483 1222 Israel
1515 1182 1542 1219 a
1575 1162 1940 1222 Sennacherib
1979 1172 2103 1231 rege

521 1265 891 1321 Chaldaeorum
913 1260 1329 1315 transferrentur
1352 1257 1403 1311 in
1420 1262 1627 1310 montes
1642 1254 1936 1309 Medorum.
1957 1251 2071 1305 Con
2084 1278 2107 1289 -

522 1357 633 1410 dita
654 1369 781 1424 ergo
797 1353 1032 1417 civitate,
1055 1366 1212 1421 quam
1232 1364 1298 1405 ex
1333 1346 1550 1402 nomine
1571 1362 1669 1400 suo
1700 1345 1925 1399 Romam
1948 1358 2105 1397 voca-

519 1446 619 1511 vit,
645 1461 674 1499 a
697 1458 797 1514 qua
833 1451 888 1499 et
911 1442 1161 1496 Romanis
1188 1454 1378 1493 nomen
1419 1437 1645 1491 inditum
1679 1446 1782 1501 est,
1834 1434 1947 1488 lucc
1995 1434 2107 1488 fere

519 1539 653 1607 egit.
684 1533 907 1589 Condito
925 1530 1123 1603 templo
1151 1529 1287 1600 quod
1313 1527 1531 1599 Asylum
1563 1527 1865 1595 appellavit,
1904 1522 2108 1595 pollici-

526 1635 616 1681 tus
639 1635 753 1681 erat
774 1620 977 1679 cunctis
1007 1623 1071 1677 ad
1099 1637 1217 1676 eum
1260 1617 1685 1690 confugientibus
1717 1618 2101 1686 impunitatem.

522 1718 695 1785 Quam
710 1717 778 1772 ob
789 1730 1000 1771 causam
1015 1712 1399 1769 multitudinem
1422 1709 1762 1765 finitimorum
1775 1708 1861 1779 qui
1877 1707 2104 1778 aliquam

2204 511 2311 575 dit;
2342 510 2525 564 Sabini
2553 522 2763 577 quoque
2784 548 2797 571 ,
2825 515 2878 561 et
2910 498 3135 559 Romani
3169 519 3303 560 unus
3333 511 3530 577 populus
3553 514 3694 571 efﬁce-

2205 613 2409 659 rentur.
2451 602 2567 669 Quo
2597 611 2836 669 tempore
2864 599 3085 653 Romani
3116 598 3179 652 ad
3214 600 3584 658 conﬁrmandam
3601 620 3697 662 con-

2202 694 2529 764 junctiunem
2561 692 2774 745 nomina
2809 691 3024 744 iiiurutn
3058 689 3168 745 suis
3200 694 3547 760 praponebant
3569 698 3699 753 nomi-
3736 720 3739 721 ν

2208 787 2407 851 uibus,
2457 796 2509 840 et
2554 785 2780 839 invicem
2835 783 3015 839 Sabini
3066 785 3430 841 Romanorum.
3480 788 3536 843 Et
3559 804 3612 845 ex
3634 791 3703 849 illo

2208 878 2535 934 consuetudo
2586 878 2793 940 tenuit,
2826 884 2885 931 ut
2941 892 3098 932 nemo
3144 876 3403 934 Romanus
3447 880 3509 935 ait
3551 884 3704 955 absque

2209 968 2558 1041 prtenomine.
2616 967 2838 1038 Propter
2890 968 3031 1023 hanc
3075 968 3237 1024 etiam
3283 971 3579 1043 societatem,
3616 990 3702 1032 eum

2209 1065 2528 1120 Sabinorum
2579 1078 2726 1117 more
2774 1062 3036 1118 Romulus
3090 1062 3292 1118 hastam
3336 1065 3524 1138 longam
3567 1067 3706 1138 ferret,

2209 1170 2327 1225 qua:
2356 1172 2541 1212 eorum
2576 1155 2752 1226 lingua
2781 1152 2811 1192 ιι
2842 1157 3008 1225 quiris
3046 1156 3361 1226 appellatur,
3416 1158 3627 1226 Quirinus
3650 1172 3709 1219 est

2209 1246 2407 1303 dictus.
2448 1248 2673 1301 Romani
2726 1263 2849 1302 vero
2897 1248 3015 1303 sive
3061 1263 3089 1303 a
3135 1249 3392 1320 quiribus,
3422 1251 3468 1306 id
3494 1254 3711 1310 esthastls

2214 1340 2404 1412 longis,
2441 1341 2553 1395 sive
2584 1358 2611 1393 a
2642 1342 2897 1407 Quirino,
2924 1342 3155 1408 Quirites
3186 1344 3440 1399 nominari
3473 1355 3707 1415 cteperunt.

2216 1432 2416 1487 Remus
2446 1431 2675 1501 denique
2719 1448 2748 1486 a
2798 1431 2961 1486 Fabio
2999 1431 3012 1469 ι
3047 1433 3183 1489 duce
3227 1433 3429 1488 Romuli
3474 1435 3621 1489 fratris
3639 1438 3713 1503 sui,

2209 1522 2475 1593 ejusdem,
2511 1534 2568 1577 ut
2598 1524 2783 1591 fertur,
2814 1525 3105 1590 voluntate,
3133 1534 3279 1580 rutro
3309 1528 3537 1594 pastorali
3557 1530 3712 1583 exstin-

2214 1627 2334 1670 ctus
2357 1627 2460 1671 est.
2502 1616 2671 1670 Causa
2719 1627 2894 1672 autem
2934 1618 3177 1673 interitus
3207 1619 3315 1689 ejus
3362 1617 3469 1674 haec
3496 1619 3594 1687 fuit,
3614 1621 3716 1688 quod

2213 1706 2279 1759 ad
2307 1710 2527 1762 tutelam
2555 1724 2704 1761 novae
2736 1709 2880 1762 urbis
2904 1709 3127 1773 vallum,
3163 1708 3177 1759 i
3210 1724 3357 1778 quem
3384 1710 3610 1779 fecerant,
3644 1725 3718 1765 non

522 1806 665 1878 apud
690 1821 817 1861 suos
847 1807 994 1860 cives
1020 1802 1277 1859 oil‘ensam
1324 1811 1743 1867 contraxerant,
1795 1798 1858 1853 ad
1885 1812 1944 1853 se
1973 1811 2103 1853 con-
2136 1800 2185 1861 B
2212 1813 2374 1869 posse
2403 1798 2656 1855 sufficere
2683 1804 3072 1868 increpaverat,
3102 1803 3324 1870 ejusque
3345 1802 3587 1872 angustias
3618 1803 3719 1856 saltu

524 1901 817 1970 fugientem
867 1898 921 1953 in
974 1897 1240 1951 civitatem
1289 1896 1507 1965 recepit.
1548 1894 1576 1932 Ι)
1625 1892 1795 1946 Latini
1846 1891 2099 1958 denique,

524 1984 792 2059 Tuscique
809 1997 1069 2059 pastores,
1090 1984 1247 2040 etiam
1269 1981 1603 2037 transmarini
1628 1980 1884 2053 Phryges,
1903 1981 1988 2049 qui
2005 1978 2105 2034 sub

524 2080 719 2145 linea,
751 2090 804 2136 et
829 2078 1085 2146 Arcades,
1115 2079 1203 2149 qui
1238 2076 1337 2131 sub
1370 2074 1622 2129 Evandro
1653 2073 1810 2140 (luce,
1844 2081 2101 2135 venerant,

528 2176 874 2229 induxerunt.
916 2169 988 2224 Ita
1032 2184 1098 2224 ex
1129 2167 1286 2221 variis
1324 2168 1472 2236 quasi
1503 2164 1783 2219 elementis
1813 2175 2106 2233 congrega-

526 2272 608 2324 vit
654 2278 850 2333 corpus
898 2278 1057 2317 unum
1088 2304 1101 2328 ,
1155 2261 1515 2329 pupulumque
1559 2255 1854 2310 Romanum
1906 2252 2101 2309 effecit.

531 2362 761 2417 Centum
790 2372 856 2411 ex
889 2354 1189 2410 senioribus
1216 2353 1396 2422 elegit,
1424 2365 1648 2420 quorum
1678 2349 1898 2404 consilio
1928 2348 2104 2401 omnia

532 2457 755 2520 ageret,
802 2458 937 2517 quos
968 2454 1242 2499 senatores
1282 2451 1500 2512 propter
1544 2448 1901 2505 senectutem,
1932 2449 2106 2509 patres

508 2539 607 2611 pob
656 2536 1057 2593 similitudinem
1089 2550 1230 2590 curae
1279 2532 1595 2589 nominavit.
1656 2532 1797 2587 Mille
1824 2533 1981 2587 etiam
2010 2534 2107 2602 ραι

531 2636 792 2701 gnatores
820 2626 1017 2697 elegit,
1072 2638 1205 2693 quos
1249 2639 1279 2677 a
1326 2636 1546 2678 numero
1573 2622 1768 2677 milites
1799 2622 2102 2693 appellavit.

534 2716 693 2787 Tum,
737 2733 856 2773 cum
906 2728 1101 2771 uxores
1146 2716 1258 2785 ipse
1304 2724 1357 2770 et
1385 2715 1611 2784 populus
1661 2716 1775 2783 ejus
1806 2730 1909 2769 non
1941 2714 2106 2769 habe-

531 2820 675 2881 rent,
700 2809 938 2866 invitavit
965 2808 1030 2865 ad
1061 2807 1423 2878 spectaculum
1457 2807 1702 2863 ludorum
1734 2809 1932 2863 vicinas
1957 2808 2106 2863 urbis

529 2904 719 2960 Romae
752 2903 993 2958 nationes
1018 2944 1033 2970 ,
1082 2906 1239 2971 atque
1285 2899 1514 2970 virgines
1541 2915 1722 2955 earum
1752 2902 1933 2969 rapuit
1961 2914 2101 2955 anno

533 2996 601 3051 ab
634 2992 776 3050 Urbe
803 2993 1016 3048 condita
1053 3000 1310 3061 °quarto.
1355 2990 1503 3045 Tunc
1540 2990 1806 3061 virginum
1858 2991 2104 3059 pulcher-

528 3089 688 3153 rima,
709 3094 1017 3140 cunctorum
1039 3082 1421 3138 acclamatione
1451 3083 1789 3149 rapientium,
1817 3083 2099 3137 Thalassio

2211 1889 2552 1946 transilieral.
2597 1889 2723 1945 Cum
2773 1889 3071 1945 Veientibus
3100 1891 3303 1962 pupulis
3344 1892 3503 1945 adhuc
3543 1892 3720 1961 pralium

2214 2002 2374 2058 parvo
2407 1991 2628 2053 nomine,
2662 1987 2749 2039 sed
2778 1986 2984 2056 magnis
3010 1987 3202 2040 uiribus
3229 1985 3495 2059 agitatum,
3526 1984 3719 2039 Certima.

2208 2076 2339 2131 sitim
2370 2086 2575 2149 captant
2618 2094 2679 2130 ac
2709 2077 2937 2131 dirutum
2989 2079 3278 2145 Oppidum:
3325 2077 3578 2145 assumptis
3613 2076 3725 2129 semel

2206 2172 2365 2226 armis
2397 2187 2655 2243 nunquam
2700 2173 2881 2243 quies,
2931 2173 3118 2243 quippe
3170 2171 3349 2242 quibus
3398 2181 3575 2242 egestas
3609 2169 3727 2240 turpis

2208 2272 2360 2334 atque
2392 2264 2605 2317 obscena
2636 2264 2796 2333 fames
2837 2264 2976 2317 domi
3026 2265 3343 2332 timerentur,
3379 2268 3421 2321 si
3446 2281 3637 2335 unquam
3659 2280 3721 2317 ac-

2208 2356 2511 2425 quievissent
2538 2355 2651 2427 paci
2681 2397 2694 2421 ,
2752 2365 2837 2408 aut
2883 2356 3082 2424 frederi.
3114 2354 3137 2394 ¹ι
3176 2356 3435 2414 Romulus
3474 2372 3603 2425 vero,
3636 2370 3722 2410 cum

2210 2460 2283 2500 vn
2312 2445 2582 2502 Kalendas
2610 2447 2827 2517 Augusti
2860 2448 2997 2515 apud
3029 2449 3280 2517 paludem
3324 2448 3530 2522 Capreae
3566 2449 3728 2519 fulmine

2206 2537 2339 2592 ictus
2376 2551 2639 2606 nusquam
2669 2539 3057 2607 comparuisset
3078 2582 3092 2601 .
3121 2553 3267 2594 anno
3300 2541 3443 2609 regni
3476 2540 3536 2594 59
3558 2538 3612 2592 ad
3634 2536 3730 2591 deos

2210 2632 2470 2686 transisse
2505 2630 2740 2686 creditus
2785 2641 2897 2699 est,
2947 2631 3235 2697 etAQuiriui
3270 2631 3480 2687 nomine
3508 2642 3733 2685 consecra-

2208 2731 2313 2777 tus.
2356 2720 2558 2777 Deinde
2592 2722 2775 2778 Romae
2822 2736 2916 2792 per
2959 2724 3149 2794 quinos
3189 2724 3306 2779 dies
3337 2736 3589 2780 senatores
3610 2720 3734 2793 impe‘

2211 2830 2494 2886 raverunt,
2520 2831 2573 2875 et
2592 2819 2673 2873 bis
2698 2818 3041 2889 regnantibus
3070 2834 3247 2874 annus
3272 2835 3405 2874 unus
3426 2819 3645 2888 expletus
3661 2823 3734 2869 est.

2281 2909 2468 2966 Postea
2498 2910 2665 2965 Numa
2693 2910 2982 2979 Pompilius
3013 2925 3105 2966 rex
3133 2922 3353 2967 creatus
3374 2920 3469 2976 est,
3499 2924 3604 2965 cum
3629 2905 3733 2977 apud

2214 3002 2466 3057 Ilebrteos
2515 3001 2774 3057 Ezechias
2831 3011 3098 3070 regnaret.
3171 3002 3277 3071 Qui
3335 3002 3527 3058 bellum
3571 2998 3738 3070 quidem

2217 3095 2414 3147 nullum
2444 3092 2629 3163 gessit,
2654 3092 2747 3147 sed
2778 3107 2884 3146 non
2912 3092 3088 3146 minus
3110 3091 3324 3147 civitati
3353 3106 3508 3161 quam
3535 3089 3734 3145 ltoutulus

534 3178 655 3231 duci
688 3175 897 3231 Romuli
926 3176 1252 3230 decernitur.
1295 3173 1444 3229 Unde
1470 3174 1521 3228 in
1552 3175 1850 3243 nuptiarum
1884 3178 1905 3210 ί¹
1934 3176 2102 3228 adhuc
2136 3163 2180 3226 C
2215 3182 2426 3257 ρτυίιύι,
2469 3182 2599 3237 Nam
2630 3179 2649 3219 1
2683 3190 2731 3236 ει
2778 3184 2940 3237 cum“
2985 3185 3198 3238 deorum
3226 3225 3242 3251 ’
3277 3193 3334 3240 ει
3370 3184 3509 3253 leges
3539 3177 3738 3235 Romanis

527 3267 953 3324 solemnitatibus
980 3265 1251 3320 Thalassio
1280 3265 1436 3335 vulgo
1478 3265 1749 3321 clamitant
1776 3308 1789 3331 ,
1833 3266 1971 3335 quod
2001 3267 2104 3321 sci-

530 3361 658 3417 licet
689 3360 808 3414 talis
837 3368 997 3428 nupta
1028 3358 1114 3422 sit,
1143 3359 1281 3428 quod
1303 3358 1634 3412 Thalassium
1666 3358 1859 3412 habere
1891 3373 2099 3413 merea-

530 3464 640 3510 tur.
710 3454 1004 3508 (Iommotis
1048 3451 1203 3508 bellis
1250 3461 1465 3522 propter
1509 3463 1777 3521 raptarum
1833 3453 2097 3521 injuriam,

538 3550 565 3578 ⁶
591 3544 923 3599 Ccnincnses
965 3542 1122 3608 vicit,
1154 3544 1502 3597 Antemnates
1524 3584 1538 3608 ,
1566 3542 1916 3607 ϐτυμιιιηιὶυε,
1951 3543 2099 3598 Sabi-

527 3649 652 3702 nos,
694 3633 713 3672 ί
746 3634 1047 3689 Fidenates.
1088 3634 1211 3688 Have
1236 3636 1411 3687 omnia
1433 3633 1626 3701 oppida
1658 3635 1839 3689 urbem
1864 3633 2101 3703 cingunt.

529 3723 684 3779 Tunc
737 3727 895 3779 etiam
942 3724 1164 3794 Tarpeia
1228 3726 1376 3793 virgo
1425 3724 1744 3780 Sabinorum
1799 3725 1999 3795 clypeis
2054 3726 2103 3778 in

532 3826 719 3873 monte
739 3817 928 3872 obruta
959 3824 1041 3871 est
1065 3856 1080 3882 ,
1128 3816 1217 3885 qui
1247 3817 1313 3870 ab
1345 3818 1459 3883 ejus
1500 3818 1713 3870 nomine
1743 3816 1996 3885 Tarpeius
2026 3825 2107 3871 est

531 3910 867 3979 appellatus,-
920 3909 971 3963 in
1015 3922 1122 3978 quo
1167 3917 1348 3976 postea
1388 3906 1710 3975 Capitolium
1752 3916 1832 3961 est
1861 3917 2104 3962 constru-

534 4012 700 4057 ctum.
729 4002 983 4071 Pepigere
1009 4008 1185 4054 tamen
1212 4000 1431 4054 Romani
1462 4013 1588 4054 cum
1617 3999 1848 4064 Sabinis,
1880 4013 2104 4069 quorum

536 4095 672 4148 tilias
704 4101 992 4164 rapuerunt
1016 4131 1031 4157 ,
1076 4089 1332 4145 amicitias
1358 4133 1373 4159 ,
1423 4091 1554 4145 adeo
1586 4101 1641 4144 ut
1666 4090 1984 4145 Sabinorum
2008 4104 2101 4146 rex

525 4184 675 4240 Titus
698 4186 882 4240 Tatius
910 4198 1071 4239 senex
1096 4192 1121 4230 ις
1146 4192 1394 4253 regnaret
1442 4184 1634 4253 pariter
1676 4197 1798 4239 cum
1838 4180 2097 4248 Romulo,

601 4356 626 4382 ⁸
658 4348 751 4403 Ms.
777 4348 942 4401 codex
990 4344 1179 4399 Pitlimi
1221 4344 1379 4398 habet
1416 4343 1487 4398 ita
1510 4354 1566 4398 ut
1593 4345 1747 4415 vulgo
1767 4346 1966 4409 editum
1999 4357 2099 4405 est.

524 4416 625 4471 Ms.
654 4434 781 4471 vero
810 4418 896 4470 Fr.
928 4415 1083 4469 Fabr.
1128 4416 1253 4484 legit
1300 4429 1541 4469 ccccxtv.
1586 4416 1681 4469 Ms.
1707 4417 1773 4470 A.
1823 4417 1880 4469 Β.
1913 4429 1963 4472 et
2011 4418 2100 4486 il.,

525 4491 847 4541 conveniunt
900 4487 1058 4540 etiam
1107 4502 1226 4538 cum
1264 4486 1467 4554 vulgata
1531 4486 1795 4547 Editione,
1832 4488 1929 4539 nisi
1960 4491 2101 4556 quod

525 4570 715 4611 vocem
770 4566 949 4622 quarto
991 4572 1093 4608 non
1133 4559 1378 4608 habeant.
1428 4556 1713 4622 Eutropius
1768 4557 1976 4611 Merula:
2032 4561 2102 4613 ita

523 4628 650 4694 legit
677 4644 688 4679 :
712 4626 797 4681 XI
832 4626 1094 4679 Kalendas
1121 4626 1271 4691 Maii,
1306 4626 1625 4695 Olympiadis
1655 4637 1809 4679 sexta:
1835 4644 1971 4681 anno
2000 4639 2102 4682 ter-

524 4702 613 4761 tio,
644 4711 753 4764 post
773 4699 944 4770 j'rojat
970 4699 1239 4761 excidium,
1269 4698 1425 4767 utqui
1441 4699 1719 4766 plurimum
1738 4700 2106 4770 minimumque

520 4770 747 4833 tradunt,
770 4766 894 4821 5.;4.

595 4838 624 4879 δ
652 4840 704 4891 In
747 4840 810 4893 ii.
856 4855 958 4892 non
987 4838 1194 4906 legitur.
1242 4841 1303 4892 A.
1358 4839 1517 4894 habet
1564 4856 1577 4892 :
1625 4838 1833 4911 Latinos
1863 4841 2099 4911 denique,

524 4909 813 4980 Tuscosqu
842 4920 1066 4978 pastores
1091 4950 1103 4974 ,
1146 4911 1293 4961 etiam
1324 4912 1690 4964 transmarinos
1730 4909 2104 4980 Phrygem—qui

519 4981 611 5033 sub
639 4979 829 5042 ﬁam,
861 4980 1100 5041 Arcades,
1124 4982 1210 5045 qui
1231 4982 1319 5033 sub
1344 4981 1584 5036 Evandro
1610 4984 1740 5034 duce
1766 4979 2095 5050 inﬂuxerant,

517 5052 591 5104 ita
625 5068 687 5105 ea:
734 5053 915 5123 uat'iis‘
930 5055 1075 5120 quasi
1122 5051 1374 5123 elmmtis
1416 5054 1737 5123 congregavit
1784 5069 2000 5121 corpus,
2041 5063 2094 5109 ut

516 5137 673 5175 unum
713 5138 832 5193 pop.
877 5120 1027 5174 Rom.
1059 5122 1283 5190 alliceret.

596 5204 619 5233 ε
654 5190 741 5253 il.,
782 5190 953 5247 tertio.
1005 5194 1313 5261 Dionysius,
1360 5193 1449 5247 lib.
1481 5208 1555 5259 ιι,
1586 5192 1655 5246 ait
1681 5190 1781 5248 huc
1806 5195 2093 5264 contigisse

521 5278 662 5317 anno
691 5276 877 5332 quat-tn
909 5264 1155 5330 Romuli,
1204 5278 1587 5333 numerumque
1634 5266 1793 5318 fuisse
1822 5282 2091 5322 ncuxsttt

519 5336 800 5401 virginum.
832 5336 1009 5388 (lanis.

592 5410 616 5442 α
653 5408 705 5457 lu
736 5407 830 5459 Ms.
859 5407 915 5459 Β.
946 5417 996 5459 et
1029 5406 1089 5458 ll.
1122 5405 1234 5460 haec
1262 5421 1358 5459 vox
1388 5406 1556 5462 abest.

593 5487 615 5513 ε
649 5478 701 5527 In
733 5480 819 5537 A.,
851 5476 1162 5530 Cecinenses.

596 5542 705 5597 fit.
756 5557 807 5598 ct
855 5548 943 5608 il.,
997 5546 1287 5609 Fitlrnates,
1336 5547 1395 5599 lii
1425 5557 1579 5602 entes.
1633 5549 1759 5603 item
1788 5551 1852 5605 A.
1884 5559 2085 5605 noster.

521 5615 701 5669 Canis.
736 5618 835 5681 leg.
879 5616 1117 5678 Veientes,
1150 5621 1283 5671 sicut
1310 5630 1363 5671 et
1396 5620 1698 5687 Eutropius.

593 5696 617 5731 8
650 5691 713 5739 Α.
748 5688 872 5756 legit
903 5705 914 5739 :
942 5698 1169 5753 regnaret
1211 5705 1321 5741 cum
1368 5690 1619 5754 Romulo;
1659 5692 1952 5759 Sabinique,
1984 5702 2087 5744 etc.

517 5756 582 5809 B.
624 5767 680 5813 et
724 5759 819 5822 il.,
871 5770 1136 5826 regnaret,
1184 5762 1369 5828 pariter
1407 5777 1522 5814 cum
1570 5756 2091 5827 Romulo,'Sabini-

516 5842 635 5904 que,
664 5840 765 5884 etc.

2212 3295 2497 3349 moresque
2542 3278 2859 3343 constituit,
2927 3278 3013 3347 qui
3057 3277 3449 3334 consuetudine
3490 3274 3737 3347 praeliorum

2205 3372 2313 3441 jam
2349 3370 2581 3425 latrones
2606 3411 2621 3435 ,
2652 3379 2706 3425 et
2746 3369 3096 3425 semibarbari
3124 3371 3483 3435 videbantur;
3514 3378 3562 3424 et
3593 3378 3755 3421 annum.

2212 3475 2251 3503 ω
2285 3462 2647 3535 (lescripsit'in
2673 3464 2856 3519 decem
2886 3479 3097 3519 menses
3130 3466 3281 3533 prius
3329 3465 3444 3519 sine
3480 3463 3630 3533 aliqua
3654 3471 3744 3526 ευρ·

2210 3557 2479 3627 putatione
2522 3556 2801 3611 confusum
2832 3598 2847 3621 ,
2909 3564 2964 3611 et
3023 3557 3238 3612 inﬁnita
3312 3558 3495 3612 Romae
3538 3569 3663 3610 sacra
3702 3562 3747 3603 ac

2209 3650 2401 3717 templa
2431 3648 2727 3701 constituit.
2778 3646 2961 3701 Morbo
3012 3648 3253 3704 decessit
3282 3664 3371 3703 xu
3402 3646 3593 3716 imperii
3623 3655 3741 3697 anno.

2206 3741 2482 3813 Reguante
2511 3733 2679 3795 Numa
2709 3740 2939 3796 Glaucus
2982 3740 3189 3811 primus
3234 3740 3366 3797 ferri
3398 3740 3531 3798 inter
3557 3753 3608 3793 se
3631 3732 3747 3807 gluti-

2206 3849 2332 3891 num
2364 3834 2700 3902 excogitavit.

2281 3927 2412 3982 Huic
2461 3926 2721 3981 successit
2765 3925 2953 3981 Tullus
3002 3925 3269 3982 Hostilius
3298 3969 3312 3993 ,
3348 3926 3438 3997 qui
3471 3925 3648 3994 primus
3666 3919 3748 3973 lio-

2204 4036 2485 4079 manorum
2527 4035 2752 4090 purpura
2806 4030 2859 4073 et
2889 4020 3121 4075 fascibus
3148 4035 3282 4075 usus
3315 4031 3432 4087 est,
3466 4019 3675 4073 Manassc
3709 4014 3744 4060 Ξιι

2208 4115 2394 4169 iudica
2428 4126 2701 4183 regnante.
2751 4114 2843 4168 llic
2883 4113 3019 4169 bella
3046 4116 3074 4143 ³³
3101 4113 3423 4184 reparavit,
3477 4107 3749 4184 ﬁdutiabcnt

2204 4208 2436 4261 exercita:
2466 4207 2781 4277 juventutis,
2831 4217 2874 4258 et
2906 4205 3028 4259 Anis
3052 4206 3286 4272 bellum,
3330 4208 3417 4276 qui
3459 4218 3584 4258 nunc
3604 4195 3748 4255 Albani

2276 4342 2303 4379 ιι
2331 4345 2418 4417 Α..
2452 4342 2607 4417 Cigjis,
2637 4353 2682 4397 et
2710 4343 2929 4417 Cirinus.
2964 4342 3104 4417 Baet
3128 4343 3223 4415 IL,
3252 4342 3407 4417 Cyris
3432 4342 3748 4414 appellabatur.

2208 4414 2473 4479 Quirinus.
2510 4413 2567 4467 li.
2602 4423 2766 4467 tamen
2799 4413 2957 4467 habet
2989 4413 3217 4470 (.irinus.

2287 4486 2298 4521 ¹
2341 4494 2402 4538 Α.
2432 4495 2483 4539 et
2515 4484 2597 4549 8.,
2631 4486 2839 4537 dubium
2868 4501 2933 4537 an
2964 4486 3140 4553 fratris
3177 4487 3475 4557 voluntate,
3504 4495 3649 4547 rutro,
3676 4490 3748 4533 ειε-

2281 4556 2294 4606 1
2340 4557 2460 4610 limo
2506 4556 2610 4609 duo
2653 4557 2813 4609 verba
2858 4557 3049 4609 absunt
3091 4558 3145 4610 in
3191 4560 3255 4611 Β.
3297 4559 3364 4613 li.
3390 4575 3443 4613 et
3472 4564 3553 4620 Α..
3582 4559 3693 4609 sicut
3713 4558 3751 4603 et

2202 4632 2474 4693 sequentia
2508 4643 2621 4681 cum
2657 4625 2948 4679 Veientibus
2980 4642 3146 4693 usvme
3177 4628 3443 4685 Romulus
3468 4644 3595 4685 νει-ο.

2275 4699 2294 4735 ιι
2334 4699 2390 4750 li.
2421 4709 2473 4749 et
2504 4698 2566 4750 ll.
2599 4715 2613 4751 :
2643 4698 2893 4751 Romulus
2922 4714 3056 4757 vero.
3088 4716 3212 4757 cum
3241 4704 3391 4757 apud
3418 4701 3650 4757 Paludem
3674 4693 3705 4746 (ἶ

2377 4738 2390 4749 .
2421 4709 2473 4749 et
2504 4709 2566 4750 II.
2599 4715 2613 4751 :
2643 4709 2893 4751 ltomutus
2922 4714 3056 4757 vero.
3088 4716 3212 4757 cum
3241 4709 3391 4757 apud
3418 4709 3650 4757 Paludem
3674 4709 3752 4746 ια-

2275 4721 2294 4735 ·
2334 4721 2390 4750 ι).
2421 4721 2473 4749 ct
2504 4721 2566 4750 II.
2599 4721 2613 4751 ;
2643 4721 2893 4751 nummus
2922 4721 3056 4767 vero,
3088 4721 3212 4757 cum
3241 4721 3389 4768 apua
3418 4721 3650 4757 ramum
3674 4721 3748 4746 ωι-

2200 4786 2315 4844 prtg
2355 4784 2608 4844 nusquant
2640 4770 3027 4844 _corttparuisset.
3070 4770 3206 4828 Vide
3241 4774 3586 4844 Dionysium,
3608 4768 3682 4827 lib.
3705 4778 3748 4829 tl,

2199 4848 2255 4894 et
2278 4838 2564 4907 Valerium,
2597 4839 2688 4893 lib.
2720 4855 2770 4903 v,
2796 4854 2911 4907 cap.
2946 4841 2999 4899 ὅ.

2277 4903 2293 4948 ί
2330 4911 2451 4964 Haec
2481 4903 2582 4965 non
2611 4919 2732 4964 sunt
2758 4912 2809 4964 in
2840 4903 3069 4968 cit..’ilss.

2270 4992 2306 5018 ιιι
2329 4981 2524 5035 Vitiosa
2569 4982 2722 5050 hujus
2770 4982 2869 5036 loci
2905 4986 3276 5053 interpunctio
3319 4986 3513 5043 Viueto
3548 4976 3753 5053 imposuit

2204 5053 2304 5106 hoc
2351 5054 2503 5124 loco,
2554 5045 2670 5106 eam
2712 5063 2887 5107 tamen
2934 5045 3175 5123 agnoscit
3222 5058 3324 5112 Ms.
3364 5045 3750 5124 [tangarsii._Sed

2202 5125 2266 5178 Η.
2302 5128 2367 5176 ita
2405 5140 2416 5175 :
2451 5123 2722 5192 Descripsit
2763 5125 2815 5175 in
2843 5121 3013 5179 decent
3041 5142 3268 5181 menses.
3301 5126 3462 5181 Prius
3479 5121 3591 5183 sine
3610 5121 3751 5188 alia“

2201 5194 2556 5263 supputatione
2585 5194 2827 5261 confusus
2850 5206 2976 5256 erat,
3000 5210 3041 5247 et
3074 5196 3312 5263 inﬁnita,
3337 5207 3450 5253 etc.
3486 5192 3749 5260 Eutropius.

2197 5276 2251 5319 et
2267 5281 2343 5320 es
2375 5268 2473 5337 hoc
2503 5264 2696 5337 Paulus
2738 5265 2923 5337 Numas
2970 5266 3153 5321 ll'llmil
3177 5306 3196 5333 ,
3247 5274 3399 5337 quod
3450 5280 3626 5324 omues
3662 5264 3753 5314 ito-

2196 5338 2361 5390 tnuio.
2410 5336 2539 5389 Nam
2591 5336 2849 5391 Romulus
2890 5336 3073 5390 divisit
3119 5336 3332 5393 unitum
3383 5342 3435 5393 in
3484 5355 3508 5388 χ
3559 5343 3748 5385 nienses.

2191 5406 2364 5529 Νηιιηῖ
2416 5407 2549 5461 duos
2600 5409 2813 5474 adjecit.
2876 5406 3003 5462 Vide
3057 5406 3350 5476 Μωιοὺ..
3412 5412 3433 5465 ι
3492 5406 3751 5465 Saturnal.,

2191 5492 2307 5529 can.
2381 5515 2393 5527 .

2190 5492 2307 5545 cap.
2346 5492 2393 5529 τ.

2262 5555 2290 5582 ιι
2321 5549 2374 5598 In
2401 5549 2463 5600 A.
2488 5558 2541 5600 et
2566 5547 2626 5600 ll.
2655 5559 2767 5618 post
2794 5549 3009 5601 verbum
3032 5555 3302 5618 reparavit
3337 5554 3549 5617 legitur,
3571 5548 3752 5601 Albanos

2195 5619 2330 5687 uicit,
2360 5620 2445 5687 qui
2481 5620 2696 5682 αἰνοιιιιὺε
2724 5617 2888 5673 litum
2915 5636 2983 5672 xu
3016 5617 3268 5677 nutlrario
3290 5634 3437 5686 sunt,
3473 5622 3696 5677 Veientes,
3720 5619 3755 5687 ti

2199 5681 2506 5747 Fidenates.
2552 5681 2765 5756 quorum
2810 5691 2897 5741 alii
2946 5706 3014 5743 \‘ll
3061 5692 3326 5749 Utilitatis)
3369 5681 3553 5747 absunt
3588 5689 3640 5742 ab
3664 5681 3758 5756 uti"

2204 5759 2363 5832 [tanta
2389 5798 2402 5823 ,
2436 5758 2528 5832 alii
2566 5752 2693 5812 svnt
2721 5801 2733 5823 ,
2753 5760 2909 5832 _bello
2949 5766 3237 5831 superavit.
3293 5765 3487 5821 Urbem
3516 5752 3756 5832 autth

2202 5836 2306 5882 etc.
2344 5830 2395 5882 Β.
2434 5831 2588 5883 habet
2617 5846 2712 5898 pro
2752 5830 3329 5903 Veientes,l’agsnm.
