3920 6336
198 323 319 413 iss

1304 356 2017 418 HISTORIA‘MISCELLA.
2057 388 2128 403 —
2151 361 2283 419 LIB.
2322 322 2391 417 t.'

3366 365 3478 423 754

206 466 450 524 discessio
480 469 637 539 plebis
663 486 697 525 a
721 471 973 544 patribus,
1003 489 1137 540 cum,
1170 471 1247 529 Μ.
1286 474 1493 531 Valerio
1532 476 1783 531 dictatore
1808 476 1861 538 Α
1889 471 2112 528 Romani
2150 483 2310 529 status
2348 474 2562 541 lumina,
2606 475 2824 546 speciale
2863 475 2959 532 sibi
3002 476 3245 534 adversus
3298 478 3474 537 hostes

206 559 452 613 delectum
499 562 721 615 militum
762 573 973 634 agente,
1014 565 1168 619 variis
1225 564 1445 635 populus
1490 567 1786 621 stimulatus

184 649 430 717 injuriis,
460 660 709 722 tanquam
737 669 768 709 a
796 666 986 711 senatu
1035 664 1197 725 atque
1238 670 1379 713 coss.
1425 668 1784 727 premeretur,

202 740 425 797 Sacrum
456 754 679 799 montem
720 748 904 803 insedit
952 759 1199 805 armatus.
1233 750 1349 816 Qua
1392 751 1632 821 pernicie,
1662 750 1785 821 quid

200 836 461 890 atrocius?
487 853 601 892 cum
650 855 832 909 corpus
873 857 906 894 a
945 844 1110 912 capite
1154 842 1405 914 defectum
1448 843 1786 913 perditionem

200 932 315 1001 ejus
341 946 431 999 per
459 932 597 1002 quod
627 933 851 1003 spirabat
880 934 1245 992 meditabatur.
1274 936 1407 992 Tum
1435 938 1655 1007 papulus
1677 936 1784 993 sibi

180 1024 447 1101 tribunos
478 1024 648 1093 plebis
679 1028 834 1096 quasi
883 1031 1124 1097 proprios
1153 1028 1359 1098 judices
1388 1038 1442 1083 et
1469 1028 1784 1084 defensores

200 1118 425 1185 creavit,
460 1132 555 1186 per
585 1133 717 1188 quos
746 1129 931 1174 contra
966 1131 1209 1176 senatum
1240 1131 1295 1176 et
1319 1136 1460 1176 coss.
1490 1129 1632 1175 tutus
1660 1134 1782 1176 esse

196 1218 399 1279 posset.
427 1209 631 1266 Eodem
661 1220 901 1282 tempore
922 1211 1226 1279 Nehemias,
1249 1212 1575 1270 concedente
1596 1211 1781 1267 Xerxe

194 1300 484 1356 Persarum
532 1318 675 1373 rege,
707 1303 961 1372 [Judazam
1012 1305 1188 1373 venit,
1241 1304 1781 1390 nitnros,.urbemque

192 1394 451 1447 restituit.
480 1395 734 1464 Sequenti
764 1411 905 1452 anno
937 1396 1115 1452 Volsci
1149 1407 1333 1453 contra
1362 1398 1635 1475 Romanos
1664 1396 1781 1452 bel-

193 1484 303 1539 lum
339 1486 367 1513 °
400 1496 863 1555 praeparaverunt,
908 1498 963 1545 et
1004 1490 1129 1545 victi
1179 1490 1295 1546 acie
1338 1490 1498 1545 etiam
1540 1489 1783 1545 Coriolos

191 1578 462 1634 civitatem
516 1580 892 1649 perdiderunt,
939 1598 1102 1651 quam
1152 1584 1454 1639 habuerunt
1499 1584 1777 1653 optimam.

174 1668 352 1733 Anno
392 1671 454 1725 18
487 1682 764 1742 postquam
804 1689 959 1746 reges
986 1675 1143 1746 ejecti
1173 1686 1346 1743 erant,
1378 1677 1407 1717 1)
1436 1677 1689 1746 expulsus
1716 1678 1782 1733 ab

190 1762 323 1817 urbe
355 1761 630 1819 Romanus
657 1766 765 1821 dux
794 1764 855 1821 C.
884 1767 1125 1835 Martius,
1157 1768 1246 1839 qui
1277 1768 1524 1825 Coriolos
1569 1777 1784 1838 ceperat

1899 566 2131 623 Veientes
2178 568 2411 624 decennii
2458 570 2646 624 bellum
2691 570 3076 641 expetivissent,
3127 571 3478 641 promittentes

1888 661 2087 714 senatui
2115 669 2165 715 et
2207 660 2399 733 populo
2428 677 2517 731 per
2543 678 2599 716 se
2639 677 2786 716 omne
2833 672 3085 716 certamen
3124 662 3477 733 implendum,

1889 750 1960 806 ita
1985 761 2100 806 sunt
2130 752 2343 823 profecti
2373 768 2544 808 omnes
2572 753 2787 820 nobiles,
2814 762 2864 809 et
2896 752 2985 824 qui
3020 750 3216 824 singuli
3256 769 3477 825 magno-

1887 860 2003 898 rum
2030 846 2345 899 exercituum
2369 846 2521 900 duces
2546 862 2654 902 esse
2679 846 2933 901 deberent.
2964 844 3162 900 Dehinc
3187 845 3398 901 deducti
3422 847 3479 901 in

1886 934 2101 989 insidias
2131 936 2555 1008 circumventique
2582 937 2646 990 ab
2674 937 2903 992 hostibus
2948 953 3123 992 omnes
3152 937 3341 992 ibidem
3368 948 3478 993 tru-

1884 1026 2045 1081 cidati
2086 1037 2228 1096 sunt,
2262 1044 2364 1083 uno
2391 1037 2589 1084 tantum
2628 1029 2695 1083 ad
2735 1029 3134 1083 denuntiandam
3164 1030 3361 1083 cladem
3386 1044 3476 1083 re-

1884 1128 2107 1185 servato,
2130 1121 2216 1190 qui
2246 1130 2452 1187 propter
2480 1128 2683 1174 cetatem
2712 1120 2959 1190 puerilem
2983 1120 3101 1174 duci
3138 1137 3241 1175 non
3271 1130 3475 1191 poterat

1885 1216 1955 1266 ad
1977 1210 2370 1283 pugnam.~Post
2401 1212 2515 1267 haec
2540 1227 2734 1269 census
2762 1208 2824 1267 in’
2842 1211 2981 1268 Urbe
3008 1211 3240 1278 habitus,
3263 1218 3372 1285 διὰ
3394 1212 3478 1268 in-

1885 1316 2040 1362 venta
2068 1320 2157 1375 per
2177 1321 2387 1359 censum
2413 1314 2535 1359 sunt
2560 1304 2629 1359 ibi
2661 1315 2874 1360 centum
2896 1313 2951 1359 et
2970 1304 3156 1359 decem
3181 1312 3236 1360 et
3260 1313 3469 1375 septem

1885 1396 2049 1452 millia
2086 1396 2309 1452 trecenti
2343 1411 2495 1451 xvut.
2528 1394 2729 1451 Eodem
2759 1405 2982 1465 tempore
3007 1395 3302 1468 Porphyria
3327 1396 3475 1467 virgo

1882 1492 2090 1549 vestalis
2133 1494 2194 1549 ob
2225 1494 2393 1563 stupri
2436 1494 2629 1549 crimen
2655 1494 2763 1548 viva
2788 1495 2995 1566 defossa
3022 1504 3113 1551 est.
3142 1494 3322 1551 Romae
3352 1513 3473 1569 ergo

1883 1595 1998 1656 post
2030 1584 2221 1640 Urbem
2250 1586 2506 1640 conditam
2536 1603 2625 1640 an.
2651 1585 2779 1651 559,
2811 1603 3057 1655 suspenso
3100 1587 3168 1642 ad
3212 1590 3474 1644 modicum

1887 1677 2039 1746 bello,
2083 1679 2253 1749 gravis
2281 1678 2592 1750 pestilentia,
2635 1692 2751 1746 qua:
2776 1694 2972 1749 semper
2997 1679 3065 1733 ibi
3094 1679 3350 1749 inducias,
3383 1691 3476 1736 aut

1886 1773 2050 1844 factas
2093 1773 2383 1839 intercepit,
2412 1780 2502 1827 aut
2532 1781 2588 1826 ut
2632 1774 2811 1843 fierent
2854 1774 3039 1845 coegit,
3071 1789 3161 1844 per
3185 1775 3473 1829 universam

196 1851 515 1909 Volscorum
550 1856 840 1925 civitatem,
869 1858 935 1912 ad
966 1861 1110 1930 ipsos
1136 1858 1354 1916 Volscos
1374 1860 1648 1915 contendit
1675 1861 1777 1915 ira-
1808 1844 1854 1903 Β
1885 1864 2138 1917 civitatem
2168 1864 2433 1919 incanduit
2458 1865 2721 1930 violenter,
2750 1873 2808 1919 ut
2833 1868 3010 1920 merito
3038 1867 3351 1936 prtecedente
3372 1866 3473 1920 im-

191 1952 301 2011 tus,
345 1955 401 2001 et
445 1946 641 2002 auxilia
684 1958 867 2004 contra
917 1949 1186 2006 Romanos
1235 1952 1461 2022 accepit.
1508 1951 1778 2007 Romanos

187 2053 336 2110 saepe
367 2041 513 2109 vicit,
544 2058 709 2113 usque
735 2043 801 2098 ad
848 2044 1093 2113 quintum
1137 2044 1441 2099 milliarium
1489 2044 1645 2100 Urbis
1684 2060 1775 2101 ae-

188 2134 381 2198 cessit,
410 2142 809 2206 Oppugnaturus
853 2136 1012 2190 etiam
1063 2134 1285 2204 patriam
1331 2150 1516 2201 suam,
1565 2137 1776 2206 legatis,

187 2227 280 2295 qui
322 2240 514 2295 pacem
560 2226 810 2295 petebant
856 2227 1171 2298 repudiatis,
1202 2227 1305 2281 nisi
1333 2227 1400 2281 ad
1444 2242 1568 2282 eum
1606 2235 1778 2282 mater

190 2316 413 2374 Veturia
438 2327 496 2374 et
523 2333 653 2374 uxor
696 2317 982 2374 Volumnia
1023 2334 1093 2374 ex
1124 2318 1265 2375 Urbe
1308 2318 1604 2375 venissent.
1635 2321 1778 2386 Qua-

184 2425 307 2469 rum
353 2411 515 2465 etiam
568 2414 589 2441 °
621 2412 926 2481 precatione
979 2411 1205 2466 removit
1255 2410 1585 2479 exercitum,
1628 2428 1779 2482 quem

176 2504 485 2571 submovere
512 2504 667 2558 armis
696 2502 860 2558 Roma
890 2520 990 2557 non
1022 2512 1239 2573 poterat.
1266 2503 1438 2572 Atque
1467 2503 1555 2558 hic
1583 2518 1778 2559 secun-

190 2600 294 2656 dus
341 2608 462 2669 post
502 2598 844 2669 Tarquinium
890 2597 1023 2664 fuit,
1072 2598 1158 2667 qui
1190 2598 1294 2651 dux
1324 2606 1508 2651 contra
1552 2597 1780 2666 patriam

191 2707 346 2750 Suam
378 2701 541 2747 esset.
565 2690 631 2745 In
660 2692 770 2744 loco
800 2700 971 2744 autent
994 2689 1078 2744 ubi
1106 2697 1392 2755 oraverant,
1416 2705 1448 2742 a
1477 2690 1660 2741 marito
1687 2704 1782 2742 suo

190 2800 291 2839 ara
318 2784 457 2855 facta
481 2792 553 2836 est
584 2781 828 2836 Fortunae
855 2778 1119 2835 Muliebri.
1162 2778 1226 2835 T.
1250 2777 1477 2852 Geganio
1504 2786 1553 2833 et
1583 2778 1650 2832 P.
1678 2779 1783 2832 Mi-

187 2881 337 2931 nutio
367 2893 499 2932 coss.
528 2876 628 2930 duo
655 2874 731 2931 vel
771 2876 995 2929 maxima
1038 2875 1263 2928 omnium
1304 2873 1559 2927 malorum
1587 2872 1783 2927 abomi-

188 2978 436 3023 namenta
484 2974 668 3039 fames,
705 2977 751 3022 et
801 2968 1092 3039 pestilentia
1147 2966 1336 3035 fessam
1386 2965 1573 3021 Urbem
1616 2966 1781 3019 corri-

187 3082 370 3136 puere.
411 3062 670 3118 Cessatum
712 3074 784 3117 est
829 3063 1090 3133 paulisper
1115 3078 1146 3114 a
1176 3060 1393 3133 pra'liis,
1419 3059 1509 3115 sed
1557 3069 1723 3113 tamen
1751 3076 1784 3113 a

187 3158 439 3214 mortibus
477 3172 580 3210 non
626 3164 717 3209 est.
756 3155 1013 3220 Veientes,
1043 3165 1089 3209 et
1122 3155 1325 3209 Etrusci
1368 3171 1546 3225 graves
1591 3155 1779 3222 hostes,

1883 1958 2021 2011 mani
2051 1956 2288 2028 prodigio
2313 1957 2495 2013 ctelum
2536 1958 2719 2012 ardere
2748 1958 2912 2012 visum
2950 1959 3039 2025 sit,
3082 1961 3285 2028 quando
3319 1969 3476 2029 caput

1880 2050 2110 2121 gentium
2140 2060 2281 2104 tanto
2318 2050 2611 2104 morborum
2654 2052 2770 2119 igne
2795 2052 3052 2121 ﬂagravit.
3081 2050 3223 2105 Nam
3252 2067 3310 2105 eo
3338 2066 3476 2106 anno

1884 2141 2132 2198 Ebutium
2159 2154 2208 2199 et
2237 2144 2512 2200 Servilium
2542 2144 2715 2199 ambos
2736 2160 2881 2201 .coss.
2911 2146 3198 2219 pestilentia
3236 2160 3473 2199 consum—

1878 2238 2002 2309 psit,
2034 2236 2280 2291 militares
2304 2238 2481 2306 copias
2507 2238 2732 2307 plurima
2760 2252 2823 2291 ea:
2846 2247 2991 2309 parte
3014 2238 3251 2307 confecit,
3283 2237 3469 2292 multos

1883 2329 2098 2395 nobiles,
2132 2330 2481 2399 pracipueque
2510 2330 2725 2400 plebem,
2752 2332 2889 2402 foeda
2918 2332 3030 2386 tabe
3058 2330 3260 2397 delevit,
3288 2347 3473 2402 quam-

1881 2421 1954 2475 vis
1972 2427 2090 2494 jam
2110 2422 2554 2504 etianrsuperiore
2594 2432 2772 2492 quarto
2799 2440 2934 2478 anno
2976 2426 3155 2478 oborta
3186 2423 3295 2479 lues
3326 2440 3469 2478 eum-

1883 2514 1997 2568 dem
2036 2514 2281 2584 populum
2325 2515 2637 2584 depopulata
2678 2515 2765 2569 sit.
2808 2514 3057 2570 Proximo
3102 2516 3289 2570 dehinc
3336 2532 3473 2573 anno

1881 2604 2012 2671 cives
2057 2605 2275 2670 exsules,
2315 2608 2547 2668 servique
2588 2606 2822 2675 fugitivi,
2868 2606 2998 2661 duce
3053 2605 3320 2662 Herdonio
3367 2609 3475 2662 viro
3546 2636 3555 2643 σ

1885 2694 2099 2760 Sabino,
2150 2696 2366 2750 liomam
2404 2697 2725 2767 invaserunt,
2770 2699 3201 2770 incenderuntque
3242 2698 3456 2769 Capito-

1884 2786 2026 2839 lium.
2058 2786 2155 2840 Ubi
2197 2781 2475 2856 fortissime
2513 2787 2717 2855 quidem
2762 2786 2965 2842 Valerio
2992 2791 3203 2843 consule
3230 2797 3277 2843 et
3307 2790 3472 2860 impe-

1883 2886 2054 2929 ratore
2094 2876 2328 2930 obstitere
2362 2877 2615 2947 juniores,
2644 2877 2732 2931 sed
2758 2880 2886 2931 adeo
2928 2888 3077 2931 atrox
3118 2886 3168 2931 et
3207 2894 3360 2947 grave
3390 2879 3476 2932 di-

1885 2966 2098 3021 scrimen
2131 2967 2294 3035 praelii
2324 2968 2445 3036 fuit,
2476 2978 2528 3019 ut
2558 2966 2662 3037 ipse
2692 2983 2889 3037 quoque
2918 2967 3096 3021 consul
3133 2966 3368 3022 Valerius
3396 2966 3475 3022 ibi

1887 3060 2036 3129 fuerit
2064 3059 2281 3125 occisus,
2308 3070 2353 3111 et
2384 3060 2647 3129 indignant
2676 3059 2743 3113 de
2768 3061 2923 3113 servis
2954 3060 3218 3114 victoriam
3258 3061 3472 3129 insuper

1886 3151 2038 3205 etiam
2066 3167 2159 3204 sua
2197 3160 2360 3203 morte
2385 3149 2666 3218 fwdaverit.
2694 3149 2937 3220 Sequitur
2963 3168 3129 3207 annus
3154 3152 3207 3204 in
3233 3167 3333 3221 quo
3355 3166 3472 3205 cum

186 3249 450 3318 adjunctis
498 3246 593 3300 sibi
640 3246 973 3315 ﬁnitimorum
1021 3245 1183 3314 capiis
1222 3246 1275 3299 in
1319 3246 1450 3298 bella
1494 3253 1779 3315 surgentes,
1806 3233 1854 3296 C
1883 3242 2011 3295 victo
2037 3242 2263 3295 exercitu
2294 3241 2470 3295 consul
2497 3243 2723 3295 obsessus
2751 3251 2849 3295 est.
2876 3240 3014 3295 Nam
3046 3240 3322 3296 Minatium
3362 3256 3471 3299 cos.

185 3339 349 3396 obviis
388 3337 468 3392 Μ.
502 3335 689 3403 Fabio,
730 3348 775 3393 et
816 3339 911 3392 Cn.
955 3336 1105 3391 Man.
1132 3353 1259 3391 coss.
1290 3336 1634 3407 excipiuntur.
1681 3334 1780 3390 Ubi

183 3440 305 3505 post
343 3441 721 3484 sacramentum
740 3429 1048 3500 jurationis,
1076 3445 1174 3499 quo
1215 3444 1268 3483 se
1307 3428 1525 3482 Romani
1571 3429 1778 3480 devove'

185 3532 332 3587 rant,
363 3522 569 3575 nonnisi
600 3531 709 3589 post
748 3522 1011 3574 victoriam
1049 3521 1116 3573 ad
1142 3529 1307 3572 castra
1349 3518 1622 3584 redituros,
1653 3517 1781 3569 adeo

184 3626 343 3670 atrox
383 3624 639 3668 certamen
681 3614 807 3685 fuit,
841 3621 889 3665 et
934 3612 1097 3676 victis,
1140 3597 1506 3676 victoribusque
1533 3626 1627 3681 par
1674 3610 1782 3678 for-

188 3719 340 3772 tuna,
371 3716 426 3761 ut
470 3706 659 3761 amisso
703 3705 923 3775 plurimo
952 3705 1199 3771 exercitu,
1241 3705 1502 3773 occisoque
1529 3704 1585 3756 in
1610 3718 1781 3773 pugna

189 3805 399 3861 Manlio
440 3802 669 3866 consule,
702 3800 781 3855 Μ.
811 3797 1007 3853 Fabius
1038 3798 1213 3853 consul
1256 3799 1481 3852 oblatum
1509 3796 1604 3850 sibi
1646 3814 1675 3849 a
1704 3812 1783 3849 se—

187 3912 324 3955 natu
355 3900 674 3968 triumphum
714 3897 973 3965 suscipere
1014 3903 1290 3959 recusaret,
1331 3908 1389 3946 eo
1434 3891 1571 3961 quod
1622 3894 1779 3961 frater

188 4012 319 4051 suus
349 3994 552 4065 fortiter
579 3992 773 4063 faciens
803 3990 858 4043 in
902 3988 997 4043 illa
1037 3986 1201 4059 prwlii
1245 3995 1533 4057 tempestate
1574 3983 1784 4038 cecidis-

191 4098 302 4151 set,
336 4086 569 4156 inquiens
593 4099 612 4136 :
648 4082 780 4149 Quia
808 4081 964 4134 tantis
995 4080 1125 4149 reip.
1151 4077 1464 4132 detrimentis
1494 4075 1660 4128 luctus
1690 4090 1784 4142 po-

192 4184 298 4239 tius
328 4179 553 4241 debetur,
582 4192 735 4247 quam
764 4173 1074 4243 triumphus.
1100 4169 1159 4226 C.
1188 4171 1353 4223 Fabio
1375 4177 1426 4222 et
1454 4167 1519 4222 L.
1552 4165 1784 4238 Virginio

195 4288 332 4328 coss.
372 4268 746 4342 gloriosissima
793 4266 888 4319 illa
936 4279 1146 4319 numero
1174 4273 1218 4317 et
1267 4263 1456 4316 viribus
1504 4256 1785 4312 Fabiorum

195 4368 400 4439 familia
457 4362 794 4418 Veientanum
833 4360 1015 4414 sortita
1043 4367 1328 4422 certamen,
1368 4367 1608 4423 quantam
1652 4352 1780 4422 reip.

172 4461 467 4527 orbitatem
495 4470 679 4509 occasu
705 4469 798 4508 suo
844 4452 1096 4519 intulerit,
1125 4450 1401 4519 infamibus
1428 4463 1583 4517 usque
1617 4446 1786 4499 adhuc

180 4552 457 4615 vocabulis
496 4558 644 4603 testes
686 4557 803 4602 sunt
832 4546 1020 4616 ﬂuvius
1051 4543 1305 4610 Cremera,
1348 4543 1434 4603 qui
1462 4543 1704 4612 perdidit,
1736 4550 1784 4595 et

1886 3335 2145 3405 congressi
2175 3335 2351 3404 prtelio
2400 3335 2576 3404 populi
2606 3332 2741 3404 Equi
2774 3333 3041 3403 Volscique
3068 3342 3394 3403 superarunt,
3423 3344 3474 3389 et

1876 3426 2161 3497 fugientem
2191 3426 2245 3480 in
2275 3426 2457 3495 Algido
2496 3438 2687 3494 monte,
2712 3429 2797 3498 qui
2823 3428 2884 3479 ab
2916 3426 3049 3483 Urbe
3072 3444 3142 3483 xu
3171 3431 3328 3498 ferme
3354 3428 3474 3481 mil-

1883 3517 2032 3570 liario
2075 3518 2232 3581 abest,
2258 3517 2392 3585 fame
2418 3521 2655 3587 ferroque
2693 3519 2958 3572 cinxerunt
2981 3534 3000 3572 :
3036 3528 3303 3587 actumque
3339 3519 3475 3590 infe-

1884 3611 2045 3665 liciter
2086 3612 2245 3681 foret,
2290 3611 2342 3663 ni
2377 3610 2615 3677 Quintius
2660 3608 3011 3678 Cincinnatus,
3049 3613 3335 3682 praecipuus
3382 3611 3472 3667 ille

1884 3701 2123 3768 dictator,
2147 3711 2397 3755 arctatam
2422 3701 2755 3767 obsidionem,
2777 3717 3018 3771 oppresso
3039 3702 3199 3767 hoste,
3221 3702 3469 3758 solvisset.

1889 3794 1990 3862 Qui
2031 3802 2260 3860 repertus
2290 3795 2343 3846 in
2381 3809 2519 3857 rure,
2550 3801 2774 3861 quatuor
2798 3793 3045 3863 jugerum
3078 3801 3263 3863 agrum
3292 3795 3465 3863 possi—

1884 3884 2015 3940 dens
2047 3884 2295 3938 manibus
2324 3885 2436 3937 suis
2461 3882 2690 3937 colebat.
2725 3881 2772 3938 ιδ
2800 3897 2921 3938 cum
2952 3883 3008 3937 in
3037 3899 3199 3950 opere
3224 3893 3280 3937 et
3306 3898 3467 3939 arans

1884 3985 2027 4032 esset
2053 3976 2319 4044 inventus,
2351 3975 2547 4029 sudore
2587 3975 2823 4043 deterso,
2856 3974 2920 4027 ab
2963 3985 3141 4029 aratro
3182 3976 3463 4030 accersitus

1885 4070 1953 4121 ad
2000 4070 2185 4139 fasces,
2225 4076 2399 4135 togam
2430 4073 2453 4102 °
2486 4075 2786 4137 praetextam
2827 4066 3052 4135 accepit.
3100 4064 3228 4121 Mox
3266 4075 3471 4138 sumpto

1887 4161 2095 4227 honore,
2144 4160 2488 4228 instructaque
2532 4158 2777 4223 exercitu,
2824 4157 2980 4213 caesis
3021 4156 3264 4213 hostibus
3309 4157 3469 4211 victor

1886 4252 2096 4321 effectus
2148 4252 2390 4306 liberavit
2434 4249 3065 4321 exercitum,‘jugumque
3110 4251 3269 4304 boum
3312 4250 3468 4318 equis

1891 4346 2166 4416 imposuit,
2198 4345 2584 4414 victoriamque
2614 4343 2765 4414 quasi
2810 4346 2999 4399 stivam
3045 4353 3254 4410 tenens,
3285 4342 3468 4413 subju-

1888 4449 2037 4512 αλιος
2087 4438 2266 4491 liOStes
2312 4451 2419 4507 prae
2463 4450 2522 4491 se
2570 4438 2932 4507 primus'egit.
2965 4441 3119 4491 Anno
3156 4438 3244 4508 qui
3286 4439 3468 4506 proxi-

1891 4549 2002 4585 mus
2033 4529 2376 4583 trecentesimo
2414 4528 2477 4580 ab
2510 4524 2643 4581 Urbe
2667 4529 2872 4582 condita
2903 4529 3018 4598 fuit,
3063 4529 3183 4581 dum
3224 4528 3376 4600 legati
3406 4528 3468 4581 ab

200 4606 352 4719 porta
375 4661 491 4716 qua:
514 4644 669 4698 misit.
695 4606 973 4696 Nam'cum
993 4652 1141 4694 ccc"
1168 4606 1321 4691 Fabii
1364 4606 1474 4690 vere
1501 4606 1783 4689 clarissima
1808 4606 1863 4667 D
1890 4620 2274 4679 Atheniensibus
2303 4628 2507 4690 propter
2532 4618 2737 4673 Solonis
2760 4618 2891 4689 leges
2908 4618 3209 4691 deferendas
3230 4620 3367 4672 missi
3385 4632 3468 4671 ea:-

275 4766 305 4795 ⁸
334 4762 426 4827 A.,
451 4770 834 4831 reparaverunt.

274 4835 305 4875 δ
336 4821 429 4902 A.,
454 4821 521 4889 ill
547 4842 601 4887 et
629 4828 910 4898 Eutropius
936 4846 958 4902 :_
982 4826 1244 4902 Expulsus
1269 4840 1329 4880 ea:
1363 4824 1516 4879 Urbe.
1645 4823 1791 4902 itar-

205 4911 304 4964 tius
358 4893 465 4960 at;
522 4893 817 4967 Romanus,
874 4900 959 4969 qui
1008 4893 1236 4951 Coriolos
1298 4906 1498 4968 ceperat
1563 4893 1787 4949 Vulsco-

206 4995 349 5033 rum.
379 4988 484 5032 etc.

278 5024 640 5105 état-liabet:
681 5042 1033 5115 deprecatione
1082 5048 1371 5108 superatus,
1422 5046 1487 5115 ut.
1524 5035 1788 5115 Iniersl'eld.

208 5122 409 5177 thera
453 5106 915 5189 desideraniur_in_
949 5106 1192 5179 utroque,
1225 5124 1391 5179 usque
1424 5106 1577 5189 ad
1606 5106 1789 5189 Flavio

212 5202 258 5246 et
286 5193 348 5246 L.
387 5189 616 5259 Virginio
662 5203 791 5259 cos_s_.
824 5184 961 5259 inde
1006 5177 1318 5259 seqtiuntur'
1342 5177 1790 5259 trecentinnobiles

211 5247 587 5329 hominesfqui
626 5275 691 5312 ex
730 5255 906 5331 Fabia
936 5255 1134 5331 familia
1162 5260 1304 5305 erant
1351 5247 1791 5331 contraveientes

219 5335 401 5389 bellum
439 5326 767 5399 susceperunt
809 5326 928 5389 soli,
961 5326 1316 5399 promittentes
1347 5326 1546 5374 senatui
1591 5328 1637 5372 et
1666 5335 1789 5399 pop,

217 5423 303 5475 per
342 5422 395 5461 se
426 5390 866 5475 omne'certamen
910 5390 1263 5475 implendum;
1300 5393 1370 5444 ita
1413 5401 1527 5444 sunt
1575 5390 1792 5475 profecti

222 5468 391 5530 omnes
436 5474 646 5539 nobiles,
687 5480 733 5523 et
777 5471 865 5539 qui
909 5468 1097 5535 singuli
1144 5478 1444 5539 magnorum
1484 5470 1792 5539 eaercttnum

220 5548 364 5602 duces
395 5562 506 5600 esse
537 5530 800 5606 deberent,
834 5542 889 5593 in
919 5530 1096 5606 priclio
1129 5530 1478 5589 conciderunt.
1517 5530 1661 5585 Unus
1688 5546 1795 5583 om-

220 5619 337 5673 nino
381 5616 634 5686 superfuit
676 5628 737 5667 ea:
783 5605 927 5665 tanta
955 5608 1185 5686 familia,
1230 5605 1315 5674 qui
1357 5611 1563 5686 propter
1597 5611 1797 5686 atatem

222 5672 461 5759 puerilem
494 5672 614 5739 duci
640 5699 741 5759 non
771 5672 968 5759 poteral
995 5682 1059 5733 ad
1085 5672 1330 5759 pngt-tttm.
1358 5672 1798 5759 lSitnilelquidide

223 5744 454 5815 Lentiida
483 5744 1004 5825 Lacedaemoniorum
1038 5744 1171 5825 rege
1194 5747 1517 5825 Herodotus,
1552 5744 1646 5799 lib.
1681 5754 1754 5797 Vn
1778 5782 1795 5808 ,

184 5828 199 5839 “
226 5831 308 5886 ubi
336 5840 461 5886 nota
484 5829 620 5883 bene
641 5824 781 5894 quod
801 5836 995 5894 auctor,
1006 5821 1247 5894 sequitur
1270 5819 1356 5875 bic
1381 5818 1610 5883 Livium,
1636 5828 1799 5886 quem

228 5908 396 5960 tamen
425 5901 620 5959 refutat
651 5893 954 5968 Dionysius,
984 5893 1081 5951 lib.
1105 5905 1178 5946 ut.

1959 4739 1985 4776 ά
2016 4742 2079 4793 Α.
2111 4738 2233 4805 legit
2276 4753 2288 4788 :
2319 4733 2536 4789 Inventa
2574 4742 2692 4787 sunt
2734 4734 2917 4788 civium
2955 4749 3201 4800 cxvutu.,
3260 4748 3471 4805 ϐαρειῃ.

1891 4811 2135 4881 Sequenti
2164 4802 2345 4881 tamen
2389 4822 2542 4881 anno,
2570 4822 2684 4857 cum
2717 4806 2784 4881 _in_
2808 4806 2993 4881 Algido
3025 4813 3194 4881 monte
3223 4806 3284 4857 ab
3316 4802 3485 4881 -Ur‘be

1890 4874 2095 4953 xn'fere
2121 4878 2364 4953 milliaria
2390 4877 2649 4953 llomanus
2676 4874 3283 4953 obsideretur-exercitus,
3300 4874 3366 4928 L.
3395 4874 3465 4938 ρ.

1891 4944 2222 5008 Cincinnatus
2255 4948 2485 5000 Dictator
2514 4957 2585 5000 est
2617 4946 2802 5017 factus,
2832 4948 2922 5014 qui
2945 4963 3124 5016 agrum
3148 4944 3183 4995 4
3205 4946 3321 5014 jug.
3353 4959 3474 5012 pos-

1890 5025 2063 5078 sidens
2102 5021 2333 5074 manibus
2362 5019 2465 5071 suis
2502 5016 2714 5070 colebat.
2742 5016 2807 5070 H.
2834 5032 2959 5070 vero
2988 5026 3189 5069 centum
3221 5024 3266 5069 et
3296 5018 3475 5067 decent

1890 5103 1938 5148 et
1986 5102 2179 5161 septem
2222 5090 2385 5142 millia
2428 5090 2632 5141 trecenti
2666 5102 2779 5152 tux.
2813 5086 2868 5141 In
2910 5087 3127 5155 reliquis
3166 5099 3286 5140 cum
3336 5084 3470 5138 Am-

1893 5166 2085 5287 brgsil.
2114 5233 2271 5285 habet
2302 5237 2673 5297 prcetextatam,
2705 5236 2761 5283 et
2786 5228 3023 5294 sequitur
3037 5241 3157 5280 cum
3185 5228 3251 5281 A.
3275 5240 3288 5277 :
3310 5224 3471 5278 Acce—

1893 5306 1995 5376 pit,
2026 5312 2072 5357 et
2117 5302 2255 5376 cissis
2305 5300 2530 5376 hostibus
2567 5298 2804 5376 liberavit
2848 5298 3155 5376 exercitum,
3181 5298 3467 5376 jugumque

1866 5420 1867 5423 η
1894 5368 2042 5429 boum
2070 5374 2210 5443 equis
2232 5373 2498 5441 imposuit,
2530 5369 2893 5443 victoriamque
2915 5368 3065 5443 quasi
3089 5368 3265 5421 stivam
3296 5374 3470 5419 tenens

1894 5437 2191 5517 subjuga'tos
2219 5437 2382 5517 hostes
2405 5457 2517 5517 pro:
2548 5456 2601 5493 se
2647 5437 2841 5517 primus
2878 5440 2997 5517 egit.
3034 5437 3180 5489 Anno
3224 5444 3471 5517 trecente-

1895 5508 2023 5570 εἰηίο
2049 5508 2096 5567 Et
2128 5515 2285 5567 altero
2311 5512 2373 5564 ab
2399 5508 2534 5564 Urbe
2555 5508 2762 5563 condita
2782 5509 3051 5577 imperium
3072 5508 3339 5561 consulare
3362 5521 3470 5558 ces-

1895 5589 2042 5651 savit,
2072 5595 2119 5640 et
2149 5600 2240 5652 pro
2278 5581 2474 5636 duobus
2503 5597 2632 5643 coss.
2661 5581 2829 5633 decem
2867 5580 2989 5652 facti
3024 5588 3165 5652 sunt,
3190 5580 3283 5652 qui
3300 5592 3469 5652 sum-

1858 5694 1861 5697 ν
1896 5648 2037 5711 mam
2057 5648 2349 5726 potestatem
2385 5654 2641 5726 haberent,
2678 5667 2736 5726 ac
2766 5651 3037 5726 decemviri
3060 5648 3309 5703 nominati
3335 5655 3473 5726 sunt.

1897 5728 1964 5783 Η.
1987 5720 2147 5782 habet
2173 5727 2298 5794 viri,
2332 5739 2427 5794 pro
2467 5721 2637 5779 Xviri.
2673 5722 2778 5778 Sed
2807 5738 2919 5776 cum
2958 5722 3122 5791 primo
3168 5737 3304 5775 anno
3350 5720 3472 5774 bene

1864 5848 1869 5849 ,
1898 5800 2137 5869 egissent.
