3920 6336
495 347 605 415 759

1351 353 1555 413 PAULI
1592 355 1868 416 DIACONI
1904 356 2063 416 OPP.
2102 354 2278 414 PARS
2313 356 2355 415 Ι.
2384 359 2863 419 —-HlSTORlCA.

2141 270 2177 285 αι
2198 282 2227 291 ..‘
2253 270 2412 294 ,μηδι-ιι

3605 375 3686 434 ’160

493 433 759 549 ‘prmstare
786 471 1015 544 nollent,
1039 479 1072 512 ι
1095 486 1128 529 a
1159 470 1419 530 Romanis
1456 489 1586 529 nava
1616 474 1842 528 militum
1879 474 2081 529 delectu
2104 475 2158 534 Α
2183 471 2279 527 dus
2307 472 2395 528 ille
2422 490 2482 528 ac
2511 475 2748 543 pestilens
2775 491 2967 544 annus,
2999 475 3200 548 infecta:
3217 481 3326 549 jam
3349 482 3547 553 undique
3564 499 3688 546 cata.

502 568 699 635 habito,
731 568 931 623 tirones
957 565 1114 622 electi
1140 573 1286 621 sunt.
1326 564 1607 637 Factaeque
1630 565 1882 637 legiones
1912 581 1967 630 x,
1993 566 2083 635 qui

501 659 697 717 modus
742 674 835 727 ιιι,
879 658 962 715 vel
1006 657 1254 728 amplius,
1299 667 1624 713 armatorum
1676 656 1839 713 millia
1886 656 2086 714 elﬁcie-

500 751 618 819 bat,
648 755 888 807 adversus
908 767 995 806 eos
1015 764 1400 823 processerunt;
1428 753 1604 823 parvis
1632 753 1806 808 adhuc
1832 752 2085 811 Romanis

502 844 688 911 rebus,
716 842 746 883 δ
775 852 919 899 tanta
950 853 1124 900 tamen
1153 844 1209 899 in
1236 860 1297 901 re
1323 844 1537 901 militari
1562 846 1913 902 virtus-erat.
1958 849 2086 915 Quae

503 955 628 997 cum
656 940 906 1011 profectas
926 952 1107 996 essent
1126 941 1383 997 adversus
1413 940 1614 1007 Gallos,
1642 947 1779 1000 duce
1809 942 1872 998 L.
1902 944 2083 1009 Furio,

505 1031 721 1102 quidam
744 1046 808 1087 ex
840 1031 1006 1088 Gallis
1032 1048 1195 1088 unum
1226 1049 1292 1090 ex
1322 1033 1599 1100 Romanis,
1649 1037 1737 1103 qui
1769 1046 1911 1091 esset
1948 1036 2088 1105 opti-

506 1139 632 1181 mus
656 1127 999 1195 provocabat.
1024 1125 1172 1181 Tunc
1205 1141 1264 1181 se
1293 1126 1367 1182 Μ.
1397 1126 1645 1182 Valerius
1672 1128 1912 1183 tribunus
1940 1127 2085 1183 mili-

508 1227 623 1274 tum
653 1218 862 1284 obtulit,
893 1228 1089 1273 etcum
1118 1219 1467 1288 processisset
1509 1227 1770 1286 armatus,
1819 1234 2009 1276 corvus
2037 1219 2088 1276 ei

506 1324 668 1381 supra
706 1312 987 1367 dexterum
1033 1311 1306 1366 brachium
1332 1311 1489 1367 sedit.
1523 1311 1642 1366 Mox
1671 1312 1959 1367 commissa
1993 1311 2089 1366 ad-

509 1420 699 1461 versus
731 1404 935 1461 Gallum
964 1421 1157 1477 pugna,
1200 1406 1340 1460 idem
1365 1421 1558 1461 corvus
1597 1406 1697 1460 alis
1727 1414 1782 1462 et
1826 1408 2088 1477 unguibus

510 1496 648 1554 Galli
677 1497 861 1552 oculos
899 1492 1217 1563 verberavit,
1265 1513 1334 1553 ne
1374 1505 1579 1553 rectum
1614 1506 1792 1568 posset
1822 1497 2084 1570 aspicere.

510 1589 587 1645 lla
615 1605 644 1645 a
676 1588 883 1644 tribuno
919 1589 1126 1645 Valerio
1170 1589 1512 1658 interfectus,
1562 1605 1666 1644 non
1706 1591 1877 1645 solum
1924 1593 2090 1647 victo-

458 1664 461 1667 ’
500 1682 646 1736 ~riam
671 1680 742 1747 ei,
775 1680 867 1735 sed
897 1680 1056 1735 etiam
1108 1695 1302 1735 nomen
1354 1681 1518 1736 dedit.
1570 1681 1701 1738 Nam
1734 1691 1914 1749 postea
1948 1682 2090 1738 idem

510 1769 772 1827 Corvinus
800 1779 883 1826 est
906 1772 1097 1837 dictus,
1132 1786 1194 1825 ac
1224 1781 1441 1842 propter
1487 1773 1589 1829 hoc
1625 1773 1877 1828 meritum
1920 1788 2090 1829 anno-

510 1882 631 1921 rum
663 1870 683 1897 °
718 1881 809 1921 snt
838 1865 1022 1921 consul
1047 1874 1129 1921 est
1158 1865 1348 1921 tactus.
1380 1866 1558 1919 Occiso
1594 1867 1727 1921 enim
1767 1876 2094 1938 pravocatore

512 1954 687 2024 Galla,
719 1959 810 2012 alii
832 1973 1003 2012 omnes
1031 1959 1215 2022 territi,
1244 1959 1559 2029 sparsimque
1579 1960 1853 2030 fugientes,
1877 1960 2095 2031 graviter

512 2050 761 2106 trucidati
806 2059 942 2105 sunt.
976 2050 1125 2105 Tunc
1169 2048 1435 2118 siquidem
1464 2050 1624 2104 dilata
1664 2066 1767 2105 nox
1815 2065 1982 2121 usque
2028 2052 2095 2105 ad

509 2143 794 2212 plurimam
850 2150 1057 2211 partem
1106 2141 1209 2198 diei
1237 2140 1382 2196 tendi
1426 2140 1539 2197 visa
1583 2149 1685 2195 est.
1734 2140 1884 2196 Tunc
1934 2142 2094 2197 etiam

513 2232 546 2271 ἀ
570 2251 696 2291 saxa
726 2236 966 2307 grandini
1012 2235 1163 2290 mista
1210 2235 1438 2290 nubibus
1474 2234 1737 2289 cecidere.
1788 2233 2097 2304 Eodemque

514 2338 759 2398 tempore
786 2330 1003 2399 Magnus
1043 2328 1364 2394 Alexander,
1406 2344 1619 2397 magnus
1658 2344 1772 2383 vero
1800 2328 1887 2382 ille
1915 2344 2096 2400 gurges

514 2421 838 2475 miseriarum
855 2431 1001 2491 atque
1027 2421 1373 2475 atrocissimus
1393 2421 1537 2475 turba
1563 2421 1718 2475 totius
1742 2420 1983 2489 Orientis,
2003 2438 2097 2477 na-

514 2524 602 2569 tus
632 2522 733 2569 est.
763 2515 907 2568 Anno
936 2515 1000 2567 ab
1031 2513 1166 2568 Urbe
1190 2515 1391 2569 condita
1420 2514 1526 2570 409
1565 2514 1757 2581 Latini,
1790 2516 1878 2585 qui
1908 2516 2095 2572 nolue-

515 2615 639 2662 rant
663 2606 859 2664 milites
889 2608 1037 2674 dare,
1066 2607 1165 2663 hoc
1184 2622 1393 2678 quoque
1412 2622 1439 2661 a
1464 2607 1719 2663 Romanis
1746 2608 1960 2679 exigere
1988 2623 2098 2663 ραι·
2140 2598 2145 2604 ’

514 2709 731 2770 perunt,
763 2709 821 2754 ut
850 2716 987 2755 unus
1013 2699 1198 2755 consul
1229 2716 1294 2755 ex
1320 2716 1526 2769 eorum,
1558 2702 1695 2756 alter
1723 2718 1785 2757 ex
1818 2702 2096 2758 Romano-

514 2807 634 2847 rum
666 2792 858 2862 populo
882 2794 1173 2847 crearetur.
1200 2792 1352 2857 Quod
1377 2807 1498 2848 cum
1525 2801 1668 2848 esset
1689 2801 1961 2863 negatum,
1989 2793 2098 2849 bel-
2142 2782 2151 2801 τ

514 2882 624 2939 lum
667 2888 692 2917 °
725 2892 912 2938 contra
956 2898 1051 2939 eos
1087 2885 1406 2950 intulerunt,
1456 2883 1654 2938 Manlio
1704 2883 2000 2953 Torquato,
2046 2893 2097 2940 et

514 2975 671 3030 Decio
697 2975 847 3030 Mure
876 2974 1186 3041 consulibus,
1224 2976 1281 3029 in
1324 2992 1424 3044 quo
1462 2975 1593 3030 bello
1642 2992 1773 3030 unus
1812 2977 1991 3031 consul
2019 2978 2099 3030 in-

516 3068 749 3138 terfectus
787 3077 862 3121 est
886 3108 901 3133 ,
935 3069 1065 3121 alter
1105 3068 1293 3121 exstitit
1335 3068 1491 3135 impie
1536 3068 1816 3136 parricida.
1870 3067 2097 3122 Manlius

514 3162 648 3215 enim
669 3160 959 3226 Torquatus
998 3162 1162 3229 ﬁlium
1196 3177 1348 3215 suum
1370 3163 1605 3231 juvenem
1651 3164 1910 3229 victorem,
1941 3164 2099 3217 inter-

515 3257 758 3322 fectorem
796 3251 940 3305 Decii
979 3252 1263 3306 Tusculani
1296 3252 1477 3307 nobilis
1523 3254 1734 3323 equitis,
1766 3264 1815 3307 et
1845 3256 2099 3323 prtecipue

514 3343 853 3411 provocantis,
876 3351 1028 3414 atque
1048 3344 1343 3398 insultantis
1365 3345 1521 3400 hastis
1559 3346 1760 3401 accidit.
1802 3347 1949 3400 Alius
1979 3363 2098 3401 vero

514 3436 717 3502 consul,
738 3452 872 3502 cum,
905 3438 1083 3491 iterato
1110 3439 1374 3506 conflictu,
1406 3438 1538 3491 illud
1567 3456 1725 3493 cornu
1754 3441 1838 3493 cui
1856 3448 2095 3511 prteerat,

515 3529 648 3583 ctedi
676 3537 826 3597 atque
875 3529 1027 3600 aﬁligi
1062 3530 1279 3598 videret,
1323 3531 1453 3584 inter
1491 3532 1890 3601 confertissimos
1934 3532 2097 3587 hostes

516 3631 695 3692 sponte
725 3624 994 3691 prolapsus
1024 3625 1276 3679 accubuit.
1305 3624 1533 3679 Manlius
1560 3624 1787 3693 quamvis
1816 3625 1991 3693 victor,
2014 3642 2098 3679 oc-

515 3730 725 3771 cursum
752 3724 920 3770 tamen
950 3716 1194 3771 nobilium
1212 3721 1460 3790 juvenum
1502 3718 1871 3784 Romanarum,
1910 3721 1997 3789 qui
2026 3720 2099 3773 le-

516 3808 693 3878 gitime
720 3808 944 3862 exhiberi
989 3809 1113 3862 solet
1144 3810 1197 3862 in
1226 3810 1512 3877 triumphis,
1558 3809 1817 3877 parricida
1854 3827 1957 3864 non
1987 3828 2093 3865 nte-

517 3901 645 3954 ruit.
693 3899 891 3955 Statua:
926 3902 1231 3958 consulibus
1273 3903 1344 3957 ob
1373 3906 1620 3958 meritum
1652 3906 1890 3959 victoriae
1920 3906 1970 3959 in
2002 3922 2094 3962 ro-

518 3992 645 4046 stris
675 3996 857 4061 positte
886 4003 1030 4048 sunt.
1068 3995 1146 4049 Eo
1174 4009 1316 4050 anno
1344 3997 1501 4050 etiam
1529 3996 1852 4053 Alexandria
1877 3999 1944 4054 ab
1965 4001 2094 4055 Ale-

519 4083 725 4139 xandro
756 4083 1065 4153 Macedone
1109 4086 1321 4141 condita
1367 4096 1466 4142 est.
1518 4084 1540 4124 ί
1580 4090 1728 4143 Anno
1775 4101 1940 4145 autem
1986 4101 2097 4161 post

517 4176 652 4228 hunc
678 4187 932 4245 sequente,
968 4174 1189 4230 Miuutia
1215 4179 1357 4249 virgo
1384 4179 1588 4235 vestalis
1614 4180 1675 4234 ab
1703 4182 1980 4236 admissum
2017 4184 2097 4237 in-

516 4276 705 4320 cestum
732 4268 972 4323 damnata
1003 4278 1095 4334 est,
1126 4271 1333 4339 vivaque
1360 4271 1537 4327 obruta
1565 4275 1617 4328 in
1649 4291 1827 4343 campo
1854 4277 1943 4346 qui
1964 4294 2097 4331 nunc

518 4357 809 4413 Sceleratus
857 4361 1063 4416 dicitur.
1110 4363 1175 4414 At
1211 4378 1327 4417 vero
1370 4366 1485 4418 exin
1529 4374 1752 4435 tentpare
1793 4369 2097 4440 interjecta,

520 4453 756 4505 horresco
776 4452 963 4520 referre
996 4454 1129 4517 quod
1159 4463 1356 4525 gestum
1388 4465 1481 4513 est.
1523 4455 1663 4512 Nam
1693 4457 1912 4513 Claudia
1955 4459 2099 4513 Mar-

2184 566 2337 620 vatim
2358 578 2550 640 strages
2579 580 2899 625 mortuarum
2926 571 3272 641 egerebantur.
3302 571 3364 627 Et
3378 575 3536 632 adhuc
3560 591 3689 641 tamen

2185 676 2334 731 penes
2361 676 2531 717 omnes
2571 664 2634 717 de
2671 674 2908 734 corrupta
2936 682 3054 720 aere
3088 667 3569 738 simplex.credulitas
3591 689 3688 748 erat,

2185 768 2300 806 cum
2336 754 2575 809 existente
2602 756 2826 826 quadam
2861 757 3049 812 ancilla
3090 759 3273 829 indice,
3323 769 3368 815 et
3409 766 3690 837 convincenti,

2186 848 2405 916 primum
2449 850 2626 903 multa:
2653 857 2904 905 matrona:
2927 860 2982 906 ut
3018 850 3238 908 biberent
3262 869 3438 910 uenena
3462 874 3559 927 qua
3580 876 3693 915 case-

2187 946 2304 991 rant
2341 940 2637 1008 compulsat,
2684 942 2803 995 dein
2845 943 3005 997 simul
3046 960 3159 1012 qua
3200 946 3402 1002 hausere
3444 964 3693 1021 consumpta

2186 1039 2322 1084 sunt.
2354 1029 2522 1085 Tanta
2551 1044 2719 1088 autem
2765 1035 3040 1091 multitudo
3067 1037 3167 1109 fuit
3203 1047 3527 1096 matronarum
3562 1046 3604 1097 in
3639 1046 3695 1101 his

2189 1124 2499 1195 facinoribus
2529 1130 2867 1194 cansciarum,
2917 1139 2974 1184 ut
3011 1138 3243 1186 trecenta:
3279 1136 3568 1204 septuaginta
3588 1137 3695 1191 dam-

2190 1226 2325 1271 natte
2366 1233 2429 1271 ex
2452 1218 2555 1272 illis
2593 1219 2746 1273 simul
2789 1220 2947 1289 fuisse
2980 1222 3284 1290 referantur.
3330 1226 3468 1278 Anno
3508 1226 3561 1279 ab
3601 1226 3698 1284 Urbs

2190 1310 2395 1364 condita
2414 1309 2537 1377 442,
2558 1312 2849 1368 Alexander
2872 1329 2964 1369 rea:
2984 1314 3312 1385 Epirotarum
3332 1316 3583 1372 Alexandri
3596 1320 3697 1374 illius

2191 1401 2374 1470 Magni
2418 1403 2719 1468 avunculus,
2772 1405 3056 1476 transjectis
3084 1406 3139 1459 in
3176 1404 3384 1460 Italiam
3423 1408 3579 1477 capiis,
3617 1425 3698 1464 citat

2192 1490 2378 1547 bellum
2419 1494 2662 1548 adversus
2702 1493 2959 1549 Romanos
3000 1505 3227 1565 pararet,
3280 1507 3326 1552 et
3366 1497 3491 1551 circa
3516 1497 3699 1565 ﬁnitimas

2193 1585 2374 1641 Romte
2422 1590 2569 1642 urbes
2609 1589 2835 1656 ﬁrmaret
2878 1590 3007 1643 vires
3051 1590 3299 1644 exercitus
3339 1591 3435 1655 sui,
3474 1591 3699 1659 auxiliaque

2193 1679 2270 1733 vel
2300 1677 2396 1732 sibi
2425 1680 2705 1750 acquirere,
2730 1680 2806 1734 vel
2836 1681 3064 1736 hostibus
3081 1681 3375 1735 subtrahere
3400 1683 3581 1735 studens
3599 1682 3700 1736 bellis

2196 1777 2531 1836 exerceretur,
2556 1786 2587 1822 a
2618 1769 2960 1837 Samnitibus,
2988 1772 3074 1842 qui
3104 1771 3329 1827 Lucana:
3353 1773 3481 1844 genti
3504 1772 3701 1843 suffraga-

2123 1840 2171 1901 Β
2200 1856 2401 1925 bantur,
2424 1860 2649 1914 maximo
2680 1860 2811 1916 bello
2856 1862 2909 1915 in
2938 1840 3171 1916 Lucania
3201 1840 3371 1917 uictus
3382 1871 3425 1916 et
3450 1864 3612 1917 occisus
3632 1840 3698 1917 est.

2182 1983 2190 1991 μ
2267 1952 2416 2006 Anna
2445 1952 2506 2004 ab
2539 1951 2678 2007 Urbe
2714 1954 2918 2007 condita
2938 1952 3064 2020 4'26,
3108 1952 3221 2023 jam
3267 1954 3479 2008 Romani
3518 1964 3700 2024 potentes

2196 2059 2316 2100 esse
2345 2054 2638 2112 cmperant.
2670 2044 2875 2100 Bellum
2904 2048 3048 2100 enim
3097 2046 3148 2099 in
3196 2060 3340 2100 cxxx
3387 2047 3489 2101 lere
3513 2046 3701 2100 milliaria

2196 2139 2265 2193 ab
2294 2137 2435 2193 Urbe
2464 2138 2746 2207 gerebatur
2789 2139 2928 2209 apud
2978 2140 3279 2203 Samnitas,
3314 2140 3400 2210 qui
3444 2139 3579 2194 medii
3615 2147 3703 2192 sunt

2153 2290 2156 2293 λ
2198 2227 2336 2284 inter
2357 2228 2633 2296 Picenum,
2665 2230 3029 2301 Campaniam,
3074 2244 3129 2286 et
3168 2232 3404 2301 Apuliam
3457 2239 3650 2302 gentem,
3671 2232 3702 2285 si

2148 2324 2153 2327 ’
2199 2324 2521 2393 apulentiam
2566 2339 2753 2379 eorum
2802 2339 3031 2394 quaeras,
3084 2326 3263 2379 aureis
3309 2332 3459 2392 atque
3499 2321 3704 2391 argenteis

2148 2473 2153 2495 ς
2199 2421 2384 2486 armis,
2414 2427 2469 2475 et
2490 2420 2739 2476 discolori
2761 2430 2930 2487 veste,
2959 2436 3129 2492 usque
3152 2423 3219 2475 ad
3249 2422 3492 2477 ambitum
3510 2429 3703 2484 ornatos;

2200 2514 2247 2568 si
2295 2504 2605 2570 insidiarum
2648 2514 2944 2583 fallaciam,
2992 2516 3218 2572 saltibus
3261 2518 3401 2585 lere,
3432 2526 3481 2571 et
3505 2515 3703 2570 montium

2200 2605 2384 2661 fraude
2412 2616 2718 2677 grassantes
2745 2625 2760 2675 ;
2792 2609 2837 2662 si
2879 2608 3080 2664 rabiem
3110 2619 3275 2679 atque
3321 2609 3554 2674 furorem,
3579 2604 3703 2660 sacri-

2142 2718 2147 2759 :
2200 2696 2366 2770 legis,
2398 2699 2750 2769 humanisque
2780 2699 2969 2755 hostiis
3014 2701 3065 2755 in
3110 2702 3329 2757 exitium
3358 2707 3381 2744 ε
3422 2700 3560 2757 Urbis
3581 2698 3707 2769 agita-

2201 2800 2284 2846 tos
2310 2808 2324 2857 ;
2355 2791 2401 2847 si
2425 2791 2793 2860 pertinaciam,
2835 2794 3018 2848 sexies
3043 2804 3204 2864 rupto
3231 2794 3427 2851 lmdere
3450 2794 3561 2864 ipsis
3584 2791 3706 2845 hosti-

2198 2883 2299 2939 bus
2326 2880 2355 2920 ιι
2382 2883 2754 2941 animosiores.
2786 2884 3008 2940 Romani
3038 2901 3167 2956 ergo
3205 2886 3475 2942 adversum
3502 2882 3708 2940 Samnitas

2200 2989 2297 3044 pro
2325 2973 2609 3044 Campanis
2632 2985 2685 3032 et
2709 2975 2957 3033 Sidicinis
2978 2978 3176 3033 bellum
3202 2993 3496 3048 suscepere.
3515 2976 3707 3032 Omnium

2200 3066 2486 3136 siquidem,
2529 3083 2636 3123 non
2685 3068 2843 3124 modo
2876 3068 3039 3124 Italia:
3083 3080 3323 3137 tantum,
3369 3071 3458 3127 sed
3495 3084 3608 3139 pene
3631 3076 3709 3120 toto

2201 3156 2333 3212 orbe
2385 3167 2646 3213 terrarum
2700 3159 3056 3228 pulcherrima
3112 3160 3416 3231 Campania:
3462 3159 3593 3230 plaga
3635 3163 3708 3212 est.

2213 3248 2230 3287 ί
2267 3249 2484 3305 Nullum
2524 3251 2825 3321 hospitalius
2863 3253 3075 3307 navibus
3118 3270 3279 3308 mare.
3323 3254 3418 3308 [lic
3454 3252 3523 3308 illi
3558 3248 3709 3306 nobiles

2203 3355 2431 3415 portus,
2478 3346 2689 3416 Cajeta,
2724 3348 2739 3396 l
2790 3347 3039 3414 Misenus,
3085 3346 3375 3413 Lucrinus,
3415 3354 3465 3401 et
3505 3343 3708 3406 Avernus,

2201 3437 2443 3507 quaedam
2484 3438 2647 3494 maris
2696 3438 2855 3495 ostia.
2901 3439 2997 3495 Hic
3028 3434 3057 3476 ι
3083 3440 3261 3493 amicti
3291 3437 3476 3494 vitibus
3517 3444 3709 3494 montes.

2206 3526 2226 3568 1
2259 3528 2481 3597 Gaurus,
2521 3530 2801 3593 Falernus.
2833 3531 3111 3600 Massicus,
3156 3544 3212 3589 et
3236 3531 3597 3605 pulcherrimus
3619 3542 3712 3583 cun-

2199 3630 2406 3675 ctorum
2438 3620 2718 3676 Vesuvius.
2754 3620 2919 3676 Urbes
2966 3623 3033 3677 ad
3082 3638 3255 3693 mare,
3295 3622 3529 3687 Formiae,
3554 3619 3708 3681 Cumae,

2199 3712 2431 3775 Puteoli,
2452 3720 2490 3748 ω
2524 3711 2937 3780 Herculaneum,
2979 3712 3255 3784 Pompeii,
3282 3724 3337 3771 et
3361 3715 3465 3785 ipsa
3490 3721 3623 3781 caput
3650 3722 3712 3762 ur-

2200 3805 2346 3859 bium
2387 3804 2591 3873 Capua,
2619 3806 2887 3875 quondam
2926 3806 3065 3861 inter
3096 3815 3206 3862 tres
3247 3807 3496 3862 maximas
3521 3804 3709 3863 Romam,

2199 3899 2681 3969 Cartliaginemque
2724 3898 3009 3953 nominata.
3057 3900 3160 3954 Pro
3207 3899 3309 3955 hac
3336 3899 3483 3963 urbe,
3505 3905 3529 3932 ιι
3566 3902 3611 3951 et
3644 3902 3711 3962 pro

2201 3992 2284 4047 liis
2312 3991 2621 4061 regionibus
2659 3990 2885 4061 populus
2926 3989 3200 4046 Romanus
3242 3990 3501 4047 Samnitas
3540 3982 3709 4042 invadit.

2200 4085 2262 4141 L.
2297 4085 2554 4155 Papyrius
2586 4083 2783 4140 Cursor
2811 4098 2932 4138 cum
2960 4082 3166 4139 honore
3191 4082 3458 4138 dictatoris
3480 4080 3539 4134 ad
3564 4076 3710 4133 bellum

2202 4180 2253 4234 id
2287 4178 2556 4248 profectus
2585 4186 2688 4233 est.
2720 4176 2819 4245 Qui
2850 4189 2970 4230 cum
3000 4174 3227 4229 Romam
3254 4170 3569 4237 redisset,Q.
3592 4164 3712 4222 Fabio

2200 4270 2427 4325 Maximo
2454 4271 2707 4338 magistro
2729 4267 2992 4337 equitum,
3021 4281 3182 4337 quem
3212 4265 3352 4336 apud
3379 4262 3637 4321 exercitum
3653 4271 3712 4311 re

2201 4363 2448 4433 liquerat,
2478 4360 2749 4431 praecepit,
2780 4374 2848 4415 ne
2872 4374 2932 4415 se
2960 4360 3183 4415 absente
3209 4366 3477 4431 pugnaret.
3498 4355 3577 4411 llle
3599 4362 3711 4406 occa-

2202 4458 2352 4511 sione
2400 4461 2611 4523 reperta
2659 4450 2883 4508 feliciss.
2916 4458 2941 4487 ο
2969 4451 3262 4521 dimicavit,
3308 4460 3362 4507 et
3395 4446 3557 4521 viginti
3593 4438 3712 4497 millia

2126 3208 2175 3273 C

519 4544 647 4596 cella
674 4554 717 4596 et
754 4543 957 4597 Valeria
988 4543 1178 4599 Flacco
1199 4562 1354 4612 coss.,
1380 4547 1664 4601 incredibili
1691 4549 1833 4602 rabie
1861 4559 1907 4602 et
1927 4566 2099 4605 amare
2128 4568 2181 4628 ι)
2205 4551 2560 4607 Samnitarum
2588 4547 2809 4602 delevit.
2840 4545 2921 4601 0b
2942 4560 3098 4614 quam
3123 4560 3240 4601 rem
3269 4560 3300 4600 a
3329 4545 3565 4600 dictatore
3584 4536 3711 4603 calli“

518 4634 766 4688 scelerum
798 4632 1046 4689 Romana:
1071 4646 1320 4690 matrona:
1344 4647 1662 4693 exarserunt.
1694 4636 1825 4692 Erat
1859 4656 1975 4694 vero
2004 4642 2097 4712 fte-

593 4768 620 4836 ξι
651 4764 743 4836 A.,
774 4766 835 4819 Β.
867 4774 919 4820 et
952 4766 1187 4836 H.,,post
1216 4767 1455 4822 Romanis
1488 4776 1683 4822 tantum
1712 4770 1918 4836 tirones,
1945 4780 2049 4827 etc.

592 4831 619 4915 lt
656 4831 1005 4915 ltaL‘nimirum
1032 4831 1515 4915 Pauluspiaconus
1543 4840 1643 4894 Ms.
1682 4831 2097 4915 semper’magis

520 4906 760 4974 Eutropii
790 4908 950 4963 verba
982 4908 1193 4964 retinet.
1223 4910 1402 4965 Canis.

591 4986 617 5016 ο
643 4978 706 5032 Α.
740 4978 827 5047 25,
855 4978 925 5033 ita
958 4980 1015 5036 Β.
1046 4990 1099 5033 et
1127 4980 1189 5033 H.

593 5048 621 5085 ά
653 5053 743 5115 A.,
771 5066 895 5104 saxa
926 5050 990 5103 de
1019 5050 1251 5117 nubibus,
1286 5059 1391 5105 etc.

597 5127 620 5154 θ
654 5119 720 5173 Α.
748 5120 926 5197 habet,
960 5132 1136 5175 contra
1162 5140 1247 5197 eas
1275 5130 1566 5197 susceptum
1593 5130 1688 5197 est,
1717 5134 1764 5179 et
1789 5125 1980 5197 ingenti
2005 5143 2100 5197 pu-

522 5206 624 5260 gna
647 5194 874 5259 superati
896 5201 1040 5255 sunt,
1088 5209 1147 5244 ac
1186 5194 1252 5246 de
1286 5192 1367 5246 his
1405 5192 1696 5260 perdomitis
1736 5192 2100 5262 triumphatum

525 5270 598 5314 est
623 5276 642 5312 :
672 5262 833 5336 S_t_at.,
867 5270 971 5336 etc.
1003 5262 1351 5336 Concordant
1378 5263 1448 5336 B.
1470 5274 1524 5317 et
1553 5265 1639 5324 Η..
1671 5278 2020 5336 praeterquam
2044 5269 2098 5324 in

526 5346 656 5402 voce
685 5334 785 5397 his,
816 5330 971 5399 cujus
1003 5333 1120 5387 loco
1153 5334 1347 5387 habent
1368 5335 1475 5386 suis
1499 5330 1749 5402 perdom.,
1781 5348 1881 5392 etc.

602 5399 789 5477 {ulline
819 5403 1014 5477 inserta
1035 5405 1209 5477 omnia
1227 5418 1392 5471 usque
1412 5404 1476 5456 ad
1500 5399 1685 5477 verba,
1708 5399 1829 5461 lam
1848 5407 2099 5477 Romani;

526 5468 578 5521 in
597 5468 735 5594 aliis.
771 5472 911 5593 εῧιὶἱιι
943 5486 1046 5528 non
1076 5468 1339 5543 leguntur,
1375 5488 1546 5543 neque
1575 5475 1628 5531 in
1660 5477 1953 5549 Eutropio:

700 5579 740 5594 ..
822 5559 849 5594 r
882 5558 945 5594 ιε.

597 5549 621 5607 β
650 5549 740 5607 A.,
777 5549 945 5597 Urbis.

596 5605 625 5642 h
655 5605 733 5684 H.
757 5612 841 5667 hic
873 5614 1060 5684 insigni
1094 5617 1401 5672 accessione
1425 5621 1626 5673 auctior
1655 5629 1767 5675 est:
1811 5622 2096 5677 Animasio-

524 5696 603 5759 res
628 5696 646 5732 :
682 5681 899 5759 denique
939 5681 1237 5759 priusquam
1284 5706 1398 5741 cum
1445 5688 1686 5744 Romanis
1732 5695 2097 5759 conﬂigerent,

525 5751 873 5834 Aleaandrum
921 5751 1105 5834 regem:
1120 5756 1447 5834 Epirotarum
1466 5804 1479 5826 ,
1525 5751 2100 5834 germanum'Olympia':

526 5822 703 5877 matris
729 5822 1009 5880 Alexandri
1041 5822 1241 5900 Magni,
1264 5832 1351 5902 qui
1372 5822 1592 5904 trajectis
1613 5834 1666 5888 in
1688 5833 1894 5889 Italiam
1913 5822 2092 5903 copiis,

2202 4642 2500 4705 damnatus,
2530 4639 2671 4709 quod
2700 4652 2759 4693 se
2785 4645 2999 4693 vetante
3031 4647 3335 4709 pugnasset,
3366 4631 3548 4704 ingenti
3574 4628 3709 4684 favore

2200 4781 2383 4836 bellum
2411 4780 2648 4834 adversus
2679 4776 2938 4831 Romanos
2962 4774 3197 4845 parabat,
3224 4771 3443 4827 Lucanis
3468 4760 3708 4845 suffragi”?!

2200 4832 2699 4922 ferentesjniaeimg
2732 4847 2859 4922 bello
2904 4832 2973 4901 in.
2996 4832 3225 4922 Lucania
3255 4845 3427 4922 vicere.
3475 4832 3708 4922 ltlfll‘ﬁjf

2199 4911 2305 4989 ipse
2329 4911 2613 4976 Aleaander
2650 4916 2865 4989 Epirota
2906 4918 3184 4973 exstinctus
3222 4925 3317 4969 est.
3364 4911 3564 4968 Romani
3594 4911 3710 4973 tW

2199 4994 2440 5047 adversus
2472 4992 2677 5053 Samn.,
2709 5000 2813 5044 etc.
3194 5056 3205 5062 _
3251 5057 3263 5062 _
3348 5052 3367 5062 _
3431 5051 3458 5062 η
3585 5039 3672 5062 μη

2272 5066 2336 5118 Α.
2368 5052 2800 5118 concordatcum
2849 5059 2914 5114 il.
2950 5072 3114 5125 usque
3140 5056 3206 5111 ad
3244 5057 3298 5110 in
3338 5052 3533 5109 Italiam
3569 5055 3705 5125 caput.

2200 5134 2416 5200 bellum;
2447 5134 2571 5189 hinc
2596 5132 2835 5200 sequitur
2859 5131 2912 5183 in
2940 5122 3169 5200 Lucania
3195 5128 3378 5190 uicere,
3402 5125 3453 5178 in
3474 5133 3580 5190 qua,
3598 5122 3679 5167 elc-

2277 5205 2291 5242 i
2325 5198 2415 5270 A.,
2448 5205 2506 5259 Β.
2538 5215 2590 5259 et
2620 5198 2708 5267 H.,
2740 5200 2889 5274 Nihil
2914 5198 3213 5269 hospitalius
3240 5200 3386 5274 mari.
3587 5234 3714 5274 ωειλ

2274 5275 2287 5326 i
2325 5254 2764 5331 lii'omvnibu’srl'.r:
2814 5254 3060 5334 Misenus,
3109 5277 3326 5339 tepentes
3354 5263 3558 5339 fantibus
3579 5254 3708 5322 Βαὶαν

2198 5345 2378 5413 Lucr.,
2399 5356 2506 5403 etc.

2272 5419 2299 5458 ¹ι
2337 5419 2426 5483 A.,
2460 5434 2555 5485 pro
2575 5415 2768 5480 amicti,
2797 5414 2969 5467 amici.

2277 5489 2293 5529 ι
2325 5491 2415 5553 Α.,
2449 5483 2666 5544 Caurus.
2698 5486 2759 5540 Β.
2782 5495 2835 5539 et
2865 5484 2951 5549 H.,
2982 5483 3201 5538 Laurus.

2272 5571 2309 5598 ω
2330 5557 2786 5632 Hyrcalanum._B.
2818 5565 2871 5610 et
2901 5556 2992 5623 H.,
3030 5553 3394 5632 Hircalanium:

2271 5640 2298 5668 η
2331 5622 2454 5687 Hice
2480 5631 2583 5686 duo
2612 5628 2774 5684 verba
2801 5642 2906 5681 non
2936 5622 3059 5680 sunt
3086 5625 3139 5680 in
3174 5626 3231 5679 Β.
3262 5632 3315 5679 et
3344 5622 3405 5677 ll.
3513 5686 3532 5689 _
3641 5678 3650 5689 ,

2190 5732 2197 5738 -
2272 5709 2297 5739 ο
2323 5686 2529 5771 A.,u.,
2565 5702 2653 5770 ll.,
2681 5709 2737 5757 et
2764 5698 3067 5770 Eutropius,
3110 5694 3362 5752 dimicavit
3407 5700 3452 5747 et
3497 5686 3706 5747 sca-uta

2198 5774 2397 5835 delevit.

3506 5974 3513 5979 -
3544 5970 3583 5983 ur
