3920 6336
128 422 217 484 ’161

1177 416 1502 478 ιιιετοιιιΑ
1544 410 1916 475 MISCELLA.
1954 443 2024 456 —
2059 392 2193 474 Lts'.
2236 416 2301 474 ιι.

3270 410 3377 472 ’162

128 548 337 605 militum
367 552 425 604 et
448 542 630 616 populi
667 543 921 601 liberatus
949 550 1054 610 est,
1103 549 1247 597 tanta
1291 539 1517 612 Papyrio
1546 539 1691 595 sedi-
1720 518 1775 578 Α
1800 540 2174 607 conspirantes,
2212 513 2470 597 Romanos
2509 539 2679 596 delere
2705 539 2875 595 conati
2902 547 3042 595 sunt.
3077 539 3382 613 Tremefacti

127 641 256 696 tione
299 646 590 705 commota,
634 645 693 691 ut
740 650 875 706 pene
921 634 1035 705 ipse
1081 634 1489 689 interﬁceretur.
1515 642 1541 669 α
1570 630 1696 687 Post

128 732 223 786 hac
248 728 509 785 Samnites
539 727 976 795 circumspectiore
1014 741 1138 779 cura
1161 764 1177 792 ,
1225 741 1285 780 ac
1308 728 1509 798 majore
1539 740 1696 796 appa-

125 834 224 877 ratu
250 823 516 885 instructo,
564 819 704 889 apud
734 817 993 873 Caudinas
1033 815 1284 870 Furculas
1323 817 1694 883 consederunt,

124 920 179 973 Τ.
212 915 444 977 Veturio,
477 924 522 968 et
560 913 659 982 Sp.
690 912 986 967 Posthumio
1019 927 1184 977 coss.,
1218 925 1485 979 omnesque
1526 909 1700 977 c0pias

123 1008 466 1064 Romanorum
496 1006 685 1061 ibidem
716 1005 971 1074 angustiis
999 1004 1258 1071 locorum,
1289 1003 1538 1070 armisque
1570 1016 1698 1056 cou-

120 1102 291 1157 clusas
324 1097 522 1168 ingenti
550 1098 813 1153 dedecore
843 1097 1103 1152 vicerunt.
1142 1096 1377 1163 Quorum
1420 1095 1528 1149 dux
1563 1093 1699 1147 Pon-

121 1198 216 1253 tius
245 1198 296 1252 in
332 1205 533 1251 tantum
564 1193 760 1250 abusus
791 1200 875 1248 est
903 1192 1139 1247 victoriae
1170 1190 1473 1255 securitate,
1506 1197 1562 1242 ut
1592 1187 1699 1242 He-

123 1288 363 1345 rennium
393 1297 597 1356 patrem
619 1283 1001 1341 consulendum
1033 1291 1259 1352 putaret,
1286 1292 1460 1336 utrum
1485 1282 1696 1335 clausos

119 1383 400 1447 occideret,
433 1397 500 1436 an
532 1390 773 1449 parceret
797 1377 1115 1447 subjugatis,
1141 1385 1195 1430 ut
1224 1375 1369 1430 vivos
1402 1384 1578 1428 tamen
1605 1373 1699 1427 de-

119 1475 287 1530 decori
318 1483 598 1538 servaret,
643 1472 824 1541 elegit.
854 1467 882 1505 δ
915 1468 1172 1523 Romanos
1208 1468 1339 1522 enim
1365 1475 1484 1519 ante
1510 1464 1694 1530 stepis-

129 1572 232 1624 .ime
257 1570 391 1624 vinci
438 1578 485 1624 et
512 1569 697 1634 occidi,
723 1581 982 1635 nunquam
1018 1572 1187 1617 autem
1208 1562 1354 1631 capi,
1386 1571 1472 1616 aut
1500 1561 1567 1613 ad
1602 1559 1694 1612 de-

133 1667 356 1722 litionem
385 1665 499 1737 cogi
532 1662 753 1733 potuisse
781 1658 1062 1714 constabat.
1112 1655 1295 1725 Itaque
1336 1653 1593 1709 Samnites
1620 1652 1696 1705 vi-

128 1761 267 1814 :toria
296 1758 467 1830 potiti,
502 1756 805 1811 universum
834 1752 1131 1807 Romanum
1157 1748 1447 1804 exercitum
1473 1746 1695 1815 turpiter

126 1860 348 1921 :aptum,
400 1847 600 1915 armis,
653 1844 1090 1912 vestimentisque
1137 1840 1431 1903 nudatum,
1488 1843 1691 1890 tantum

125 1942 335 2013 singulis
376 1938 654 1993 vilioribus
692 1932 1042 2005 operimentis
1071 1932 1141 1986 ob
1173 1928 1543 1985 verecundiam
1572 1940 1695 1981 cor-

124 2049 297 2103 porum
330 2030 614 2100 tegendam
644 2026 934 2094 concessis,
967 2024 1065 2080 sub
1092 2024 1222 2094 jugo
1253 2022 1495 2087 missum,
1527 2021 1699 2076 servi-

122 2126 289 2193 .i0que
341 2120 679 2191 subjectum,
731 2119 945 2188 longum
994 2131 1154 2185 agere
1201 2129 1406 2184 pompae
1453 2113 1696 2168 ordinem

122 2225 507 2286 praeceperunt.
541 2214 818 2269 Sescentis
846 2222 1021 2267 autem
1050 2208 1315 2279 equitibus
1347 2206 1598 2261 Romanis
1647 2206 1699 2260 in

122 2309 419 2365 sbsidatum
453 2307 699 2374 receptis,
731 2314 980 2359 oneratos
1027 2301 1337 2372 ignominia,
1377 2299 1586 2355 czeleris
1615 2313 1702 2353 re-

119 2415 213 2456 nus
245 2415 449 2455 vacuos
476 2398 721 2453 consules
749 2396 1089 2461 remiserunt,
1120 2395 1219 2449 sub
1244 2394 1333 2447 tali
1366 2402 1542 2448 tamen
1570 2407 1699 2447 con-

119 2495 326 2548 ditione
354 2492 519 2561 pacis,
551 2491 722 2560 qualis
750 2488 990 2544 facienda
1010 2476 1336 2543 Samnitibus
1359 2488 1574 2556 placuit.
1598 2485 1700 2543 Sed

119 2588 152 2643 si
188 2587 349 2640 ﬁdem
382 2583 621 2649 fmderis,
650 2597 806 2651 quam
835 2580 934 2635 sibi
986 2579 1215 2636 Romani
1261 2579 1460 2634 servari
1507 2593 1538 2633 a
1579 2577 1705 2634 sub-

131 2680 272 2734 ectis
317 2679 537 2743 volunt,
585 2673 685 2744 ipsi
735 2673 959 2742 subjecti
1004 2672 1332 2729 Samnitibus
1379 2681 1700 2738 servassent,

121 2768 302 2833 uodie,
331 2776 419 2821 aut
446 2766 668 2821 omnino
717 2780 822 2818 non
870 2772 1069 2829 essent,
1140 2772 1229 2815 aut
1275 2761 1493 2817 Samnio
1535 2760 1705 2813 domi-

122 2870 279 2914 .tante
305 2859 593 2913 servirent.
629 2854 925 2910 Posteriore
949 2854 1197 2924 siquidm
1223 2869 1361 2908 anno
1381 2853 1591 2925 jubente
1613 2850 1705 2906 Se-

122 2959 238 3003 satu
279 2962 297 2987 ε
343 2948 631 3018 infringunt
671 2946 891 3000 Romani
919 2947 1178 3013 firmatam
1225 2962 1340 2999 cum
1393 2943 1705 3000 Sanmitibus

122 3041 438 3105 pactionem,
473 3054 653 3107 eosque
696 3038 750 3091 in
796 3036 983 3091 bellum
1034 3045 1236 3107 cogunt.
1289 3035 1438 3101 Quod
1482 3034 1706 3105 Papyrio

124 3149 223 3187 tos.
280 3130 542 3185 insistente
588 3130 912 3183 commissum
960 3144 1169 3198 ntagnas
1214 3136 1401 3197 strages
1448 3130 1707 3194 utriusque

125 3222 295 3291 pepuli
318 3220 482 3283 dedit,
505 3235 621 3273 cum
641 3218 762 3271 hinc
782 3218 861 3271 ira
884 3217 1099 3270 recentis
1123 3217 1368 3286 infamiae,
1397 3217 1515 3268 inde
1540 3217 1702 3286 gloria

129 3314 366 3381 proxima:
395 3310 620 3365 victorite
641 3319 921 3381 pugnantes
944 3308 1336 3362 instimularent.
1355 3305 1583 3360 Tandem
1604 3306 1703 3359 llo-

131 3408 257 3459 ntani
290 3404 617 3473 pertinaciter
641 3401 903 3456 moriendo
941 3401 1185 3465 vicerunt,
1218 3416 1307 3453 nec
1334 3401 1461 3453 cwdi
1490 3399 1704 3464 pariter,

134 3513 213 3550 ttec
237 3497 432 3551 credere
452 3494 770 3559 destiterunt,
801 3493 898 3547 nisi
922 3502 1251 3564 posteaquam
1279 3492 1422 3545 victis
1464 3490 1708 3544 Samniti-

136 3588 234 3654 bus,
267 3598 314 3641 et
344 3595 498 3656 capto
528 3588 656 3639 duce
684 3601 858 3639 eorum
901 3600 1016 3638 cum
1054 3591 1245 3652 septem
1283 3582 1505 3637 millibus
1522 3583 1709 3652 jugum

136 3691 479 3750 reposuerunt.
513 3679 711 3734 Deinde
742 3677 1002 3749 Papyrius
1032 3677 1315 3743 Satricum,
1347 3678 1557 3744 expulso
1586 3693 1714 3747 prte-

136 3778 254 3829 sidio
284 3775 591 3841 Samnitico,
636 3773 964 3851 expugnavit,
1010 3783 1055 3825 et
1105 3772 1256 3842 cepit.
1305 3769 1406 3825 llic
1452 3770 1711 3842 Papyrius

136 3872 249 3924 adeo
278 3881 398 3925 tunc
427 3871 566 3935 apud
597 3868 865 3923 Romanos
891 3866 1330 3921 bellicosissimus
1380 3880 1441 3917 ac
1467 3865 1712 3919 strenuis.

137 3964 286 4016 timus
318 3963 634 4027 habebatur,
657 3972 711 4015 ut
735 3976 855 4014 cum
883 3959 1182 4015 Alexander
1206 3958 1426 4029 Magnus
1446 3958 1713 4028 disponere

135 4056 397 4118 diceretur,
426 4055 489 4107 ab
523 4053 730 4107 Oriente
755 4052 1081 4117 descendens,
1115 4050 1336 4104 obtinere
1359 4050 1542 4103 viribus
1573 4050 1713 4119 Afri-

135 4162 259 4214 cam,
294 4160 445 4217 atque
488 4146 607 4199 inde
649 4146 701 4198 in
731 4142 938 4197 Italiam
985 4142 1255 4208 transvehi,
1308 4140 1530 4195 Romani
1573 4142 1715 4195 inter

135 4249 351 4293 cancros
383 4237 568 4302 duces,
598 4247 716 4289 tunc
744 4237 795 4288 in
825 4234 1029 4305 publica
1060 4251 1116 4288 re
1157 4250 1252 4288 sua
1281 4232 1529 4300 optimos,
1582 4233 1716 4286 hunc

137 4327 448 4395 prtecipuum
492 4326 633 4395 fore,
683 4327 771 4394 qui
825 4323 1112 4378 Alexandri
1152 4324 1424 4391 imperium
1471 4324 1717 4376 sustinere

140 4428 322 4484 posset,
362 4418 744 4471 meditarentur.
801 4415 879 4470 l'lo
927 4423 1168 4483 tempore
1216 4414 1416 4484 Appius
1465 4414 1717 4469 Claudius

141 4506 340 4565 Censor
362 4512 542 4582 ingens
569 4525 757 4578 aquam
787 4508 1060 4563 Claudiam
1102 4508 1324 4575 induxit,
1358 4519 1409 4561 et
1441 4508 1581 4561 viam
1608 4509 1716 4575 Ap-

146 4604 275 4667 piam
305 4606 513 4658 stravit.
543 4603 696 4658 Circa
730 4602 843 4657 hazc
870 4614 1107 4672 tempora
1139 4601 1391 4657 Jioaddus
1420 4602 1558 4672 apud
1592 4603 1717 4658 llic-

147 4697 458 4767 rosolymam
492 4695 732 4764 pontifex
776 4696 1013 4762 exstitit,
1060 4694 1211 4764 cujus
1254 4695 1418 4751 frater
1445 4696 1716 4752 Manasses

152 4789 392 4855 lctnplum
422 4787 475 4841 in
504 4796 684 4841 monte
722 4786 952 4841 Garizim
982 4786 1277 4840 construxit
1310 4785 1359 4840 σι.

218 4881 357 4932 Anno
383 4882 443 4932 ab
474 4876 609 4931 Urbe
632 4878 836 4931 condita
858 4875 985 4945 450,
1018 4874 1181 4930 Fabio
1214 4875 1443 4931 Maximo
1473 4876 1536 4943 V,
1564 4876 1722 4933 Decio

155 4963 297 5025 llure
324 4970 476 5038 IIII,
508 4986 666 5036 coss.,
694 4981 912 5039 quatuor
952 4971 1299 5040 florentissimi
1321 5011 1333 5034 ,
1366 4972 1725 5041 fortissimique

157 5056 317 5119 ltalite
344 5066 517 5136 populi
546 5065 598 5117 in
628 5080 787 5117 unum
811 5078 991 5133 agmen
1020 5064 1283 5132 {adusque
1312 5079 1365 5116 se
1393 5065 1722 5135 collegerunt.

160 5147 381 5226 Namque
400 5156 629 5224 Etrusci,
668 5154 865 5219 Umbri,
895 5153 1152 5209 Samnites
1174 5164 1220 5208 et
1242 5152 1379 5208 Galli
1403 5170 1507 5208 uno
1527 5155 1727 5225 agmine

232 5298 255 5325 ι
281 5288 455 5343 Postea
486 5288 744 5343 Samnites
766 5286 1026 5356 Romanos
1058 5286 1119 5339 T.
1155 5287 1356 5341 Veturio
1378 5297 1421 5339 et
1450 5287 1525 5356 Sp
1583 5287 1730 5342 Post-

164 5353 324 5412 ltumio
345 5377 467 5414 coss.
500 5361 640 5426 apud
667 5358 924 5412 Caudinas
952 5355 1201 5411 Furculas
1228 5360 1475 5429 angustiis
1494 5353 1730 5412 locorum

163 5432 411 5485 conclusos
436 5431 648 5499 ingenti,
680 5442 782 5483 etc.

238 5499 259 5537 ιι
289 5503 369 5567 A.,
401 5503 458 5555 Β.
491 5498 544 5554 et
580 5498 667 5567 H.,
694 5500 876 5552 omiss.
912 5509 1032 5553 tht.
1062 5513 1200 5567 seq.,
1234 5517 1350 5553 nam
1383 5498 1690 5555 universum.

239 5578 257 5642 ’ξ
298 5574 408 5626 POSI
434 5572 650 5642 jubente
681 5571 874 5625 Senatu
899 5584 1084 5642 omnes
1112 5570 1431 5642 habentpar
1450 5586 1562 5621 cum
1587 5570 1734 5625 Sant-

159 5640 341 5695 "itibtts
382 5638 589 5710 firmata
620 5642 787 5694 soluta
818 5651 907 5694 est.
955 5638 1242 5710 Luciusque
1284 5640 1530 5709 Papirius
1558 5643 1734 5696 consul

157 5714 388 5777 9drersus
415 5730 499 5766 eos
523 5714 744 5764 directus
765 5722 856 5765 est.
890 5711 990 5776 Qui
1009 5715 1136 5764 adeo
1168 5722 1285 5764 tunc
1309 5713 1448 5777 apud
1480 5711 1736 5767 Ilo/uanos

156 5769 563 5846 §etlicosissimus
594 5769 979 5847 habebatur,"ut
1017 5798 1132 5835 cum
1168 5769 1420 5835 diceretur
1451 5783 1737 5838 Alexander

150 5852 227 5903 hs
252 5854 446 5909 Italiam
476 5855 783 5924 transgredi,
810 5852 1029 5906 Romani
1048 5854 1180 5907 inter
1201 5866 1405 5907 steteras
1428 5856 1578 5908 duces
1607 5856 1739 5909 hunc

146 5924 412 5996 »πείρα
449 5923 726 5997 eligerent,
757 5925 844 5996 qui
870 5923 1153 5979 Alexandri
1180 5926 1421 5994 impetum
1449 5927 1739 5986 sustineret.

1747 4655 1799 4715 D

1799 628 1895 683 hoc
1921 632 2053 687 bello
2084 634 2431 688 Romanorum
2455 634 2635 699 animi,
2663 643 2712 687 et
2736 633 3043 703 labefactata
3068 633 3262 701 fiducia
3286 643 3382 703 est,

1800 741 1888 779 nec
1928 727 2045 781 ausi
2089 727 2184 782 sibi
2226 735 2387 781 totum
2424 742 2631 798 sperare
2672 728 2737 780 de
2776 725 2986 789 viribus,
3025 725 3145 779 dolo
3173 725 3385 781 divisere

1800 816 1986 885 hostes,
2030 821 2189 876 tutius
2226 822 2328 875 rati
2364 820 2593 891 pluribus
2630 836 2683 874 se
2720 819 2866 874 bellis
2903 818 3190 888 implicare,
3229 833 3386 888 quam

1798 912 2054 982 gravibus.
2085 911 2289 983 Itaque,
2313 930 2428 966 cum
2448 913 2751 982 quibusdam
2769 912 2876 965 suis
2900 912 2968 964 ad
2995 909 3386 977 depopulandos

1801 1005 2011 1060 hostiles
2049 1023 2223 1076 agros,
2266 1008 2319 1060 in
2363 1005 2645 1070 Umbriam,
2690 1004 3053 1073 Etruriamque
3086 999 3385 1072 prsentissis,

1804 1097 2144 1168 Umbrorum,
2194 1098 2627 1169 Etruscorumque
2673 1097 2947 1152 exercitum
2980 1097 3149 1150 redire
3183 1095 3252 1149 ad
3288 1094 3390 1149 tui-

1800 1192 1985 1246 tionem
2016 1209 2224 1246 suorum
2266 1194 2579 1262 coegissent,
2622 1208 2740 1245 cum
2783 1190 3119 1255 Samnitibus,
3146 1198 3192 1244 et
3222 1187 3388 1243 Gallis

1801 1283 1986 1338 bellum
2024 1286 2152 1337 inire
2178 1292 2533 1354 pr0perarunt.
2578 1280 2645 1335 In
2667 1298 2766 1351 quo
2796 1282 2948 1348 bello,
2980 1297 3093 1336 cum
3119 1280 3389 1335 Gallorum

1799 1374 1986 1442 impetu
2039 1374 2253 1429 Romani
2284 1384 2653 1444 premerentur,
2700 1372 2887 1428 Decius
2929 1390 3032 1427 cos.
3062 1376 3253 1428 occisus
3292 1382 3385 1439 est,

1798 1466 1994 1522 Fabius
2032 1477 2200 1523 tamen
2244 1476 2355 1539 post
2394 1484 2632 1538 magnara
2671 1466 2908 1521 Deciana:
2943 1469 3106 1537 partis
3142 1476 3385 1538 stragem,

1799 1568 2002 1620 tandem
2032 1567 2178 1620 vicit.
2213 1563 2291 1618 Eo
2318 1564 2496 1634 prtelio
2521 1579 2574 1618 XI
2606 1565 2767 1618 millia
2794 1564 3109 1627 Samnitum,
3140 1563 3240 1616 sive
3262 1561 3391 1616 Gal—

1798 1656 1966 1713 lorum
1997 1675 2153 1723 ctesa,
2186 1659 2532 1713 Romanorum
2562 1673 2675 1712 vero
2704 1672 2775 1711 vn
2803 1657 2967 1711 millia
2997 1673 3059 1711 ea:
3101 1654 3250 1710 Decii
3278 1666 3390 1710 tan-

1798 1753 2058 1807 tummodo
2097 1762 2270 1823 parte,
2302 1753 2386 1820 qui
2417 1753 2612 1807 occisus
2643 1762 2748 1816 est,
2795 1751 3040 1806 exstincta
3075 1751 3387 1821 referuntur.

1800 1844 1985 1899 Fuisse
2023 1855 2194 1900 autem
2236 1844 2426 1914 absque
2465 1843 2716 1909 Etruscis,
2752 1828 2812 1897 bet
2858 1843 3082 1905 Umbris,
3126 1858 3250 1907 quos
3279 1852 3391 1897 astu

1801 1936 2025 1990 Romani
2054 1936 2186 1989 bello
2214 1944 2566 2000 avocaverant,
2590 1932 2860 1988 Gallorum
2907 1943 2953 1988 et
2987 1933 3279 1988 Samnitum
3306 1950 3388 2004 pe-

1802 2025 1967 2079 ditum
2008 2039 2107 2079 CXL
2150 2025 2316 2078 millia
2354 2038 2590 2088 cccxxx,
2634 2024 2855 2091 equitum
2893 2039 3008 2077 vero
3046 2038 3188 2077 XLVII
3228 2022 3393 2077 millia

1801 2118 1978 2173 Livius
2024 2124 2211 2190 refert,
2266 2129 2313 2172 et
2356 2118 2701 2187 carpentarios
2739 2115 2879 2170 mille
2920 2117 2974 2169 in
3018 2116 3174 2169 armis
3213 2124 3394 2170 contra

1803 2212 1964 2266 aciem
2020 2211 2215 2265 stetisse
2272 2208 2579 2262 Romanam.
2637 2208 2761 2273 Sed,
2814 2216 2869 2262 ut
2918 2223 3054 2273 stupe
3077 2209 3269 2261 dictum
3297 2217 3390 2274 est,

1802 2321 2001 2373 semper
2034 2302 2407 2367 Romanorum,
2436 2310 2523 2355 aut
2548 2302 2872 2356 domesticam
2898 2302 3112 2372 quietem
3142 2303 3392 2356 extraneis

1807 2398 1953 2453 bellis
1982 2400 2365 2467 interruptam,
2397 2407 2486 2450 aut
2512 2406 2776 2451 extraneos
2807 2405 3070 2465 proventus
3097 2395 3285 2449 morbis
3312 2396 3395 2449 in-

1805 2491 2078 2545 terioribus
2117 2497 2453 2561 aggravatos,
2497 2498 2697 2542 tantum
2734 2496 2789 2541 ut
2825 2487 3131 2543 omnimodis
3168 2488 3394 2557 ingentes

1807 2586 1968 2639 animi
2007 2588 2343 2656 undecunque
2380 2594 2724 2654 premerentur
2754 2596 2771 2634 :
2803 2582 2935 2635 hanc
2972 2590 3261 2646 cruentam,
3302 2579 3394 2633 tri-

1806 2686 2033 2746 stemque
2087 2677 2351 2730 victoriam
2408 2676 2696 2745 pestilentia
2747 2674 2965 2728 civitatis
3018 2673 3288 2739 oneravit,
3346 2682 3396 2727 et

1808 2766 2139 2834 triumphales
2182 2782 2398 2836 pompas
2438 2764 2599 2818 obvia:
2641 2774 2955 2818 mortuorum
2994 2764 3245 2832 exsequitv
3282 2763 3395 2830 pol-

1808 2856 2059 2911 luerunt:
2086 2872 2176 2909 nec
2214 2865 2324 2910 erat
2362 2872 2443 2909 cus
2481 2856 2546 2909 de
2583 2855 2837 2926 triumpho
2875 2855 3119 2925 gaudium
3154 2853 3394 2907 suadere-

1810 2957 1911 3010 tur,
1935 2962 2051 3000 cum
2078 2956 2182 3000 tota
2204 2947 2400 3011 civitas,
2423 2958 2509 2999 aut
2536 2948 2687 3015 aegris
2715 2947 3020 3015 suspiraret,
3045 2954 3136 2998 aut
3160 2945 3392 3000 mortuis.

1810 3039 2052 3111 sequitur
2079 3055 2264 3102 annus,
2295 3055 2395 3109 quo
2428 3038 2718 3092 instaurata
2768 3055 2798 3091 a
2851 3038 3163 3092 Samnitibus
3213 3036 3394 3109 praelia

1808 3132 1925 3185 victi
1953 3140 2088 3194 sunt,
2120 3141 2267 3200 atque
2296 3130 2351 3183 in
2378 3139 2547 3184 castra
2582 3131 2839 3202 fugerunt.
2872 3129 3060 3185 Postea
3089 3146 3203 3185 vero
3234 3129 3393 3186 Sam-

1809 3225 1937 3279 nites
1985 3240 2166 3277 novum
2211 3225 2462 3290 animum,
2510 3224 2833 3293 habitumque
2875 3233 3147 3290 sumentes,
3177 3224 3273 3279 hoc
3297 3234 3393 3292 est,

1810 3319 2152 3387 deargentatis
2184 3317 2361 3381 armis,
2416 3327 2460 3371 et
2512 3318 2748 3382 restibus,
2799 3328 3073 3389 paratoque
3099 3319 3292 3383 animo,
3340 3313 3399 3371 ni

1808 3409 2030 3475 vincant,
2062 3411 2211 3475 mori,
2272 3408 2401 3464 bello
2426 3425 2532 3464 sese
2559 3409 2798 3478 offerunt.
2831 3410 3108 3463 Adversum
3135 3425 3262 3478 quos
3289 3407 3397 3462 Pa-

1810 3506 1987 3575 pyrius
2013 3501 2135 3559 Cos.
2164 3519 2278 3557 cum
2307 3504 2530 3559 exercitu
2557 3505 2769 3571 missus,
2799 3518 2913 3556 cum
2940 3519 2973 3555 a
3004 3500 3275 3571 prteliart'is
3302 3516 3397 3555 au-

1809 3598 2021 3667 guribus
2049 3596 2470 3667 conjectantibus,
2502 3597 2746 3666 congredi
2778 3594 3148 3663 prohiberetur,
3180 3593 3399 3647 irridens

1813 3704 1895 3743 eos
1948 3700 2054 3741 tam
2104 3688 2339 3757 feliciter,
2389 3703 2539 3756 quam
2586 3695 2874 3740 constanter
2920 3685 3135 3754 arripuit
3185 3684 3391 3750 beslum,

1814 3780 2146 3850 confecitque.
2202 3778 2340 3832 Nunt
2389 3779 2442 3831 in
2496 3777 2590 3831 hoc
2643 3777 2817 3844 praelia
2850 3792 2919 3831 xu
2969 3776 3130 3830 millia
3177 3775 3399 3831 hostium

1815 3888 1966 3937 casa,
2018 3872 2116 3926 tria
2142 3871 2308 3925 millia
2333 3880 2483 3941 capta
2508 3869 2818 3939 referuntur.
2875 3868 2979 3925 Sed
3023 3867 3154 3922 hanc
3202 3882 3400 3936 quoque

1814 3964 1964 4020 istius
1994 3980 2109 4019 vere
2157 3963 2472 4017 laudandam
2516 3963 2806 4028 victoriam,
2834 3978 2985 4032 quam
3015 3966 3273 4030 aruspices
3302 3976 3400 4013 tm-

1816 4056 1989 4127 pedire
2017 4072 2123 4110 non
2168 4064 2464 4125 potuerunt,
2496 4054 2659 4108 oborti
2706 4054 2874 4107 subito
2901 4069 3172 4121 corrupere
3214 4052 3396 4106 morbi.

1818 4145 1958 4201 Nam
2015 4156 2155 4200 tanta
2194 4163 2255 4199 ac
2295 4158 2396 4199 tam
2435 4145 2769 4200 intolerabilis
2812 4145 3100 4213 pestilentia
3131 4160 3220 4211 per
3247 4145 3403 4198 trien-

1819 4239 1962 4293 nium
1994 4249 2110 4292 tunc
2139 4240 2385 4308 corripuit
2411 4240 2659 4292 civitatem
2680 4278 2693 4301 ,
2724 4246 2779 4290 ut
2805 4247 3008 4307 propter
3034 4252 3145 4290 eam
3172 4251 3399 4307 quacun-

1819 4346 1914 4402 que
1961 4332 2159 4383 ratione
2212 4331 2490 4382 sedandam
2544 4329 2695 4382 libros
2727 4328 3006 4399 Sibyllinos
3053 4328 3398 4395 consulerent,

1820 4420 1999 4490 quibus
2016 4420 2291 4490 jubebatur
2319 4428 2373 4472 ut
2399 4420 2460 4472 ab
2494 4419 2758 4490 Epidauro
2790 4417 3118 4489 /Esculapius
3144 4418 3401 4473 exhibere-

1823 4523 1924 4567 tur.
1959 4511 2109 4566 Missi
2135 4522 2249 4566 sunt
2279 4512 2431 4584 legati
2459 4514 2527 4566 ad
2556 4514 2728 4567 urbem
2757 4512 3010 4578 Griecam,
3041 4531 3165 4583 quos
3193 4515 3405 4568 libenter

1823 4603 2130 4669 Epidaurii,
2159 4614 2309 4672 atque
2334 4604 2620 4657 humaniter
2648 4614 2999 4675 susceperunt.
3028 4602 3228 4658 Ibidem
3255 4620 3311 4659 se
3338 4604 3409 4658 le-

1822 4697 1950 4766 gatis
1975 4711 2179 4762 serpens
2232 4697 2472 4760 ostendit,
2521 4710 2641 4749 raro
2693 4695 2755 4747 ab
2812 4695 2989 4751 incolis
3044 4696 3143 4751 nisi
3192 4695 3409 4766 feliciter

1821 4790 1979 4843 visus.
2012 4788 2235 4857 Cumque
2281 4804 2369 4857 per
2422 4786 2648 4841 triduum
2698 4774 3021 4857 familiariter
3065 4789 3408 4857 apparuisset,

1824 4881 2018 4934 cunctis
2042 4879 2438 4945 inspectantibus
2466 4879 2619 4931 subiit
2649 4880 2699 4930 in
2730 4880 2984 4932 triremem
3016 4878 3297 4931 Romanam
3361 4888 3409 4930 et

1823 4973 1878 5026 in
1925 4970 2245 5025 tabernaculo
2293 4970 2446 5040 legati
2500 4970 2564 5036 ρ.
2617 4968 2867 5040 Burgonii
2916 4969 3156 5024 collectus
3201 4969 3407 5039 quievit.

1830 5062 1965 5119 Urbe
1993 5064 2209 5134 profecti
2244 5063 2459 5116 Romani
2485 5073 2626 5129 sunt,
2662 5064 2843 5131 anguis
2872 5064 2925 5115 in
2954 5062 3067 5115 navi
3097 5076 3292 5130 semper
3315 5076 3409 5126 ap-

1828 5152 1997 5224 paruit
2028 5169 2045 5206 :
2077 5155 2283 5207 Antium
2312 5162 2512 5208 ventum
2543 5164 2635 5219 est,
2670 5153 2925 5223 dgcendit
2970 5169 3174 5223 serpens
3224 5154 3295 5204 ad
3346 5151 3411 5205 li-

1828 5287 2096 5355 Congressi
2131 5288 2301 5355 itaque
2333 5287 2589 5341 Samnites
2617 5304 2729 5340 cum
2776 5286 2985 5358 Papirio
3022 5288 3245 5355 superati
3271 5295 3408 5358 sunt,

1829 5370 2259 5438 quorttnt‘septem
2286 5359 2411 5438 mil.‘
2437 5360 2528 5410 sub
2547 5362 2676 5438 jugo
2701 5360 2884 5438 missis.
3010 5371 3063 5438 et
3213 5357 3303 5411 sub
3323 5361 3412 5428 ju-

1833 5445 1972 5498 gum,
2025 5428 2263 5499 Papirius
2291 5428 2353 5480 de
2375 5428 2693 5483 Samnitibus
2718 5430 3063 5499 triumphavit.
3091 5429 3170 5485 Eo
3193 5438 3414 5499 tempore

1834 5496 2032 5567 Appius
2058 5496 2303 5551 Claudius
2334 5498 2522 5551 Censor
2547 5515 2729 5568 aquam
2757 5498 2964 5561 Claud.,
2999 5511 3101 5553 etc.

1906 5574 1930 5607 ιι
1976 5569 2105 5623 Hinc
2133 5569 2280 5632 Mss,
2310 5568 2493 5621 omiss.
2526 5581 2647 5622 eaet.
2682 5585 2850 5638 usque
2895 5570 2958 5622 ad
3003 5573 3158 5624 verba
3204 5570 3267 5623 Ρ.
3298 5568 3418 5624 Cor-

1835 5639 2018 5702 nelius,
2056 5639 2297 5705 lin/inus,
2330 5650 2622 5706 sequuntur
2650 5654 2769 5692 cum
2803 5642 3015 5708 Eutrop.
3065 5642 3318 5695 Samnites
3342 5656 3419 5695 re-

1839 5720 2020 5777 parato
2055 5709 2187 5763 bello
2212 5707 2276 5772 Ω.
2310 5709 2523 5762 Fabium
2553 5709 2699 5765 Max.
2728 5707 2977 5775 vicerunt,
3003 5713 3163 5765 tribus
3192 5715 3300 5766 mil.
3331 5714 3420 5765 Ito-

1839 5782 2035 5854 tninutn
2064 5782 2259 5854 occisis.
2291 5778 2479 5854 Postea
2506 5797 2619 5833 cum
2645 5789 2791 5854 pater
2814 5783 2859 5834 ei
2888 5780 3081 5835 Fabius
3111 5783 3253 5836 Max.
3289 5784 3421 5854 lega-

1841 5861 1921 5906 tus
1950 5852 2098 5927 datus
2129 5851 2332 5927 fuisset,
2351 5859 2403 5927 et
2424 5851 2687 5927 Samnitas
2714 5853 2850 5927 uicit,
2875 5863 2920 5906 et
2946 5855 3167 5923 plurima
3192 5851 3420 5927 ipsorum

1841 5924 2031 5993 oppida
2060 5924 2206 5995 cepit.
2236 5921 2433 5978 Deinde
2462 5921 2599 5979 Pub.
2629 5921 2915 5989 Cornelius,
2944 5921 3051 5979 etc.
