3920 6336
572 386 689 474 761

1444 401 1648 460 PAULI
1688 396 1957 456 DMCONI
1996 395 2152 454 OPP.
2194 392 2377 454 PARS
2412 393 2455 451 l.
2483 423 2554 436 —
2580 393 2968 454 HISTORICA.

3665 406 3740 470 768

582 530 803 591 maturis
831 527 1079 599 partubus
1108 539 1223 581 cum
1249 521 1476 594 periculo
1497 528 1715 572 matrum
1737 513 1921 571 extorti
1954 510 2163 568 abortus
2190 509 2246 570 Α
2271 507 2429 579 digna
2455 508 2729 579 supplicia,
2760 506 3020 562 Romanos
3045 519 3163 560 vero
3189 506 3363 565 milites
3383 509 3565 585 integre
3580 516 3739 590 ιιςίοηε,

586 624 985 698 projiciebantur
1007 636 1026 675 :
1050 618 1179 673 adeo
1204 625 1258 671 ut
1287 617 1525 685 defutura
1548 610 1798 667 successio
1816 651 1832 675 ,
1878 616 1923 661 et
1957 606 2166 675 defutu-

586 735 702 773 rum
727 715 1062 770 animantium
1090 726 1267 782 genus,
1290 709 1526 775 adempto
1547 703 1716 759 vitalis
1739 711 1912 771 partas
1941 699 2167 770 legitimo

587 809 769 863 ordine
795 805 1101 860 crederetur.
1127 801 1388 856 Consules
1417 797 1609 852 deinde
1646 795 1839 849 Curius
1873 793 2126 847 Dentatus
2145 830 2163 858 ,

587 908 645 957 et
663 896 939 953 Cornelius
962 893 1215 950 Lentulus
1236 892 1489 946 adversus
1506 888 1770 959 Pyrrhum
1797 888 1822 915 ⁸
1847 885 1996 939 missi
2016 891 2164 937 sunt.

584 989 795 1045 Interea
827 1002 1081 1041 reversum
1108 1000 1170 1039 ex
1195 981 1378 1038 Sicilia
1405 979 1667 1050 Pyrrhum
1697 976 1879 1031 Curius
1914 975 2161 1029 Dentatus

585 1099 692 1137 cos.
723 1084 946 1151 excepit,
975 1080 1270 1146 tertiumque
1306 1073 1490 1127 bellum
1536 1081 1712 1125 contra
1746 1069 1986 1140 Epirotas
2019 1067 2159 1133 apud

586 1173 868 1228 Lucaniam
896 1172 950 1226 in
980 1170 1208 1224 Arusinis
1234 1167 1426 1236 campis
1453 1177 1649 1236 gestum
1677 1173 1771 1217 est.
1796 1159 1976 1231 Itaque
1997 1162 2163 1230 primo

585 1278 834 1317 concursu
865 1277 977 1314 cum
1008 1258 1201 1329 Pyrrhi
1232 1257 1416 1310 milites
1445 1256 1797 1310 Romanorum
1828 1253 2161 1320 impressione

584 1356 919 1425 trepidarent,
965 1362 1012 1407 et
1063 1354 1536 1419 circumspectantes
1586 1351 1760 1420 fugam
1806 1348 1937 1402 bello
1990 1350 2166 1403 cedere

585 1443 1167 1517 molii'entur,'Pgri'lius
1193 1443 1481 1513 elephantes
1524 1457 1588 1496 ex
1628 1440 1864 1494 subsidiis
1890 1441 2041 1508 jussit
2074 1439 2165 1492 in-

585 1540 720 1593 duci.
766 1538 980 1593 Romani
1008 1535 1196 1590 assueti
1231 1535 1344 1606 jam
1386 1548 1615 1604 pugnare
1654 1549 1768 1585 cum
1799 1531 1982 1585 belluis
2003 1572 2017 1595 ,
2049 1548 2165 1584 cum

586 1630 848 1685 malleolos
872 1641 1061 1699 stuppa
1090 1630 1361 1692 involutos,
1385 1644 1445 1681 ac
1466 1629 1575 1698 pice
1606 1627 1815 1695 oblitos,
1851 1627 1993 1680 uncis
2025 1626 2164 1681 insu-

585 1739 674 1793 per
698 1722 887 1776 aculeis
909 1732 1106 1777 tenaces
1131 1721 1571 1792 prceparavissent,
1596 1735 1777 1789 eosque
1802 1721 2090 1788 ﬂammatos
2112 1719 2164 1773 in

584 1823 727 1885 terga
753 1814 1061 1881 belluarum,
1096 1824 1355 1882 turresque
1389 1814 1676 1880 vibrarent,
1710 1830 1813 1866 non
1844 1814 2059 1883 difﬁcile
2078 1819 2165 1884 fu-

582 1915 771 1969 rentes,
811 1906 1141 1975 ardentesque
1181 1905 1371 1959 belluas
1400 1906 1451 1959 in
1497 1921 1668 1958 eorum
1698 1905 1899 1959 excidia
1926 1948 1940 1969 ,
1981 1907 2163 1976 quibus

581 1996 807 2049 subsidia
853 1996 1091 2063 fuerant,
1131 2004 1457 2049 retorserunt.
1494 1992 1764 2067 Octoginta
1814 1997 1975 2048 millia
2022 1998 2165 2066 pedi-

582 2094 689 2141 tum
718 2088 769 2140 iu
798 2088 887 2141 illo
909 2089 1087 2158 praelia
1116 2087 1297 2142 habere
1345 2103 1513 2159 regem
1544 2089 1750 2153 dicunt,
1782 2089 2003 2157 equitant
2048 2106 2164 2144 vero

593 2196 685 2234 sex
713 2180 898 2234 millia.
930 2177 1011 2233 Ex
1043 2179 1118 2232 liis
1149 2195 1279 2233 caesa
1309 2182 1597 2249 referuntur
1618 2180 1793 2247 viginti
1827 2181 1929 2231 tria
1957 2181 2120 2234 millia
2142 2222 2158 2247 ,

584 2274 719 2343 capti
744 2282 909 2326 autem
938 2281 1055 2325 sunt
1077 2273 1459 2341 quadringenti.
1484 2272 1507 2324 Ι
1517 2288 1603 2336 pse
1626 2289 1659 2327 a
1686 2271 1905 2326 Tarento
1933 2274 2162 2344 fugatus,

585 2374 756 2419 castra
784 2365 895 2433 ejus
925 2374 1074 2429 capta
1101 2373 1236 2418 sunt.
1269 2364 1461 2418 Curius
1491 2365 1541 2418 in
1572 2365 1848 2419 consulatu
1874 2367 2163 2433 triumpha-

588 2458 662 2509 vit
687 2496 702 2519 ,
746 2457 1057 2525 primusque
1108 2456 1289 2510 linum
1328 2456 1641 2523 elephantos
1683 2468 1907 2525 quatuor
1938 2458 2161 2514 induxit.

586 2547 614 2587 δ
646 2550 880 2620 Pyrrhus
909 2564 976 2603 xv
1006 2565 1141 2603 anno
1170 2565 1325 2619 quam
1352 2561 1553 2604 venerat
1582 2550 1645 2603 ab
1675 2549 1857 2617 Italia,
1886 2553 2041 2608 victus
2069 2571 2164 2608 au-

585 2646 736 2713 fugit,
769 2643 854 2713 qui
881 2652 996 2712 post
1045 2642 1225 2707 multa,
1254 2643 1648 2713 gravissimaque
1688 2644 1848 2709 bella,
1883 2662 1997 2714 qua:
2015 2646 2168 2717 gessit

584 2739 638 2791 in
666 2736 889 2804 (ἐνατία,
922 2738 1059 2806 apud
1089 2738 1251 2806 Argos
1287 2737 1496 2790 Achaiw
1522 2738 1935 2807 florentissimam
1961 2747 2164 2806 urbem,

586 2830 837 2897 Spartani
868 2830 1010 2899 regni
1030 2829 1270 2882 aviditate
1293 2831 1559 2893 seductus,
1601 2846 1725 2885 saxo
1749 2833 1877 2886 ictus
1911 2834 2162 2887 occubuit.

587 2919 748 2992 Cujus
778 2920 951 2992 polleas
976 2922 1040 2975 de
1069 2922 1279 2975 dextero
1310 2923 1437 2990 pede
1459 2923 1681 2977 remedio
1704 2934 1828 2990 erat,
1855 2925 1899 2977 si
1919 2928 2068 2995 cujus
2091 2943 2170 2980 re-

585 3028 669 3066 nes
697 3021 944 3065 tumentes
975 3028 1035 3065 eo
1066 3012 1332 3082 tetigisset.
1368 3013 1604 3078 Quicum
1628 3014 1690 3067 ab
1712 3015 1963 3085 Antigono
1986 3016 2171 3070 victore

573 3110 755 3182 jussus
778 3117 903 3162 esset
927 3107 1094 3173 esuri,
1125 3108 1198 3161 sic
1224 3109 1369 3172 arsit,
1402 3116 1457 3161 ut
1484 3108 1619 3160 idem
1647 3110 1817 3177 pollex
1840 3110 1949 3181 igni
1976 3111 2170 3165 inveni-

510 3225 520 3235 ι
584 3215 725 3259 retur
752 3206 990 3259 intactus.
1027 3203 1127 3269 Qui
1154 3204 1344 3274 digitus
1366 3218 1522 3257 aureo
1552 3203 1720 3257 loculo
1749 3206 1974 3258 inclusus
2000 3214 2093 3271 est,
2120 3214 2167 3258 et

582 3298 934 3368 antiquissimo
966 3300 1152 3366 templo
1185 3299 1439 3355 Dodonwi
1468 3300 1610 3357 lovis
1650 3304 1881 3356 conditus
1920 3314 2014 3356 est.
2053 3302 2167 3369 ῌοο

589 3396 834 3458 tempore
860 3390 998 3457 apud
1028 3389 1242 3446 Judieos
1271 3393 1505 3460 pontifex
1530 3394 1790 3448 innuimus
1812 3394 1993 3449 Simon
2017 3395 2166 3448 Onize

587 3483 725 3538 (ilius
754 3483 981 3551 claruit,
1025 3486 1109 3542 cui
1154 3498 1565 3556 cognomentum
1598 3492 1618 3518 θ
1650 3489 1833 3545 Justus
1875 3489 1989 3543 fuit.
2036 3489 2167 3544 Tum

585 3590 785 3646 quoque
809 3576 947 3644 apud
980 3576 1239 3632 Romanos
1269 3578 1490 3635 Sextilia
1521 3581 1661 3648 virgo
1691 3581 1891 3633 vestalis
1920 3582 2161 3645 convicta,

583 3667 924 3737 damnataque
952 3669 1147 3735 incesti,
1188 3671 1257 3723 ad
1283 3683 1482 3741 portam
1512 3670 1767 3725 Collinam
1813 3675 1924 3725 viva
1964 3674 2169 3741 defossa

589 3770 685 3815 est.
716 3760 862 3814 Anno
908 3761 968 3814 ab
1014 3760 1148 3816 Urbe
1191 3765 1393 3816 condita
1437 3763 1564 3829 470,
1612 3763 1923 3827 Tarentini,
1978 3764 2167 3836 Pyrrhi

592 3860 765 3906 morte
812 3861 1082 3920 comperta
1110 3895 1123 3919 ,
1175 3853 1366 3908 iterum
1398 3869 1532 3907 nova
1582 3854 1864 3907 adversum
1900 3854 2166 3910 Romanos

590 3958 737 3996 arma
760 3942 1071 4000 sollicitant.
1097 3941 1700 4014 Carthaginensimnque
1738 3943 1929 3998 auxilia
1971 3960 2065 4014 per
2095 3947 2168 4002 Ie-

585 4045 733 4104 gatos
764 4046 1007 4105 poscunt,
1035 4046 1090 4092 et
1120 4034 1148 4075 ἀ
1176 4037 1468 4106 accipiunt.
1509 4036 1752 4091 Conserto
1791 4039 1970 4105 pne/io
2008 4039 2169 4093 vicere

587 4124 830 4181 Romani.
865 4126 947 4181 Ibi
978 4130 1093 4197 jam
1132 4137 1252 4181 tunc
1288 4126 1715 4198 Carthaginenses
1745 4128 1988 4199 quamvis
2030 4146 2164 4184 nou-

586 4218 713 4274 dum
742 4221 921 4276 hostes
950 4220 1272 4289 adjudicati,
1327 4222 1464 4276 vinci
1518 4230 1694 4276 tamen
1740 4238 1765 4274 a
1810 4222 2065 4314 ltipnanis
2107 4239 2167 4279 se

586 4325 746 4380 posse
774 4321 1074 4366 senserunt.
1103 4321 1126 4349 °
1155 4310 1397 4383 Sequenti
1440 4330 1577 4367 anno
1596 4353 1612 4378 ,
1656 4310 1897 4385 magnani
1920 4315 2165 4367 viscerum

584 4418 791 4457 suorum
826 4413 1019 4471 partem
1046 4404 1285 4458 severitas
1319 4404 1553 4459 Romana
1589 4407 1832 4460 concidit.
1868 4406 2035 4470 Nam,
2070 4413 2167 4461 ad-

585 4502 817 4549 ventante
846 4495 1043 4548 dudum
1066 4496 1290 4566 Pyrrho,
1318 4506 1491 4551 octava
1517 4498 1648 4568 legio
1667 4499 1894 4566 difﬁdens
1917 4497 2167 4553 Romana:

582 4585 709 4654 spei,
734 4600 919 4638 novum
941 4586 1102 4640 scelus
1123 4603 1266 4652 ausa,
1294 4586 1601 4656 Reginenses
1624 4606 1817 4657 omnes,
1834 4591 2016 4658 quibus
2043 4598 2165 4645 tunc

583 4674 811 4729 subsidio
842 4686 1078 4743 prwerat,
1108 4677 1396 4747 interfecit,
1442 4679 1673 4748 prtedam
1700 4680 1795 4732 sibi
1821 4695 2018 4732 onmem
2038 4719 2056 4746 ,
2087 4691 2164 4736 at-

587 4784 683 4837 que
720 4768 886 4837 ipsum
926 4770 1171 4839 Oppidum
1210 4772 1498 4825 vindicavit.
1554 4771 1668 4825 Hoc
1708 4774 1909 4840 facinus
1968 4775 2020 4828 in
2061 4785 2165 4829 tam

582 4859 851 4913 sceleratos
877 4860 1159 4927 defectores
1185 4862 1502 4931 puniendum
1550 4860 1768 4915 Geuutio
1812 4880 1916 4919 cos.
1955 4866 2164 4935 jussum

582 4956 679 5003 est.
716 4948 816 5017 Qui
846 4953 1045 5005 obsessa
1077 4950 1387 5020 Reginorum
1420 4952 1575 5013 urbe,
1602 4957 1858 5024 captisque
1896 4956 2161 5023 omnibus,

586 5041 698 5113 ipse
726 5044 927 5112 quidem
956 5047 1008 5097 in
1057 5045 1275 5112 reliquos
1322 5048 1561 5114 perfugas
1600 5054 1644 5097 et
1696 5047 1912 5101 latrones
1942 5051 2167 5104 exercuit

658 5188 684 5215 °
718 5183 785 5237 A.
806 5182 992 5235 omiss.
1023 5189 1145 5234 eaet.
1177 5182 1249 5233 ita
1277 5198 1287 5233 :
1313 5181 1451 5234 missi
1479 5191 1615 5234 sunt.
1635 5179 1820 5237 Curius
1848 5193 2027 5238 contra
2048 5201 2164 5238 eum

588 5254 867 5323 pugnavit,
913 5253 1189 5305 exercitum
1239 5252 1351 5323 ejus
1400 5252 1617 5318 cecidit,
1673 5257 1837 5321 ipsum
1890 5254 2165 5311 Tarentum

582 5319 818 5447 iugavit,
870 5331 1037 5375 castra
1089 5322 1240 5391 cepit.
1264 5319 1355 5376 'Ea
1395 5324 1474 5376 die
1523 5338 1653 5377 causa
1694 5319 1920 5381 'Itostium
1971 5344 2161 5383 sxum.

626 5402 869 5448 ur..-etc.

656 5462 681 5499 δ
713 5434 823 5541 λη.
836 5460 1020 5541 Pirrus
1050 5462 1203 5541 etiam
1230 5480 1261 5516 a
1286 5462 1502 5541 Tarento
1530 5481 1648 5518 mox
1670 5469 1880 5541 recessit
1903 5514 1916 5536 ,
1950 5482 1997 5523 et
2025 5472 2165 5541 apud

585 5534 748 5655 frgos
781 5532 994 5587 θητείας
1023 5535 1271 5587 civitatem
1302 5536 1494 5589 occisus
1522 5546 1612 5591 est.
1643 5539 1796 5607 Apud
1830 5532 2165 5596 Judwos'lioc

607 5617 766 5657 emn..
800 5613 903 5657 etc.

659 5620 681 5653 η
727 5642 741 5657 .
890 5642 903 5656 .

659 5620 1015 5746 pr’.,eiIcustus
1048 5674 1161 5744 fuit.
1200 5672 1394 5728 Dehinc
1420 5676 1701 5746 Tarentini,
1732 5691 1834 5735 etc.

658 5738 683 5775 ἀ
719 5738 807 5807 A.,
835 5757 953 5826 post
970 5738 1219 5815 accipiunt
1245 5763 1263 5800 :
1287 5738 1708 5818 Carthaginenscs
1730 5768 1759 5803 a
1793 5752 2164 5809 liom.vincun-

570 5822 573 5827 '
591 5822 695 5877 tur,
727 5822 976 5884 quamvis,
1000 5826 1101 5871 etc.

666 5894 691 5921 ο
720 5886 937 5957 lteliqua
968 5904 1132 5957 usque
1162 5889 1226 5944 ad
1255 5888 1315 5946 C.
1346 5890 1480 5946 Fab.
1510 5907 1611 5946 non
1646 5902 1769 5951 sunt
1797 5896 1848 5949 in
1876 5900 1965 5961 A.,
1991 5911 2161 5967 neque

2270 601 2490 656 Romam
2518 603 2675 670 misit,
2717 603 2805 672 qui
2840 602 2996 672 jussu
3018 601 3198 673 populi
3237 601 3290 657 in
3330 605 3476 660 medio
3515 610 3608 678 foro
3634 616 3741 685 virgis

2268 694 2386 749 caesi
2413 703 2552 761 sunt,
2581 695 2843 765 securique
2874 694 3127 764 percussi.
3161 692 3301 747 Tunc
3324 696 3412 749 sibi
3431 697 3523 751 visa
3546 711 3606 755 est
3630 703 3744 761 Roma

2269 787 2466 840 vincere
2488 825 2505 851 ,
2561 801 2677 839 cum
2716 786 2971 856 legionem
3007 801 3154 839 suam
3198 784 3430 858 integram
3455 791 3637 859 occidit,
3669 813 3745 863 qm;

2272 876 2504 947 profecto
2531 874 2639 930 sine
2663 876 2817 929 dubio
2846 875 2980 929 victa
3007 876 3218 946 fuisset,
3248 878 3290 931 si
3331 894 3432 932 eam
3462 878 3607 934 hostili
3626 884 3745 953 gladio

2270 969 2595 1040 perdidisset.
2626 968 2687 1023 Ο.
2716 967 2957 1023 Fabricio
2998 967 3229 1024 Luscino
3250 1010 3267 1036 ,
3304 968 3364 1025 C.
3399 969 3589 1028 Claudio
3608 974 3746 1033 Canius

2274 1075 2415 1115 coss.
2451 1061 2604 1131 legati
2635 1060 2983 1116 Alexandrini
3031 1076 3060 1115 a
3111 1061 3388 1135 Ptolomaeo
3425 1066 3552 1119 missi
3590 1066 3747 1124 Romam

2252 1150 2489 1217 venere,
2518 1163 2570 1207 et
2600 1168 2629 1206 a
2655 1152 2906 1207 Romanis
2922 1152 3234 1222 amicitiam,
3259 1170 3406 1224 quam
3434 1158 3667 1226 petierant,
3688 1164 3750 1213 ob-

2271 1252 2562 1306 tinuerunt.
2588 1250 2736 1305 Anno
2758 1250 2821 1304 ab
2870 1250 3003 1304 Urbe
3032 1251 3235 1304 condita
3257 1248 3377 1318 471,
3404 1251 3600 1306 obscena
3623 1263 3657 1305 et
3675 1257 3750 1307 dira

2268 1348 2525 1417 prodigia,
2560 1347 2637 1399 vel
2666 1348 2772 1400 visa
2802 1344 2980 1400 Romoe
2999 1388 3013 1412 ,
3046 1347 3125 1399 vel
3169 1346 3395 1399 nuntiata
3440 1357 3561 1401 sunt.
3586 1348 3643 1400 Ac
3662 1350 3751 1403 ades

2270 1442 2472 1497 Salutis
2519 1442 2620 1495 ictu
2666 1441 2897 1511 fulminis
2925 1441 3175 1494 dissoluta
3195 1480 3211 1506 ,
3242 1457 3358 1511 pars
3388 1441 3506 1493 muri
3529 1441 3603 1494 sub
3632 1443 3753 1495 eodem

2270 1533 2382 1587 loco
2412 1535 2474 1587 de
2503 1534 2654 1601 coelo,
2688 1542 2738 1584 ut
2773 1533 2972 1596 dicunt,
3008 1540 3143 1585 tacta
3192 1541 3284 1586 est.
3325 1530 3452 1602 Lupi
3479 1543 3564 1586 tres
3595 1543 3682 1586 ante
3700 1533 3753 1587 lit-

2246 1641 2373 1695 cem
2399 1625 2615 1694 ingressi
2651 1622 2837 1678 Urbem
2864 1640 3114 1678 semesum
3146 1624 3360 1679 cadaver
3380 1623 3637 1692 intulerunt,
3657 1642 3754 1695 spar-

2267 1735 2477 1787 sumque
2534 1717 2853 1772 membratim
2907 1719 2960 1772 in
3012 1718 3126 1787 foro
3173 1718 3271 1789 ipsi
3317 1719 3516 1788 strepitu
3563 1719 3753 1773 hominum

2268 1811 2498 1865 exterriti
2524 1811 2857 1880 reliquerunt.
2883 1810 3038 1881 Apud
3063 1810 3329 1866 Formiani
3350 1812 3509 1865 multis
3526 1810 3668 1865 ictibus
3688 1813 3757 1881 ful-

2197 1886 2241 1946 Β
2270 1905 2465 1958 minum
2511 1906 2697 1958 maznia
2749 1904 2974 1975 undique
3021 1907 3249 1959 ambusta
3299 1916 3344 1959 et
3399 1906 3616 1960 dissoluta
3662 1916 3756 1959 sunt.

2266 1997 2634 2067 Apudagrum
2662 1994 2911 2051 Calenum
2941 2008 3151 2064 repente
3179 2000 3386 2067 ﬂamma
3409 2000 3549 2051 scisso
3572 1997 3681 2049 hiatu
3697 2006 3758 2048 ter-

2267 2103 2339 2141 ra:
2367 2065 2620 2154 eriictata,
2652 2087 2812 2142 tribus
2839 2088 3044 2155 diebus,
3078 2065 3338 2158 tribusque
3364 2090 3572 2143 noctibus
3592 2088 3762 2141 terribili-

2268 2187 2343 2232 ter
2373 2189 2671 2233 esttuaus
2692 2221 2707 2247 ,
2749 2180 2968 2250 quinque
3006 2181 3120 2250 agri
3159 2182 3338 2251 iugera
3373 2182 3595 2235 exhausto
3624 2180 3760 2247 penitis

2269 2270 2507 2323 ubertatis
2534 2287 2686 2324 succo
2716 2271 2770 2324 in
2797 2272 3014 2325 cinerem
3061 2274 3313 2326 extorruit
3336 2314 3351 2340 ,
3373 2273 3445 2327 ita
3477 2283 3527 2325 ut
3555 2288 3634 2326 non
3650 2273 3762 2326 solun

2270 2362 2444 2434 fruges
2463 2404 2476 2428 ,
2505 2366 2594 2417 sed
2630 2375 2675 2418 et
2704 2365 2907 2418 arbores
2933 2382 3047 2418 cum
3092 2368 3210 2421 imis
3251 2366 3484 2436 stirpibus
3509 2366 3763 2434 absumpsisti

2269 2458 2540 2524 referatur.
2570 2455 2812 2524 Sequenti
2857 2457 3045 2511 abhinc
3069 2476 3231 2525 anno,
3264 2459 3479 2527 Quintio
3514 2460 3707 2523 Gulone,
3733 2464 3767 2511 et

2272 2545 2434 2603 Fabio
2482 2547 2695 2603 Pictore
2739 2563 2878 2604 coss.
2924 2549 3172 2607 Picentes
3214 2552 3409 2608 bellum
3441 2550 3458 2588 ί
3492 2564 3764 2607 commovere.

2271 2639 2515 2697 Consules
2542 2641 2607 2697 Ρ.
2641 2642 2980 2715 Sempronius
3010 2655 3055 2699 et
3089 2647 3291 2717 Appius
3322 2645 3552 2701 Claudius
3574 2645 3768 2699 adversum

2270 2730 2505 2788 Picentes
2562 2734 2817 2789 duxerunt
2868 2737 3169 2803 exercitum,
3215 2746 3265 2792 et
3316 2753 3429 2791 cum
3465 2736 3644 2789 directis
3678 2734 3769 2785 intra

2263 2827 2465 2896 jactum
2494 2827 2580 2881 teli
2607 2838 2835 2897 utrasque
2861 2829 2996 2884 acies
3030 2830 3406 2895 constitissent,
3432 2836 3613 2897 repente
3635 2826 3692 2880 ita
3709 2826 3771 2875 iu-

2262 2908 2488 2975 maniter
2536 2938 2650 2975 cum
2678 2922 2837 2976 nimio
2866 2932 2913 2977 et
2943 2922 3200 2977 horrendo
3225 2923 3429 2993 fragore
3464 2931 3584 2974 terra
3607 2918 3770 2979 tremit,

2271 3025 2327 3070 ut
2354 3025 2558 3087 stupore
2584 3017 2817 3070 miraculi
2845 3027 3119 3087 utrumque
3142 3018 3465 3088 pavefactum
3499 3029 3654 3085 agmen
3674 3010 3775 3063 hebe-

2272 3120 2448 3165 sceret.
2485 3109 2591 3164 Diu
2619 3111 2821 3165 attoniti
2842 3112 3043 3181 utrique
3063 3111 3245 3182 populi
3273 3112 3571 3174 hcesitavere,
3595 3103 3773 3176 prejudi-

2274 3212 2387 3258 cata
2426 3188 2629 3274 incoepti
2667 3204 3000 3259 conscientia.
3051 3203 3287 3259 Tandem
3329 3221 3567 3276 procursu
3599 3204 3776 3258 concitato

2275 3298 2432 3352 iniere
2460 3305 2730 3352 certamen.
2758 3295 2927 3350 Triste
2954 3297 3083 3351 adeo
3112 3298 3256 3352 istud
3285 3299 3473 3353 bellum
3498 3298 3608 3367 fuit,
3642 3304 3682 3348 ut
3710 3307 3778 3345 me-

2274 3391 2371 3444 rito
2402 3391 2603 3445 dicatur
2633 3400 2831 3444 tantum
2869 3390 3154 3445 humanum
3186 3393 3487 3465 sanguinem
3530 3397 3777 3458 susceptura.

2274 3485 2425 3538 etiam
2453 3500 2570 3538 cum
2596 3484 2786 3556 gemitu
2821 3484 3092 3539 horrisono
3120 3495 3247 3540 tunc
3290 3497 3424 3542 terra
3448 3487 3687 3539 tremuisse.
3707 3480 3778 3531 llo-

2272 3578 2413 3631 mani
2454 3588 2624 3632 autem
2666 3578 2819 3649 pauci
2847 3577 3124 3632 admodum
3156 3594 3219 3633 eo
3253 3580 3468 3649 praelia,
3507 3578 3584 3645 qui
3618 3586 3776 3630 eratut.

2272 3673 2518 3738 vicerunt,
2541 3680 2594 3726 et
2621 3672 2690 3726 de
2721 3671 2802 3726 his
2833 3666 3224 3739 triumphatum
3268 3682 3372 3728 est.
3408 3669 3626 3726 Condita:
3655 3680 3678 3718 a
3701 3663 3778 3715 Ro-

2272 3764 2443 3818 manis
2472 3762 2712 3817 civitates
2738 3762 3036 3818 Ariminum
3067 3764 3122 3818 in
3147 3762 3324 3818 Gallia
3347 3806 3361 3830 ,
3406 3774 3461 3818 et
3499 3762 3777 3816 Beneventum

2271 3858 2323 3913 in
2353 3859 2594 3914 Samnio.
2624 3856 2773 3911 Tunc
2799 3856 2959 3912 etiam
2987 3872 3017 3912 a
3053 3856 3315 3913 Romanis
3350 3863 3376 3899 ε
3414 3857 3597 3912 Croton
3632 3848 3776 3906 invadi-

2273 3960 2374 4005 tur.
2405 3950 2553 4003 Anno
2591 3950 2654 4003 ab
2680 3947 2815 4004 Urbe
2846 3949 3050 4002 condita
3088 3948 3223 4016 467,
3257 3950 3394 4003 inter
3430 3948 3581 4002 multa
3613 3939 3780 4011 prodigia

2269 4040 2478 4108 sanguis
2508 4057 2535 4093 e
2565 4050 2733 4106 terra,
2765 4041 2844 4093 lac
2882 4040 3044 4093 visum
3081 4049 3156 4093 est
3198 4056 3417 4095 manare
3453 4038 3513 4092 de
3546 4030 3782 4089 catamiti

2269 4143 2312 4185 et
2340 4132 2581 4202 plurimis
2611 4132 2890 4185 scaturiens
2915 4146 2945 4186 e
2972 4129 3214 4187 fontibus
3251 4147 3414 4186 cruor
3439 4128 3650 4192 efﬂuxit,
3677 4134 3716 4177 el
3741 4118 3784 4173 de

2270 4223 2496 4279 nubibus
2528 4225 2765 4296 guttatim
2791 4225 2841 4277 in
2870 4224 3103 4293 speciem
3133 4224 3337 4293 pluviae
3361 4224 3491 4278 lacte
3507 4222 3685 4276 dimisso
3699 4214 3781 4276 diu}

2268 4325 2322 4367 ut
2355 4315 2476 4386 ipsis
2503 4316 2663 4369 visum
2686 4324 2779 4384 est,
2808 4325 2967 4368 terras
2989 4314 3175 4368 imbres
3202 4310 3639 4388 irrigaverunt.M.
3656 4304 3785 4363 Attilio

2276 4405 2507 4476 Regulo,
2542 4407 2602 4461 L.
2636 4406 2778 4463 Julio
2828 4407 3027 4464 Libone
3061 4422 3205 4463 coss.
3240 4407 3535 4464 Salentinis
3573 4408 3617 4458 in
3650 4397 3782 4467 Apulia

2270 4499 2469 4555 bellum
2499 4499 2756 4555 indictum
2785 4509 2887 4563 est.
2920 4501 3171 4569 captique
3212 4511 3346 4556 sunt.
3380 4514 3502 4556 cum
3532 4494 3711 4553 civitate
3735 4487 3783 4542 si-

2192 4630 2246 4693 υ
2271 4592 2378 4646 mul
2411 4590 2753 4658 Brundusini,
2780 4601 2833 4646 et
2862 4590 2930 4647 de
2956 4591 3040 4647 his
3078 4592 3471 4664 triumphatum
3501 4598 3593 4647 est.

2342 4686 2367 4721 ιι
2390 4682 2520 4739 Cum
2544 4683 2653 4754 jam
2681 4685 2883 4739 clarum
2913 4683 3060 4738 urbis
3087 4683 3277 4738 Romae
3301 4697 3499 4740 nomen
3522 4687 3664 4745 esset,
3682 4684 3785 4729 arma

2269 4786 2443 4832 tamen
2473 4787 2621 4831 extra
2650 4773 2852 4828 Italiam
2883 4783 3026 4829 mota
3055 4788 3162 4829 non
3212 4774 3451 4830 fuerant.
3495 4772 3557 4828 Ut
3595 4781 3696 4837 ergo
3726 4776 3787 4814 σο·

2267 4877 2617 4940 gnosceretur
2644 4880 2763 4935 qua:
2792 4865 2960 4933 copia:
3004 4865 3382 4921 Romanorum
3409 4869 3583 4920 essent
3603 4902 3616 4927 ,
3646 4865 3786 4913 sensus

2267 4974 2346 5020 est
2372 4963 2600 5018 habitus.
2634 4960 2769 5014 Tum
2801 4961 3015 5014 inventa
3046 4970 3174 5013 sunt
3214 4959 3400 5029 capita
3429 4957 3611 5013 civium
3638 4952 3786 5006 ducen-

2270 5064 2322 5110 ta
2350 5054 2366 5093 ί
2393 5056 2674 5125 nonaginta
2698 5052 2865 5108 millia
2893 5061 3128 5108 trecenta
3158 5051 3388 5124 triginta
3417 5060 3643 5123 quatuor,
3662 5054 3786 5116 quam

2195 3255 2245 3319 ο

2269 5190 2321 5243 in
2349 5189 2554 5244 duobus
2598 5188 2717 5243 aliis
2746 5202 2876 5243 mss.
2923 5186 2980 5240 Β.
3023 5196 3079 5242 et
3108 5186 3198 5255 ll.,
3238 5191 3308 5243 Α.
3361 5200 3534 5245 tamen
3577 5196 3661 5255 pro
3694 5186 3786 5231 ωτι

2268 5261 2426 5315 habet
2451 5260 2701 5327 superari.

2344 5330 2362 5368 ί
2397 5335 2461 5387 Α.
2505 5342 2557 5385 et
2599 5332 2686 5396 ll.,
2728 5346 3052 5401 commovere,
3092 5340 3138 5385 et
3191 5330 3259 5385 ab
3302 5328 3659 5401 insequentibus
3683 5333 3786 5401 coss:

2268 5402 2392 5456 Pul.
2437 5389 2756 5471 Sempronio,
2799 5404 2965 5471 Appio
3004 5389 3225 5457 Claudio
3263 5403 3386 5455 victi
3424 5389 3565 5466 sunt,
3601 5406 3641 5450 et
3665 5389 3785 5445 dabit

2266 5472 2533 5541 triumplt.,
2566 5480 2671 5527 etc.

2339 5526 2363 5593 s
2400 5526 2631 5611 Uterque
2664 5558 2758 5613 pro
2784 5543 2970 5599 Croton
2999 5545 3158 5599 habet
3179 5543 3451 5599 Cothrona
3470 5538 3711 5613 invaditur.
3733 5526 3786 5579 Eo

2267 5626 2490 5683 tempore
2517 5605 2745 5684 pluribus
2767 5614 2891 5667 locis
2922 5631 2948 5669 e
2975 5616 3195 5683 fontibus
3222 5632 3386 5669 cruor
3413 5614 3577 5683 fluxit,
3598 5620 3639 5664 et
3656 5605 3788 5659 ἄειδ’

2267 5688 2406 5756 bibus
2433 5688 2484 5739 in
2514 5687 2678 5756 specie
2705 5687 2889 5756 pluvia:
2908 5686 2989 5738 lac
3016 5686 3306 5741 descendit.
3333 5684 3529 5749 Mam,
3559 5693 3650 5736 etc.

2336 5755 2364 5793 δ
2389 5759 2452 5810 Α.
2498 5756 2581 5823 8.,
2609 5753 2716 5824 ll.,
2739 5768 2791 5813 et
2821 5756 3102 5827 EutrOpius
3129 5778 3141 5812 :
3169 5760 3328 5813 Anno
3368 5753 3789 5817 οαοειιιτιι,ειιυι

2257 5831 2374 5901 jam
2401 5828 2501 5901 cl.,
2524 5836 2626 5901 etc.

2343 5898 2357 5938 ί
2395 5898 2460 5956 A.
2491 5897 2649 5957 habet
2673 5913 2801 5957 seu.
