3920 6336
166 368 259 459 πὶ)

1222 401 1538 459 HISTORIA
1579 399 1944 458 MlSCELLA.
1976 428 2048 442 —
2085 398 2218 456 LIB.
2261 397 2325 455 ll.

3311 404 3419 465 770

164 533 310 591 quam
331 532 363 572 a
391 516 605 572 condita
629 515 771 572 Urbe
797 529 1062 586 nunquam
1090 516 1228 571 bella
1254 525 1578 573 cessassent.
1605 526 1632 554 ι
1654 515 1736 570 Eo
1763 523 1814 582 Α
1839 513 2282 581 Taurominitani,
2304 514 2636 583 Catinenses,
2668 521 3009 586 etprteterea"
3030 488 3427 591 quinquaginta

166 623 378 682 tempore
398 609 822 680 Carthaginenses
849 608 969 663 dato
996 609 1268 664 adversum
1300 610 1555 664 Romanos
1582 608 1735 662 auxi-

165 708 229 760 lio
247 706 540 760 Tarentinis
569 746 585 771 ,
616 720 734 758 cum
762 720 852 774 per
882 703 1072 774 legatos
1106 721 1137 757 a
1162 713 1342 758 senatu
1381 711 1735 772 arguerentur,

168 798 499 867 turpissimam
526 797 665 866 rupti
692 796 897 865 fwderis
921 796 1084 850 labem
1110 804 1422 867 prwsumpto
1448 795 1738 850 accumula-

164 907 264 945 rere
317 890 570 961 periurio.
619 887 762 942 Tunc
802 889 954 942 etiam
1014 886 1354 941 Vulsinienses
1402 885 1735 941 Etruscorum

164 982 505 1054 ﬂorentissimi
537 982 758 1035 luxuria:
794 996 941 1050 ptena
979 982 1254 1051 perierunt.
1286 980 1423 1034 Nam
1450 997 1566 1035 cum
1586 983 1739 1037 licen-

165 1076 226 1125 tia
254 1075 303 1126 in
328 1073 699 1128 consuetudine
725 1082 1013 1142 praerogata
1049 1089 1216 1127 servos
1244 1090 1362 1127 suos
1396 1075 1583 1145 passim
1610 1074 1738 1129 libe-

161 1181 237 1217 ros
267 1165 500 1233 facerent
527 1206 541 1228 ,
574 1164 813 1217 conviviis
855 1164 1131 1235 allegarent
1158 1206 1172 1231 ,
1203 1167 1456 1236 conjugiis
1494 1167 1737 1219 honesta-

156 1262 283 1318 rent,
314 1253 535 1307 libertini
555 1254 610 1306 in
630 1262 825 1323 partem
848 1256 1109 1320 potestatis
1141 1255 1347 1323 recepti,
1377 1256 1740 1323 plenitudinem

157 1363 241 1415 per
264 1348 434 1399 scelus
464 1361 717 1412 usurpare
744 1345 973 1399 meditati
1001 1356 1117 1400 sunt
1142 1362 1161 1399 :
1185 1357 1230 1401 et
1258 1346 1456 1401 liberati
1483 1348 1737 1402 servitutis

157 1415 294 1509 iugo,
318 1439 516 1492 ambitu
537 1439 902 1493 dominationis
928 1450 1226 1494 exarserunt
1244 1456 1263 1495 :
1284 1450 1330 1495 et
1358 1457 1484 1511 quos
1508 1443 1740 1495 dominos

159 1533 348 1585 subditi
398 1531 750 1601 cquanimiter
774 1532 1203 1598 dilexerunt,eos
1236 1534 1351 1602 jam
1395 1533 1571 1598 liberi,
1614 1550 1739 1603 quos

155 1624 388 1676 dominos
411 1621 572 1693 fuisse
599 1622 955 1689 meminerant,
997 1623 1218 1677 execrati
1247 1633 1381 1676 sunt.
1414 1621 1597 1691 Itaque
1621 1640 1742 1678 con-

152 1721 409 1791 spirantes
432 1721 485 1773 in
512 1720 714 1789 facinus
739 1719 981 1784 libertini,
1011 1735 1226 1788 quorum
1250 1728 1390 1773 tanta
1415 1736 1597 1774 manus
1618 1721 1735 1789 fuit,

151 1823 201 1865 ut
230 1814 345 1867 sine
376 1816 717 1869 controversia
764 1817 1047 1885 superiores
1092 1827 1288 1883 essent,
1336 1826 1618 1886 correptam
1650 1833 1740 1870 suo

1839 605 2079 662 civitates
2128 609 2182 661 in
2230 607 2390 663 Iidem
2437 617 2693 678 acceptae.
2725 607 2909 665 Tertio
2945 625 3088 666 anno
3128 611 3182 666 in
3238 613 3423 671 Sicilia

1837 708 2023 752 contra
2067 697 2357 755 Hieronem
2389 700 2690 756 Siculorum
2721 717 2898 771 regem
2927 711 2976 756 et
3004 700 3193 758 Panos
3222 704 3423 762 bellum

1838 800 2079 859 paratum
2107 802 2208 859 est,
2237 793 2301 847 ab
2331 793 2499 863 Appio
2528 791 2750 847 Claudio
2779 811 2911 862 cos.,
2936 798 3023 864 qui
3054 807 3160 851 tam
3193 800 3421 853 celeriter

1838 881 2196 952 Syracusanos
2225 882 2511 956 Poenosque
2556 887 2846 955 superavit,
2878 896 2936 940 ut
2960 888 3069 958 ipse
3107 904 3306 958 quoque
3334 904 3426 943 rea:

1839 990 2008 1029 rerum
2045 977 2396 1046 magnitudine
2439 980 2768 1047 perterritus,
2823 989 2939 1033 ante
2978 996 3031 1035 se
3058 982 3242 1035 victum
3269 996 3425 1052 quant

1838 1082 2167 1136 congressum
2197 1070 2349 1132 fuisse
2371 1069 2676 1138 prodiderit.
2712 1069 2814 1134 Qui
2844 1072 2960 1124 exin
2988 1071 3165 1140 fractis
3196 1062 3421 1140 viribus,

1839 1159 2123 1227 amissaque
2150 1159 2346 1226 ﬁducia
2368 1199 2382 1223 ,
2417 1174 2537 1214 cum
2570 1160 3022 1218 omni-nobilitate
3056 1163 3424 1235 Syracusano-

1839 1265 1958 1305 rum
1998 1266 2181 1320 pacem
2222 1268 2251 1305 a
2303 1253 2556 1308 Romanis
2613 1255 2838 1324 supplex
2885 1258 3122 1326 rogavit,
3163 1260 3425 1330 jussuque

1839 1344 2118 1398 consulum
2171 1344 2318 1399 dedit
2370 1347 2574 1415 argenti
2615 1347 2844 1401 ducenta
2876 1347 2900 1384 ι)
2934 1350 3147 1403 talenta.
3182 1349 3426 1408 Consules

1840 1446 2048 1506 accepto
2081 1447 2308 1506 argento,
2342 1439 2677 1510 Agrigentum
2723 1440 2964 1495 adierunt
3004 1443 3202 1498 Sicilire
3249 1447 3426 1501 civita-

1842 1537 1961 1594 tem,
1980 1529 2143 1597 ibique
2173 1531 2414 1599 praesidia
2439 1529 2714 1585 Poenorum
2732 1535 2969 1600 operibus
2995 1534 3225 1607 valloque
3254 1538 3429 1592 cinxe-

1841 1630 1982 1674 runt.
2013 1619 2240 1690 Cumque
2261 1622 2490 1676 inclusus
2518 1639 2577 1677 ea
2598 1624 2860 1677 obsidione
2890 1625 3060 1679 senior
3084 1626 3303 1681 Annibal
3329 1629 3428 1681 im-

1843 1723 2048 1781 perator
2070 1711 2348 1766 Pomorum
2368 1715 2435 1767 ad
2454 1729 2708 1767 summam
2728 1724 2998 1785 egestatem
3018 1719 3251 1771 redactus
3274 1730 3422 1789 esset,

1845 1803 2037 1859 Hanno
2065 1807 2174 1860 dux
2197 1823 2357 1860 novus
2378 1806 2857 1878 Carthaginensium
2879 1825 2995 1862 cum
3017 1810 3263 1879 equitibus
3291 1813 3429 1867 mille

150 1908 515 1962 tantummodo
550 1909 720 1979 generi
748 1911 920 1963 urbem
951 1910 1237 1973 υωάίεωιί,
1267 1911 1593 1981 patrimonia,
1618 1925 1740 1964 εοη-
1776 1902 1820 1962 Β
1844 1900 2151 1969 quingentis,
2176 1910 2222 1954 et
2251 1903 2458 1973 triginta
2481 1904 2714 1957 millibus
2739 1906 2967 1974 peditum
2987 1948 3000 1972 ,
3041 1909 3250 1978 triginta
3279 1910 3429 1962 etiam

145 1997 297 2066 jugia
342 1996 673 2050 dominorum
722 1997 816 2051 sibi
864 2014 955 2066 per
991 1998 1154 2052 scelus
1193 2008 1470 2067 usurpant,
1512 2007 1738 2054 extorres

146 2090 389 2142 dominos
432 2091 612 2159 procul
642 2090 874 2160 abigunt.
906 2090 1007 2156 Qui
1048 2091 1215 2144 miseri
1245 2092 1441 2144 exsules
1461 2130 1476 2156 ,
1504 2099 1737 2161 egentes-

141 2199 236 2251 que
264 2182 489 2237 Romam
517 2185 836 2255 deferuntur.
864 2183 964 2238 (Ibi
986 2194 1234 2238 ostentata
1264 2184 1484 2249 miseria,
1506 2184 1741 2254 querela-

141 2291 238 2342 que
264 2277 490 2345 deﬂeta,
517 2294 608 2347 per
638 2276 989 2331 Romanorum
1029 2280 1376 2339 severitatem,
1422 2286 1467 2330 et
1502 2276 1742 2330 vindicati

138 2377 285 2429 sunt,
319 2379 369 2421 et
393 2370 627 2422 restituti.
652 2369 799 2422 Anno
824 2370 884 2422 ab
908 2367 1043 2424 Urbe
1063 2370 1267 2422 condita
1297 2368 1422 2432 481,
1447 2368 1738 2439 pestilentia

138 2460 329 2528 ingens
361 2462 503 2528 apud
547 2460 763 2514 Romam
810 2462 1180 2533 conflagravit,
1232 2462 1379 2531 cujus
1428 2461 1739 2514 atrocitatem

137 2552 448 2623 signiﬁcare
471 2562 735 2607 contentus
762 2569 909 2619 sunt,
951 2553 1072 2623 quia
1119 2552 1280 2605 verbis
1338 2551 1593 2622 explicare
1636 2566 1739 2604 non

140 2658 386 2713 possum.
420 2643 483 2698 Si
507 2644 639 2697 enim
661 2644 879 2711 spatium
910 2643 1170 2714 temporis,
1204 2660 1304 2714 quo
1328 2644 1535 2709 ntansit,
1568 2644 1740 2712 inqui-

139 2736 313 2801 ritur,
347 2736 480 2789 ultra
510 2737 764 2791 biennium
807 2738 1050 2791 vastando
1100 2746 1332 2805 porrecta
1362 2746 1475 2790 est:
1502 2736 1548 2789 si
1578 2738 1739 2803 depo»

140 2829 348 2900 putatio
377 2846 531 2901 quam
562 2832 740 2901 egerit,
768 2846 944 2884 census
972 2829 1195 2883 indictus
1216 2840 1310 2894 est,
1336 2831 1422 2900 qui
1450 2846 1550 2883 non
1577 2846 1741 2900 quan-

141 2932 253 2974 tum
307 2922 573 2976 hominum
603 2923 893 2992 deperisset,
937 2924 1024 2976 sed
1067 2932 1315 2989 quantum
1364 2922 1737 2994 superfuisset,

142 3015 475 3083 inquireret:
502 3017 548 3068 si
594 3017 836 3071 violentia
860 3057 874 3083 ,
906 3033 1005 3086 qua
1033 3017 1290 3085 a/f'ecertt,
1333 3016 1577 3088 Sibyllini
1627 3017 1742 3070 libri

148 3116 307 3161 testes
334 3118 475 3173 sunt,
507 3108 595 3177 qui
630 3123 742 3162 eam
785 3109 975 3162 caelesti
1016 3112 1093 3161 ira
1129 3109 1420 3180 impositam
1466 3109 1741 3180 responde-

147 3210 296 3253 runt.
324 3198 433 3254 Sed
460 3216 522 3253 ne
546 3216 844 3271 quemquam
876 3202 1022 3269 quasi
1061 3210 1356 3272 tempestate
1400 3204 1740 3255 cavillationis

1844 1990 2129 2060 elephantis
2153 2009 2215 2047 ea:
2242 1995 2514 2064 improviso
2554 1996 2872 2061 intercessit,
2905 1999 3427 2068 expugnationemth

1844 2085 2057 2138 civitatis
2087 2087 2347 2156 paulisper
2390 2087 2632 2157 distulit,
2664 2091 2750 2142 sed
2794 2092 3038 2144 continuo
3081 2093 3250 2147 civitas
3280 2103 3428 2164 capta

1842 2187 1937 2232 est.
1971 2176 2118 2234 Poeni
2145 2183 2370 2235 maximo
2416 2184 2546 2237 bello
2575 2185 2724 2251 victi,
2762 2194 2810 2239 et
2845 2187 3134 2258 pro/ligati,
3184 2190 3422 2243 undecim

1843 2270 2102 2336 elephanti
2133 2272 2185 2323 in
2216 2281 2514 2338 potestatem
2540 2276 2750 2338 redacti,
2777 2277 3099 2347 Agrigentini
3121 2280 3212 2333 sub
3233 2297 3425 2337 corona

1845 2375 2013 2415 omnes
2062 2362 2251 2415 venditi
2299 2374 2447 2429 sunt,
2479 2375 2527 2418 et
2559 2368 2621 2418 de
2648 2366 2729 2420 his
2776 2373 2998 2421 secundo
3042 2370 3217 2426 llonue
3246 2374 3427 2427 trium-
3464 2406 3467 2409 λ

1843 2451 2055 2523 phatum
2080 2463 2173 2507 est.
2198 2454 2422 2508 Annibal
2449 2458 2616 2511 senior
2644 2459 2827 2513 exinde
2857 2464 2993 2529 facta
3023 2466 3284 2534 eruptione
3311 2482 3427 2520 cum

1842 2546 2020 2613 paucis
2043 2546 2271 2617 ili/fugit.
2301 2549 2497 2614 Quinto
2535 2565 2676 2604 anno
2711 2551 2897 2607 Punici
2926 2554 3083 2621 belli,
3110 2557 3249 2627 quod
3292 2573 3430 2613 con-

1847 2643 1927 2690 tra
1968 2636 2125 2691 Afros
2171 2639 2477 2707 gerebatur.
2511 2644 2531 2671 ε
2559 2640 2654 2695 Cn.
2682 2641 2920 2698 Cornelio
2946 2646 3104 2700 Asina
3123 2689 3136 2712 ,
3164 2646 3224 2703 ϐ.
3253 2649 3429 2704 Duilio

1842 2743 1972 2782 coss.
2003 2745 2115 2782 cum
2146 2732 2364 2784 Annibal
2393 2748 2559 2787 senior
2598 2750 2739 2787 oram
2778 2733 2953 2791 Italia:
2992 2739 3303 2793 maritimam
3336 2743 3420 2794 in-

1842 2827 2039 2873 structa
2075 2824 2401 2892 septuaginta
2441 2824 2648 2877 navium
2673 2827 2837 2882 classe
2862 2837 3101 2896 vastaret,
3134 2828 3355 2884 Romani
3376 2841 3427 2885 et

1844 2912 1941 2982 ipsi
1970 2922 2181 2967 classem
2204 2916 2446 2985 fabricari
2492 2928 2639 2987 atque
2661 2919 2848 2974 instrui
2878 2934 3240 2989 prieceperunt.
3270 2921 3423 2987 Quod

1843 3003 2053 3059 Duilius
2109 3024 2216 3063 cos.
2261 3010 2489 3062 celeriter
2541 3012 2780 3080 implevit.
2834 3012 2971 3068 Nam
2999 3016 3135 3069 intra
3160 3021 3427 3089 sexaginta

1845 3097 1953 3151 dies
1973 3113 2125 3167 quam
2146 3100 2352 3154 arbores
2381 3116 2524 3155 ewsw
2562 3114 2747 3169 essent,
2773 3118 2969 3160 centum
2996 3109 3203 3177 triginta
3224 3113 3428 3167 navium

1844 3189 2025 3244 classis
2054 3192 2276 3246 deducta
2304 3194 2357 3246 in
2388 3194 2625 3249 anchoris
2652 3197 2808 3252 stetit.
2831 3196 3096 3253 Cornelius
3124 3201 3278 3255 Asina
3300 3205 3428 3258 alter

154 3291 412 3358 agenda“
445 3269 579 3363 φ,οά
621 3269 823 3364 Sibylla
858 3295 1005 3364 qua“
1036 3269 1195 3348 ξηιιὼ
1233 3296 1353 3348 deos
1393 3295 1604 3360 dixerit,
1645 3311 1738 3350 ηο,
1766 3269 1811 3332 C
1844 3298 1949 3336 cos.
2008 3299 2119 3336 cum
2158 3284 2374 3338 sedecim
2430 3289 2638 3342 navibus
2694 3293 2926 3345 rostratis
2959 3332 2975 3361 ,
3028 3310 3153 3363 quas
3202 3296 3429 3354 liburnas

158 3384 287 3437 iram
317 3386 572 3438 caelestem
600 3388 788 3440 dixisse
814 3387 1073 3441 videamur
1095 3402 1115 3441 :
1139 3397 1186 3442 et
1233 3389 1436 3455 audiat,
1470 3397 1518 3443 et
1559 3387 1744 3441 intelli-

159 3486 263 3546 gat,
296 3479 423 3547 quia
452 3477 581 3547 lucc,
614 3488 659 3531 et
699 3479 743 3531 si
782 3480 1076 3550 plerumque
1120 3494 1208 3550 per
1258 3479 1421 3532 aerias
1474 3488 1745 3548 potestates

163 3570 307 3636 ﬁunt,
355 3581 529 3625 tamen
578 3573 688 3627 sine
740 3573 947 3626 arbitrio
1005 3574 1365 3644 omnipotentis
1396 3570 1494 3627 Dei
1535 3575 1744 3626 omnino

165 3679 253 3717 non
296 3665 455 3733 ﬁunt.
497 3664 690 3718 Eodem
734 3675 955 3732 tempore
995 3663 1315 3734 Caparronia
1356 3666 1498 3737 virgo
1538 3667 1743 3720 vestalis

167 3754 337 3808 incesti
364 3771 453 3808 rea
482 3757 756 3826 suspendio
778 3758 1256 3827 periit;*corruptor
1293 3758 1427 3828 ejus,
1459 3757 1745 3825 consciique

168 3847 286 3900 servi
314 3848 587 3915 suppliciis
606 3846 778 3914 affecti
799 3856 935 3901 sunt.
965 3851 1111 3901 Anno
1139 3847 1203 3900 ab
1232 3848 1353 3901 urbe
1381 3848 1591 3901 condita
1616 3846 1741 3915 485,

171 3938 325 4007 Appio
354 3938 601 4005 Claudio,
621 3940 810 4006 Quinto
834 3935 1022 3992 Fulvio
1047 3938 1362 4005 consulibus,
1388 3936 1739 4002 Mamertinis,

171 4043 371 4095 quorum
396 4028 642 4082 Ressana
671 4030 854 4083 nobilis
887 4028 1083 4084 Sicilia:
1109 4030 1287 4083 civitas
1312 4038 1440 4095 erat,
1473 4038 1520 4083 et
1546 4028 1742 4081 auxilia

171 4130 334 4175 contra
378 4120 659 4175 Hieronem
708 4121 1092 4191 Syracusanum
1138 4135 1335 4191 regem,
1382 4128 1427 4174 et
1467 4118 1743 4175 Poenorum

164 4220 328 4283 capias
352 4214 574 4270 Hieroni
611 4218 822 4284 junctae
870 4214 1146 4281 petierant,
1198 4213 1417 4284 Appium
1469 4212 1742 4267 Claudium

167 4326 263 4367 cos.
284 4329 401 4366 cum
425 4313 649 4366 exercitu
670 4313 853 4365 misere
872 4310 1126 4364 Romani:
1151 4326 1419 4381 pugnaque
1447 4311 1738 4377 commissa,

170 4405 358 4474 Appius
389 4404 645 4459 Claudius
670 4404 739 4459 de
764 4404 943 4460 Ptenis
969 4414 1024 4458 et
1073 4418 1196 4472 rege
1223 4403 1417 4458 Sicilia:
1441 4402 1741 4471 triumpha-

171 4507 239 4550 *ιι
262 4498 512 4554 Hierone.
540 4499 842 4568 Insequenti
868 4511 1011 4552 anno
1043 4498 1111 4551 Μ.
1140 4496 1374 4561 Valerio,
1405 4506 1458 4551 et
1476 4496 1539 4549 Τ.
1563 4494 1740 4549 Otaci-

174 4588 235 4645 lio
253 4606 391 4647 coss.
422 4591 474 4647 in
505 4590 687 4647 Sicilia
714 4607 743 4645 a
773 4592 1026 4647 Romanis
1049 4606 1135 4647 res
1164 4604 1371 4661 magna:
1393 4599 1558 4660 gestze
1586 4598 1731 4645 sunt.

236 4760 261 4788 ι
291 4754 354 4806 Α.
389 4760 511 4821 post
538 4760 807 4821 cessassent
837 4750 999 4805 habet
1021 4790 1035 4813 ,
1063 4760 1111 4803 et
1146 4756 1323 4821 contra
1365 4749 1517 4821 Afros
1548 4747 1733 4821 bellum

176 4818 447 4892 susceptum
499 4834 593 4876 est.
635 4820 870 4875 Primum
907 4821 1074 4890 Appio
1126 4820 1379 4885 Claudio,
1434 4818 1500 4885 Q.
1544 4818 1733 4873 Fluvio

176 4891 380 4947 cossJin
420 4893 607 4949 Sicilia
642 4904 819 4948 contra
875 4908 959 4948 eos
1015 4902 1293 4963 pugnatum
1350 4899 1465 4956 est,
1517 4899 1565 4944 et
1618 4891 1730 4959 Ap-

177 4978 296 5028 pius,
320 4974 424 5019 etc.

238 5034 328 5089 Ms.
357 5038 445 5100 Β..
490 5046 548 5092 et
594 5036 658 5091 li.
689 5037 754 5091 ad
800 5034 1022 5090 verbum
1064 5032 1116 5088 in
1147 5033 1489 5103 sequentibus
1539 5046 1732 5087 conve-

179 5106 313 5159 niunt
346 5124 466 5162 cum
491 5108 751 5177 Eutropio
771 5108 1018 5161 editionis
1047 5105 1260 5177 Merula:
1281 5103 1433 5177 ,‘nisi
1473 5104 1612 5171 quod
1648 5104 1727 5157 lite

181 5180 400 5244 paucula:
424 5180 582 5233 variae
612 5172 867 5233 lectiones
893 5178 1020 5230 sint.
1050 5175 1148 5229 Ms.
1185 5177 1245 5227 ll.
1279 5172 1514 5227 Duillum
1556 5184 1728 5239 vocat,

179 5260 318 5313 quem
348 5250 634 5317 Eutropius
663 5249 930 5301 Duillium.
955 5248 1042 5317 IL,
1064 5248 1279 5317 primum
1303 5246 1521 5312 clipeum
1544 5244 1732 5317 Africa:

180 5318 393 5390 civitatis.
410 5316 731 5388 Eutropius,
751 5321 971 5390 primum
991 5316 1227 5389 Clypeam
1250 5316 1728 5390 Africmcivitatem.

184 5387 366 5445 Caetera
393 5391 572 5445 omnia
598 5387 722 5445 sunt
750 5387 1068 5458 Eutropiana
1100 5401 1266 5455 usque
1292 5388 1358 5437 ad
1402 5387 1490 5439 illa
1520 5387 1677 5440 verba
1712 5403 1726 5440 :

183 5465 485 5532 septuaginta
510 5472 733 5532 quatuor
762 5462 989 5515 civitates
1012 5459 1264 5532 in_ﬁdem_
1266 5458 1457 5525 accepit
1482 5470 1646 5532 ,_qute
1676 5458 1730 5510 in

188 5526 490 5602 hutropiana
514 5526 643 5587 edit.
666 5532 880 5601 Merulae
918 5530 1166 5602 SUilllOl.
1197 5526 1288 5594 25,
1319 5542 1462 5581 vers.
1497 5528 1581 5591 Π,
1602 5536 1736 5602 post

188 5616 289 5667 qua:
318 5596 471 5659 verba
504 5606 557 5657 in
588 5598 691 5657 ms.
720 5604 804 5669 8.,
850 5611 905 5657 et
946 5601 1015 5656 Η.
1055 5600 1168 5654 haec
1214 5606 1510 5667 sequuntur
1543 5616 1555 5652 :
1590 5596 1735 5651 Inter

186 5672 279 5726 hac
301 5675 439 5742 apud
462 5677 678 5744 [luvium
706 5673 949 5745 Bagrada
993 5672 1217 5741 Regulus
1265 5676 1545 5745 serpentem
1594 5671 1737 5745 ntirte

186 5741 537 5815 magnitudinis
563 5748 767 5812 occidit,
787 5741 945 5815 cujus
974 5747 1172 5799 corium
1208 5741 1617 5815 centumviginti
1649 5756 1735 5815 pe-

187 5812 290 5868 dum
335 5817 706 5887 longitudinem
747 5812 942 5881 habuit,
988 5812 1603 5887 Rontanique_dela;um,
1633 5812 1733 5864 ali-

182 5891 394 5963 quandiu
421 5882 617 5947 cunctis
640 5890 888 5944 miraculo
910 5889 1027 5960 fuit.
1058 5885 1202 5941 Tunc
1220 5882 1335 5941 victi
1359 5882 1724 5945 Carthaginen-

772 6034 903 6072 s4"

1760 4638 1814 4698 ι)

1842 3384 2042 3439 vocant,
2068 3372 2289 3439 Liparen
2315 3376 2539 3431 insulam
2570 3382 2693 3449 petit
2730 3398 2748 3435 :
2778 3383 2860 3434 ubi
2888 3383 2950 3436 ab
2984 3386 3254 3450 Annibale,
3285 3392 3429 3457 quasi

1841 3466 1910 3520 ad
1953 3465 2265 3539 colloquium
2304 3468 2442 3535 pacis
2480 3480 2731 3536 evocatus,
2791 3474 2975 3541 punica
3025 3475 3206 3543 fraude
3230 3488 3427 3549 captus,

1843 3570 1991 3630 atque
2040 3561 2092 3613 itt
2144 3563 2357 3614 vinculis
2399 3574 2607 3617 necatus
2645 3574 2738 3618 est.
2783 3566 2932 3630 Quod
2960 3569 3045 3621 ubi
3076 3586 3194 3624 mox
3224 3570 3430 3627 Duilius

1844 3650 1973 3705 alter
1994 3669 2098 3706 cos.
2124 3654 2339 3724 audivit,
2358 3665 2407 3708 et
2428 3658 2534 3726 ipse
2559 3672 2673 3709 cum
2701 3658 2911 3729 triginta
2931 3660 3140 3717 navibus
3169 3665 3426 3731 rostratis,

1843 3757 1980 3813 quas
2009 3742 2270 3799 Liburnas
2291 3756 2504 3812 vocant,
2532 3747 2788 3803 adversus
2811 3749 3126 3807 Annibalem
3159 3754 3427 3820 prolectus

1843 3842 1948 3887 est.
1975 3833 2384 3905 Commissaque
2413 3838 2587 3892 navali
2606 3839 2807 3906 proelio,
2827 3839 3050 3893 Annibal
3074 3843 3261 3897 amissa
3292 3846 3425 3912 navi,

1840 3941 1945 3996 qua
1986 3926 2276 3993 vehebatur,
2306 3929 2500 3998 scapha
2526 3929 2804 3984 subductus
2847 3931 3069 4002 aufugit.
3126 3930 3359 4003 Triginta
3381 3945 3427 3988 et

1842 4032 1947 4070 una
1975 4032 2121 4071 naves
2145 4019 2258 4088 ejus
2297 4028 2482 4085 capue,
2513 4020 2751 4073 tredecim
2778 4035 2977 4086 mersat,
3009 4022 3106 4074 tria
3134 4023 3297 4076 ntillia
3326 4022 3423 4077 ho-

1841 4109 2037 4160 minum
2065 4109 2251 4174 occisa,
2278 4118 2469 4178 septem
2515 4111 2681 4163 millia
2705 4122 2856 4179 capta
2898 4111 3203 4179 referuntur.
3247 4114 3425 4184 Neque

1843 4199 1947 4253 ulla
1972 4198 2191 4272 victoria
2213 4200 2471 4254 Romanis
2496 4203 2694 4269 gratior
2719 4201 2843 4267 fuit,
2873 4203 3013 4271 quod
3047 4204 3226 4258 invicti
3256 4213 3418 4272 terra,

1835 4286 1949 4360 jam
1973 4268 2135 4344 etiain
2169 4290 2300 4344 mari
2330 4268 2614 4358 plurimum
2648 4268 2902 4361 possent.-
2923 4294 3111 4348 Postea
3150 4268 3425 4366 Carthagi-

1843 4404 2037 4445 nenses
2064 4389 2123 4444 Ο.
2158 4389 2369 4460 Aquilio
2396 4390 2578 4456 Floro,
2640 4391 2701 4445 L.
2726 4392 2976 4447 Cornelio
3004 4393 3255 4460 Scipione
3280 4408 3422 4448 coss.

1842 4480 2145 4536 Hannonem
2174 4483 2227 4535 in
2264 4484 2432 4537 locum
2460 4482 2730 4539 Annibalis
2763 4484 3087 4555 subrogatum
3111 4501 3205 4555 pro
3240 4485 3426 4540 Sardis

1842 4585 1889 4631 et
1918 4575 2090 4630 Corsis
2119 4575 2443 4647 defensandis
2472 4578 2642 4630 navali
2673 4576 2855 4647 prwlio
2878 4578 3236 4649 praefecerunt.
3271 4579 3369 4643 Qui
3393 4593 3427 4633 a

1838 4753 1918 4793 ses
1946 4753 2116 4805 pacein
2159 4752 2191 4789 a
2234 4734 2475 4791 Romanis
2518 4735 2795 4803 petiverunt
2823 4751 2834 4787 :
2863 4750 3017 4805 quam
3042 4750 3156 4789 cum
3192 4734 3418 4803 Regulus

1840 4812 1990 4861 nollet
2016 4810 2113 4861 nisi
2139 4808 2425 4862 durissimis
2451 4808 2824 4860 conditionibus
2851 4815 2988 4869 dare,
3014 4807 3129 4875 Afri
3155 4808 3412 4861 auxilium

1836 4894 1869 4931 a
1897 4878 2294 4933 Lacedwtnoniis
2324 4880 2622 4947 petiverunt,
2654 4888 2699 4930 et
2731 4894 2760 4929 a
2799 4878 2923 4930 duce
2966 4877 3238 4947 Yantippo,
3270 4878 3356 4947 qui
3381 4894 3413 4930 a

1800 4980 1803 4983 -
1836 4949 2238 5003 Lacedwmoniis
2266 4954 2450 5002 missus
2482 4951 2649 5018 fuerat
2673 4948 3019 5001 Romanorum
3054 4950 3158 4999 dua:
3188 4947 3414 5017 Regulus

1836 5021 1993 5074 victus
2020 5032 2089 5073 est
2118 5020 2298 5073 ultima
2336 5020 2578 5088 pernicie.
2619 5017 2756 5071 Nam
2784 5021 2884 5071 duo
2934 5028 3131 5070 tantum
3164 5033 3244 5088 ex
3275 5018 3414 5088 omni

1842 5091 1989 5145 Rom.
2022 5091 2245 5144 exercitu
2296 5086 2631 5160 refugerunt,
2680 5089 2939 5159 quingenti
2985 5103 3103 5160 cum
3132 5087 3275 5160 imp.
3319 5086 3416 5139 Re-

1837 5164 1959 5233 gulo
1988 5163 2126 5230 capti
2157 5171 2273 5215 sunt
2296 5177 2315 5215 .'
2342 5158 2552 5233 triginta
2578 5161 2738 5213 millia
2763 5158 2947 5233 occisa.
2980 5158 3199 5233 Regulus
3227 5159 3413 5233 ipsein

1837 5180 1959 5233 guto
1988 5180 2126 5230 capti
2157 5180 2273 5215 sunt
2296 5180 2315 5215 :
2342 5180 2406 5213 tri
2446 5180 2552 5214 tnta
2578 5180 2738 5213 mima
2763 5180 2947 5213 occisa.
2980 5180 3199 5228 negatus
3227 5180 3335 5223 ipse
3360 5180 3413 5211 in

1837 5244 2043 5287 catenas
2074 5234 2355 5304 conjectus.
2387 5180 2503 5285 ἧαε
2551 5239 2844 5299 tempestate
2874 5228 3185 5282 Ptolomwus
3231 5227 3413 5280 Phila-

1837 5305 2075 5368 delphus,
2110 5316 2214 5357 etc.

1909 5367 1935 5412 δ
1966 5375 2031 5428 Α.
2062 5373 2219 5428 omis.
2262 5382 2382 5428 etet.
2431 5382 2548 5441 post
2581 5372 2770 5425 talenta
2791 5385 2811 5425 :
2834 5370 2948 5440 Afri
2989 5371 3043 5423 in
3089 5367 3271 5423 Sicilia
3297 5367 3417 5422 victi

1837 5454 1976 5511 sunt,
2008 5456 2054 5499 et
2082 5446 2147 5498 de
2170 5447 2249 5497 his
2279 5445 2647 5512 triumphatum
2671 5452 2745 5494 est
2768 5457 2787 5493 :
2811 5443 3019 5512 Quinto,
3046 5450 3149 5512 etc.

1912 5525 1935 5553 α
1961 5507 2031 5570 Ἀ.
2073 5516 2195 5568 hinc
2243 5516 2405 5583 legit:
2438 5507 2613 5567 Primo
2668 5512 2893 5583 Rontani
2931 5511 3061 5563 Gaio
3092 5507 3288 5563 Duillio
3310 5549 3324 5573 ,
3364 5516 3414 5564 et

1839 5587 1981 5643 Gneo
2011 5586 2247 5639 Cornelio
2276 5582 2434 5639 Asina
2463 5600 2593 5639 coss.
2620 5583 2671 5634 in
2694 5584 2822 5634 mari
2861 5582 3226 5636 dimicaverunt
3257 5597 3412 5649 para-

1841 5663 1904 5713 tis
1932 5658 2140 5712 navibus
2184 5658 2419 5730 rostralis
2444 5695 2459 5721 ,
2509 5651 2932 5730 quasmlsib‘urnas
2976 5663 3175 5730 vocant.
3218 5651 3409 5730 Consul

1840 5731 2105 5787 Cornelius
2158 5728 2393 5797 deceptus
2442 5723 2543 5791 est,
2612 5723 2838 5797 Duillius
2901 5724 3167 5797 commisso
3230 5725 3411 5791 prazlto

1842 5796 2311 5871 Carthaginensium
2331 5800 2504 5871 ducem
2528 5796 2661 5859 vicit,
2677 5810 2802 5871 XX__XI
2825 5810 2975 5871 naves
2996 5796 3148 5864 cepit,
3164 5810 3255 5849 xrv
3283 5807 3415 5848 mer-

1838 5865 2054 5942 sit,vmi
2078 5870 2298 5925 hostium
2315 5870 2463 5941 cepit,
2481 5883 2575 5924 tnu
2599 5866 2801 5922 occidit.
2826 5865 3029 5939 Neque,
3052 5876 3160 5923 etc.
