3920 6336
214 406 275 470 73
1214 408 1527 473 HISTORIA
1570 408 1930 470 MISCELLA.
1972 440 2042 455 —-
2080 410 2210 469 LIB.
2250 402 2316 467 11.

3315 402 3424 465 71l-

183 531 517 590 Romanorum
571 539 739 585 autem
792 545 967 586 novem
1012 531 1221 585 nauibus
1267 531 1515 603 depressis
1539 573 1552 597 ,
1607 529 1743 584 mille
1769 530 1821 591 Δ
1847 539 1892 583 et
1917 528 1990 583 sic
2020 529 2186 599 facile,
2236 514 2465 597 quantuli
2500 541 2741 609 magnam
2766 525 2867 580 olm
2893 524 3113 579 hostium
3141 526 3423 598 superavit.

182 634 363 679 centum
394 625 584 689 periere
612 624 813 679 milites.
842 622 1088 677 Consules
1116 622 1252 691 apud
1293 622 1537 691 Clgpcam
1576 630 1745 675 eastra

182 728 464 788 posuerunt.
500 716 611 770 Duo
638 715 918 770 Hannones
953 714 1229 769 Ptenorum
1255 715 1428 781 duces,
1458 731 1517 769 eo
1560 729 1740 769 rursus

187 827 282 864 cum
337 826 519 879 magno
569 811 792 864 exercitu
834 816 1119 863 venerunt:
1172 807 1444 877 pra’lioque
1473 807 1743 862 commisso

189 919 339 955 novent
387 902 551 955 millia
610 902 973 970 perdiderunt,
1035 911 1087 956 et
1134 900 1348 955 subacta
1405 901 1579 954 Africa
1621 909 1746 953 tunc

188 996 372 1061 fuisset,
405 996 503 1049 nisi
532 996 669 1065 quod
719 1004 860 1050 tanta
914 995 1080 1050 fames
1127 1004 1262 1061 erat,
1292 1006 1347 1050 ut
1370 995 1567 1051 diutius
1592 1009 1747 1050 exer-

188 1087 304 1141 citus
332 1097 646 1154 exspectare
703 1103 804 1140 non
841 1098 1039 1155 posset.
1094 1083 1353 1141 Consules
1399 1097 1447 1141 et
1503 1087 1745 1141 victrices

182 1179 380 1243 classes,
437 1193 559 1233 cum
611 1177 674 1232 ad
730 1178 932 1233 Italiam
988 1178 1181 1249 praedis
1218 1179 1390 1233 onusti
1423 1186 1741 1244 remearent,

178 1271 435 1325 lnlanilum
471 1272 804 1342 naufragium
829 1271 969 1324 circa
998 1269 1231 1325 Siciliam
1260 1269 1395 1338 passi
1426 1278 1569 1323 sunt.
1612 1267 1741 1323 Nam

174 1361 235 1418 de
285 1362 684 1433 quadringentis
726 1364 1001 1434 sexaginta
1055 1363 1295 1427 navibus,
1348 1366 1611 1434 octoginta
1658 1365 1740 1419 vix

172 1455 383 1523 objectis
414 1456 671 1509 oneribus
713 1455 909 1510 servari
942 1466 1245 1526 potuerunt,
1278 1472 1451 1528 neque
1474 1459 1579 1513 ullo
1604 1469 1738 1513 tem-

171 1561 294 1618 pore
325 1555 468 1600 tanta
517 1546 778 1600 maritima
831 1556 1118 1616 tempestas
1172 1549 1346 1605 audita
1385 1561 1486 1607 est.
1520 1552 1741 1607 Romani

170 1647 339 1692 tamen
365 1638 543 1691 statim
573 1629 827 1691 ducentas
857 1654 1017 1693 naves
1050 1650 1455 1710 reparaverunt,
1490 1657 1658 1711 neque
1689 1642 1740 1697 in

168 1732 338 1800 aliquo
396 1732 604 1785 animus
654 1730 733 1785 his
766 1739 791 1767 ⁸
834 1733 1102 1801 iufractior
1146 1734 1295 1789 clade
1326 1735 1436 1789 luit.
1476 1735 1583 1789 lloc
1611 1749 1743 1790 tem-

164 1838 292 1893 pore
340 1839 588 1878 nummus
635 1836 919 1893 argenteus
951 1828 1149 1894 primus
1180 1826 1234 1881 in
1266 1827 1407 1881 Urbe
1447 1836 1473 1874 b
1512 1828 1741 1900 signatus

1852 620 2051 691 Viginti
2072 624 2233 677 millia
2262 620 2733 693 Carthaginiensium
2761 620 2814 674 in
2838 636 2893 674 eo
2921 618 3101 689 prtelio
3125 634 3257 674 caesa
3280 626 3421 686 sunt,

1845 715 2101 784 elephanti
2127 732 2321 785 quoque
2339 716 2517 787 uiginti
2545 725 2592 769 et
2617 731 2707 769 sex
2729 715 2982 785 interfecti
3022 722 3141 768 sunt
3165 732 3179 768 :
3223 723 3423 769 centum

1846 817 2061 878 quatuor
2089 825 2178 877 per
2210 808 2464 863 Numidas
2490 819 2736 877 errantes,
2766 822 2893 867 aureis
2943 807 2995 859 in
3050 806 3301 861 auxilium
3337 807 3430 860 lse-

1849 903 2009 969 bebat,
2042 904 2195 973 cepit,
2224 913 2274 959 et
2301 920 2388 973 per
2417 900 2630 957 Italiam
2653 903 2820 965 duxit,
2848 888 2936 971 qui
2974 906 3249 954 maximum
3273 898 3429 955 Itali-

1846 1000 1919 1053 cis
1967 999 2169 1070 papulis
2216 999 2561 1067 spectaculum
2604 1001 2947 1068 prwbueruut.
2996 996 3257 1053 Asdrubal
3310 1014 3428 1052 cum

1846 1092 2022 1159 paucis
2045 1089 2313 1161 Lilyba'ur
2356 1091 2602 1163 profugit,
2626 1100 2777 1160 atque
2804 1092 2982 1144 absens
3004 1106 3033 1142 a
3065 1088 3238 1143 Panis
3264 1090 3430 1160 capite
3502 1094 3506 1103 '

1848 1182 2118 1236 damnatus
2146 1191 2241 1235 est.
2267 1180 2395 1236 Post
2427 1184 2532 1236 lucc
2567 1183 2687 1251 fessi
2717 1192 2787 1236 tot
2811 1184 2957 1237 malis
2984 1182 3424 1252 Carthaginenses,

1847 1274 2114 1342 petendam
2156 1289 2266 1327 esse
2315 1291 2346 1326 a
2400 1271 2645 1326 Romanis
2683 1289 2877 1344 pacem,
2934 1283 2979 1326 et
3003 1273 3427 1341 permutationem

1846 1367 2162 1435 captivorum
2183 1366 2532 1419 decreverunt.
2563 1366 2645 1418 Ad
2686 1381 2837 1435 quam
2862 1381 2968 1418 rem
3002 1366 3229 1419 Attilium
3255 1363 3428 1435 Regu-

1846 1458 1953 1512 lum
1999 1465 2117 1511 ante
2158 1457 2337 1511 ducem
2374 1457 2738 1520 Romanorum,
2778 1472 2926 1528 quem
2960 1456 3073 1527 jam
3098 1473 3184 1527 per
3209 1457 3429 1527 quinque

1845 1563 2007 1603 annos
2044 1550 2301 1618 captiuum
2350 1548 2658 1616 detinebant,
2703 1551 2834 1603 inter
2874 1559 3080 1604 cieteros
3130 1552 3316 1619 legatos
3338 1549 3429 1604 sub

1844 1650 2161 1695 sacramento
2210 1644 2463 1710 principue
2505 1642 2810 1696 mittendum
2838 1650 3157 1710 putaverunt.
3203 1640 3295 1696 Ille
3322 1640 3427 1695 [lo-

1846 1750 1987 1791 mam
2011 1751 2129 1790 cum
2161 1735 2413 1801 venisset,
2448 1734 2695 1791 inductus
2725 1735 2776 1790 in
2819 1745 3083 1801 senatum,
3118 1735 3248 1788 nihil
3279 1735 3427 1804 quasi

1847 1829 2118 1884 Romanus
2145 1830 2281 1899 egit:
2312 1830 2549 1897 dixitque
2573 1844 2631 1884 se
2653 1844 2719 1883 ex
2750 1827 2839 1882 illa
2863 1828 3082 1897 die,qua
3113 1828 3164 1880 in
3194 1833 3427 1895 potesta-

162 1926 251 1970 cst.
310 1913 510 1969 Deinde
556 1916 781 1970 Amilcnr
833 1917 940 1971 dux
992 1917 1260 1972 l'tenorum
1291 1936 1403 1973 (uiti
1431 1918 1650 1974 exercitu
1689 1924 1740 1976 in
1769 1905 1820 1969 Β
1851 1930 1954 1975 tem
1984 1921 2233 1974 Afrorum
2267 1922 2518 1987 venisset,
2548 1934 2668 1975 esse
2710 1919 3005 1973 Romanum
3049 1917 3291 1973 desiisse.
3316 1918 3430 1973 Ita-

167 2007 489 2071 Numidiam,
532 2008 994 2078 Mauritaniamque
1044 2013 1254 2077 missus,
1298 2022 1560 2084 postquam
1588 2016 1741 2069 hosti.

157 2099 293 2165 liter,
347 2110 675 2169 cruettlerque
715 2101 770 2153 in
816 2101 1075 2155 universos
1128 2114 1248 2173 egit,
1308 2106 1445 2173 quod
1494 2103 1744 2177 Regulum

152 2192 367 2246 libenter
399 2193 677 2262 suscepisse
719 2194 1025 2260 dicerentur,
1058 2196 1197 2247 mille
1224 2202 1419 2267 argenti
1449 2199 1669 2265 talentis,
1696 2210 1745 2254 et

148 2285 330 2352 viginti
357 2283 583 2337 millibus
624 2284 770 2337 boum
802 2285 1024 2355 reliquos
1053 2289 1404 2341 condemnavit
1433 2306 1452 2344 :
1491 2292 1743 2361 principes

148 2381 383 2431 omnium
419 2379 720 2445 populorum
757 2381 979 2447 patibulo
1010 2380 1186 2450 afﬁxit.
1225 2379 1397 2436 Tertio
1426 2400 1579 2447 anno,
1615 2388 1746 2440 sicut

144 2485 354 2538 sentpzr
402 2472 676 2525 indomitus
704 2476 846 2541 furor
895 2472 995 2526 cito
1044 2475 1381 2541 periculorum
1414 2476 1742 2545 obliviscitur,

143 2558 420 2618 Servilius
467 2563 663 2631 Cepio,
721 2572 774 2619 et
822 2564 1167 2633 Sempronius
1211 2566 1391 2620 Blesus
1444 2583 1581 2623 coss.
1626 2586 1743 2624 cum

143 2656 410 2710 ducentis
462 2660 737 2728 sexaginta
781 2671 799 2695 ο
839 2658 1139 2712 navibusin
1199 2660 1429 2727 Africam
1458 2664 1743 2729 transvecti,

143 2747 445 2799 universam
478 2762 616 2800 oram
646 2749 974 2815 maritimam,
1024 2764 1136 2815 qua:
1188 2749 1325 2803 circa
1364 2751 1541 2822 Syrtes
1581 2753 1742 2824 jacet,

146 2839 463 2906 depopulati
495 2849 631 2899 sunt,
662 2848 813 2908 atque
868 2842 919 2893 in
963 2842 1230 2910 superiora
1260 2844 1535 2912 progressi,
1587 2847 1745 2916 captis

146 2930 444 2999 eversisque
492 2931 774 2984 civitatibus
829 2932 1083 3000 plurimis,
1133 2932 1382 3004 ingentem
1430 2936 1657 3002 praedam
1681 2936 1749 2989 ad

145 3025 372 3078 classem
418 3023 690 3077 duxerunt.
749 3024 909 3077 Iidem
942 3041 1052 3077 cum
1098 3027 1165 3079 ad
1214 3025 1422 3081 Italiam
1475 3030 1745 3099 redirent,

144 3118 292 3170 circa
322 3115 567 3169 Palinuri
590 3118 1010 3185 promontorium,
1033 3119 1168 3188 quod
1197 3136 1226 3172 a
1254 3118 1476 3176 Lucanis
1499 3126 1748 3179 montibus

143 3208 200 3260 in
232 3208 402 3260 altum
432 3212 677 3275 excurrit,
704 3209 829 3263 illisi
855 3208 1080 3277 scapulis
1128 3222 1327 3264 centum
1378 3215 1744 3287 quinquaginta

1844 2030 1946 2085 que
1971 2024 2020 2069 et
2052 2028 2279 2068 uxorem
2308 2028 2337 2066 a
2378 2013 2661 2083 complexu
2716 2026 2814 2067 suo
2854 2011 3103 2076 removit,
3132 2021 3183 2066 et
3215 2011 3429 2067 senatui

1844 2104 2139 2176 persuasit,
2200 2116 2267 2159 ne
2320 2116 2421 2173 pax
2473 2116 2594 2158 cum
2637 2102 2816 2157 Panis
2865 2102 3057 2169 lieret,
3116 2102 3234 2156 illos
3284 2100 3427 2155 enim

1844 2196 2041 2251 tractos
2078 2205 2153 2251 tot
2207 2195 2419 2251 casibus
2471 2209 2618 2265 spem
2671 2196 2869 2249 nullam
2918 2194 3132 2256 habere,
3160 2193 3289 2247 tanti
3322 2206 3428 2247 non

1846 2299 1984 2351 esse,
2041 2294 2098 2339 ut
2150 2294 2227 2340 tot
2276 2285 2436 2339 millia
2496 2285 2825 2353 captivorum
2856 2295 3073 2353 propter
3099 2299 3260 2338 unum
3291 2297 3350 2338 se
3374 2289 3431 2337 et

1844 2393 2049 2443 senem,
2080 2388 2136 2435 et
2161 2393 2358 2449 paucos
2406 2380 2496 2450 qui
2537 2393 2599 2433 ex
2635 2379 2890 2434 Romanis
2916 2380 3055 2448 capti
3101 2388 3275 2442 erant,
3307 2377 3461 2433 red-.

1845 2473 2055 2537 derent,
2104 2473 2279 2543 itaque
2331 2474 2578 2528 obtinuit.
2628 2472 2757 2527 Nam
2790 2472 2948 2527 Afros
2975 2487 3155 2541 pacem
3188 2482 3428 2543 petentes

1849 2564 2026 2618 nullus
2056 2564 2289 2619 admisit.
2344 2564 2459 2633 Ipse
2515 2564 2890 2635 Carthaginem
2946 2564 3126 2630 rediit,
3159 2564 3429 2619 offerenti-

1846 2654 2050 2724 basque
2073 2654 2327 2710 Romanis
2369 2664 2427 2711 ut
2452 2671 2573 2711 eum
2606 2656 2788 2710 Romae
2821 2665 3086 2723 tenerent,
3115 2658 3329 2725 negavit
3367 2669 3429 2714 se

1848 2746 1899 2800 in
1924 2759 1982 2799 ea
2006 2746 2139 2800 urbe
2168 2760 2499 2812 mansurum,
2542 2748 2593 2801 iu
2617 2760 2720 2817 qua
2752 2757 3027 2816 postquam
3061 2749 3203 2802 Afris
3224 2751 3430 2804 servie-

1847 2839 2270 2908 rat,dignitatem
2295 2839 2499 2895 honesti
2527 2841 2659 2893 civis
2691 2840 2827 2892 ultra
2861 2840 3058 2894 habere
3087 2854 3192 2894 non
3223 2848 3427 2907 posset.

1851 2934 1877 2974 ε
1910 2930 2075 2999 Igitur
2104 2944 2401 3000 regressum
2445 2931 2510 2984 ad
2552 2930 2804 2995 Africam,
2838 2933 3093 2987 reseratis
3137 2933 3425 3001 palpebris,

1849 3032 1907 3077 ut
1929 3038 2096 3093 usque
2120 3026 2183 3078 ad
2217 3034 2441 3080 mortem
2474 3028 2713 3080 cruciatu
2748 3026 3093 3093 intolerabili,
3137 3042 3198 3081 ac
3244 3026 3430 3084 dolore

1848 3114 2114 3184 vigilaret,
2132 3125 2289 3184 atque
2315 3126 2372 3168 ut
2396 3124 2560 3169 staret
2587 3130 2796 3185 semper
2814 3117 3015 3171 radium
3035 3118 3160 3172 sOllS
3189 3118 3426 3186 intuens,

1847 3206 2105 3274 illigatum
2133 3206 2184 3259 in
2209 3207 2444 3260 machina
2487 3216 2826 3262 necaverunt.
2850 3209 2992 3261 Alter
3010 3207 3195 3264 deinde
3223 3207 3433 3264 Attilius

148 3314 310 3352 naves
339 3300 629 3365 onerarias,
655 3274 970 3370 nobilemque
999 3302 1225 3371 prwdam
1274 3274 1545 3359 crudeliter
1572 3274 1745 3377 acqui-
1773 3274 1820 3339 Ο
1852 3297 2102 3370 Regulus.
2135 3307 2181 3352 σε
2212 3298 2438 3353 "unum
2471 3298 2647 3367 V0180,
2680 3302 2828 3355 ambo
2870 3301 2945 3355 bis
2969 3318 3097 3357 €088.
3130 3319 3246 3357 cum
3270 3307 3434 3359 ﬂaua

148 3393 331 3459 sitam,
380 3393 657 3463 infeliciter
709 3395 1053 3464 perdiderunt.
1116 3397 1294 3467 Itaque
1322 3414 1439 3452 cum
1484 3402 1749 3457 continuae

151 3486 501 3541 calamitates
555 3486 806 3542 Romanis
854 3487 1220 3557 displicerent,
1251 3490 1489 3547 decrevit
1536 3505 1750 3552 senatus

154 3592 212 3637 ut
262 3600 292 3636 a
355 3581 381 3620 ά
444 3584 724 3638 maritimis
756 3584 1113 3652 recederetur,
1148 3597 1197 3640 ct
1228 3596 1428 3642 tantum
1480 3592 1749 3661 sexaginta

159 3690 329 3732 naves
353 3679 420 3732 ad
450 3678 753 3747 praesidium
778 3677 938 3733 Italia:
964 3680 1122 3734 salva:
1152 3691 1351 3738 essent.
1375 3684 1523 3749 Quod
1544 3688 1751 3758 quidem

163 3769 427 3822 decretum
453 3771 691 3823 continuo
712 3772 881 3824 adacti
912 3773 1159 3826 indomita
1189 3775 1467 3845 cupiditate
1482 3790 1749 3848 ruperunt.

165 3859 428 3917 Prwterca
481 3862 626 3917 Cotta
659 3864 852 3917 Consul
880 3866 931 3919 in
965 3866 1199 3921 Siciliam
1246 3880 1608 3941 transgressus,
1639 3873 1753 3944 plu-

166 3959 311 4011 rimis
341 3956 530 4025 prtvliis
558 3958 820 4013 adversum
864 3957 1068 4026 Poenos,
1102 3970 1147 4016 et
1177 3960 1380 4019 Siculos
1410 3973 1544 4020 terra
1597 3970 1755 4025 morio

169 4066 262 4117 que
295 4053 559 4121 pugnauit,
617 4061 663 4107 et
717 4069 802 4122 per
845 4062 1003 4106 totam
1032 4054 1263 4109 Siciliam
1298 4061 1481 4125 partim
1512 4060 1750 4126 hostium,

174 4146 359 4213 partim
401 4146 556 4198 etiam
608 4146 859 4198 sociorum
920 4147 1211 4202 inhumatus
1262 4158 1453 4219 strages
1528 4154 1753 4222 reliquit.

178 4233 233 4287 L.
262 4234 478 4289 Crucilio
506 4234 735 4300 Metello,
770 4245 791 4271 ε
824 4237 884 4291 C.
919 4236 1075 4293 Furio
1125 4239 1333 4296 Placido
1374 4244 1699 4313 consulibus,
1734 4244 1749 4283 ῐ

179 4329 426 4383 Asdrubal
463 4329 569 4381 dua:
610 4345 761 4385 uorus
809 4328 1284 4397 Carthaginensium
1322 4350 1436 4386 cum
1475 4336 1754 4404 elephantis

185 4436 374 4475 centum
423 4432 469 4475 et
521 4423 750 4493 triginta,
783 4423 1003 4490 equitum
1054 4424 1377 4495 peditumque
1406 4428 1625 4495 amplius
1666 4405 1761 4482 tri:

188 4518 317 4585 ginta
350 4515 571 4571 millibus
603 4514 883 4585 Lilgbwum
914 4517 1044 4571 venit
1090 4533 1152 4571 ex
1203 4519 1400 4588 Africa,
1441 4532 1484 4574 et
1515 4522 1753 4576 continuo

188 4626 294 4663 cum
323 4611 527 4666 Metello
558 4609 675 4667 Cos.
703 4612 836 4679 apud
874 4607 1186 4665 Pauormum
1210 4630 1433 4684 pugnam
1479 4617 1750 4671 conseruit.

193 4702 290 4756 Sed
315 4703 549 4757 Metellus
579 4704 678 4755 uim
706 4718 943 4772 magnam
971 4702 1249 4758 belluarum
1280 4708 1477 4775 timens,
1508 4708 1648 4777 prius
1674 4724 1755 4762 eas

193 4810 364 4867 magno
392 4813 514 4851 usus
534 4796 765 4867 consilio,
791 4796 866 4849 uel
896 4796 950 4848 in
979 4795 1178 4868 fugam,
1206 4797 1281 4852 uel
1314 4799 1365 4852 in
1395 4810 1605 4854 mortem
1632 4801 1752 4872 egit,

262 4930 368 4998 9A.
401 4944 495 4998 pro
523 4928 809 4997 infractior,
840 4927 1110 4997 infractus.

260 4996 285 5035 δ
322 4996 460 5055 litem
505 4996 597 5062 pro
636 5000 863 5071 signatus
913 5007 985 5071 est
1030 4999 1278 5071 ﬁguratus
1318 5009 1421 5065 est,
1474 5011 1525 5055 et
1571 5001 1754 5055 omiss.

200 5080 305 5125 cui.
351 5071 618 5134 Servilius,
644 5070 745 5143 etc.
779 5070 846 5123 lta
881 5070 1072 5136 pariter
1102 5072 1151 5124 in
1182 5070 1243 5127 Β.
1271 5080 1323 5126 et
1347 5071 1434 5139 ll.,
1464 5088 1757 5143 omnesque

199 5145 509 5196 conVeniunt
536 5157 653 5194 cum
688 5142 958 5209 Eutropio.

264 5226 283 5251 ε
325 5217 388 5269 Α.
424 5224 541 5282 post
577 5213 791 5285 nauibus
820 5213 975 5266 habet
1012 5213 1079 5265 ad
1120 5212 1344 5282 Africam
1387 5214 1604 5285 profecti
1630 5230 1759 5268 nau-

196 5286 407 5357 fragium
426 5280 571 5353 passi
586 5292 734 5357 sunt.
764 5280 968 5357 Itaque,
997 5296 1100 5337 etc.

263 5346 394 5423 5A.,
426 5346 693 5408 maritimis
722 5346 911 5423 prtvliis
932 5369 1066 5423 rec,
1089 5367 1191 5410 etc.

194 5440 284 5554 Pls
321 5428 572 5552 lintrem,
607 5423 666 5479 C.
710 5422 872 5480 Furio
916 5422 1135 5479 Pacillo.
1178 5426 1243 5481 A.
1281 5433 1335 5479 et
1377 5425 1462 5490 H.,
1496 5424 1554 5481 C.
1596 5424 1760 5479 Furio

260 5516 335 5553 aa
376 5515 425 5552 ο.

260 5515 425 5553 actao.

265 5570 282 5609 τ
314 5572 377 5625 Α.
404 5570 539 5623 Hinc
568 5567 693 5636 legit
725 5565 957 5620 Metellus
981 5568 1035 5619 in
1060 5566 1292 5623 Siciliam
1322 5571 1558 5639 Afrorum
1581 5567 1760 5620 duceni

194 5661 302 5698 cum
351 5657 487 5696 (ιλιι
519 5640 819 5709 elephantis,
852 5648 898 5691 et
942 5640 1138 5707 magnis
1167 5641 1323 5709 copiis
1352 5642 1627 5692 venientem
1670 5654 1760 5691 su-

190 5715 379 5789 peravit
408 5728 474 5766 ιι
503 5726 553 5763 m
574 5711 1015 5789 ltostium,_'cecittit
1042 5725 1112 5775 vr,
1136 5721 1183 5763 et
1205 5710 1579 5789 “elephantos
1611 5712 1759 5789 cepit,

191 5780 403 5855 reliquos
432 5791 655 5836 errantes
677 5798 763 5855 per
795 5780 1071 5855 Numidas,
1104 5797 1228 5855 quos
1270 5785 1319 5834 in
1343 5783 1588 5836 auxilium
1611 5783 1763 5836 liabe-

193 5852 548 5925 bat'collegit,
595 5860 642 5905 et
690 5852 906 5907 Romam
948 5853 1156 5906 deduxit
1193 5855 1395 5925 ingenti
1411 5869 1617 5919 pompa,
1649 5869 1762 5904 cum

194 5943 327 5987 cus
355 5924 735 5999 elephantorum
763 5939 997 5978 numerus
1026 5925 1211 5977 itinera
1264 5924 1430 5978 omnia
1470 5925 1758 5993 compleret.

1851 3394 2183 3447 ducentarum
2233 3396 2437 3447 navium
2489 3404 2535 3447 et
2583 3403 2801 3463 quatuor
2831 3397 3108 3466 legionibus
3152 3396 3434 3468 Lilybteum

1852 3483 2064 3556 profecti
2093 3492 2228 3549 sunt,
2256 3486 2393 3555 quod
2423 3486 2666 3553 oppidum
2688 3488 2749 3540 in
2775 3490 3121 3556 promontorio
3142 3491 3296 3543 situm
3326 3490 3432 3545 Ro-

1853 3577 1991 3629 mani
2042 3575 2269 3629 obsidere
2316 3579 2508 3642 conati,
2560 3580 2938 3646 superveniente
2990 3579 3295 3653 Hannibale,
3348 3584 3434 3653 qui

1852 3665 2164 3721 Hamilcaris
2195 3668 2335 3735 ﬁlius
2361 3667 2480 3737 fuit,
2507 3670 2644 3733 victi,
2679 3673 2871 3741 majore
2896 3674 3144 3727 exercitus
3184 3676 3263 3727 sui
3290 3686 3436 3743 parte

1856 3761 2073 3829 perdita,
2123 3761 2221 3827 ipsi
2266 3774 2398 3831 egre
2448 3773 2727 3817 evaserunt.
2775 3762 2900 3818 Post
2931 3764 3021 3819 ltos
3048 3765 3294 3823 Claudius
3325 3785 3430 3824 cos.

1853 3866 1970 3906 eum
1992 3868 1995 3871 '
2021 3853 2182 3905 classe
2217 3866 2351 3907 ccxx
2401 3857 2605 3908 itauiuin
2658 3856 2726 3909 ad
2756 3855 2988 3928 Drepani
3026 3870 3228 3928 portum
3256 3870 3434 3918 contra

1856 3945 2045 4001 hostem
2078 3949 2333 4019 profectus
2359 3957 2451 4001 est.
2499 3948 2597 4005 Ubi
2628 3967 2745 4005 mox
2770 3962 3012 4025 exceptus
3055 3954 3216 4013 classe
3241 3955 3429 4011 Parua-

1854 4053 1993 4104 rum,
2023 4042 2143 4093 dum
2166 4049 2343 4099 contra
2372 4042 2604 4110 auspicia
2633 4044 2943 4111 dimicasset,
2974 4046 3145 4101 statim
3168 4060 3432 4117 superatus

1855 4137 1946 4183 est.
1985 4128 2047 4182 Et
2074 4132 2183 4199 ipse
2199 4131 2403 4201 quidem
2433 4146 2549 4184 cum
2590 4134 2798 4204 triginta
2828 4136 3036 4191 navibus
3071 4136 3351 4209 Lilybaeum
3378 4139 3432 4194 in

1854 4233 2023 4273 castra
2073 4221 2332 4293 confugit:
2373 4222 2585 4295 reliqua:
2632 4241 2822 4291 autnes,
2866 4227 2959 4281 hoc
2998 4236 3091 4296 est,
3139 4246 3279 4286 Lux
3319 4247 3432 4286 cum

1855 4312 2220 4384 pugnatoribus
2246 4324 2406 4383 capta:
2426 4326 2563 4381 sunt,
2592 4327 2786 4373 ca’terw
2818 4318 3089 4379 demente:
3115 4337 3291 4379 nauem
3313 4323 3431 4381 mil-

1855 4403 1929 4457 lia
1983 4405 2202 4458 militum
2252 4420 2384 4459 ctesa
2414 4445 2431 4470 ,
2478 4405 2653 4476 viginti
2702 4409 2865 4463 millia
2922 4422 3073 4478 capta
3121 4414 3427 4483 referuntur.

1856 4494 1914 4547 ϐ.
1944 4511 2141 4564 quoque
2168 4495 2355 4549 Junius
2387 4512 2487 4551 cos.
2518 4497 2710 4569 collega
2759 4499 2963 4555 Claudii
2989 4499 3203 4557 Pulchri
3230 4507 3435 4564 univer-

1858 4600 1967 4639 sam
1999 4587 2223 4643 classem
2251 4587 2522 4659 naufragio
2552 4593 2750 4658 amisit,
2793 4596 3084 4655 exercitum
3114 4606 3289 4654 tamen
3320 4600 3428 4655 sal-

1867 4695 1989 4735 vum
2024 4680 2222 4745 habuit,
2270 4682 2391 4751 quia
2430 4686 2600 4740 vicina
2652 4686 2824 4741 littora
2882 4699 3054 4744 erant.
3090 4693 3246 4747 Anno
3273 4694 3432 4751 etiam

1861 4774 2102 4842 sequenti
2154 4773 2339 4829 classis
2370 4774 2562 4831 Punica
2606 4778 2657 4832 in
2690 4778 2888 4834 Italiam
2936 4782 3163 4851 transiit,
3208 4786 3429 4861 ejusque

1863 4931 1987 4986 Post
2018 4930 2126 5014 huic
2156 4936 2291 5014 mala
2323 4933 2742 5014 Carthaginenses
2788 4938 3037 5011 Regulum
3063 4943 3261 5010 ducem,
3287 4961 3433 5014 quem

1862 5012 2096 5082 ceperant
2121 5008 2419 5082 petiverunt,
2447 5017 2499 5059 ut
2522 5006 2738 5062 Romam
2764 5006 3180 5081 proficisceretur,
3197 5006 3431 5082 et'pacem

1862 5073 2070 5200 guliomt.
2090 5078 2352 5143 obtineret,
2370 5094 2429 5131 ac
2450 5073 2868 5147 permutationem
2886 5073 3196 5152 captivorum
3221 5073 3428 5153 fureret.

1938 5163 1982 5200 e.
2013 5164 2042 5200 e
2070 5162 2098 5200 c

1938 5163 1982 5212 e,
2013 5155 2098 5203 etc

1936 5226 1959 5293 tt
1991 5220 2053 5293 A_.
2082 5226 2141 5293 et
2167 5214 2252 5283 H.,
2288 5217 2562 5293 Regressus
2580 5222 2738 5293 igitur
2768 5223 2835 5276 ad
2863 5223 3108 5292 Africam,
3128 5226 3435 5280 circumcisis

1864 5288 2137 5358 palpebris,
2168 5299 2218 5341 ut
2246 5288 2400 5358 usque
2429 5292 2495 5343 ad
2525 5288 2731 5345 mortem
2763 5288 2988 5346 cruciatu
3044 5296 3343 5349 intolerabili
3372 5313 3433 5351 ac

1866 5361 2037 5431 dolore
2066 5359 2314 5431 vigilaret,
2354 5361 2555 5431 demum
2583 5363 2814 5431 omnibus
2858 5365 3119 5431 suppliciis
3161 5372 3435 5422 exstinctus

1862 5439 1956 5484 est.
1979 5428 2101 5482 Post
2130 5428 2348 5502 Claudio
2382 5430 2624 5497 Pulchro,
2648 5428 2781 5486 Gaio
2808 5428 2966 5488 Iunio
2990 5451 3118 5488 coss.
3145 5436 3231 5502 (ll.
3259 5445 3432 5493 tamen

1864 5517 1970 5574 non
2003 5502 2156 5574 habet
2196 5499 2281 5571 (ἐ.)
2316 5502 2561 5559 Claudius
2585 5514 2761 5574 contra
2786 5505 3018 5573 auspicia
3043 5499 3301 5574 pugnavit,
3329 5518 3375 5563 et
3401 5527 3434 5567 η

1865 5571 2342 5641 Cttrtltaginensibus
2365 5575 2519 5627 victus
2562 5584 2652 5627 est.
2681 5573 2820 5627 Nam
2848 5571 2910 5628 ea:
2932 5571 3073 5633 ccxx
3093 5571 3297 5631 navibus
3318 5595 3433 5633 cum

1868 5658 1969 5695 xxx
1999 5647 2150 5713 lugu,
2200 5659 2261 5697 xc
2279 5662 2406 5716 _cum
2454 5644 2815 5716 pugnaturibus
2843 5659 3008 5715 capta:
3036 5646 3274 5703 demersa:
3297 5656 3432 5705 sunt.

1865 5716 2010 5767 Alius
2041 5712 2233 5783 quoque
2260 5712 2748 5788 Consul'nuufragio
2791 5712 3003 5772 classem
3030 5720 3216 5784 amisit,
3249 5722 3435 5774 exerci-

1865 5793 2156 5910 t’inutumfu
2184 5788 2381 5843 salvum
2428 5788 2629 5861 habuit,
2677 5788 2797 5861 quia
2847 5790 3011 5847 vicina
3062 5791 3230 5845 littora
3271 5802 3432 5853 erant.

1913 5868 2042 5910 taue.
2067 5872 2092 5910 c
2120 5871 2170 5910 c.

1913 5868 2042 5927 tque,
2067 5863 2170 5915 ctc.
