3920 6336
547 355 656 417 7⁸15

1422 306 1624 412 ΡΑυΙλ
1662 354 1932 414 DIACONI
1968 354 2118 413 OPP.
2159 352 2337 413 PARS
2371 355 2412 413 1.
2445 382 2518 399 -ι-
2542 354 2933 416 HISTORICA.
3642 380 3716 436 πο

550 471 803 550 plurimas
846 466 1234 566 partes_longe
1271 467 1482 566 lateque
1530 471 1779 527 vastavit.
1820 472 1973 566 ‘Dum
2009 472 2123 527 haec
2152 474 2345 535 Acem
2396 471 2672 540 fecerunt,
2713 482 2769 528 ut
2815 473 3033 541 Sicilia,
3082 472 3415 546 Sardiniaque
3457 483 3721 566 minam,

552 549 851 641 agerentur,
870 563 1007 634 apud
1028 561 1266 618 Judtcam
1290 549 1654 633 pontiﬁcatum
1676 574 1791 633 post
1818 564 2128 621 Eleazarum

550 658 785 727 suscepit
811 658 1081 713 Manasses
1108 656 1401 711 avunculus
1421 655 1556 726 ejus.
1589 666 1616 694 ιι
1649 654 1853 712 Interea
1886 658 2131 713 Lutacius

551 754 765 813 Catulus
815 770 929 808 cum
967 752 1126 807 classe
1172 758 1509 806 trecentarum
1558 752 1761 805 navium
1816 751 1867 804 in
1899 750 2131 806 Siciliam

552 855 858 903 transvectus
883 855 976 911 est,
996 854 1042 899 et
1064 844 1131 899 ibi
1155 845 1277 898 dum
1296 848 1433 914 apud
1456 844 1807 914 supradictam
1832 843 2129 912 Drepanum

550 940 799 995 civitatem
829 954 1000 1008 pugna
1027 937 1464 1002 conseritur,dum
1488 936 1619 989 inter
1640 935 1885 1004 primores
1915 946 2128 1007 pugnat,

553 1035 796 1102 transﬁxo
827 1036 1015 1103 femore
1033 1033 1317 1100 tegerrime,
1340 1046 1455 1084 cum
1482 1032 1586 1092 iam
1615 1028 1907 1083 obrueretur
1929 1040 2127 1101 ereptus

546 1139 638 1183 est.
672 1126 838 1181 Porro
858 1134 1025 1180 autem
1059 1123 1202 1179 Pleni
1229 1140 1346 1178 cum
1374 1122 1759 1194 quadringentis
1789 1124 1998 1176 navibus
2022 1141 2131 1177 ma-

546 1224 756 1295 gnisque
785 1224 940 1294 c0piis
980 1223 1045 1277 ad
1086 1222 1320 1277 Siciliam
1343 1222 1474 1275 duce
1512 1220 1760 1275 Hannone
1788 1231 2122 1278 concurrunt.

547 1316 662 1371 Nec
710 1316 956 1370 Lutacius
993 1315 1218 1386 segnior,
1266 1315 1368 1369 imo
1410 1314 1626 1369 consilia
1673 1314 1947 1370 Poenorum
1992 1318 2127 1370 mira

544 1409 798 1463 celeritate
824 1409 1086 1478 prtevenit.
1117 1407 1397 1478 Postquam
1446 1407 1690 1471 proxima:
1736 1410 1828 1462 sibi
1868 1419 2131 1462 utrorum-

543 1515 641 1570 que
683 1500 868 1555 classes
912 1499 1054 1569 apud
1106 1498 1342 1570 IEgades
1391 1500 1584 1553 insulas
1628 1512 1805 1554 contra
1842 1499 2130 1572 Lilybarum

543 1591 792 1646 civitatem
824 1591 1016 1646 Sicilia:
1058 1607 1147 1661 per
1189 1600 1346 1646 totam
1378 1601 1594 1655 noctem,
1627 1592 1913 1647 intertextis
1941 1608 2131 1662 prope-

541 1685 751 1739 modum
795 1684 1034 1740 anchoris
1078 1692 1348 1751 steterunt,
1401 1694 1509 1737 orta
1562 1684 1675 1738 luce
1714 1687 1859 1755 prior
1882 1683 2130 1739 Lutarius

538 1775 741 1846 signum
792 1775 922 1829 bello
984 1775 1141 1830 dedit.
1172 1774 1512 1831 Crudescente
1556 1792 1726 1847 pugna
1753 1778 1908 1830 victus
1941 1774 2130 1830 "anno

2238 573 2294 621 et
2320 579 2416 635 per
2443 567 2734 623 continuos
2782 568 2971 636 viginti
3015 582 3185 622 annos
3206 569 3278 625 eis
3308 574 3617 640 persolverent
3636 590 3718 652 puri

2237 659 2438 727 argenti
2470 659 2570 712 tria
2600 659 2767 714 millia
2799 659 3152 718 talentorum.
3182 662 3273 716 llis
3293 663 3464 720 diebus
3484 668 3717 734 Judaorum

2239 750 2469 818 pontifex
2506 750 2669 806 Onias
2699 751 2934 807 Simonis
2962 751 3099 807 Justi
3127 753 3266 807 ﬁlius
3294 756 3454 812 clarus
3479 760 3719 824 habebatur.

2238 837 2264 877 δ
2293 840 2440 894 Anno
2467 841 2530 894 ab
2556 839 2691 895 Urbe
2715 842 2921 896 condita
2950 842 3073 910 507,
3097 845 3355 914 repentina
3378 849 3594 906 subversio
3612 856 3722 924 ipsius

2242 931 2414 987 Roma:
2454 935 2688 1002 prtevenit
2724 932 3041 1003 triumphum
3070 934 3429 993 Romanorum.
3460 938 3606 1009 Neque
3629 948 3723 998 enim

2237 1032 2420 1077 temere
2444 1025 2682 1092 dixerim,
2707 1042 2862 1095 quam
2885 1042 2988 1079 non
3019 1027 3095 1080 vel
3121 1028 3363 1081 modicam
3384 1030 3579 1086 latinam
3597 1034 3723 1092 Rome

2235 1116 2588 1186 superveniens
2613 1127 2817 1186 repente
2835 1119 3043 1188 quando
3063 1121 3384 1190 gravissimus
3412 1124 3556 1178 luctus
3574 1142 3724 1197 oppres-

2234 1206 2318 1259 sit.
2340 1206 2605 1275 Siquidem
2630 1210 2694 1276 ρ.
2720 1208 2932 1263 Lutacio
2948 1209 3155 1276 Catulo,
3179 1213 3243 1268 Α.
3264 1211 3445 1267 Manlio
3461 1231 3552 1270 eos.
3569 1218 3723 1273 diversa

2235 1301 2453 1372 ignium,
2494 1319 2844 1374 aquarumque
2886 1304 3060 1358 clades
3090 1322 3218 1375 pene
3245 1307 3541 1372 absumpsere
3574 1308 3720 1365 Urbent.

2237 1392 2376 1446 Nam
2410 1392 2602 1449 Tiberis
2628 1394 2849 1451 insolitis
2895 1411 3079 1451 auctus
3130 1398 3388 1465 imbribus,
3430 1408 3470 1454 et
3510 1401 3623 1454 ultra
3648 1406 3725 1474 opi-

2234 1485 2457 1548 nionem,
2501 1495 2546 1538 el
2587 1486 2944 1551 diuturnitate,
2996 1497 3045 1541 et
3095 1488 3439 1558 magnitudine
3483 1493 3723 1559 redundans,

2234 1578 2407 1630 omnia
2436 1575 2613 1631 Romae
2639 1579 2860 1647 wdiﬁcia
2890 1581 2941 1633 in
2969 1580 3126 1650 plano
3154 1583 3320 1652 posita
3347 1580 3535 1635 delevit.
3567 1582 3726 1638 Diversis

2234 1670 2506 1739 qualitates
2530 1671 2753 1724 locorum
2780 1672 2845 1724 ad
2870 1686 3021 1725 unam
3046 1686 3321 1726 convenere
3348 1673 3590 1741 perniciem
3610 1688 3624 1727 :
3644 1691 3728 1744 quo.

2234 1761 2393 1826 niam,
2445 1771 2492 1814 et
2540 1762 2675 1831 quod
2719 1766 2921 1831 segnior
2962 1765 3271 1819 redundatio
3307 1767 3476 1832 tenuit,
3519 1768 3729 1835 madeftuta

538 1884 713 1923 navem
735 1870 929 1932 aven“,
962 1877 1009 1923 ει
1041 1868 1149 1921 dum
1178 1868 1315 1939 fuga.
1347 1870 1538 1936 prima,
1565 1869 1682 1937 [ηπ.
1715 1869 1987 1937 Aliquam“
2016 1884 2128 1921 cum
2154 1874 2205 1936 Β
2234 1850 2465 1905 dissolvit
2493 1866 2513 1905 :
2540 1862 2591 1907 et
2619 1870 2731 1923 qua:
2751 1870 2931 1908 cursus
2960 1857 3199 1910 torrentis
3238 1857 3441 1923 invenit,
3470 1859 3650 1926 impulsa
3669 1864 3731 1911 de-

538 1984 597 2023 eo
629 1985 751 2039 pars
794 1968 1042 2022 exercitus
1090 1967 1168 2021 sui
1218 1966 1447 2035 Africam
1497 1966 1660 2035 petiit,
1712 1964 1805 2018 alii
1853 1966 2128 2035 confugere

538 2059 824 2131 Lylibtrum
838 2060 1189 2131 :septuaginta
1205 2067 1251 2113 et
1273 2068 1372 2112 tres
1394 2074 1542 2112 naves
1561 2056 1776 2112 Punica:
1797 2066 1963 2127 capta:
1977 2067 2125 2113 sunt:

538 2162 736 2205 centum
754 2152 960 2221 triginta
981 2151 1224 2205 demerstn
1249 2164 1266 2204 :
1290 2152 1497 2221 triginta
1518 2158 1563 2203 et
1595 2150 1694 2203 duo
1717 2150 1885 2202 millia
1907 2151 2127 2204 hostium

539 2254 711 2314 capta,
737 2258 868 2297 cwsa
895 2242 1284 2314 quatuordecim
1312 2242 1474 2297 millia
1500 2245 1728 2312 fuerunt.
1768 2241 2051 2313 Nunquam
2073 2244 2125 2296 in

538 2336 670 2388 mari
690 2334 841 2388 tantis
865 2335 1026 2402 copiis
1058 2342 1338 2405 pugnatum
1367 2342 1459 2387 est.
1494 2332 1763 2387 Inﬁnitum
1795 2334 1931 2399 auri,
1963 2342 2018 2389 et
2037 2349 2124 2388 ar-

540 2424 685 2493 genti
716 2423 909 2492 praedae
938 2424 989 2477 in
1021 2432 1337 2493 potestatem
1366 2422 1726 2477 Romanorum
1756 2424 2010 2479 redactae.
2046 2424 2125 2479 Ex

537 2516 710 2570 classe
731 2528 897 2569 autem
922 2514 1157 2571 Romana
1181 2515 1458 2570 duodecim
1485 2531 1646 2571 naves
1667 2532 1880 2572 mersas.
1912 2517 2123 2588 Pugna-

540 2615 649 2661 tum
669 2616 750 2661 est
768 2623 819 2661 v1
842 2608 962 2664 ldus
987 2609 1177 2664 Martii.
1197 2608 1433 2664 Lutacius
1457 2610 1636 2664 deinde
1656 2611 1723 2665 ad
1746 2610 2023 2683 Erycinam
2052 2612 2124 2665 ci-

535 2700 759 2763 vitatem.
786 2717 939 2768 quam
960 2699 1111 2756 Pleni
1141 2702 1396 2770 tenebant,
1420 2702 1549 2755 venit
1574 2717 1594 2755 :
1621 2701 1793 2771 ibique
1822 2703 1925 2756 duo
1957 2702 2121 2755 millia

448 2822 451 2823 ν
536 2788 1009 2862 Carthaginensium
1050 2802 1276 2847 conserta
1305 2808 1477 2863 pugna
1507 2793 1785 2864 interfecit.
1820 2791 1965 2847 Tunc
1996 2791 2123 2847 Car-

534 2883 857 2955 thaginenses
907 2885 1155 2955 praecipiti
1204 2886 1524 2957 festinatione
1568 2887 1635 2939 ad
1668 2886 1940 2940 Lutacium
1983 2903 2115 2952 cos.,

532 2991 592 3028 ac
634 2976 815 3029 deinde
859 2977 1074 3031 Romam
1113 2978 1346 3041 mittunt,
1379 2986 1533 3032 orant
1564 2994 1764 3047 pacem,
1795 2994 1952 3048 quam
1979 2979 2121 3033 illico

532 3078 933 3139 consequuntur.
968 3069 1175 3140 Captivi
1224 3070 1613 3137 Romanorum,
1666 3071 1757 3128 aui
1802 3074 2122 3127 tenebantur

533 3160 1120 3233 aCartliaginensibus,
1172 3164 1368 3219 redditi
1417 3174 1560 3219 sunt.
1614 3166 1782 3220 Etiam
1837 3163 2119 3236 Carthagi-

2222 1942 2367 2012 jecit.
2438 1943 2699 2011 Aquarum
2749 1948 3106 2019 gravissimam
3159 1950 3377 2013 cladem,
3426 1950 3601 2020 gravior
3637 1951 3727 2020 ignis

2225 2047 2396 2091 secuta
2425 2039 2641 2092 vastatio
2680 2051 2771 2096 est.
2803 2041 2904 2103 Qui
2946 2042 3079 2112 ignis
3111 2042 3387 2111 (incertum
3410 2042 3531 2096 unde
3554 2041 3729 2110 surrexit)

2228 2131 2475 2199 plurimas
2514 2134 2730 2186 civitatis
2777 2144 2945 2203 partes
2988 2146 3315 2206 pervagatus,
3365 2152 3473 2190 cum
3513 2136 3725 2199 hominum,

2229 2225 2593 2293 domorumque
2650 2225 2988 2279 miserabilem
3045 2238 3268 2298 stragem
3330 2227 3460 2296 fecit,
3504 2235 3592 2279 tum
3624 2226 3730 2278 etiam

2228 2324 2423 2371 tantum
2452 2333 2606 2387 apum
2637 2335 2735 2372 uno
2761 2321 3069 2390 consumpsit
3110 2322 3344 2377 incendio
3363 2363 3379 2389 ,
3415 2331 3625 2389 quantum
3652 2320 3731 2386 plu-

2226 2407 2371 2460 rima:
2432 2418 2479 2462 et
2528 2411 2807 2479 peregrina'
2878 2412 3101 2466 victoria:
3153 2415 3385 2483 conferre
3432 2430 3522 2467 non
3566 2420 3732 2482 possunt.

2228 2496 2446 2565 Dehinc,
2472 2516 2590 2553 cum
2614 2502 2786 2555 omnia
2818 2503 2866 2556 in
2895 2504 3107 2557 circuitu
3136 2504 3243 2574 fori
3275 2505 3599 2575 depopularet,
3622 2505 3734 2556 adem

2232 2590 2402 2647 Vesta:
2431 2596 2697 2667 corripuit,
2729 2599 2862 2651 unde
2889 2600 3042 2652 etiam
3071 2599 3314 2657 Metellus
3336 2617 3445 2655 cum
3464 2616 3633 2655 arsuros
3650 2598 3733 2651 deos

2224 2687 2398 2755 eripit,
2427 2688 2513 2740 via:
2542 2688 2749 2742 brachio
2778 2692 3167 2745 semiustulatus
3198 2695 3419 2763 aufugit.
3466 2690 3523 2745 T.
3549 2691 3731 2759 Sempro-

2225 2778 2310 2829 nio
2363 2774 2617 2843 Graccho,
2652 2778 2713 2833 C.
2753 2778 2952 2834 Valerio
2981 2778 3215 2838 Falcone
3260 2799 3390 2837 coss.
3432 2781 3600 2837 bellum
3640 2776 3735 2832 Fali-

2223 2869 2331 2924 scis
2386 2870 2702 2926 intulerunt.
2745 2873 2873 2937 Qua:
2915 2873 3101 2927 civitas
3142 2874 3311 2929 Italiae
3364 2874 3582 2943 opulenta
3618 2884 3736 2939 quon-

2227 2961 2347 3015 dam
2379 2962 2494 3028 fuit,
2523 2979 2676 3031 quam
2708 2962 2869 3017 ambo
2895 2978 3032 3018 coss.
3070 2967 3208 3018 intra
3243 2981 3338 3019 sex
3367 2965 3494 3029 dies,
3523 2974 3650 3031 quam
3670 2973 3733 3011 ve-

2224 3062 2438 3120 nerant,
2473 3056 2818 3122 transierunt,
2853 3071 2919 3109 sv
2947 3056 3183 3111 millibus
3230 3057 3451 3113 hostium
3479 3056 3735 3121 casis,pace

2222 3162 2500 3213 concessa,
2529 3165 2655 3218 agro
2684 3159 2860 3205 tamen
2905 3167 2967 3206 ex
3018 3152 3312 3208 medietate
3352 3152 3564 3208 sublato.
3595 3145 3736 3201 Eodem

536 3270 728 3311 "enses
776 3258 1036 3325 petivere,
1092 3265 1148 3311 ιη
1190 3257 1381 3312 redimi
1423 3272 1608 3312 eorum
1640 3259 1875 3328 captivos
1907 3258 2110 3324 liceret,
2139 3239 2186 3304 (ζ
2217 3256 2350 3295 anno
2391 3242 2541 3294 etiant
2586 3240 2721 3295 Galli
2747 3242 2921 3312 Alpini
2970 3246 3083 3297 novi
3127 3244 3353 3299 Romani
3380 3243 3566 3298 extitere
3598 3239 3735 3299 hostes,

535 3361 669 3418 quos
696 3363 760 3403 ex
790 3348 934 3404 Afris
965 3348 1189 3403 Romani
1225 3350 1495 3405 tenebant.
1546 3352 1772 3406 Senatus
1815 3350 1976 3422 jussit
2004 3350 2120 3406 sine

536 3439 709 3508 pretio
747 3454 839 3495 eos
887 3440 1026 3509 dari,
1058 3442 1148 3511 qui
1181 3441 1235 3496 in
1266 3444 1471 3512 puliica
1500 3444 1744 3499 custodia
1781 3452 2001 3499 essent:
2029 3443 2117 3514 qui

535 3541 719 3586 autem
750 3532 802 3586 in
832 3533 1050 3601 privatis
1078 3543 1404 3601 tenerentur,
1439 3544 1496 3589 ut
1522 3535 1696 3606 pretio
1725 3536 1959 3591 dominis
1989 3535 2119 3592 red-

534 3623 647 3679 dito
670 3623 1051 3696 Carthaginem
1081 3628 1339 3696 redirent,
1364 3640 1524 3700 atque
1548 3630 1600 3683 id
1636 3632 1861 3699 pretium
1889 3646 1958 3687 ex
1988 3630 2118 3688 ﬁsco

537 3718 730 3788 magis,
765 3734 926 3789 quam
954 3736 984 3775 a
1012 3720 1514 3791 Cartliaginensilms
1534 3722 1854 3777 solveretur.
1886 3720 2114 3778 Cartha-

537 3811 785 3881 ginenses
820 3826 949 3868 sane
987 3812 1087 3869 sub
1117 3812 1218 3869 hac
1246 3813 1556 3869 conditione
1583 3829 1705 3869 cum
1736 3813 1996 3869 Romanis
2023 3828 2117 3884 pa-

612 3947 639 3975 ⁸
678 3947 742 4000 Α.
786 3945 920 4001 Hinc
956 3946 1191 4016 sequitur
1224 3989 1240 4015 ,
1278 3947 1407 4002 Gaio
1448 3944 1655 4001 Lutatio
1711 3946 1895 4002 Catulo
1926 3989 1941 4016 ,
1985 3949 2115 4004 Aulo

540 4014 806 4071 Postumio
844 4014 1180 4073 Allinocoss.
1224 4014 1358 4072 anno
1389 4018 1454 4072 12
1482 4018 1597 4071 belli
1636 4017 1821 4072 Punici
1861 4036 1894 4073 a
1930 4014 2115 4075 Catulo

535 4088 719 4141 bellum
746 4098 921 4143 contra
946 4089 1097 4159 Afros
1117 4091 1437 4143 commissum
1461 4098 1555 4143 est.
1590 4087 1861 4159 Profectus
1899 4100 1973 4143 est
2002 4107 2116 4145 cum

539 4174 634 4213 ccc
662 4160 867 4214 navibus
896 4161 948 4212 in
980 4161 1233 4224 Siciliam,
1266 4162 1379 4232 Afri
1406 4169 1582 4213 contra
1607 4161 1773 4229 ipsum
1800 4176 1928 4216 cccc
1964 4178 2115 4217 naves

536 4240 880 4303 paraverunt:
910 4247 1163 4298 nunquam
1196 4233 1248 4284 in
1285 4233 1415 4285 mari
1444 4232 1597 4285 tantis
1626 4234 1784 4302 copiis
1814 4240 2112 4303 pugnatum.

537 4300 771 4374 Lutatius
801 4300 1011 4354 Catulus
1034 4319 1208 4374 navem
1236 4318 1369 4374 wger
1391 4303 1640 4374 ascendit,
1668 4300 1961 4356 vulneratus
1982 4305 2117 4356 enim

537 4372 786 4444 inpunita
814 4388 1073 4441 superiore
1109 4372 1296 4441 fuerat;
1327 4373 1519 4427 Contra
1552 4372 1833 4444 Lilybwum
1864 4374 2118 4444 civitatem

540 4442 1037 4513 Sicilitegiugnatum
1067 4456 1137 4497 est
1168 4446 1359 4513 ingenti
1379 4450 1561 4498 virtute
1584 4442 1951 4498 Romanorum.
1976 4443 2118 4498 Nam

539 4527 699 4566 Lxxnt
723 4514 1194 4585 Carthaginensium
1217 4531 1364 4567 naves
1384 4525 1540 4585 capta:
1555 4525 1693 4581 sunt,
1722 4532 1821 4568 xxv
1858 4517 2115 4581 demersas,

537 4597 718 4637 xxxtiu
769 4584 988 4635 hostium
1028 4595 1194 4652 capta,
1248 4601 1338 4639 xm
1367 4588 1552 4649 occisa,
1583 4586 1835 4653 inﬁnitum
1874 4587 2009 4653 auri,
2032 4603 2119 4639 ar-

2223 3335 2466 3389 adversus
2493 3351 2618 3404 quos
2657 3346 2792 3390 sorte
2829 3338 2969 3391 varia
3002 3338 3254 3392 bellatum
3281 3350 3373 3392 est.
3406 3337 3532 3391 Nam
3552 3336 3595 3387 in
3614 3330 3731 3403 primo

2221 3434 2462 3501 conflictu
2502 3431 2709 3488 Valerio
2737 3452 2843 3489 cos.
2874 3436 2971 3488 tria
2992 3436 3159 3490 millia
3180 3438 3409 3491 cecidere
3431 3435 3739 3488 Romanarum:

2223 3523 2444 3577 secundo
2486 3540 2573 3578 xw
2616 3524 2785 3579 millia
2828 3525 3101 3582 Gallorum
3144 3546 3306 3594 caesa,
3338 3530 3437 3582 duo
3467 3525 3608 3580 millia
3631 3526 3737 3585 capta

2223 3622 2360 3669 sunt.
2408 3614 2512 3670 Sed
2557 3616 2618 3671 ob
2662 3618 2882 3681 priorem
2912 3618 3110 3673 cladem
3134 3630 3156 3659 ο
3185 3620 3474 3676 triumphus
3498 3612 3659 3673 consuli
3677 3610 3739 3661 dc-

2223 3715 2438 3780 negatus
2464 3716 2556 3763 est.

2221 3965 2393 4015 stano,
2423 3956 2477 4003 et
2506 3957 2729 4018 uterque
2756 3966 2872 4007 cum
2907 3953 3188 4021 Eutropio,
3230 3962 3290 4010 ut
3320 3951 3516 4010 notavit
3538 3943 3738 4021 Canisius,

2221 4032 2575 4092 praeterquam
2641 4023 2693 4078 in
2765 4040 2986 4080 numero
3054 4028 3270 4080 navium
3333 4028 3657 4081 demersarum
3704 4020 3741 4066 εί

2221 4094 2448 4164 hostium
2484 4093 2781 4164 occisorum
2794 4135 2806 4148 .
3595 4158 3626 4164 _
3682 4156 3689 4164 ,

2289 4162 2317 4201 ι)
2340 4164 2483 4236 A._et
2532 4163 2621 4229 IL,
2664 4176 2773 4236 post
2803 4166 3097 4221 habebatur.
3149 4165 3297 4220 Tunc
3326 4168 3473 4220 etiam
3502 4165 3559 4229 ρ.
3584 4158 3732 4214 Ennius

2218 4244 2367 4305 poeta
2411 4234 2617 4308 Tarenti
2666 4234 2926 4303 irascitur;
2967 4238 3052 4308 qui
3098 4247 3210 4305 post
3267 4238 3442 4291 Roma:
3470 4241 3736 4308 docutl,_t_=0'f'

2219 4294 2386 4358 lentus
2422 4306 2570 4357 unius
2599 4308 2802 4360 ancilla:
2830 4294 3124 4362 unianimi.
3162 4310 3229 4373 ρ.
3254 4308 3532 4369 Luctatius,
3560 4294 3735 4358 sua.

2221 4375 2321 4431 lius
2351 4391 2479 4429 coss.
2512 4379 2664 4429 creati
2705 4390 2841 4440 sunt.
2882 4379 3067 4433 bellant
3110 4376 3342 4433 Faliscis
3369 4378 3620 4432 intulerunt
3642 4374 3738 4438 (φα

2221 4448 2397 4499 civitas
2428 4442 2598 4500 Italia:
2628 4448 2865 4516 opulenta
2891 4451 3147 4518 quondam
3186 4452 3311 4519 fuit)
3336 4450 3466 4517 quod
3494 4447 3620 4500 ambo
3649 4451 3738 4519 ιοηέ

2222 4520 2353 4571 sules
2392 4519 2526 4569 intra
2557 4534 2645 4571 sex
2675 4521 2801 4582 dies,
2833 4537 2983 4584 quam
3011 4532 3249 4574 venerant
3294 4518 3644 4588 transegerunl.
3669 4518 3740 4560 Μ

2224 4591 2443 4641 hostium
2487 4591 2652 4660 ctesis,
2704 4591 2899 4645 (ceteris
2943 4606 3065 4660 pace
3118 4608 3376 4658 concessa,
3406 4604 3521 4660 agro
3547 4588 3740 4660 tamen;

538 4654 699 4735 genti,
723 4654 911 4735 praedm
937 4655 987 4707 in
1013 4664 1309 4735 potestatem
1341 4656 1686 4735 Romanorum
1712 4657 1991 4710 redactum.
2146 4675 2197 4735 ο
2224 4660 2489 4735 medietate
2528 4659 2750 4714 sublato.
2781 4654 2984 4729 Quibus
3016 4662 3196 4717 verbis
3238 4654 3406 4719 etiam
3432 4654 3543 4717 linit
3569 4656 3735 4715 Eutrop-

539 4726 699 4794 classe
725 4724 876 4794 llam.
909 4739 977 4777 xtl
1005 4741 1151 4794 naves
1183 4727 1475 4781 submersas.
1519 4724 1816 4794 Pugnatum
1856 4736 1927 4780 est
1960 4742 2010 4780 Vt
2040 4727 2112 4781 id.

536 4792 700 4867 Mart.
735 4792 1020 4867 Statimque
1051 4793 1471 4867 Carthaginenscs
1499 4792 1795 4867 petiverunt,
1835 4799 2115 4867 tributaque

536 4875 611 4922 est
650 4864 728 4921 his
769 4881 889 4936 pax.
935 4866 1153 4938 Captivi,
1195 4864 1298 4923 etc.
1331 4866 1399 4921 li.
1423 4864 1712 4923 concordat
1738 4883 1859 4923 cum
1886 4864 2114 4923 Ambro-

630 5016 2396 5042 W

2230 4731 2322 4839 hbe.
2441 4802 2568 4857 edit.
2597 4788 2786 4859 Canis;
2811 4804 3022 4872 vitiose,
3048 4803 3399 4876 triumphans.

2400 5004 3739 5045 __—__'—_-___—__——_____.__——‘

1735 5134 2037 5212 LIBER
2093 5134 2569 5214 TERTIUS.

614 5387 786 5444 Finito
831 5386 988 5458 igitur
1035 5384 1241 5441 Punico
1288 5384 1449 5451 bello,
1483 5389 1507 5418 ⁸
1535 5383 1676 5456 quod
1700 5386 1880 5458 viginti
1907 5396 2005 5443 tres
2025 5403 2121 5445 an-

540 5498 640 5539 nos
666 5492 887 5537 tractum
914 5493 1014 5547 est,
1048 5482 1155 5550 iam
1199 5478 1425 5535 Romani
1454 5480 1755 5536 clarissima
1788 5482 1955 5552 gloria
1981 5484 2115 5551 noti,

540 5572 607 5628 L.
637 5572 863 5627 Cornelio
896 5571 1129 5639 Lentulo,
1175 5570 1358 5626 Fulvio
1401 5571 1603 5627 Flacco
1640 5588 1771 5627 coss.
1819 5574 2022 5643 legatos
2052 5574 2117 5629 ad

545 5666 887 5722 Ptolomaeum
935 5680 1111 5734 regem
1160 5664 1376 5735 Egypti
1430 5664 1710 5732 miserunt,
1761 5664 1956 5719 auxilia
1995 5680 2119 5735 pro-

2231 5389 2525 5454 mittentes,
2558 5389 2677 5457 quia
2719 5405 2808 5444 rex
2842 5390 3010 5461 Syriae
3040 5389 3338 5446 Antiochus
3363 5389 3412 5445 ei
3437 5386 3615 5443 bellum
3640 5380 3743 5436 inm.

2229 5480 2383 5537 lerat.
2420 5481 2511 5536 Ille
2544 5481 2796 5537 Romanis
2824 5482 3019 5553 gratias
3050 5485 3177 5553 egit,
3203 5484 3402 5539 auxilia
3432 5497 3528 5535 non
3557 5471 3742 5541 accepit:

2223 5571 2335 5643 jam
2358 5575 2497 5629 enim
2523 5573 2688 5629 luerat
2717 5574 2803 5629 illa
2831 5591 3001 5645 pugna
3025 5585 3318 5631 transacta.
3347 5575 3537 5629 Eodem
3559 5570 3743 5632 lculilore

2230 5668 2632 5737 potentissimus
2691 5684 2782 5723 rex
2838 5669 3036 5724 Sicilire
3081 5670 3242 5725 Hiero
3292 5671 3510 5724 Romam
3546 5666 3667 5716 venit
3697 5648 3744 5704 ad

617 5790 639 5817 "
667 5783 731 5835 Α.
765 5788 816 5834 et
849 5778 948 5854 ΙΙ.ὲ
966 5794 1099 5845 quoa
1114 5793 1216 5854 per
1251 5795 1359 5854 sm
1412 5794 1572 5854 annos
1629 5788 1942 5833 transactum
2006 5784 2099 5845 est,

2228 5780 2351 5836 nani
2398 5782 2508 5854 jam
2548 5780 2831 5839 clarissima
2877 5782 3044 5854 gloria
3093 5784 3220 5850 noti,
3271 5782 3460 5854 legatos
3505 5775 3568 5831 ad
3608 5762 3743 5826 PW'

547 5867 750 5922 ma'um,
781 5862 886 5907 etc.
913 5850 1193 5920 Eutropius
1225 5850 1383 5906 etiam
1415 5850 1574 5906 habet
1594 5864 1763 5906 annos
1785 5862 1917 5906 xm.
