3920 6336
161 359 258 415 ΤΠ

1218 352 1534 417 HISTORIA
1568 353 1730 417 MISC
1746 359 1944 417 ELLA.
1983 389 2054 404 -
2093 361 2221 416 LIB.
2268 358 2352 415 ill.

3317 367 3418 425 778

160 476 327 542 ludos,
367 478 425 529 et
462 472 687 529 ducenta
734 470 900 527 millia
950 471 1248 528 modiorum
1307 472 1474 528 tritici
1531 475 1729 543 populo
1753 473 1807 534 Α
1833 476 2085 544 fugerunt.
2134 472 2273 526 Nam
2298 474 2397 526 tria
2428 474 2591 529 millia
2616 490 2788 529 eorum
2811 484 2932 529 tunc
2958 478 3231 548 interfecta
3261 480 3423 538 histo-

158 568 289 624 dono
316 574 343 602 ι
370 565 537 621 dedit.
571 563 632 619 Τ.
680 562 876 619 Manlio
928 563 1207 635 Torquato,
1253 564 1312 620 C.
1353 566 1530 621 Attilio
1573 565 1737 621 Balbo

157 677 278 715 coss.
307 659 559 714 Sardinia
584 657 839 712 rebellavit
867 659 1158 712 auctoribus
1182 657 1278 712 Pas
1296 661 1376 712 nis
1404 675 1423 713 :
1452 659 1586 713 unde
1617 675 1735 714 mon

158 754 307 811 Sardi
338 752 558 818 subacti,
601 761 652 806 et
678 752 907 821 oppressi
935 760 1050 805 sunt
1078 768 1096 805 :
1128 751 1612 823 Carthaginensibus
1641 768 1734 806 au-

156 860 249 904 tem
274 849 606 904 violatoribus
643 849 801 915 pacis,
834 862 989 914 quam
1022 848 1125 914 ipsi
1156 847 1524 915 poposcissent,
1551 846 1737 917 inferri

156 940 336 995 bellum
375 940 632 995 decretum
675 948 771 993 est.
815 937 864 991 E
891 946 1069 993 contra
1109 937 1536 1007 Carthaginenses
1564 953 1737 1007 pacem

156 1032 449 1102 suppliciter
497 1044 770 1101 poposcere
789 1044 810 1085 :
833 1039 884 1083 et
926 1046 1042 1084 cum
1088 1029 1164 1083 bis
1186 1030 1370 1084 missis
1403 1030 1583 1100 legatis
1608 1029 1739 1083 nihil

156 1123 512 1193 profecissent,
555 1129 675 1192 post
703 1122 856 1176 etiam
890 1137 1065 1176 eorum
1098 1121 1269 1175 decem
1304 1121 1622 1191 principibus
1666 1120 1739 1176 bis

155 1230 292 1282 teque
320 1213 731 1283 supplicantibus
769 1214 845 1267 nil
876 1214 1227 1283 impetrarent,
1274 1214 1541 1269 nouissime
1588 1212 1741 1268 Han-

156 1307 306 1358 nonis
330 1304 530 1358 minimi
555 1304 778 1357 hominis
798 1304 932 1357 inter
958 1305 1150 1374 legatos
1169 1304 1397 1359 oratione
1419 1314 1735 1360 meruerunt.

162 1395 265 1450 Hoc
292 1412 434 1450 anno
460 1403 608 1463 porta
627 1392 757 1448 Jani
784 1394 984 1448 Gemini
1013 1394 1191 1449 clausa
1218 1402 1311 1462 est,
1338 1397 1458 1465 quia
1487 1412 1739 1466 nusquam

157 1504 209 1542 eo
234 1504 375 1542 anno
402 1487 590 1541 bellum
611 1496 719 1542 erat
742 1502 763 1541 :
788 1485 925 1554 quod
972 1486 1065 1541 sub
1112 1486 1287 1540 Numa
1332 1485 1592 1558 Pompilio
1623 1504 1737 1558 rege

158 1590 472 1653 prouenerat.
506 1583 654 1635 Anno
681 1582 745 1635 ab
778 1579 915 1636 Urbe
961 1582 1167 1636 condita
1196 1581 1323 1644 517,
1362 1564 1593 1636 Amilcar
1632 1582 1742 1637 dua:

159 1670 638 1743 Carthaginensium
674 1674 737 1727 ab
787 1672 1038 1743 Hispanis
1060 1675 1111 1727 in
1136 1673 1289 1737 bello,
1319 1690 1435 1728 cum
1463 1674 1605 1728 aliud
1634 1674 1741 1728 bel-

161 1768 255 1822 hm
280 1768 553 1822 adversum
584 1766 683 1821 Ro.
712 1768 844 1820 clam
866 1774 1086 1832 pararet,
1114 1767 1308 1820 occisus
1333 1776 1421 1821 est.
1453 1766 1514 1821 L.
1548 1767 1740 1821 Postu-

1838 566 1931 618 rici
1951 567 2179 621 tradunt.
2231 565 2377 631 Quod
2413 566 2528 621 ideo
2560 567 2950 638 ignominiosius
2993 575 3289 642 turpiusque
3316 586 3417 643 est,

1840 665 1944 711 tam
1967 660 2142 728 paucis
2169 658 2371 713 amissis
2400 668 2545 713 tanta
2564 663 2772 730 agmina
2797 660 3087 733 diffugisse,
3121 667 3257 735 quod
3285 684 3338 721 se
3364 670 3423 723 in

1840 750 1958 803 aliis
1997 751 2220 804 victoriis
2259 768 2362 805 non
2410 752 2597 806 viribus
2643 755 2935 807 animorum
2966 755 3297 823 perualuisse,
3336 760 3426 813 sed

1840 838 2088 894 bellorum
2114 840 2436 909 proventibus
2456 842 2807 912 prodiderunt.
2830 844 3079 907 Quisnam
3107 847 3259 905 enim.
3276 863 3422 917 rogo,

1838 933 1894 988 in
1928 934 2152 988 exercitu
2180 933 2527 989 Romanorum
2556 937 2781 991 crederet
2802 953 3072 991 numerum
3094 940 3247 992 istum
3269 941 3429 1010 fuisse

1840 1024 2040 1085 saltem.
2071 1041 2170 1078 non
2210 1025 2324 1079 dico
2371 1026 2607 1096 fugisse?
2645 1026 2770 1082 Post
2818 1028 2928 1082 haec
2978 1030 3259 1083 secundum
3310 1045 3429 1083 cum

1840 1111 2006 1168 Gallis
2036 1115 2268 1183 pralium
2299 1125 2496 1187 gestum
2520 1126 2615 1186 est,
2644 1119 2699 1172 in
2723 1135 2823 1189 quo
2845 1122 3002 1190 plane
3024 1136 3089 1174 XL
3118 1121 3283 1174 millia
3302 1120 3431 1176 Gal-

1843 1205 2011 1260 lorum
2040 1207 2295 1261 trucidata
2325 1216 2465 1274 sunt,
2509 1218 2562 1263 et
2601 1210 2901 1280 triumphus
2931 1210 3156 1267 IEm-ilio
3178 1214 3428 1270 decretus

1842 1307 1945 1354 est.
1977 1295 2249 1353 Gallorum
2288 1300 2503 1369 quidem
2540 1302 2703 1356 animi
2744 1301 2976 1369 feroces,
3024 1320 3248 1373 corpora
3281 1306 3430 1375 plus-

1844 1405 2000 1462 quam
2027 1391 2261 1446 humana
2291 1400 2484 1449 erant:
2512 1395 2605 1450 sed
2635 1397 3007 1465 experimento
3038 1399 3433 1468 deprehensum

1844 1492 1950 1544 est,
1996 1484 2137 1553 quod
2181 1484 2355 1539 virtus
2400 1500 2612 1554 eorum,
2655 1488 2791 1543 sicut
2818 1490 2994 1558 primo
3028 1493 3227 1559 impetu
3255 1493 3432 1562 major

1843 1589 2002 1644 quam
2028 1576 2262 1632 virorum
2315 1586 2418 1643 est,
2452 1580 2523 1633 ita
2567 1593 2797 1650 sequens
2840 1581 3012 1636 minor
3068 1597 3226 1652 quam
3275 1585 3433 1640 femi-

1846 1680 2055 1721 narum.
2086 1666 2277 1733 Alpina
2306 1669 2449 1723 enim
2478 1683 2700 1737 corpora
2738 1671 2988 1727 humecto
3027 1672 3166 1728 ccelo
3206 1674 3434 1733 educata

1847 1758 2044 1814 habent
2087 1759 2337 1827 quiddam
2381 1761 2559 1817 simile
2608 1763 2821 1818 nivibus
2866 1766 3015 1819 suis:
3048 1781 3169 1820 cum
3194 1781 3317 1822 mox
3349 1784 3440 1822 ca-

158 1860 291 1914 mius
320 1860 592 1926 Albinius,
616 1858 714 1915 Cu.
754 1859 973 1915 Fulvius
1009 1858 1334 1914 Centimalus
1371 1874 1512 1915 coss.
1542 1860 1738 1915 bellum

1853 1849 1961 1903 lore
2003 1851 2304 1904 exarserint
2349 1866 2559 1920 pugn-.9,
2603 1856 2781 1907 statim
2825 1854 2879 1908 in
2910 1855 3161 1910 sudorem
3193 1868 3342 1921 euut,
3384 1866 3443 1912 et

161 1962 339 2007 contra
388 1951 632 2021 Illyricos
678 1950 922 2021 sequenti
949 1949 977 1988 ι’
1004 1957 1288 2021 gesserunt
1315 1966 1472 2015 anno,
1510 1966 1571 2004 eo
1609 1951 1744 2019 quod

160 2044 307 2114 legati
338 2041 696 2097 Romanorum
716 2043 778 2095 ab
804 2040 1006 2112 Illyriis
1028 2041 1285 2110 interfecti
1311 2051 1450 2095 sunt.
1478 2039 1605 2093 Post
1633 2056 1747 2094 cum

160 2139 274 2206 ipsis
300 2136 509 2207 Illyriis
556 2137 933 2191 atrocissimum
972 2136 1160 2191 bellum
1201 2148 1396 2207 gestum
1440 2146 1534 2204 est,
1566 2138 1618 2191 in
1648 2154 1745 2201 quo

162 2231 325 2284 multis
356 2229 587 2300 Oppidis,
611 2230 971 2299 Oppidulisque
995 2229 1195 2293 deletis,
1236 2229 1420 2299 reliqui
1451 2246 1503 2283 se
1534 2227 1743 2294 Fulvio,

170 2322 539 2391 Postumioque
577 2336 707 2375 coss.
735 2320 1037 2374 dediderunt
1063 2335 1082 2374 :
1105 2336 1164 2373 ac
1194 2329 1301 2373 tum
1334 2321 1556 2387 primum
1587 2335 1650 2373 ex
1671 2320 1750 2373 Il-

167 2413 306 2485 lyriis
340 2413 711 2483 triumphatum
739 2422 832 2466 est.
861 2412 1033 2465 Tertio
1061 2412 1297 2483 deinceps
1338 2427 1473 2465 anno
1512 2412 1750 2466 miseram

163 2506 408 2558 ciuitatem
446 2503 711 2573 sacrilegis
741 2504 1004 2571 sacriﬁciis
1033 2504 1163 2556 male
1191 2512 1411 2571 petentes
1439 2505 1750 2572 funestavere

164 2595 463 2665 Pontiﬁces.
512 2594 655 2649 Nam
692 2595 960 2648 decemviri
1002 2595 1419 2648 consuetudinem
1458 2596 1639 2665 prisca:
1663 2611 1750 2648 su-

166 2690 470 2759 perstitionis
508 2688 691 2758 egressi
715 2728 761 2753 ,ν
798 2685 1006 2741 Gallum
1049 2687 1232 2751 virum,
1272 2695 1318 2739 et
1361 2686 1563 2739 Gallam
1604 2686 1751 2755 femi-

167 2796 303 2848 nam,
362 2765 483 2834 cum
529 2778 739 2832 muliere
777 2779 929 2831 simul
976 2776 1253 2841 erca,in
1295 2780 1406 2845 foro
1445 2773 1632 2829 Boario
1679 2776 1753 2827 vi-

171 2890 250 2928 ros
294 2873 626 2945 defoderunt.
666 2872 771 2927 Sed
816 2871 1209 2941 obligamentum
1264 2871 1360 2920 ltoc
1403 2869 1657 2937 magicum
1698 2868 1751 2920 in

166 2965 472 3019 contrarium
493 2965 731 3017 continuo
750 2979 947 3017 versum
958 2970 1049 3016 est.
1068 2960 1301 3029 Namque
1315 2959 1455 3012 diras
1477 2960 1611 3023 illas,
1626 2975 1752 3025 quas

168 3059 387 3126 fecerant
422 3063 753 3109 externorum
792 3064 998 3119 mortes,
1030 3052 1322 3120 [rectissimis
1353 3065 1560 3104 suorum
1588 3050 1753 3102 cardi-

170 3146 259 3201 bus
287 3149 570 3216 expiavere.
604 3147 872 3217 Siquidem
902 3146 963 3199 L.
998 3143 1217 3199 {Emilio
1246 3144 1441 3206 Paulo,
1474 3144 1534 3198 Ο.
1567 3145 1748 3197 Attilio

1848 1941 1951 1997 levi
1978 1949 2125 1996 motu
2169 1942 2320 2011 quasi
2357 1944 2473 1999 sole
2527 1947 2789 2002 laxantur.
2836 1947 2900 2002 ili
2942 1949 3262 2005 Brittomaro
3304 1952 3442 2008 duce

1850 2048 1951 2090 non
1978 2037 2123 2103 prius
2154 2036 2424 2106 posituros
2464 2052 2523 2093 se
2573 2039 2745 2093 baltea
2774 2028 3111 2108 juravcrunt,
3146 2045 3441 2112 quammu-

1849 2126 2090 2195 pitolium
2139 2128 2322 2182 Romae
2349 2141 2370 2168 ε
2401 2132 2767 2185 ascendissent.
2818 2133 2969 2200 Quod
3012 2143 3067 2189 et
3111 2136 3304 2191 factum
3335 2145 3443 2193 est.

1848 2218 1980 2275 Nam
2013 2221 2184 2275 victos
2215 2235 2309 2277 cos
2351 2222 2606 2278 Emilius
2657 2226 2710 2279 in
2751 2224 3026 2297 Capitolio
3055 2230 3328 2286 discinxit.
3377 2230 3446 2287 Et

1852 2312 1977 2381 quia
2009 2312 2115 2367 dux
2144 2326 2329 2368 eorum
2375 2316 2441 2368 de
2488 2314 2735 2371 Romano
2781 2318 2951 2373 milite
2998 2320 3150 2375 Marti
3191 2337 3289 2376 suo
3332 2330 3444 2377 tor-

1850 2418 2010 2472 quem
2055 2419 2270 2459 auream
2326 2406 2668 2475 devotasset,
2712 2410 2778 2464 de
2825 2410 3049 2480 ipsius'1
3076 2415 3438 2479 Ariobistonis,

1854 2495 2285 2565 reliquorumque
2355 2497 2627 2553 Gallorum
2692 2503 2968 2570 torquibus
3035 2518 3254 2559 aureum
3331 2514 3440 2562 tro-

1854 2584 2059 2655 phteum
2104 2586 2222 2641 iovi
2248 2590 2415 2642 erexit
2449 2590 2493 2641 °.
2526 2588 2769 2661 Sequenti
2799 2609 2935 2647 anno
2960 2592 3189 2649 Manlius
3214 2594 3447 2666 Torqua-

1854 2686 1935 2731 tus
1992 2688 2038 2732 et
2070 2677 2290 2733 Fulvius
2317 2679 2540 2735 Flaccus
2578 2700 2708 2737 coss.
2755 2696 2931 2739 contra
2977 2686 3188 2757 Ligures
3216 2684 3439 2756 primum

1855 2782 1994 2826 trans
2035 2772 2239 2826 Partum
2272 2773 2530 2829 Romanas
2560 2777 2752 2831 duxere
2778 2779 3018 2847 legiones.
3048 2777 3348 2850 Pugnatum
3372 2790 3447 2834 est

1852 2865 1924 2921 ibi
1976 2882 2091 2921 cum
2133 2866 2433 2922 Insubribus
2481 2868 2664 2935 Gallis,
2696 2886 2909 2939 quorum
2932 2872 3197 2940 interfecta
3216 2883 3336 2927 sunt
3360 2875 3440 2926 vi-

1855 2959 1983 3029 ginti
2005 2960 2105 3011 tria
2125 2975 2218 3022 m.,°
2236 2960 2452 3028 quinque
2476 2959 2637 3013 millia
2652 2971 2801 3030 capta
2820 2970 2957 3016 sunt.
2986 2961 3060 3015 Eo
3082 2963 3265 3017 deinde
3284 2979 3444 3031 anno,

1855 3055 1938 3123 qui
1976 3055 2092 3106 huic
2132 3053 2394 3121 proximus
2422 3054 2537 3122 fuit,
2570 3054 2683 3107 dira
2717 3052 2903 3108 Urbem
2933 3064 3156 3109 terruere
3188 3057 3443 3126 prodigia.

1857 3143 2094 3214 Namque
2117 3149 2170 3197 in
2205 3144 2390 3198 Piceno
2410 3146 2623 3213 ﬂumine
2651 3146 2862 3215 sanguis
2907 3147 3094 3216 effluxit
3115 3160 3136 3200 :
3163 3147 3302 3215 apud
3330 3146 3445 3199 Fa—

167 3240 364 3313 Regulo
390 3259 524 3297 coss.
559 3258 749 3312 magna
774 3240 1048 3309 formidine
1072 3248 1421 3295 consternatus
1445 3247 1519 3292 est
1539 3249 1747 3292 senatus
1775 3213 1823 3279 ο
1855 3235 2004 3290 liscos
2053 3239 2235 3289 caelum
2304 3238 2465 3289 visum
2513 3245 2587 3289 est
2635 3237 2821 3290 ardere
2840 3252 2859 3291 :
2885 3247 2931 3289 et
2980 3238 3195 3291 Arimini
3242 3244 3444 3291 noctem

172 3334 446 3403 delectione
488 3334 766 3405 Cisalpinae
808 3333 1026 3399 Galliaz,
1074 3349 1190 3387 cum
1234 3334 1383 3387 etiam
1414 3348 1474 3386 ea:
1514 3332 1753 3387 ulteriore

173 3422 343 3479 Gallia
366 3426 546 3497 ingens
573 3426 850 3480 adventare
878 3426 1131 3479 exercitus
1157 3425 1497 3487 nuntiaretur,
1529 3424 1752 3477 maxime

171 3515 495 3584 Gesatorum,
539 3519 679 3588 quod
720 3533 904 3571 nomen
930 3533 1031 3571 non
1067 3516 1252 3586 gentis,
1290 3515 1378 3568 sed
1417 3515 1752 3568 mercenaria-

172 3624 277 3663 rum
305 3608 583 3665 Gallorum
611 3620 704 3664 est.
737 3609 923 3681 Itaque
962 3610 1175 3678 permoti
1210 3624 1339 3663 coss.
1387 3611 1542 3662 totius
1584 3607 1754 3663 Italitc

174 3700 236 3751 ad
265 3702 570 3769 prasidium
592 3702 795 3771 imperii
837 3710 1134 3756 contraxere
1174 3702 1322 3755 vires.
1371 3700 1484 3766 Quo
1514 3702 1670 3772 facto,
1702 3702 1755 3755 in

175 3792 431 3863 utriusque
479 3809 585 3848 cos.
642 3792 864 3848 exercitu
906 3794 1189 3863 octingenta
1238 3793 1401 3847 millia
1442 3803 1754 3848 armatorum

179 3882 326 3951 fuisse
351 3885 612 3953 feruntur,
645 3886 775 3939 sicut
807 3882 1006 3939 Fabius
1038 3885 1332 3949 historicus,
1365 3885 1450 3953 qui
1479 3886 1598 3938 huic
1624 3885 1753 3939 bello

176 3974 421 4045 interfuit,
455 3976 675 4044 scripsit.
720 3975 803 4030 Eo:
839 3976 1023 4046 quibus
1082 3974 1431 4030 Romanorum
1460 3984 1506 4029 et
1534 3974 1753 4045 Campa-

183 4080 355 4119 norum
378 4067 587 4133 fuerunt
616 4066 837 4134 peditum
862 4082 1128 4123 CCCXLVIII
1154 4067 1317 4120 millia
1343 4052 1543 4120 ducenti
1570 4084 1585 4118 :
1619 4068 1756 4137 equi-

188 4164 288 4210 tum
323 4174 439 4212 cero
476 4159 655 4230 viginti
675 4174 761 4213 sex
789 4160 951 4213 millia
985 4159 1205 4213 sexcenti
1229 4173 1247 4211 :
1269 4168 1453 4213 cretera
1482 4158 1755 4211 multitudo

189 4250 434 4302 sociorum
462 4250 578 4319 fuit.
609 4248 887 4305 Commisso
911 4252 1084 4321 proelio
1114 4252 1251 4319 apud
1292 4250 1517 4304 Aretium
1546 4251 1754 4305 Attilius

188 4352 317 4410 τοι,
338 4342 533 4395 occisus
567 4349 660 4395 est.
725 4341 1026 4413 Octingenta
1056 4343 1219 4396 millia
1251 4343 1621 4410 Romanorum,
1663 4358 1753 4397 nec

179 4435 350 4491 taltetst
372 4446 541 4504 tanta,
568 4447 760 4507 quanta
786 4454 869 4491 eos
899 4446 1083 4492 terrere
1111 4438 1303 4504 debuit,
1334 4453 1465 4493 ctesa
1485 4439 1564 4494 sui
1586 4448 1751 4508 parte,

1851 3330 2014 3382 multa
2042 3329 2152 3382 luce
2195 3329 2390 3381 claram
2431 3328 2683 3396 effulsisse
2708 3345 2726 3384 :
2748 3346 2808 3384 ac
2837 3340 2936 3384 tres
2965 3332 3114 3384 lunas
3139 3331 3444 3385 distantibus

1852 3419 1964 3475 coeli
1995 3422 2279 3489 regionibus
2320 3430 2523 3475 exortus
2551 3424 2850 3492 apparuisse
2874 3438 2893 3476 :
2921 3431 2966 3477 et
2998 3424 3175 3478 Romae
3196 3422 3292 3479 Cn.
3324 3422 3439 3477 Do-

1853 3513 1981 3566 mitii
2009 3513 2095 3566 bos
2124 3514 2321 3567 locutus
2352 3522 2442 3579 est,
2470 3512 2638 3567 dicens
2666 3532 2679 3567 :
2708 3513 2840 3568 Cave
2880 3516 2992 3581 tibi,
3027 3515 3211 3571 Roma.
3244 3515 3437 3571 Carnes

1854 3607 2001 3660 etiam
2022 3622 2050 3659 e
2071 3606 2197 3661 coelo
2228 3608 2386 3677 lapsa:
2412 3615 2550 3674 sunt,
2591 3621 2808 3677 quorum
2850 3623 2970 3675 pars
2999 3611 3062 3662 ab
3087 3609 3262 3662 avibus
3292 3609 3448 3661 inter-

1857 3706 2001 3767 cepta
2045 3707 2136 3764 est,
2183 3714 2301 3768 pars
2348 3698 2647 3768 incorrupta
2688 3700 2779 3752 diu
2816 3699 3003 3769 jacuit.
3057 3699 3199 3755 Tunc
3246 3717 3445 3772 quoque

1854 3805 2040 3861 magno
2071 3801 2217 3844 terra:
2244 3798 2381 3843 motu
2413 3791 2564 3844 Caria
2611 3801 2658 3844 et
2710 3789 2926 3844 Rhodus
2957 3792 3139 3846 insulte
3163 3792 3293 3846 adeo
3322 3808 3448 3846 con-

1855 3897 2016 3936 cussa:
2043 3892 2178 3949 sunt,
2203 3890 2254 3935 ut
2279 3881 2564 3936 labentibus
2587 3882 2737 3953 vulgo
2763 3882 2905 3936 tectis
2934 3883 3114 3953 ingens
3140 3899 3338 3953 quoque
3359 3883 3452 3938 ille

1857 3974 2082 4027 colossus
2112 3981 2300 4027 rueret.
2332 3970 2531 4026 Eodem
2552 3987 2690 4025 anno
2717 3970 3021 4026 Flaminius
3053 3988 3159 4027 cos.
3192 3981 3450 4041 contemp-

1858 4068 1922 4119 tis
1960 4066 2223 4135 auspiciis,
2270 4065 2448 4132 quibus
2495 4080 2729 4135 pugnare
2773 4063 3160 4143 prohibebatur,
3210 4065 3450 4118 adversus

1860 4158 2039 4213 Gallos
2094 4159 2353 4225 conﬂixit,
2402 4166 2448 4211 et
2496 4159 2631 4211 vicit.
2683 4156 2749 4211 In
2791 4174 2891 4228 quo
2922 4159 3050 4212 bello
3082 4173 3257 4213 nouem
3283 4158 3450 4213 millia

1862 4249 2123 4304 Gallorum
2175 4264 2328 4313 caesa,
2374 4256 2560 4317 septem
2601 4257 2649 4301 et
2694 4248 2864 4303 decem
2904 4248 3067 4302 millia
3094 4256 3247 4318 capta
3304 4258 3445 4303 sunt.

1862 4338 1989 4395 Post
2017 4341 2112 4393 hoc
2141 4338 2217 4393 M.
2253 4338 2500 4393 Claudius
2544 4337 2843 4405 Marcellus,
2882 4337 2979 4393 Cn.
3023 4337 3290 4394 Cornelius
3330 4338 3450 4396 Sci-

1859 4433 1969 4503 pio.
1999 4438 2178 4485 contra
2207 4430 2385 4485 Gallos
2407 4440 2778 4500 pugnaverunt.
2809 4422 3093 4488 Marcellus
3118 4420 3224 4487 cos.
3253 4431 3448 4489 deinde

245 4620 271 4687 ξι
301 4612 377 4687 Αἑ
396 4626 493 4687 pro
522 4611 679 4687 dedit,
708 4614 954 4667 exhibuit.
983 4612 1122 4687 Hinc
1153 4612 1311 4668 Lucio
1350 4614 1589 4687 Gornelio
1616 4614 1748 4669 Len-
1779 4585 1834 4647 Β
1932 4616 1996 4672 H.
2043 4616 2328 4671 concordat
2364 4630 2482 4670 cum
2526 4616 2770 4672 Ambros.
2806 4618 2988 4686 paucis
3033 4617 3289 4687 exceptis,
3325 4631 3448 4671 nam

186 4682 301 4748 tulo,
334 4683 519 4738 Fulvio
549 4681 736 4737 Flacco
760 4701 917 4753 coss.,
948 4686 1128 4753 quibus
1164 4688 1317 4739 Hiero
1354 4686 1573 4740 Romam
1601 4702 1749 4741 vene-
1784 4732 1787 4733 ν

184 4763 273 4819 rat,
305 4756 455 4827 etiam
472 4763 662 4827 contra
690 4755 903 4826 Ligures
929 4757 1066 4809 intra
1100 4754 1308 4809 Italiam
1339 4755 1526 4810 bellum
1554 4768 1747 4827 gestum

186 4834 266 4894 est.
295 4824 435 4877 Nam
462 4826 622 4877 iidem
669 4824 798 4879 coss.
850 4828 1001 4894 primi
1047 4837 1186 4881 trans
1234 4826 1438 4879 Padum
1488 4824 1749 4882 Romanas

186 4893 363 4966 (luxere
388 4896 637 4966 legiones.
668 4893 961 4966 Pugnatum
991 4906 1062 4951 est
1099 4899 1166 4949 ibi
1197 4913 1313 4950 cum
1348 4898 1373 4950 Ι
1384 4899 1649 4952 nsubribus
1704 4910 1749 4955 et

186 4959 724 5039 Liguribuszﬂquorum
754 4959 1028 5036 interfecta
1058 4977 1175 5022 sunt
1204 4971 1378 5039 viginti
1421 4972 1520 5021 tria
1564 4972 1743 5036 millia,

188 5037 387 5108 quinque
414 5038 579 5090 millia
621 5047 789 5108 capta,
837 5048 881 5093 et
923 5038 985 5092 de
1026 5043 1103 5094 his
1144 5037 1515 5108 triumphatum
1539 5042 1750 5096 est.-Se-

223 5107 345 5183 uenti
375 5124 514 5183 anno
540 5110 592 5161 in
619 5107 802 5183 Piceno
846 5110 1053 5179 ﬂumine
1079 5112 1284 5183 sanguis
1309 5111 1518 5181 effluxit,
1546 5123 1591 5165 et
1613 5114 1749 5183 apud

232 5192 364 5233 uscos
390 5179 572 5232 cretum
599 5181 777 5233 ardere
802 5186 963 5234 visunt
991 5190 1086 5247 est,
1110 5193 1155 5235 et
1175 5179 1393 5235 Arimini
1420 5190 1565 5236 nocte
1590 5179 1751 5237 multa

182 5239 285 5302 luce
324 5252 548 5320 fulgente
582 5260 694 5325 tres
736 5252 889 5305 simul
919 5254 1056 5307 lunae
1074 5239 1454 5325 apparuerunt.
1485 5253 1753 5325 Carthagi-

180 5326 349 5393 aenses
379 5331 545 5374 tamen
575 5320 758 5374 bellum
788 5339 1027 5393 reparare
1064 5320 1343 5392 tentabant,
1373 5320 1751 5393 Sardiniensés,

180 5392 649 5464 quiescottditione
696 5392 849 5462 pacis
877 5395 1120 5450 Romanis
1171 5412 1349 5464 parere
1387 5395 1651 5463 debebant,
1686 5392 1752 5449 ad

180 5462 517 5537 [sbellandum
553 5465 891 5537 Atntpellentes.
941 5464 1083 5520 Venit
1117 5462 1285 5520 tamen
1316 5465 1536 5537 Romam
1566 5468 1748 5537 legatio

178 5520 675 5609 Carthaginiensium,
705 5547 750 5588 et
778 5551 953 5609 pacem
980 5540 1261 5609 impetravit
1402 5535 1586 5593 Mallio
1612 5520 1752 5591 ’Τοῖ-

173 5609 345 5667 quato,
380 5604 505 5657 Caio
534 5607 709 5659 Attilio
738 5606 888 5677 vulgo
914 5604 1139 5663 cossfde
1176 5608 1360 5662 Sardis
1389 5611 1754 5678 triumphatum

169 5679 270 5747 fat,
292 5688 335 5728 et
355 5691 481 5747 pace
509 5678 740 5729 omnibus
757 5678 877 5731 locis
904 5683 1064 5747 facta,
1090 5678 1309 5732 Romani
1341 5682 1539 5732 nullum
1571 5680 1757 5734 bellum

166 5734 455 5819 [habuerunt
472 5748 639 5816 :quod
653 5748 731 5800 his
755 5761 862 5818 post
879 5734 1092 5803 Romam
1110 5752 1367 5805 conditam
1386 5751 1539 5804 semel
1561 5761 1759 5805 tantum

165 5802 349 5873 Numa
405 5802 667 5887 Pompilio
713 5802 829 5889 rege
876 5802 1309 5893 corttigerat.mL.
1346 5802 1607 5895 Pastum;
1634 5802 1819 5899 ’ξ

456 5918 968 6003 ΡΑΤιιοικΧΕΥ.

1856 4704 1949 4760 pro
1993 4702 2096 4744 ccu
2131 4689 2298 4760 habet
2335 4702 2397 4742 cc
2433 4689 2582 4741 etiam
2634 4697 2839 4760 contra_
2861 4689 3097 4760 Ligures,
3133 4688 3259 4758 legit
3291 4689 3450 4742 etiam

1856 4759 2091 4870 Ligures.
2122 4757 2189 4811 In
2224 4758 2410 4812 Piceno
2441 4761 2692 4822 ﬂumine;
2723 4761 2775 4812 in
2805 4757 2998 4814 Piceno
3021 4757 3237 4827 ﬂumen,
3263 4771 3369 4812 etc.

1988 4833 2018 4870 Δ
2094 4839 2136 4870 et
2161 4829 2334 4870 multis
2360 4831 2640 4870 nimi/ilibus
2672 4831 2834 4870 nanti:
2867 4835 3015 4870 ptinm
3046 4846 3188 4870 uno:
3218 4832 3269 4870 in
3301 4830 3365 4870 de

1983 4833 2069 4895 A.,
2094 4839 2136 4884 et
2161 4829 2334 4881 multis
2360 4831 2640 4883 civitatibus
2672 4831 2834 4897 captis
2867 4835 3017 4884 etiam
3046 4846 3188 4900 reges
3218 4832 3269 4881 in
3301 4828 3450 4881 dedi-

1857 4902 2042 4956 tionem
2078 4910 2376 4967 acceperunt
2401 4915 2418 4952 :
2448 4917 2507 4953 ac
2533 4909 2640 4953 tum
2674 4903 2892 4968 primum
2938 4905 2999 4955 de
3038 4904 3115 4954 his
3148 4901 3449 4968 triumpha-

1860 4984 1966 5027 tum
1992 4982 2087 5027 est.
2120 4969 2340 5025 Emilio
2384 4987 2491 5026 cos.
2536 4972 2762 5042 ingentes
2797 4971 3070 5042 Gallorum
3109 4972 3269 5041 c0pite
3296 4969 3451 5042 Alpes

1864 5048 2192 5105 transierunt,
2242 5041 2695 5112 traditumque’eSt
2722 5061 2754 5096 a
2780 5041 2944 5096 Fabio
2973 5044 3239 5112 historico,
3270 5041 3360 5111 qui
3390 5054 3449 5091 eo

1862 5114 1991 5169 bello
2042 5113 2270 5184 interfuit
2320 5128 2475 5168 nccu.
2504 5111 2786 5167 hominum
2839 5127 3021 5184 parata
3063 5113 3129 5166 ad
3172 5111 3223 5164 id
3260 5112 3448 5163 bellum

1865 5187 2044 5257 fuisse.
2065 5185 2169 5239 Sed
2194 5199 2273 5236 res
2295 5200 2382 5257 per
2406 5200 2513 5257 cos.
2539 5193 2733 5237 tantum
2755 5199 2992 5253 prospere
3020 5193 3159 5253 gesta
3187 5196 3317 5247 xLu,
3336 5190 3444 5235 etc.

1936 5258 2001 5311 H.
2033 5268 2127 5327 pro
2154 5268 2290 5309 nccu
2335 5256 2496 5309 habet
2516 5271 2657 5309 1.st
2703 5257 2753 5311 in
2778 5256 2989 5311 caeteris
3015 5269 3135 5309 cum
3166 5261 3373 5308 nostro.

1940 5338 1965 5366 ο
1995 5330 2061 5382 Α.
2084 5336 2140 5381 et
2170 5328 2254 5388 IL,
2288 5327 2655 5381 incendissent.

1935 5397 1963 5436 ἀ
1985 5402 2075 5465 Α.,
2102 5398 2259 5451 Aurio
2285 5397 2517 5451 bistonis.

1940 5478 1964 5506 θ
1998 5474 2035 5523 Α
2068 5470 2375 5523 continuat:
2403 5470 2612 5535 Aliquot
2654 5468 2838 5522 deinde
2889 5468 3038 5522 annis
3094 5474 3207 5535 post
3264 5474 3449 5520 contra

1940 5483 1964 5506 θ
1998 5483 2035 5523 Α
2068 5483 2339 5523 continuat
2364 5486 2375 5523 :
2403 5483 2612 5535 Aliqum
2654 5483 2838 5522 aemae
2889 5484 3038 5522 annis
3132 5483 3207 5520 ost
3264 5483 3449 5520 contra

1864 5538 2114 5595 Gallosin
2136 5537 2294 5592 Italia
2318 5548 2602 5608 pugnatum
2622 5551 2717 5593 est.
2738 5537 3011 5610 Finitoque
3028 5483 3173 5610 bello
3187 5536 3266 5610 Μ.
3291 5536 3449 5610 Glau-

1864 5614 1951 5666 dio
2008 5611 2255 5665 Marcello
2310 5611 2402 5665 Cn.
2458 5610 2617 5665 Corn.
2673 5608 3090 5680 Scipione'coss.
3146 5608 3449 5672 Marcellus,

1840 5684 2050 5810 .tblelizide
2082 5698 2194 5738 cum
2221 5682 2409 5753 impru.
2441 5692 2547 5739 etc.
2580 5681 2671 5752 H.,
2703 5694 2988 5753 pugnatum
3012 5692 3109 5753 est,
3137 5681 3447 5751 ﬁnitumque

1900 5770 1926 5810 e
1969 5770 2019 5810 ο.

1900 5770 2019 5811 ειιο.

2944 5920 3027 6022 95.
