3920 6336
185 367 284 435 781

1254 352 1570 439 HISTORIA
1605 370 1963 445 MISCELLA.
2001 356 2074 420 ὲ-
2108 371 2238 439 LIB.
2280 372 2369 447 ut.

3332 390 3436 449 783

177 470 325 559 deni,
354 490 607 565 pendulas
654 500 704 559 et
756 490 1026 559 dissolutos
1073 510 1276 568 campos
1325 497 1637 567 reliquerat,
1681 492 1745 551 de
1851 501 2069 571 quatuor
2138 494 2303 549 millia
2372 494 2721 555 Romanorum
2795 499 3062 571 interfecta
3139 521 3278 564 sun...
3360 509 3436 567 De

173 588 352 659 quibus
383 589 579 653 dictum
607 597 680 644 est
705 605 722 645 ε

761 680 821 731 Et
839 694 948 743 quso
971 684 1102 747 rigat
1123 695 1319 749 equora
1342 682 1540 743 Sarnus.

167 761 231 823 In
255 781 387 837 quos
415 781 532 825 cunt
553 767 777 831 etercittt
807 781 1103 837 progressus
1132 765 1377 833 Annibal,
1406 764 1601 821 nebulis
1630 779 1747 829 ma-

165 856 322 922 xime,
352 872 468 926 qua!
506 857 569 913 de
613 856 801 927 palude
826 858 1221 923 exhalabantur,
1250 868 1568 929 prospectum
1596 861 1747 935 aufe-

164 950 428 1018 rentibus,
469 966 707 1027 ntagnam
749 959 948 1022 partem
979 952 1254 1017 sociorum,
1294 955 1748 1021 jumentorumque

162 1042 400 1112 perdidit.
435 1039 467 1097 1
471 1058 557 1115 pse
584 1050 750 1103 autem
772 1042 859 1103 uni
886 1040 1174 1119 elephanto,
1202 1043 1289 1115 qui
1317 1043 1453 1097 solus
1480 1044 1748 1114 superfue—

159 1146 260 1201 rat,
288 1136 640 1209 supersidens,
669 1138 754 1191 via:
783 1133 1133 1205 diﬂicnltatem
1158 1136 1329 1190 evasit.
1380 1135 1484 1189 Sed
1538 1134 1745 1188 oculum

159 1243 255 1299 quo
284 1227 607 1301 jamdudum
633 1226 686 1279 in
716 1224 893 1297 Alpib.
923 1241 1055 1295 teger
1099 1233 1206 1279 erat
1232 1224 1473 1281 violentia
1509 1223 1763 1305 frigoris,

158 1317 545 1390 vigiliarumque
569 1333 629 1385 ac
656 1316 847 1383 laboris
875 1316 1061 1370 amisit.
1090 1313 1189 1369 Ubi
1212 1330 1329 1368 vero
1357 1314 1622 1389 proximus
1652 1328 1746 1366 ca-

157 1410 271 1465 stris
299 1408 551 1471 Flaminii
574 1409 795 1473 consulis
821 1409 939 1481 fuit,
968 1407 1246 1473 vastatione
1271 1404 1745 1477 circuvnjacentium

157 1500 384 1563 locorum
420 1499 739 1569 Flaminium
760 1501 813 1555 in
838 1499 1025 1555 bellum
1053 1500 1303 1553 excitavit.
1335 1496 1461 1555 Herc
1482 1514 1656 1573 pugna
1676 1498 1745 1551 ad

157 1591 539 1659 Trasumennus
579 1592 747 1647 locum
771 1591 911 1661 facta
939 1599 1037 1657 est,
1069 1590 1156 1644 ubi
1187 1589 1439 1645 exercitus
1483 1587 1745 1663 Romanus

155 1684 504 1755 infelicissima
533 1693 643 1741 arte
670 1683 936 1747 Annibalis
957 1684 1350 1749 circumventus,
1376 1682 1611 1753 funditus
1636 1686 1748 1735 tru-

1854 586 2076 639 exercitu
2097 602 2211 640 vero
2227 585 2494 644 Annibalis
2523 590 2623 645 tria
2650 590 2816 646 millia
2841 607 2973 648 ctua
3001 602 3140 661 sunt,
3171 607 3219 651 et
3247 614 3435 671 magna

1853 692 1974 747 pars
2002 678 2243 733 sauciata.
2266 678 2423 736 Nullo
2446 688 2621 737 tamen
2654 681 2855 738 Punico
2882 683 3023 740 bello
3047 684 3275 743 Romani
3298 692 3436 748 adeo

1856 770 1921 824 ad
1956 779 2191 835 extrema
2225 773 2601 830 internecionis
2629 775 2825 832 addicti
2858 786 3004 832 sunt.
3052 776 3218 835 Periit
3266 780 3319 836 in
3366 797 3436 840 eo

1853 858 1978 916 Cos.
2030 862 2279 920 IEmilius
2309 864 2505 922 Paulus
2540 885 2552 920 :
2581 867 2672 939 qui
2699 867 2825 924 dum
2869 870 3082 925 saucius
3117 869 3173 927 in
3201 875 3435 943 quodam

1851 969 1981 1009 saxo
2007 956 2319 1025 resedisset,
2349 958 2607 1016 oﬂ'erente
2632 962 2680 1016 ei
2712 960 2937 1017 Lentulo
2962 978 3186 1033 equum,
3218 980 3327 1036 quo
3348 966 3433 1021 fn-

1849 1056 2018 1117 geret,
2045 1057 2102 1102 ut
2130 1049 2266 1103 cladi
2294 1061 2617 1121 superesset,
2649 1052 2855 1109 noluit:
2908 1063 3064 1125 atque
3090 1055 3161 1112 ibi
3191 1058 3434 1126 persedit

1853 1136 2024 1192 donec
2047 1138 2113 1193 ab
2140 1128 2379 1195 hostibus
2398 1152 2703 1211 peremptus
2726 1154 2828 1200 est.
2856 1144 3136 1201 Perierunt
3152 1155 3331 1203 autem
3358 1148 3435 1207 ibi

1849 1230 2179 1309 consulares,
2212 1243 2301 1287 aut
2330 1234 2561 1309 praetorii
2589 1234 2797 1306 viginti,
2829 1244 3105 1293 senatores
3132 1238 3310 1308 capti,
3337 1246 3434 1296 aut

1849 1321 2011 1377 occisi
2056 1306 2287 1392 triginta,
2316 1306 2649 1391 dnobiliores
2695 1326 2795 1382 viri
2828 1329 3079 1395 trecenti,
3115 1306 3433 1398 pedestrium

1848 1412 2075 1468 militum
2094 1414 2441 1486 quadraginta
2473 1416 2669 1482 millia,
2701 1418 2934 1489 equitum
2960 1421 3057 1475 tria
3081 1421 3244 1476 millia
3275 1424 3435 1492 quin-

1848 1506 2012 1585 genti.
2033 1504 2216 1591 .Varro
2243 1504 2367 1562 Cos.
2425 1522 2546 1563 cum
2573 1509 2949 1587 quinquaginta
2987 1510 3252 1583 equitibus
3275 1523 3301 1552 ⁸
3327 1514 3435 1572 νο-

1852 1595 2060 1649 nusium
2082 1593 2230 1666 fugit.
2254 1595 2362 1653 Nec
2383 1598 2602 1654 dubium
2625 1608 2707 1656 est
2726 1601 2969 1657 ultimum
2988 1602 3135 1657 illum
3150 1604 3291 1659 diem
3316 1605 3433 1661 Ro-

1853 1685 1997 1741 mani
2023 1694 2191 1742 status
2223 1687 2454 1753 futurum
2497 1690 2689 1757 fuisse,
2717 1693 2761 1746 si
2794 1692 3021 1748 Annibal
3051 1707 3172 1749 mox
3193 1696 3259 1750 ad
3304 1710 3431 1763 per-

153 1780 357 1843 cidatus
386 1789 457 1835 est
491 1793 511 1834 :
547 1779 653 1850 ipse
680 1794 874 1853 quoque
897 1777 1012 1845 Cos.
1060 1777 1277 1853 occisus,
1313 1774 1488 1848 uiginti
1527 1774 1747 1853 quinque
1852 1774 2146 1832 vadendam
2178 1777 2373 1845 Urbem
2404 1781 2786 1838 contendisset.
2814 1784 2923 1838 Sed
2944 1785 3017 1838 sic
3040 1800 3273 1840 successu
3301 1786 3425 1841 belli

152 1871 315 1929 millia
350 1869 700 1929 Romanorum
727 1871 782 1927 in
808 1886 866 1931 ea
892 1868 1071 1941 praelia
1116 1884 1245 1935 ctesa
1272 1876 1425 1937 sunt,
1455 1884 1543 1921 sea:
1583 1867 1748 1933 millia
1775 1854 1827 1929 Β
1854 1866 2024 1929 elatus
2066 1880 2175 1947 est,
2209 1879 2264 1925 ut
2306 1875 2555 1937 neminem
2598 1876 2779 1930 civium
2818 1892 3027 1931 suorum
3064 1878 3119 1932 in
3144 1888 3317 1934 castra
3336 1896 3432 1935 sua

152 1971 300 2031 capta
324 1966 635 2033 referuntur,
661 1970 709 2016 et
727 1962 895 2025 ceteri
918 1960 1257 2035 diﬂ'ugerunt.
1287 1958 1363 2016 De
1383 1960 1608 2014 exercitu
1630 1958 1738 2012 An-

150 2055 336 2121 nibalis
378 2054 483 2111 duo
524 2054 685 2119 millia
732 2054 1037 2119 ceciderunt,
1089 2060 1229 2107 tanta
1256 2051 1403 2106 clade
1452 2048 1693 2111 Romana
1727 2064 1748 2106 :

150 2146 380 2200 maxime
406 2160 524 2201 cum
552 2144 620 2199 ita
647 2147 715 2201 ad
742 2146 1075 2217 pugnandum
1103 2147 1326 2213 intentus
1354 2147 1507 2211 ardor
1534 2149 1744 2204 exstite-

152 2240 238 2305 rit,
280 2247 342 2293 ut
370 2239 721 2310 gravissimum
752 2249 900 2295 terra:
929 2249 1141 2309 motum,
1191 2240 1281 2310 qui
1326 2247 1445 2295 tunc
1470 2244 1602 2312 forte
1642 2250 1746 2307 tam

149 2333 420 2387 uehemens
450 2332 622 2401 factus
645 2341 737 2397 est,
760 2341 816 2391 ut
840 2331 994 2387 urbes
1020 2333 1262 2401 diruisse,
1287 2341 1484 2391 montes
1516 2341 1744 2389 transtu-

148 2424 287 2492 lisse,
319 2426 587 2482 discidisse
606 2442 779 2496 rupes,
808 2435 855 2482 et
872 2427 1090 2496 ﬂumina
1111 2435 1393 2484 retrorsum
1419 2428 1640 2503 coegisse
1660 2446 1741 2485 re-

150 2519 363 2586 feratur,
398 2529 683 2589 pugnantes
710 2519 914 2579 omnino
944 2535 1047 2579 non
1072 2519 1343 2579 senserint.
1382 2518 1495 2597 Quo
1522 2520 1741 2593 quidam

147 2610 297 2665 mites
339 2609 605 2673 Romanus
632 2611 706 2669 ita
731 2611 1027 2671 vulneratus
1047 2620 1142 2677 est,
1167 2620 1221 2666 ut
1263 2612 1338 2666 uti
1378 2611 1611 2679 manibus
1636 2628 1739 2673 non

149 2699 369 2767 valeret,
392 2702 478 2759 cui
497 2718 611 2755 cum
632 2702 839 2769 quidam
858 2700 1091 2761 Numida
1108 2702 1373 2765 detrahere
1390 2703 1555 2774 spolia
1572 2704 1741 2770 vellet,

151 2791 400 2848 ceruicem
443 2791 604 2847 hostis
634 2792 814 2848 invasit
840 2794 1000 2861 ulnis,
1032 2795 1177 2873 eique
1222 2810 1370 2857 nares
1416 2804 1567 2865 atque
1590 2811 1744 2849 aures

150 2896 326 2939 morsu
344 2881 680 2945 detruncavit.
701 2881 909 2945 Interea
927 2885 1125 2941 missus
1143 2883 1404 2941 adversus
1427 2885 1740 2940 Annibalem

149 2980 334 3041 postea
361 2987 395 3033 a
423 2971 678 3033 Romanis
704 2973 771 3043 Q.
801 2974 999 3035 Fabius
1030 2975 1314 3043 Maximtis,
1347 2976 1394 3037 is
1419 2992 1566 3043 eum,
1591 2977 1744 3034 diil‘e-

147 3061 319 3121 rendo
349 3077 605 3133 pugnam,
653 3064 722 3125 ab
766 3065 969 3136 impetu
999 3065 1177 3138 fregit.
1230 3066 1366 3131 Nam
1411 3083 1505 3141 per
1535 3083 1742 3124 summa

148 3155 418 3211 montium
443 3154 592 3225 iuga,
623 3164 680 3219 et
707 3156 918 3219 abditos
946 3172 1225 3217 nemorum
1248 3159 1415 3227 saltus
1441 3170 1615 3216 castra
1647 3176 1742 3237 po-

145 3259 309 3313 nens,
333 3247 610 3303 Annibalis
640 3247 904 3309 fervorem
931 3249 958 3279 "
982 3249 1157 3307 elusit.
1184 3248 1410 3322 Cumque
1430 3251 1483 3306 in
1504 3254 1740 3325 pretium

145 3358 264 3399 arm
291 3357 503 3398 euocare
530 3342 750 3399 Annibal
790 3360 892 3405 non
922 3354 1110 3415 posset,
1138 3349 1342 3403 vastatis
1371 3348 1511 3419 agris
1539 3347 1740 3418 Italiae,

147 3428 370 3489 Παείωὶ
408 3436 712 3499 cunctatoris
739 3437 877 3493 uillte
898 3437 1138 3508 pepercit,
1170 3445 1224 3492 ut
1263 3437 1339 3495 vel
1385 3440 1459 3495 sic
1492 3442 1742 3508 proditio-

154 3527 233 3583 nis
265 3527 607 3596 suspicionem
639 3526 884 3589 Romanis
910 3530 971 3585 de
996 3545 1052 3584 eo
1077 3529 1301 3600 aﬂ'erret.
1336 3529 1442 3588 Sed
1463 3531 1590 3586 bene
1618 3541 1742 3587 nota

149 3618 305 3676 Fabii
332 3620 464 3691 ﬁdes
493 3622 843 3683 calliditatem"
864 3622 1125 3683 Annibalis
1154 3624 1353 3683 irritam
1379 3625 1518 3679 dedit
1544 3623 1739 3681 Roma-

152 3713 251 3767 nis.
283 3710 493 3773 Interea
520 3711 804 3789 Maximus,
846 3714 1051 3771 inventa
1080 3715 1365 3789 occasione,
1414 3717 1655 3787 pugnavit
1693 3726 1743 3772 et

149 3805 288 3862 uicit.
301 3804 486 3863 Victus
499 3822 708 3877 quoque
723 3807 972 3875 Annibal,
990 3806 1154 3865 fertur
1165 3807 1232 3864 de
1247 3806 1412 3863 Fabio
1425 3808 1622 3866 dixisse
1633 3808 1739 3864 suis

155 3896 230 3953 ita
250 3916 264 3951 :
282 3897 530 3967 Nunquid
554 3912 660 3959 non
691 3898 800 3957 dixi
822 3899 995 3968 vobis,
1011 3901 1149 3972 quod
1169 3909 1416 3959 montana
1432 3901 1548 3957 hac
1567 3903 1742 3971 nubes

158 3990 393 4046 maxima
424 4004 524 4046 nos
552 3991 605 4045 in
632 4005 824 4061 campo
844 3993 896 4049 vi
924 3993 1257 4064 tempestatis
1278 3995 1568 4057 obrueret?
1587 3995 1742 4053 Anno
1771 4054 1783 4068 ,

146 4083 215 4139 ab
236 4082 380 4138 Urbe
406 4084 618 4139 condita
649 4082 778 4152 540,
804 4083 866 4149 L,
901 4084 1150 4147 Emilius
1172 4084 1742 4163 Paulus_.P.Terentius

154 4174 329 4231 Varro
354 4175 514 4233 Coss.
543 4185 728 4233 contra
772 4176 1087 4243 Annibalem
1121 4178 1423 4245 mittuntur,
1471 4178 1742 4253 Fabioque

150 4267 471 4324 succedunt.
516 4267 616 4334 Qui
666 4266 864 4323 Fabius
909 4268 1095 4327 ambos
1145 4271 1393 4333 consules
1422 4272 1651 4341 monuit,
1683 4282 1741 4330 ut

157 4359 475 4417 Annibalem
500 4361 749 4417 callidum
780 4370 835 4417 et
861 4361 1225 4433 impatientem
1246 4362 1435 4421 ducem
1453 4381 1556 4421 nun
1589 4367 1742 4423 aliter

151 4452 433 4509 vincerent
455 4467 612 4521 quam
636 4450 880 4520 puellum
914 4451 1230 4513 differendo.
1258 4451 1453 4515 Verum
1487 4470 1608 4510 cum
1640 4456 1739 4511 int-

162 4543 413 4613 pstientia
458 4559 630 4598 rerum
660 4542 916 4605 Varronis
944 4543 1201 4607 consulis,
1232 4544 1631 4602 contradicente
1662 4547 1741 4601 al-

159 4642 277 4689 tero
298 4635 544 4698 consule,
574 4633 625 4689 id
660 4643 742 4691 est
772 4632 993 4691 [Emilio
1016 4633 1226 4709 |Paulo,
1256 4634 1396 4705 apud
1426 4634 1623 4702 vicum,
1651 4636 1743 4706 qui

152 4726 352 4784 Canam
396 4727 716 4797 appellatur,
745 4726 800 4781 in
834 4727 1022 4798 Apulia
1054 4736 1343 4799 pugnatum
1373 4738 1535 4794 esset,
1580 4729 1740 4786 ambo

156 4821 312 4878 Cass.
343 4821 413 4878 ab
439 4821 704 4881 Annibale
725 4820 1034 4879 vincuntur.
1064 4819 1195 4877 Nam
1228 4835 1347 4876 cum
1390 4822 1742 4893 comperisset

108 4914 113 4919 ’
160 4914 440 4970 Annibala
481 4913 730 4982 Aufidum
761 4928 972 4969 amnem
1020 4913 1264 4983 ingentes
1310 4926 1469 4968 auras
1513 4913 1742 4983 proﬂare

160 5020 337 5071 mane,
395 5019 515 5075 qua
542 5018 826 5067 arenarum
858 5011 913 5060 et
942 5003 1172 5073 pulveris
1223 5005 1455 5060 vertices
1495 5015 1737 5075 agerent,

157 5098 237 5151 sic
284 5097 478 5152 direxit
506 5095 700 5163 aciem,
731 5103 791 5151 ut
818 5103 929 5155 tota
960 5096 1041 5157 vis
1069 5110 1099 5150 a
1129 5104 1279 5167 tergo
1308 5097 1441 5162 suis,
1474 5095 1735 5154 Romanis

164 5189 220 5244 in
241 5204 334 5244 ora
359 5195 415 5247 et
441 5188 626 5245 oculos
652 5188 930 5247 incideret.
964 5187 1147 5259 anue
1171 5186 1237 5242 de
1280 5199 1441 5242 causa
1468 5186 1738 5245 Romano-

159 5299 280 5341 rum
305 5286 596 5341 exercitum
620 5285 825 5344 stravit.
850 5282 991 5345 Nam
1011 5284 1067 5338 in
1088 5300 1148 5339 ea
1171 5294 1194 5324 ο
1210 5300 1382 5356 pugna
1400 5283 1743 5354 quadraginta

98 5426 105 5433 -
233 5406 260 5436 ι
300 5399 363 5451 Α.
395 5406 452 5452 et
478 5396 583 5468 ιι,
616 5406 735 5467 post
760 5397 947 5464 elusit,
975 5411 1196 5468 moxque
1232 5398 1437 5455 inventa
1477 5396 1743 5453 occasione

92 5478 97 5485 '
344 5466 553 5536 Victus,
587 5466 693 5525 etc.

227 5538 257 5578 ι’
299 5541 389 5605 Α.,
423 5537 625 5593 Fidem.

233 5620 258 5649 ⁸
299 5609 364 5665 Δ.
394 5618 449 5665 et
475 5611 541 5665 ﬂ.
571 5611 693 5668 inde
717 5613 1050 5671 continuant.
1082 5607 1151 5665 In
1170 5627 1231 5665 ea
1257 5626 1430 5681 pugna
1454 5610 1551 5665 tria
1578 5610 1743 5665 millia

163 5681 405 5753 Afrorum
432 5690 669 5754 pereunt,
701 5700 887 5754 magna
930 5683 1162 5754 parsﬂde
1183 5680 1429 5754 exercitu
1470 5680 1743 5737 Annibalis

163 5752 443 5811 sauciatur.
478 5752 641 5806 Nullo
674 5752 868 5819 tamen,
902 5764 1005 5809 etc.
1042 5753 1133 5821 H.,
1168 5752 1357 5807 Nulla.

232 5824 259 5863 τι
302 5826 390 5887 ΙΙ.,
425 5825 619 5877 nobiles
643 5827 740 5880 viri
768 5841 863 5883 ccc
885 5867 901 5894 ,
931 5825 1154 5881 militum
1180 5839 1311 5880 ml.

233 5903 260 5935 ο
298 5897 363 5950 A.
382 5936 400 5964 ,
441 5894 707 5952 Venesum.

1855 1962 2176 2041 admitteret,
2229 1965 2321 2020 sed
2367 1983 2610 2037 responsa
2658 1970 2730 2022 eis
2781 1984 2869 2037 per
2916 1968 3231 2042 interpretes~
3264 1972 3430 2028 daret.

1816 2126 1833 2146 .
1858 2036 2244 2115 Macharbalem
2274 2036 2474 2128 quoque
2514 2036 2992 2126 Lacedtemonium,
3025 2036 3073 2115 et
3100 2062 3269 2130 ipsum
3298 2078 3434 2132 ste-pe

1848 2157 2222 2223 contemneret,
2259 2150 2348 2217 qui
2378 2152 2421 2204 ei
2449 2149 2748 2206 creberrime
2779 2151 3112 2225 pollicebatur
3139 2154 3274 2208 brevi
3301 2172 3358 2210 se
3378 2156 3434 2211 in

1849 2240 2104 2315 Capitolio
2133 2252 2453 2305 coenaturum
2473 2286 2486 2309 ,
2512 2245 2559 2299 si
2588 2245 2855 2317 dispositio
2882 2262 2976 2301 sua
3005 2247 3308 2303 omnimodis
3334 2265 3430 2303 an»

1850 2337 2068 2403 diretur.
2104 2336 2313 2395 Interea
2337 2337 2509 2394 Varro
2534 2339 2755 2396 Romam
2787 2342 2980 2409 rediit,
3007 2348 3299 2415 gratiaeque
3322 2347 3373 2401 ei
3396 2359 3429 2403 ι

1850 2427 2048 2485 Senatu
2080 2441 2133 2487 et
2163 2432 2362 2502 populo
2392 2441 2528 2489 actae
2555 2442 2713 2500 sunt,
2746 2436 2887 2504 quod
2912 2436 3105 2508 Remp.
3139 2453 3245 2494 non
3282 2441 3302 2479 τ
3334 2440 3429 2497 de-

1850 2530 2113 2592 speraret.
2168 2522 2285 2581 Non
2344 2531 2523 2580 autem
2576 2525 2697 2580 vita:
2740 2526 3072 2598 cupiditate,
3123 2529 3218 2585 sed
3268 2528 3427 2603 Reip.

1848 2624 2033 2677 amore
2061 2627 2120 2667 se
2161 2613 2525 2682 superfuisse,
2568 2616 2776 2686 reliquo
2819 2617 2990 2673 inlatis
3033 2631 3143 2673 suae
3190 2627 3435 2689 tempore

1852 2702 2194 2777 approbavit.
2228 2703 2358 2758 Nam
2391 2704 2609 2765 barbam
2631 2746 2647 2771 ,
2677 2706 3033 2787 capillumque
3060 2708 3343 2776 submisit,
3376 2719 3433 2767 et

1852 2802 2037 2859 postea
2100 2809 2369 2877 nunquam
2428 2796 2693 2852 recubans
2743 2797 2919 2852 cibum
2969 2799 3130 2868 cepit.
3186 2800 3428 2857 llonores

1848 2901 2096 2961 quoque,
2126 2903 2247 2943 cum
2279 2888 2327 2944 ei
2372 2904 2402 2953 a
2431 2890 2626 2959 popqu
2655 2888 3023 2957 deferrentur,
3068 2892 3428 2963 renuntiavit,

1848 2977 2034 3032 dicens
2062 2996 2073 3030 :
2106 2978 2437 3033 felicioribus
2464 2978 2856 3049 magistratibus
2885 2978 3041 3050 Reip.
3072 2989 3099 3030 8
3121 2994 3257 3052 opus
3285 2996 3429 3041 esse.

1848 3071 2084 3127 Annibal
2114 3072 2271 3143 igitur
2301 3071 2557 3128 Romanis
2586 3073 2807 3137 obtulit,
2842 3082 2901 3129 ut
2930 3074 3166 3145 captivos
3194 3074 3430 3133 redime-

1848 3173 2012 3219 rent:
2047 3179 2471 3236 responsumque
2501 3175 2586 3222 est
2612 3167 2659 3222 ei
2686 3181 2716 3221 a
2746 3166 2977 3235 Senatu,
3007 3182 3099 3224 eos
3140 3167 3287 3225 cives
3314 3184 3426 3229 non

1850 3254 2207 3322 necessarios,
2232 3257 2322 3328 qui
2353 3242 2471 3317 cum
2502 3257 2693 3311 armati
2722 3265 2937 3324 essent,
2965 3255 3080 3328 capi
3108 3261 3428 3327 potuissent.

1844 3346 1941 3403 Ille
1974 3360 2161 3402 omnes
2189 3355 2371 3417 postea
2414 3348 2578 3403 variis
2620 3347 2894 3419 suppliciis
2939 3348 3228 3406 interfecit.
3275 3348 3421 3406 Idem

1846 3440 2156 3517 quibusdam
2184 3440 2290 3496 ima
2321 3441 2506 3509 pedum
2536 3443 2847 3510 amputavit,
2880 3442 3010 3498 alios
3050 3444 3106 3498 in
3144 3443 3327 3499 castris
3358 3445 3427 3500 bi-

1846 3549 1942 3588 nos
1984 3533 2116 3588 inter
2160 3534 2354 3605 seipsos
2400 3532 2647 3588 dimicare
2676 3534 2961 3603 conspulit,
2988 3536 3215 3590 maxime
3247 3539 3433 3607 fratres

1845 3632 1935 3681 aut
1964 3626 2368 3697 consanguineos
2395 3641 2412 3680 :
2441 3640 2533 3678 nec
2560 3624 2702 3695 prius
2750 3626 3094 3697 spectaculum
3135 3626 3430 3694 ﬁniebatur,

1846 3732 2004 3787 quam
2052 3732 2185 3770 unus
2233 3716 2454 3770 ccedibus
2499 3715 2867 3786 superfuisset,
2912 3716 3005 3771 sed
3032 3724 3081 3771 et
3124 3716 3233 3788 ipse
3266 3719 3434 3789 jugu-

1845 3805 2066 3872 landus,
2115 3816 2163 3861 et
2208 3822 2301 3879 pro
2350 3807 2636 3860 testimonio
2680 3806 2906 3861 victoria:
2934 3823 3041 3862 sua:
3070 3815 3180 3863 tres
3221 3809 3432 3864 modios

1847 3900 2163 3961 annulorum
2209 3913 2498 3955 aureorum
2541 3897 2914 3969 Carthaginem
2961 3901 3141 3964 misit,
3185 3914 3321 3969 quos
3362 3915 3432 3956 ex

1850 3991 2098 4047 manibus
2130 3989 2535 4047 interfectorum
2578 3988 2943 4045 Romanorum
2972 3990 3243 4059 equitum,
3273 4003 3429 4046 sena-

1847 4090 2135 4152 torumque
2165 4092 2219 4138 et
2247 4082 2472 4136 militum
2501 4081 2827 4137 detraxerat.
2877 4072 3048 4152 Usque
3086 4082 3216 4135 adeo
3255 4092 3430 4137 autem

1846 4176 2031 4230 ultima
2060 4174 2347 4245 desperatio
2378 4173 2525 4245 Reip.
2556 4174 2696 4242 apud
2722 4173 2953 4227 residuos
2994 4174 3252 4228 Romanos
3295 4174 3425 4244 fuit,

1846 4276 1904 4322 ut
1944 4278 2204 4323 senatores
2252 4269 2313 4321 de
2340 4267 2679 4336 relinquenda
2720 4266 2913 4334 Italia,
2962 4269 3259 4338 sedibttsqtte
3286 4285 3425 4336 quie-

1844 4357 2018 4411 rendis
2074 4356 2343 4411 consilium
2394 4356 2674 4425 ineundum
2722 4366 2974 4428 putarent.
3023 4357 3174 4425 Quod
3219 4368 3426 4414 auctore

1847 4448 2056 4505 Ctecilio
2105 4448 2313 4509 Metello
2359 4450 2718 4516 conﬁrmatum
2761 4449 2973 4521 fuisset,
3019 4450 3118 4504 nisi
3159 4450 3428 4507 Cornelius

1848 4541 2023 4611 Scipio
2052 4541 2285 4595 tribunus
2317 4549 2436 4595 tunc
2467 4538 2721 4607 militum,
2764 4539 2899 4594 idem
2935 4541 3022 4609 qui
3064 4549 3179 4608 post
3222 4541 3427 4608 Africa-

1848 4651 1945 4689 nus
1974 4643 2047 4687 est
2076 4634 2241 4688 dictus
2265 4672 2283 4699 ,
2313 4632 2544 4686 districto
2572 4631 2745 4704 gladio
2772 4672 2789 4699 ,
2821 4632 3180 4700 deterruisset,
3210 4634 3432 4705 singulis

1841 4736 2057 4782 mortem
2083 4728 2274 4799 inferre
2304 4726 2548 4782 minitans
2574 4740 2595 4781 :
2624 4742 2685 4780 ac
2711 4726 2882 4795 potius
2927 4743 3020 4796 pro
3049 4728 3235 4797 patrita
3258 4729 3429 4797 delen-

1843 4820 1984 4874 sione
2010 4820 2065 4873 in
2086 4835 2179 4873 sua
2205 4818 2353 4874 verba
2376 4834 2543 4872 omnes
2566 4818 2745 4887 iurare
2769 4817 2949 4887 coegit.
2975 4816 3201 4872 Romani
3218 4834 3341 4873 vero
3357 4819 3427 4872 ad

1842 4928 1981 4983 spem
2008 4912 2154 4978 vitae,
2188 4912 2334 4985 quasi
2361 4911 2422 4964 ab
2449 4910 2633 4979 inferis
2656 4909 2909 4979 respirare
2936 4910 3079 4975 ausi,
3127 4910 3429 4964 dictatorem

1844 5006 2058 5061 Decium
2095 5003 2310 5060 Iunium
2353 5011 2559 5070 creant,
2594 5003 2705 5073 qui,
2730 5002 2926 5057 delectu
2952 5002 3155 5067 habito,
3188 5002 3255 5055 ab
3277 5004 3428 5058 annis

1844 5100 2015 5155 decem
2037 5110 2083 5153 et
2106 5106 2293 5171 septem
2319 5097 2611 5152 immatura:
2636 5095 3046 5166 inordinatteque
3072 5092 3272 5149 militiae
3299 5113 3430 5166 qua-

1846 5199 1961 5246 tuor
1985 5190 2211 5263 legiones
2238 5189 2575 5257 nndecunque
2599 5188 2876 5243 contraxit.
2905 5185 3051 5241 Tunc
3073 5189 3230 5241 etiam
3258 5204 3429 5244 servos

1842 5284 2053 5353 spectati
2094 5282 2289 5338 roboris
2328 5297 2391 5335 ac
2433 5280 2709 5335 voluntatis
2729 5319 2746 5346 ,
2774 5279 2853 5334 uel
2881 5278 3101 5347 oblatos,
3143 5278 3254 5347 uel,
3284 5281 3329 5334 si
3352 5281 3427 5335 ita

1919 5394 2049 5521 ebA.
2078 5404 2133 5455 et
2159 5396 2251 5465 Β..
2282 5397 2634 5465 desperasset,
2661 5400 2716 5450 et
2741 5407 2866 5451 mox
2884 5433 2898 5459 ,
2926 5405 3026 5463 pro
3053 5391 3304 5459 honores.
3336 5394 3430 5450 ho-

1919 5484 1957 5521 Π
1992 5484 2075 5521 us.

1842 5484 2137 5595 “imitat
2165 5537 2422 5611 H.,po,st
2463 5553 2591 5611 opu_s
2636 5552 2775 5611 esse,
2821 5535 3005 5607 legunt
3032 5553 3050 5611 :_
3081 5531 3148 5588 In
3189 5537 3425 5611 omnibus

1847 5611 1926 5666 Itis
1955 5618 2125 5665 tamen
2162 5602 2316 5669 malis
2352 5602 2505 5681 nemo
2544 5602 2903 5681 Romanorum
2939 5607 3078 5681 pacis
3122 5609 3429 5665 mentionem

1846 5683 2031 5735 habere
2059 5681 2299 5752 dignatus
2332 5688 2423 5752 est.
2461 5678 2634 5732 Servis
2654 5719 2670 5745 ,
2699 5679 2833 5752 quod
2862 5678 3123 5749 nunquam
3150 5686 3286 5739 ante.
3314 5696 3425 5733 ma-

1843 5750 2129 5815 numissis,
2168 5761 2215 5805 et
2263 5750 2450 5805 milites
2478 5751 2662 5874 Igneus.
2696 5750 2822 5802 Post
2853 5765 2967 5803 eam
2997 5764 3225 5821 pugnam
3251 5752 3430 5803 multa!

1845 5822 2019 5874 Italiae
2048 5823 2304 5874 civitates.
2336 5837 2450 5874 auat
2527 5838 2630 5874 om.
2673 5830 2989 5874 paruerunt.
3029 5837 3081 5874 se
3122 5820 3190 5874 ad
3232 5821 3422 5874 Annib.

1845 5822 2019 5879 Italia:
2048 5823 2269 5899 civitates
2291 5837 2450 5899 ..σαεξ
2478 5820 2630 5899 [ἔρνη.
2673 5820 3005 5899 paruerunt,
3029 5837 3081 5877 se
3122 5820 3190 5889 ad
3232 5821 3422 5887 Annib.

1846 5894 2207 5963 transtulerunt
2234 5893 2468 5971 :Artnib.
2501 5892 2653 5963 liam.
2676 5933 2695 5963 ,_
2726 5900 2831 5950 etc.
