3920 6336
589 428 697 494 783
1374 451 1386 462 '
1456 435 1659 492 PAULI
1700 434 1970 493 DIACONI
2012 432 2164 491 OPP.
2195 430 2373 493 PARS
2412 436 2451 493 Ι.
2493 468 2564 481 -
2602 436 2981 498 HISTORICA.
3677 444 3759 512 78‘

590 573 717 628 opus
765 556 895 639 fuit,
927 555 1127 624 publica
1154 555 1314 626 pretio
1344 565 1535 624 emptos
1559 597 1572 621 ,
1601 556 1692 609 sub
1724 554 1874 607 titulo
1916 551 2164 607 libertatis
2190 550 2245 611 Α
2269 562 2321 608 et
2348 555 2581 624 captivos
2609 556 2831 612 Romam
2862 557 3174 627 reportavit.
3216 556 3409 614 Interea
3435 561 3575 618 etiam
3598 565 3762 640 Philip-

588 662 909 709 sacramento
938 652 1131 705 militiis
1153 650 1341 721 adegit.
1368 651 1523 703 Arma
1550 666 1661 716 qum
1682 651 1919 713 deerant,
1950 659 2045 701 tem
2060 647 2161 716 plis
2268 659 2365 714 pus
2394 661 2421 699 a
2452 646 2651 703 Levino
2683 649 2735 701 in
2783 649 3084 704 Macedonia
3133 650 3378 719 vincitur,
3407 662 3457 707 et
3483 656 3760 728 inHispania

586 743 947 805 detraxerunt,
982 742 1147 812 egenti
1172 742 1356 793 maria
1385 741 1593 808 privatae
1632 756 1750 806 Opes
1791 740 1974 807 refustc
2014 746 2149 791 sunt.
2264 747 2293 787 a
2323 733 2613 801 Scipionib.
2645 737 2937 805 Asdrubal,
2971 749 3024 793 et
3054 739 3205 808 Mago
3237 742 3412 794 tertius
3453 742 3597 799 frater
3642 749 3762 805 Anni-

585 833 774 904 Itaque
801 844 1025 904 equester
1054 834 1205 897 ordo,
1239 835 1311 885 ita
1342 834 1478 900 plebs
1508 833 1740 900 trepida,
1771 831 1929 883 oblita
1958 829 2162 883 studio-
2263 824 2415 879 balis.
2450 823 2617 879 Pudet
2645 828 3028 909 recordationis.
3065 830 3205 895 Quid
3235 832 3367 884 enim
3395 832 3545 888 dicam
3572 838 3591 889 ?
3614 838 3758 909 impro-

506 960 507 963 η
582 944 736 993 runt,
782 929 841 1003 in
878 942 1142 980 commune
1181 926 1452 979 consuluit.
1484 923 1669 977 Junius
1696 939 1895 993 quoque
1937 923 2156 974 dictator
2262 922 2467 975 bitatem
2498 924 2660 993 magis
2680 967 2694 991 ,
2727 940 2793 978 an
2822 924 3079 979 miseriam
3120 926 3455 980 Romanorum
3478 929 3500 981 ?
3523 929 3611 982 into
3634 933 3761 987 verius

584 1022 845 1089 antiquum
880 1020 1122 1073 Romam:
1149 1018 1366 1072 miseria:
1392 1021 1581 1086 factum
1612 1017 1874 1079 recolens,
1904 1030 1997 1089 pro
2026 1030 2154 1083 sup-
2260 1014 2339 1067 vel
2381 1014 2663 1083 improbam
2708 1018 2996 1084 miseriam,
3028 1019 3107 1071 vel
3149 1019 3378 1073 miseram
3423 1021 3759 1088 improbitatem.

583 1114 834 1182 plemento
879 1111 1158 1175 exercitus,
1190 1110 1369 1185 edicto
1398 1110 1527 1162 velut
1559 1108 1701 1177 asylo
1733 1078 2019 1174 patefactd,
2051 1105 2148 1157 ho-
2264 1104 2387 1170 Quis
2416 1109 2588 1160 credat
2616 1124 2673 1160 eo
2703 1117 2961 1177 tempore,
2995 1126 3094 1177 quo
3124 1111 3357 1164 wrarium
3399 1078 3565 1179 populi
3594 1113 3759 1169 Romani

581 1206 779 1268 mines,
811 1205 1095 1273 quicunque
1123 1202 1391 1255 sceleribus
1423 1218 1482 1253 ac
1509 1200 1690 1253 debitis
1717 1198 1921 1251 obnoxii
1953 1205 2149 1259 essent,
2260 1212 2467 1269 egenam
2498 1200 2677 1266 stipem
2728 1204 2924 1268 privata
2964 1204 3240 1257 collatione
3283 1205 3505 1274 poscebat
3526 1247 3540 1271 ,
3581 1207 3695 1261 miles
3722 1214 3760 1261 in

577 1296 881 1366 impunitate
908 1296 1177 1363 promissa,
1211 1293 1405 1346 militia:
1426 1291 1760 1360 mancipauit,
1794 1304 2011 1357 quorum
2054 1302 2155 1339 nu-
2257 1293 2437 1345 castris
2466 1294 2669 1346 nonnisi
2713 1304 2800 1348 aut
2847 1312 2991 1364 puer,
3036 1305 3126 1349 aut
3155 1313 3325 1351 servus
3347 1339 3361 1361 ,
3390 1308 3477 1352 aut
3506 1299 3756 1364 sceleratus,

577 1405 748 1444 merus
775 1390 841 1441 ad
870 1404 958 1442 sea:
986 1404 1041 1442 st.
1072 1388 1296 1440 virorum
1328 1387 1444 1452 fuit.
1478 1384 1760 1452 Campania
1788 1398 1928 1446 vero,
1960 1379 2040 1433 vel
2070 1396 2157 1448 ρο·
2257 1391 2347 1436 aut
2374 1383 2590 1448 debitor,
2622 1401 2683 1439 ne
2712 1387 2784 1439 sic
2809 1387 3010 1454 quidem
3038 1404 3245 1442 numero
3273 1390 3476 1442 idoneus
3500 1400 3626 1454 erat,
3648 1406 3754 1444 senc-

580 1482 681 1534 tius
724 1480 886 1533 omnis
936 1478 1093 1532 Italia
1140 1479 1208 1530 ad
1255 1475 1593 1541 Annibalem,
1639 1475 1907 1541 desperata
1951 1472 2150 1541 penitus
2258 1481 2337 1527 tus
2366 1475 2417 1526 in
2447 1477 2591 1527 curia
2620 1477 2783 1530 omnis
2813 1477 3031 1531 novitius
3074 1494 3201 1546 pene
3246 1478 3513 1541 videbatur,
3554 1491 3749 1548 postremo

576 1570 799 1626 Romani
829 1580 986 1624 status
1015 1571 1353 1637 reparatione,
1382 1569 1584 1639 defecit.
1611 1567 1735 1620 Post
1758 1565 1853 1620 hoc
1880 1564 1941 1619 L.
1961 1563 2151 1618 Postu-
2256 1582 2371 1620 cum
2401 1568 2473 1621 ita
2500 1570 2781 1623 imminutis
2814 1571 3083 1640 fractisque
3111 1571 3341 1625 omnibus
3368 1573 3505 1626 rebus
3526 1573 3757 1643 desperaba-

571 1667 707 1721 sssius
748 1673 935 1731 prtetor
975 1657 1242 1716 advers'ttm
1284 1660 1460 1714 Gallos
1502 1675 1733 1731 pugnare
1772 1658 1990 1722 missus,
2040 1671 2154 1708 cum
2256 1664 2363 1723 tur,
2418 1669 2472 1713 ut
2524 1661 2789 1714 consilium
2820 1663 2883 1715 de
2919 1664 3251 1731 relinquenda
3295 1660 3446 1716 Italia
3474 1663 3756 1725 subiretur,rv

574 1758 797 1811 exercitu
848 1770 1005 1808 casus
1042 1763 1133 1807 est.
1178 1752 1376 1807 Deinde
1421 1751 1734 1819 Sempronio
1775 1749 2047 1813 Graccho,
2080 1748 2146 1813 ρ.
2256 1758 2480 1821 tempore
2507 1769 2624 1805 cum
2650 1768 2809 1805 unum
2839 1753 3166 1807 domesticum
3191 1795 3204 1818 ,
3248 1762 3303 1807 ut
3351 1754 3588 1818 diximus,
3621 1754 3756 1805 bellum

575 1843 746 1904 Fabio
797 1844 930 1898 Max.
987 1857 1126 1899 coss.
1180 1842 1430 1895 Claudius
1480 1840 1760 1895 Marcellus
1812 1854 1876 1893 ex
1925 1846 2153 1908 prmtore
2257 1844 2387 1912 ferri
2415 1845 2557 1897 nullo
2584 1848 2735 1897 modo
2764 1853 2957 1913 posset,
2986 1845 3194 1912 insuper
3220 1843 3316 1896 tria
3344 1844 3758 1897 bellatransmarina

572 1936 868 2006 proconsul
914 1934 1252 2003 designatus,
1301 1932 1575 1988 Annibalis
1625 1930 1917 1987 exercitum
1970 1926 2153 1997 proelio
2183 1933 2232 1993 B
2260 1933 2417 2003 fuisse
2445 1946 2717 2005 suscepta,
2750 1951 2904 1989 unum
2948 1936 3004 1988 in
3047 1934 3360 1989 Macedonia
3406 1939 3569 1988 contra
3608 1932 3761 2002 Philip-

576 2026 717 2082 fudit
757 2028 976 2097 primus.
1022 2027 1122 2092 Qui
1154 2036 1275 2096 post
1318 2035 1492 2079 tantas
1538 2024 1690 2092 Reip.
1733 2023 1953 2087 ruinas,
2002 2036 2151 2089 spem
2262 2042 2384 2094 pum
2432 2028 2842 2097 potentissimum
2896 2026 3221 2080 Macedonia:
3270 2042 3465 2098 regem,
3508 2026 3688 2079 alterum
3721 2023 3755 2073 in

572 2117 703 2174 fecit
731 2119 1046 2173 Annibalem
1073 2132 1231 2185 posse
1254 2118 1519 2186 superari.
1554 2117 1761 2172 Interea
1791 2118 1845 2170 in
1874 2114 2148 2184 Hispania,
2254 2116 2521 2186 Hispania
2548 2129 2728 2173 contra
2755 2118 3093 2173 Asdrubalem
3142 2118 3414 2172 Annibalis
3458 2118 3667 2186 fratrem,
3689 2123 3759 2166 ter-

571 2210 664 2265 ubi
694 2211 959 2264 Asdrubal
990 2210 1155 2265 frater
1182 2209 1462 2264 Annibalis
1492 2215 1821 2262 remanserat
1864 2221 1988 2260 cum
2031 2218 2150 2258 mas-
2256 2209 2381 2263 tium
2416 2212 2469 2263 in
2509 2210 2765 2264 Sardinia
2804 2219 2979 2264 contra
3014 2210 3215 2265 Sardos
3252 2219 3301 2263 et
3337 2209 3542 2263 alterum
3566 2204 3759 2260 Asdruba-

570 2315 678 2372 gno
706 2301 943 2355 exercitu
965 2341 978 2363 ,
1010 2308 1067 2353 ut
1095 2315 1212 2354 eam
1243 2309 1405 2355 totam
1437 2299 1579 2354 Afris
1608 2299 1928 2365 subjiceret,
1960 2312 1989 2350 a
2019 2296 2151 2351 duo-
2256 2304 2354 2358 lem
2384 2303 2865 2375 Cartltaginensium
2890 2306 3092 2369 ducem,
3121 2313 3270 2357 extra
3297 2304 3390 2356 hoc
3412 2311 3626 2370 quartum
3646 2297 3759 2350 Anni-

570 2391 673 2445 bus
701 2390 969 2459 germanis
999 2389 1336 2458 Scipionibus
1366 2390 1617 2443 Romanis
1645 2389 1867 2443 ducibus
1896 2386 2145 2442 vincitur.
2252 2395 2413 2459 bolis,
2445 2412 2547 2466 quo
2572 2398 2624 2449 in
2656 2396 2817 2450 Italia
2847 2396 3205 2463 premebantur
3230 2396 3254 2447 ?
3285 2392 3349 2447 Et
3392 2403 3545 2446 tamen
3581 2390 3694 2458 fortis
3720 2388 3757 2438 in

570 2481 753 2536 Perdit
799 2484 851 2535 in
899 2497 957 2535 ea
1001 2496 1173 2550 pugna
1223 2481 1433 2551 triginta
1481 2482 1712 2550 quinque
1742 2496 1799 2534 ιι.
1834 2480 2105 2533 hominum
2127 2520 2143 2547 ,
2261 2487 2571 2540 alterutrum
2600 2487 2889 2556 desperatio
2917 2488 2970 2539 in
3002 2488 3218 2539 meliora
3247 2484 3477 2554 profecit.
3507 2481 3625 2534 Nam
3648 2481 3686 2530 in
3705 2477 3759 2528 his

572 2587 639 2627 ex
669 2572 754 2626 his
786 2574 1067 2641 capiuntur
1095 2573 1278 2627 decem
1312 2572 1472 2626 millia
1494 2615 1509 2639 ,
1544 2573 1860 2627 occiduntur
1888 2586 1998 2626 xxv
2030 2570 2148 2625 mil-
2254 2578 2488 2631 omnibus
2532 2578 2851 2645 desperando
2898 2587 3226 2647 pugnarunt,
3274 2573 3537 2645 pugnando
3569 2571 3752 2623 vicerunt.

566 2665 660 2720 lia.
707 2664 982 2718 Mittuntur
1024 2667 1071 2720 ei
1116 2679 1145 2717 a
1172 2665 1674 2734 Carthaginensibus
1717 2665 1783 2718 ad
1825 2663 2148 2733 reparandas
2255 2669 2337 2725 Ex
2364 2688 2463 2738 quo
2492 2671 2747 2724 evidenter
2784 2672 3068 2724 ostenditur
3111 2687 3213 2723 non
3259 2679 3478 2739 tempora
3519 2675 3620 2718 tunc
3646 2663 3758 2730 fuisse

570 2758 709 2811 vires
730 2758 988 2835 copiarum
1008 2762 1034 2789 ⁸
1064 2772 1173 2810 xx"
1202 2757 1368 2810 millia
1403 2757 1657 2826 peditum.
1686 2764 1739 2811 et
1769 2772 1857 2811 Mi
1885 2756 2143 2825 equitum.
2253 2762 2616 2829 tranquilliora
2646 2763 2784 2825 otiis,
2820 2762 2908 2815 sed
2940 2762 3168 2813 homines
3198 2760 3372 2812 miseri
3400 2758 3629 2827 fortiores.
3652 2752 3756 2803 Anno

554 2848 836 2933 elephanti
869 2864 961 2929 xx.
995 2848 1268 2902 Celtiberos
1298 2851 1479 2903 milites
1504 2890 1517 2915 ,
1549 2867 1702 2919 quam
1732 2852 1949 2919 primam
1976 2857 2147 2903 exter-
2259 2854 2320 2905 ab
2357 2852 2491 2907 Urbe
2519 2853 2723 2905 condita
2751 2852 2854 2905 545
2874 2895 2888 2919 ,
2922 2851 3177 2907 Claudius
3207 2850 3482 2905 Marcellus
3507 2846 3755 2917 Syracusani

550 2957 687 3017 .nam
713 2959 921 2996 manuni
954 2943 1175 2997 Romani
1205 2945 1252 2996 in
1286 2948 1465 2998 castris
1496 2945 1677 2997 habere
1710 2952 1996 3013 coeperunt,
2030 2959 2146 3013 pre-
2252 2947 2686 3017 apulentissimam
2719 2944 2904 2999 Urbem
2946 2944 3147 2999 Siciliae
3190 2943 3412 2996 secunda
3455 2934 3757 3007 oppugnatione

563 3032 636 3086 tio
665 3035 968 3087 sollicitatos
993 3076 1008 3101 ,
1039 3036 1101 3087 ab
1134 3036 1359 3089 hostium
1389 3036 1628 3089 societate
1655 3037 1708 3089 in
1738 3053 1832 3089 sua
1860 3045 2026 3088 castra
2054 3034 2145 3087 du-
2248 3041 2333 3093 via:
2362 3041 2510 3107 cepit.
2547 3038 2711 3105 Quam
2738 3053 2851 3091 cum
2871 3038 3189 3106 jampridem
3219 3035 3520 3095 obsedisset,
3550 3027 3753 3083 Archime-

558 3138 771 3181 serunt.
822 3127 1157 3197 Sempronius
1206 3129 1464 3183 Gracchus
1521 3129 1796 3197 proconsul
1839 3130 1902 3182 ab
1946 3129 2145 3197 hospite
2251 3130 2655 3201 disSyracusani
2682 3131 2824 3196 civis,
2847 3130 3067 3181 mirabili
3096 3128 3304 3197 ingenio
3334 3114 3755 3196 prtediti,machim't

548 3240 657 3291 suo
697 3222 907 3276 Lucano
951 3223 1173 3291 quodam
1214 3222 1265 3273 in
1306 3221 1520 3275 insidias
1550 3222 1788 3275 inductus
1818 3221 2012 3275 occisus
2042 3228 2139 3274 est.
2181 3284 2215 3292 _
2249 3222 2481 3291 repulsus
2502 3232 2797 3292 expugnare
2820 3235 2917 3272 non
2939 3219 3123 3288 potuit.
3149 3218 3373 3273 Decimo
3393 3229 3524 3269 anno
3542 3217 3755 3281 pOStqnﬁm

556 3308 593 3377 1'
622 3309 910 3366 Centenius
954 3284 1151 3365 Pennla
1196 3310 1440 3364 centurio
1482 3309 1580 3365 sibi
1623 3310 1763 3364 ultro
1804 3310 2003 3365 bellum
2046 3311 2141 3364 ad-
2169 3284 2218 3350 ο
2250 3284 2480 3370 Annibal
2506 3284 2794 3369 in'ltaliatn
2826 3284 3066 3377 venerat,
3098 3311 3201 3365 Cn.
3232 3309 3257 3348 ἀ
3284 3310 3486 3372 Fulvio,
3514 3307 3563 3359 P.
3589 3296 3755 3368 Sulpitio

562 3417 753 3458 versus
800 3402 1114 3457 Annibalem
1161 3404 1329 3470 petiit.
1358 3402 1404 3456 A
1433 3418 1537 3472 quo
1568 3417 1689 3458 cum
1735 3410 1856 3456 octo
1904 3402 2110 3456 millibu

2246 3420 2415 3469 coss.,
2468 3404 2695 3460 Annibal
2738 3404 2805 3459 de
2853 3403 3148 3473 Campania
3199 3403 3369 3457 movit
3413 3394 3755 3455 exercitum,el

566 3496 831 3562 militum,
864 3512 997 3567 quos
1026 3499 1077 3550 in
1105 3497 1273 3552 aciem
1302 3497 1629 3562 deduxerat,
1662 3512 1835 3551 casus
1865 3505 1968 3551 est.
2013 3496 2142 3551 Post
2248 3513 2369 3555 cum
2411 3497 2611 3567 ingenti
2654 3495 2805 3549 clade
2845 3494 3082 3547 omnium
3124 3508 3226 3562 per
3263 3490 3598 3549 Sedecinum,
3634 3482 3755 3538 δυεῖν

540 3588 681 3661 haec
710 3587 810 3642 Cn.
844 3588 1061 3643 Fulvius
1089 3597 1283 3657 praetor
1309 3588 1377 3640 ab
1405 3587 1665 3642 Annibale
1696 3587 1865 3642 victus
1892 3628 1906 3651 ,
1941 3586 2140 3643 amisso
2247 3607 2540 3662 sanumque
2592 3604 2774 3659 agrum
2824 3588 2905 3642 via
2940 3596 2963 3624 ε
2997 3587 3188 3641 Latina
3232 3587 3516 3657 profectus,
3558 3578 3614 3631 'ad
3650 3570 3756 3627 Anie-

565 3682 802 3738 exercitn
829 3724 844 3749 ,
880 3682 973 3736 vix
1002 3682 1189 3735 evasit.
1223 3692 1244 3720 ο
1275 3681 1503 3735 Annibal
1535 3679 1728 3735 multas
1758 3681 2001 3735 civitates
2032 3683 2141 3735 Ro-
2245 3703 2360 3741 nem
2387 3685 2602 3756 ﬂuvium
2629 3683 2788 3735 tribus
2816 3680 3040 3734 millibus
3086 3680 3152 3733 ab
3201 3677 3340 3734 Urbe
3378 3673 3602 3735 consedit,
3644 3669 3755 3756 inae

565 3790 844 3829 manorum
879 3790 974 3843 per
1006 3776 1250 3843 Apuliam
1270 3816 1287 3843 ,
1317 3775 1614 3830 Calabriam
1639 3819 1654 3843 ,
1688 3776 2030 3845 Brutiamquc
2058 3790 2144 3830 oc-
2244 3754 2395 3831 dibili
2416 3778 2567 3830 totius
2597 3775 2812 3829 civitatis
2839 3782 2998 3835 metu,
3038 3787 3177 3838 cum,
3212 3778 3395 3825 senatu
3438 3764 3683 3836 populoque
3701 3754 3754 3806 di-

536 3866 793 3938 cupavit.
823 3866 939 3933 Quo
971 3877 1209 3936 tempore
1238 3867 1399 3921 etiam
1440 3881 1531 3921 rex
1577 3867 1898 3921 Macedonia:
1942 3866 2141 3935 Philip-
2247 3872 2401 3926 υεγεὶε
2422 3870 2555 3923 curis
2588 3868 2805 3939 trepido,
2836 3874 3084 3919 matrona:
3106 3879 3318 3935 quoque
3359 3868 3565 3914 amentes
3607 3859 3750 3920 ραυονει

567 3975 666 4029 pus
694 3958 759 4012 ad
790 3973 910 4013 eum
943 3959 1145 4028 legatos
1171 3958 1342 4023 misit,
1379 3959 1690 4025 promittens
1721 3959 1913 4012 auxilia
1946 3968 2133 4013 contra
2245 3981 2335 4034 per
2375 3963 2759 4033 propugnacula
2802 3965 3099 4020 currerent,
3152 3966 3202 4009 ct
3242 3952 3512 4009 convehere
3550 3948 3595 4000 in
3636 3948 3751 4034 initio:

566 4053 835 4108 Romanos
856 4093 871 4117 ,
902 4052 1000 4106 sub
1031 4052 1129 4106 hac
1157 4052 1481 4115 conditione,
1513 4061 1589 4117 ut,
1617 4052 1806 4107 deletis
1838 4052 2095 4108 Romanis
2117 4095 2131 4122 ,
2243 4030 2406 4120 saxa,
2457 4030 2731 4123 primisque
2776 4067 2870 4121 pro
2917 4050 3076 4102 muris
3124 4063 3362 4118 pugnare
3409 4043 3638 4115 gestirent.
3674 4030 3752 4123 Ιρξί

566 4144 682 4214 ipse
709 4158 920 4214 quoque
950 4153 1131 4198 contra
1166 4144 1381 4198 ϐτῑροοε
1412 4144 1480 4198 ab
1512 4145 1772 4200 Annibale
1809 4146 2002 4199 auxilia
2048 4119 2139 4200 ac-
2243 4119 2412 4203 autem
2443 4119 2557 4201 cum
2587 4119 2834 4217 expeditis
2859 4142 3104 4213 equitibus
3155 4157 3321 4209 usque
3360 4139 3428 4192 ad
3455 4146 3625 4207 portam
3645 4119 3757 4217 ωηο

560 4237 786 4305 ciperet.
820 4235 1000 4305 Captis
1031 4236 1188 4305 igitur
1218 4235 1404 4305 legatis
1425 4235 1689 4304 Philippi,
1720 4241 1773 4289 ct
1803 4251 1863 4290 re
1889 4236 2127 4304 cognita,
2244 4257 2366 4295 nam
2391 4239 2601 4307 infestus
2628 4215 2858 4302 accessit,
2907 4234 3091 4287 deinde
3141 4248 3324 4286 omnes
3354 4231 3521 4297 copias
3564 4225 3607 4275 in
3641 4215 3750 4267 etim

562 4328 788 4382 Romani
836 4327 886 4380 in
932 4326 1290 4380 Macedoniam
1332 4326 1401 4380 Μ.
1448 4325 1717 4381 Valerium
1760 4326 2015 4380 Levinum
2057 4325 2110 4379 iri

2242 4335 2447 4388 direxit.
2482 4331 2588 4385 Sed
2616 4338 2662 4383 et
2689 4344 2844 4394 coss.,
2876 4324 3194 4395 Fulviusque
3227 4339 3432 4395 procos.
3456 4334 3548 4373 non
3571 4314 3749 4366 deinde

556 4419 870 4486 jusserunt,
919 4417 981 4470 Τ.
1016 4416 1266 4470 Manlium
1300 4415 1626 4487 Torquatum
1673 4418 2048 4487 proconsulem
2081 4419 2135 4471 iu
2241 4444 2353 4481 υενε
2379 4439 2622 4496 pugnam.
2656 4421 2719 4474 At
2749 4420 2833 4473 ubi
2856 4418 3098 4486 exposita:
3133 4420 3380 4486 utrinque
3414 4414 3539 4466 acies
3579 4399 3750 4459 constilt'

566 4506 885 4562 Sardiniam.
940 4507 1070 4561 Nam
1118 4506 1279 4563 etiam
1322 4521 1387 4561 ea
1434 4508 1715 4563 sollicitata
1762 4509 1829 4561 ab
1876 4508 2136 4563 Annibale
2239 4527 2358 4572 runt
2383 4519 2433 4570 in
2457 4521 2726 4581 conspectu
2774 4510 2971 4575 Romus,
3021 4507 3299 4579 premium
3348 4503 3557 4559 victoria:
3601 4496 3747 4581 fututa,

565 4596 835 4650 Romanos
868 4598 1196 4651 deseruerat.
1231 4597 1304 4649 Ita
1336 4611 1441 4650 uno
1481 4607 1721 4666 tempore
1748 4609 1972 4668 quatuor
2003 4600 2134 4653 locis
2158 4639 2215 4702 Β
2242 4618 2408 4664 gamus
2429 4580 2587 4661 imber
2615 4622 2667 4659 δε
2696 4604 2863 4657 subito
2905 4618 2931 4656 ε
2954 4600 3173 4654 nubibus
3203 4598 3455 4670 grandine
3494 4580 3748 4647 mistttseffuo

560 4691 896 4761 pugnabatur
922 4708 935 4742 :
965 4691 1016 4743 in
1050 4690 1195 4744 Italia
1218 4698 1404 4744 contra
1432 4691 1772 4756 Annibalem,
1800 4693 1850 4746 in
1883 4693 2134 4761 Hispania
2158 4684 2213 4702 ν
2240 4704 2333 4767 ἀει,
2366 4708 2420 4752 ηε
2454 4699 2653 4751 turbata
2681 4695 2884 4764 agmina
2908 4693 2994 4745 vix
3021 4692 3183 4743 armis
3210 4689 3423 4743 νειεηείε
3462 4686 3509 4738 in
3532 4696 3611 4736 sua
3631 4690 3670 4729 se
3689 4684 3745 4767 δέξο

560 4760 747 4840 contra
773 4784 989 4838 fratrem
1013 4784 1129 4852 ejus
1148 4783 1520 4849 Asdrubalem,
1549 4783 1600 4837 in
1626 4784 1925 4838 Macedonia
1951 4760 2135 4840 contra
2236 4760 2343 4845 atra
2386 4760 2725 4858 colligerent;
2750 4783 2945 4845 Deinde
2989 4797 3135 4845 cum,
3193 4782 3468 4866 serenitate
3507 4760 3748 4867 reddituri"

564 4876 897 4945 Philippum,
930 4876 981 4929 in
1029 4875 1287 4953 Sardania
1331 4882 1515 4928 contra
1559 4874 1791 4941 Sardos,
1826 4884 1879 4929 et
1908 4876 2135 4930 alterum
2237 4896 2475 4950 campum
2503 4879 2662 4949 copia;
2691 4887 2842 4945 atque
2884 4876 2937 4927 in
2960 4873 3124 4927 aciem
3168 4873 3461 4937 rediissem,
3506 4867 3745 4953 rursusne-
3812 4926 3813 4953 ξ

563 4968 913 5024 Asdrubalem
940 4950 1192 5037 Cartha‘g.
1224 4967 1270 5020 Is
1299 4983 1327 5019 a
1355 4967 1418 5021 T.
1454 4967 1648 5021 Manlio
1675 4971 2013 5034 proconsule,
2044 4971 2135 5041 qui
2239 4947 2419 5029 lentior
2446 4947 2572 5042 fusa
2588 4979 2877 5040 tempestas,
2925 4970 3121 5037 majore
3153 4966 3453 5020 mortalium
3480 4968 3613 5019 metu,
3634 4947 3749 5004 aude-

561 5061 629 5115 ad
661 5061 959 5115 Sardiniam
989 5062 1181 5115 missus
1206 5061 1395 5129 fuerat,
1425 5062 1577 5115 vivus
1608 5072 1792 5132 captus
1816 5074 1932 5127 est,
1958 5064 2133 5119 occisa
2238 5068 2369 5121 ciam
2405 5065 2647 5125 coercuit,
2680 5062 2979 5129 territosque
3006 5058 3270 5111 exercitus
3315 5058 3534 5125 refugere
3562 5049 3605 5099 in
3631 5046 3746 5132 teuto-l

560 5165 687 5207 cum
707 5167 771 5206 eo
800 5168 872 5204 xu
892 5150 1396 5219 millia,captimille
1416 5152 2138 5222 quingenti;etsicaltoma-
2236 5159 2316 5213 ria
2361 5158 2541 5226 coegit.
2603 5152 2745 5206 Tunc
2795 5166 3061 5204 conversus
3102 5147 3124 5187 τ
3160 5151 3220 5204 in
3265 5149 3550 5219 religionem
3589 5125 3749 5191 Annibal

563 5244 647 5298 nis
671 5244 909 5323 Sardinia
938 5243 1156 5297 subacta
1186 5254 1286 5298 εει.
1314 5243 1537 5298 Manlius
1564 5244 1731 5297 victor
1760 5243 2132 5309 Asdrubalem,
2239 5250 2427 5304 dixisse
2461 5248 2654 5317 fertur:
2710 5228 2985 5297 Potiun‘dte
3028 5240 3125 5294 sibi
3160 5240 3369 5305 Romte,
3400 5235 3557 5309 Emodo
3580 5227 3747 5282 rolsnttt-
3798 5227 3805 5323 ἐ

3816 4790 3817 4827 ι

3814 4862 3815 4905 l

3812 4926 3813 4983 ἡ

3806 5010 3811 5063 l

3806 5078 3809 5139 1

3805 5160 3807 5217 l

630 5367 657 5396 ι
698 5361 760 5412 A.
789 5359 855 5413 Η.
878 5401 891 5421 ,
921 5371 975 5415 et
1004 5360 1064 5413 E.
1085 5399 1101 5424 ,
1134 5375 1264 5414 xmr.
2239 5362 2516 5413 discessum
2540 5365 2634 5421 est,
2657 5353 2884 5422 sequenti
2909 5352 3070 5404 victus
3094 5351 3311 5424 consul,
3333 5350 3476 5402 tertio
3501 5341 3743 5424 violarii"?

630 5426 659 5465 δ
1126 5405 1324 5484 Etiam
1351 5441 1481 5485 cent.
1514 5432 1715 5485 decerni
1744 5432 1838 5485 sibi
1866 5432 1999 5486 ultro
2031 5432 2137 5486 bel-
2188 5432 2193 5437 ’
2239 5405 2743 5492 hb'ii'ili'oiin'téi'téc‘ti
2768 5405 2991 5494 ,ipsunt
3009 5405 3322 5494 Annibalem
3350 5435 3461 5471 cum
3486 5410 3660 5480 reliquit
3682 5405 3739 5471 μ’

560 5492 787 5573 lum._A.
809 5541 824 5563 ,
859 5498 1149 5573 Centerius,
1182 5510 1286 5573 etc.
1638 5572 1641 5573 ν
2122 5572 2127 5573 ν
2239 5517 2355 5573 gere
2385 5501 2436 5573 in
2469 5506 2637 5573 castra
2657 5494 2933 5573 compulit.
2960 5492 3357 5573 Annibal,_etc.

640 5572 663 5600 °
706 5559 840 5642 Hinc
882 5581 1071 5623 Ca‘tera
1116 5559 1486 5628 desiderantur
1528 5573 1581 5627 in
1629 5572 1725 5627 Ms.
1775 5573 1841 5628 Η.
1874 5588 2040 5642 usque
2068 5572 2133 5625 ad
2239 5559 2263 5573 ν
2312 5572 2336 5610 ά
2378 5572 2477 5635 A.,
2512 5559 3611 5642 Fult‘ioﬁtﬁlpifilo..Cnep.1.~ulviqf?".'w
3641 5607 3726 5642 nt..-

562 5638 654 5710 i_lla
1099 5610 1477 5710 llisap‘diibﬂsITX:
1506 5610 2133 5710 velt'oms-emiillllrwzqAnii;
2315 5649 2338 5677 ⁸
2464 5611 2487 5701 ’,
2512 5610 2655 5706 post
2701 5610 2882 5710 Latinra
2929 5610 3092 5703 legit:
3127 5632 3215 5710 Ad
3256 5647 3312 5686 Iv
3344 5610 3744 5710 ιπξιιεατῑιηκξίξζίξ
3764 5652 3795 5695 ,4

558 5692 631 5774 ι,
664 5692 927 5781 postquam
956 5692 2130 5780 aitaiiaa'ixn‘s‘iai'.:e}.ii‘ci'."r.ag;.;al
2240 5692 2486 5773 accessit,
2535 5692 2724 5781 equites
2770 5706 2881 5781 eius
2919 5692 3075 5771 ιιεᾶιιε
3122 5704 3197 5754 αα
3226 5692 3793 5781 ριξνιατζιε,ἠίῖερίίζῗξῗξί

560 5758 819 5833 consrulent
842 5822 857 5841 .
890 5799 938 5836 xl
968 5758 1223 5852 prazteret;
1242 5790 1467 5839 tribunos
1488 5825 1501 5847 ,
1532 5794 1576 5837 et
1613 5800 1760 5839 xvtm
1791 5758 2127 5838 militninrin-
2241 5758 2347 5839 lum
2376 5758 2488 5835 cuni
2522 5758 2750 5852 enercitu
2770 5758 3054 5852 venientum
3084 5758 3239 5852 metu.
3259 5772 3474 5852 Annibal
3507 5769 3566 5818 ad
3586 5758 3743 5821 CMF“
3790 5794 3791 5843 χ

559 5855 775 5923 terfecit.
811 5843 1085 5909 Marcellus
1113 5856 1291 5911 consul
1336 5871 1451 5907 cum
1480 5843 1722 5908 Annibale
1765 5855 1907 5923 apud
1940 5854 1991 5907 Ν
1998 5862 2134 5910 o’am
2241 5858 2375 5909 niam
2407 5869 2459 5904 se
2488 5850 2691 5923 recepit.
2724 5846 2791 5899 In
2819 5844 3077 5915 Hispania
3108 5858 3147 5896 α
3174 5843 3372 5914 fratre,
3394 5850 3493 5896 etc.

566 5920 792 5980 triduum
836 5927 1133 5995 continuum
1174 5925 1453 5981 dimicavit.
1485 5923 1663 5982 Primo
1694 5926 1774 5982 die
1802 5920 1915 5998 pari
1963 5943 2137 5998 pugna
2315 5926 2334 5964 ί
2368 5923 2461 5990 A.,
2492 5923 2543 5976 in
2572 5920 2844 5989 regionem.

3798 5451 3799 5529 ψ

3778 6160 3781 6311 f
