3920 6336
215 343 313 402 785

1303 337 1618 398 HISTORIA
1659 333 2022 394 MISCELLA.
2065 364 2132 376 —
2171 334 2297 389 LIB.
2341 333 2423 393 IlI.

3335 342 3473 414 ..786

217 469 310 514 tem
330 475 431 513 non
456 459 592 526 dari,
623 459 774 514 modo
808 474 925 514 vero
953 459 1123 515 deesse
1144 466 1455 528 potestatem.
1483 457 1548 509 At
1579 468 1702 508 vero
1734 449 1790 506 in
1818 453 1873 513 Α
1896 464 2084 505 norum
2115 452 2352 506 omnium
2388 460 2441 505 et
2467 464 2563 505 sua
2589 456 2764 515 aetate,
2801 457 2858 506 et
2883 452 3178 521 posteriore
3199 454 3312 511 fere
3357 457 3472 526 pri-

216 552 453 622 Iiispania
495 567 522 605 a
564 552 727 608 fratre
757 552 783 580 ⁸
812 552 1108 608 Asdrubale
1151 551 1306 606 ambo
1354 548 1637 618 Scipiones
1667 543 1782 599 fra-

215 655 336 714 tres,
363 647 454 716 qui
488 661 581 716 per
609 647 808 702 multos
847 662 1018 704 annos
1047 649 1277 703 victores
1303 646 1532 709 fuerant,
1582 639 1787 698 interti-

211 739 409 794 ciuntur
431 779 445 802 ,
485 739 746 796 exercitus
773 749 946 794 tamen
967 741 1173 809 integer
1199 739 1410 794 mansit.
1473 736 1611 792 Casu
1639 734 1782 791 enim

210 825 369 895 magis
390 839 542 882 erant
574 843 730 896 quam
760 829 958 885 virtute
1003 829 1232 898 decepti.
1280 827 1347 882 In
1374 826 1655 896 Campania
1678 825 1790 881 Ca-

211 933 303 988 pua
323 926 479 986 capta
506 929 580 972 est
607 935 638 971 a
669 919 734 986 Ω.
768 917 951 973 Fulvio
973 919 1294 991 proconsule.
1328 916 1596 987 Principes
1625 915 1780 970 Cam-

208 1025 469 1079 panorum:
493 1026 681 1065 ueneno
720 1012 815 1064 sibi
854 1021 1069 1066 mortem
1119 1012 1479 1065 consciverant.
1529 1009 1780 1064 Senatum

207 1117 397 1156 omnem
423 1101 634 1172 Capua’,
661 1106 811 1158 etiam
832 1105 1127 1176 prohibente
1147 1115 1325 1160 senatu
1355 1102 1610 1169 Romano,
1643 1100 1782 1156 Ful-

205 1192 304 1246 uius
331 1194 602 1263 suppliciis
629 1199 842 1248 necavit.
872 1194 1006 1249 Duae
1032 1205 1198 1249 autem
1223 1197 1426 1265 femince
1452 1211 1480 1249 e
1509 1193 1780 1262 Campanis

206 1288 412 1355 partib.,
459 1289 517 1342 id
546 1297 619 1343 est
651 1288 833 1344 Vescia
856 1287 1030 1358 Oppia
1072 1289 1476 1360 materfamilias,
1531 1297 1576 1342 et
1617 1286 1780 1341 Clivia

202 1382 228 1424 δ
257 1381 458 1437 Facula
486 1384 742 1448 meretrix,
793 1384 1020 1454 benigna:
1057 1383 1198 1452 fuere
1237 1397 1329 1451 pro
1357 1390 1491 1436 statu
1516 1378 1776 1434 Romano.

207 1473 402 1543 Quippe
425 1491 527 1528 una
553 1458 646 1544 prb
675 1474 837 1528 salute
861 1473 1036 1544 pepuli
1065 1473 1286 1529 Romani
1311 1488 1505 1544 semper
1521 1474 1640 1526 deos
1663 1487 1782 1541 pre-

199 1576 308 1620 cata
357 1574 458 1634 est,
506 1567 671 1620 altera
699 1565 944 1620 militibus
992 1565 1235 1620 Romanis
1279 1565 1491 1633 captiuis
1539 1565 1780 1617 alimenta

199 1657 426 1729 prwbuit.
457 1656 568 1711 Pro
598 1659 775 1726 quibus
825 1659 1040 1720 meritis,
1088 1665 1134 1711 et
1169 1657 1447 1711 libertatem
1485 1656 1536 1708 in
1578 1655 1775 1709 excidio

195 1749 402 1819 Capua,
449 1759 499 1804 et
524 1767 630 1805 rem
656 1751 921 1821 propriam
957 1759 1294 1818 retenturum,
1347 1761 1395 1804 et
1423 1750 1632 1820 optandi
1655 1762 1782 1818 prce-

193 1843 276 1898 ιιιἰὶ
307 1843 579 1913 privilegia
607 1853 851 1898 assecuta
879 1853 1017 1896 sunt.
1063 1843 1179 1909 Quo
1204 1853 1443 1913 tempore
1465 1842 1625 1897 etiam
1659 1854 1772 1894 cos.

192 1935 436 1990 ﬂarcello
466 1934 668 1990 Sicilia:
697 1949 885 2002 magna
924 1949 1044 2004 pars
1073 1942 1227 2003 capta
1257 1942 1360 1997 est,
1411 1948 1566 2001 quam
1597 1941 1776 1987 tenere

191 2026 298 2083 Afri
327 2037 632 2098 eruperant,
673 2036 726 2083 et
756 2027 1113 2092 nobilissima,
1140 2036 1194 2080 ut
1223 2026 1349 2092 dixi,
1394 2028 1520 2082 urbs
1547 2026 1774 2096 Syracu-

187 2132 332 2174 sana.
381 2118 570 2174 Praeda
602 2133 728 2173 vero
759 2118 948 2188 ingens
992 2119 1212 2174 Romam
1240 2118 1464 2189 [perlata
1507 2127 1608 2171 est.
1666 2115 1774 2171 Le-

185 2210 336 2264 vinus
363 2209 422 2264 in
445 2209 756 2265 Macedonia
783 2223 905 2264 cum
940 2209 1206 2280 Philippo,
1259 2217 1313 2264 et
1341 2209 1523 2263 multis
1551 2207 1774 2262 Graeciaa

189 2302 422 2370 populis,
470 2309 528 2356 et
552 2315 678 2370 rege
703 2301 844 2356 Asia:
893 2303 1072 2357 Attalo
1114 2301 1397 2356 amicitiam
1424 2300 1571 2366 fecit,
1615 2307 1670 2352 et
1707 2299 1772 2352 ad

189 2389 422 2446 Siciliam
452 2390 722 2460 proiectus
744 2400 847 2446 est.
892 2389 958 2443 In
998 2407 1096 2460 qua
1136 2392 1444 2446 Hannonem
1485 2390 1769 2460 quemdam

180 2481 441 2538 Afrorum
470 2483 662 2538 ducem
687 2482 826 2552 apud
844 2485 1189 2553 Agrigentum
1217 2484 1485 2540 civitatem
1511 2496 1630 2537 cum
1654 2483 1771 2550 ipso

170 2574 387 2644 oppido
416 2575 582 2644 cepit,
608 2589 838 2644 eumque
881 2573 1104 2630 Romam
1147 2591 1268 2631 cum
1295 2577 1524 2644 captivis
1554 2574 1776 2629 nobilis-

163 2668 334 2722 simis
365 2667 553 2723 misit:
587 2669 936 2739 quadraginta
966 2670 1210 2725 civitates
1249 2670 1301 2724 in
1326 2669 1651 2725 deditionem
1681 2682 1773 2722 ac-

161 2759 348 2827 cepit,
397 2760 582 2829 viginti
610 2775 704 2815 sex
736 2763 1077 2830 expugnavit.
1131 2761 1203 2816 lta
1242 2761 1388 2816 omni
1418 2760 1594 2816 Sicilia
1623 2775 1772 2814 rece—

155 2861 284 2919 pta,
319 2849 634 2906 Macedonia
665 2854 852 2919 fracta,
886 2853 1086 2922 ingenti
1113 2853 1280 2922 gloria
1315 2853 1536 2907 Romam
1566 2866 1775 2921 regres-

151 2955 260 2996 sus
308 2951 421 2996 est.
473 2943 703 2998 Annibal
747 2945 919 3013 itaque
954 2943 1006 2998 in
1040 2943 1188 2997 Italia
1239 2943 1336 2997 Cn.
1389 2929 1632 2996 Fulvium
1659 2956 1769 2996 cos-

149 3033 361 3089 subito
385 3047 694 3102 aggressus,
729 3050 847 3088 cum
877 3050 928 3088 ix
975 3035 1214 3090 millibus
1243 3035 1517 3089 hominum
1559 3034 1774 3090 interfe-

156 3126 272 3179 cit.
323 3125 558 3192 luterea,
586 3124 876 3180 interfectis
904 3125 957 3180 in
990 3125 1240 3194 Hispania
1270 3125 1476 3180 duobus
1512 3131 1533 3158 θ
1557 3126 1772 3196 Scipio-

163 3218 349 3272 nibus
377 3217 623 3286 fratribus
640 3258 655 3283 ,
703 3226 752 3272 et
780 3218 1012 3272 omnibus
1040 3220 1242 3272 incusso
1271 3235 1458 3288 pavore
1486 3219 1774 3272 cunctanti-
1803 3187 1850 3250 ρ

161 3309 301 3376 bus,
356 3309 541 3371 Scipio
580 3325 633 3363 se
659 3310 935 3363 admodum
976 3309 1271 3365 adolescens
1319 3310 1454 3364 ultro
1481 3310 1682 3377 obtulit,
1726 3321 1778 3365 et

154 3415 292 3453 cuni
325 3401 384 3454 in
410 3402 595 3454 wrario
640 3406 856 3470 penuria
901 3412 1028 3456 esset
1073 3404 1316 3470 pecuniae,
1349 3403 1576 3474 Claudio
1633 3402 1777 3456 Mar-

157 3492 328 3556 cello,
384 3499 432 3544 et
492 3489 695 3546 Valerio
744 3491 934 3547 Levino
979 3493 1292 3560 auctoribus,
1343 3495 1432 3564 qui
1485 3503 1591 3547 tum
1639 3508 1771 3548 coss.

163 3591 347 3652 erant,
381 3600 592 3650 aurum,
619 3595 666 3638 et
694 3594 963 3655 argentum
989 3586 1250 3657 signatum
1277 3585 1345 3640 ad
1378 3589 1665 3651 Qutastores
1683 3603 1772 3653 pa-

163 3675 276 3729 lam
321 3693 504 3730 omnes
545 3686 805 3731 senatores
846 3679 900 3731 in
928 3677 1186 3747 publicum
1228 3679 1570 3742 contulerunt,
1622 3681 1694 3733 ita
1722 3685 1778 3732 ut

167 3769 313 3822 nihil
343 3779 536 3838 praeter
559 3772 797 3836 annulus,
815 3770 1099 3839 bullasque,
1125 3771 1242 3838 sibi,
1269 3783 1318 3826 et
1345 3771 1490 3840 filiis,
1518 3787 1579 3824 ac
1595 3771 1778 3825 deinde

169 3876 265 3931 per
291 3861 460 3929 ﬁlias,
506 3877 788 3932 uxoresque
813 3879 936 3916 suas
963 3862 1189 3932 singulas
1234 3869 1429 3916 tantum
1455 3863 1571 3915 auri
1597 3863 1776 3916 uncias

171 3963 220 4006 et
260 3954 472 4025 argenti
508 3969 608 4007 non
635 3953 858 4023 amplius
884 3969 1039 4023 quant
1064 3952 1294 4024 singulas
1339 3952 1497 4006 libras
1525 3953 1776 4024 relinque-

171 4061 316 4108 rent.
351 4051 533 4118 Scipio
568 4064 739 4106 annos
767 4059 924 4106 natus
953 4049 1136 4122 viginti
1175 4061 1424 4120 quatuor,
1469 4051 1549 4107 vir
1577 4051 1776 4108 Roma-

249 4198 277 4223 ι
311 4189 407 4252 A.,
443 4185 766 4240 Asdrubalis.

245 4255 275 4294 δ
302 4258 418 4322 AL,
454 4255 695 4310 Falcula.

249 4337 274 4365 ε
313 4330 378 4380 Α.
405 4346 417 4380 :
451 4327 660 4398 Interea
691 4328 758 4382 ad
783 4325 1082 4398 Hispanias,
1113 4325 1199 4380 ubi
1221 4327 1405 4398 occisis
1427 4328 1626 4382 duobus
1652 4329 1772 4383 Sci-

179 4397 420 4466 pionibus
466 4397 679 4470 Mallius
699 4469 710 4470 ί
731 4395 889 4452 Rom;
911 4397 1018 4451 dux
1043 4406 1171 4470 erat,
1305 4397 1570 4470 Cornelius
1599 4401 1773 4470 Scipio

183 4470 423 4534 mittitur,
469 4471 545 4537 fil.
583 4467 649 4521 P.
681 4469 958 4540 Scipionis,
990 4468 1075 4537 qui
1119 4468 1304 4522 ibidem
1332 4468 1523 4522 bellum
1551 4467 1774 4540 gesserat

183 4553 344 4594 armos
371 4552 545 4603 natus,
576 4550 680 4594 etc.

251 4607 280 4646 ά
313 4617 373 4665 Α.
400 4610 804 4679 :Deliberarent,
823 4626 939 4664 cum
951 4609 1094 4664 Trib.
1115 4610 1334 4662 militum
1349 4621 1498 4679 esset,
1516 4613 1768 4677 districto,

189 4689 284 4733 etc.
319 4682 460 4735 Idem
495 4690 650 4748 post:
706 4678 907 4745 Vetuit,
939 4681 1234 4750 primusque
1273 4681 1460 4750 jurans
1486 4678 1562 4734 rut
1593 4685 1774 4750 patria:

191 4751 421 4822 defensor
463 4754 728 4816 existeret,
781 4753 1045 4806 universos
1095 4751 1331 4822 similiter
1365 4751 1547 4822 jurare
1587 4756 1768 4821 coegit,

195 4812 542 4894 Romanosque
568 4824 636 4876 ad
666 4812 808 4894 spem
838 4825 973 4886 uiue,
1023 4812 1174 4894 qua'si
1193 4824 1258 4894 ab
1289 4812 1488 4894 inferis,
1542 4812 1770 4880 reduxit;

194 4887 244 4946 Is
271 4887 632 4965 Carthaginem
674 4887 943 4965 Hispania:
972 4887 1129 4962 capit,
1181 4893 1234 4965 in
1271 4887 1370 4959 qua
1394 4887 1540 4948 omne
1568 4910 1769 4962 aurum,

85 5023 90 5028 _
191 4962 478 5045 argentum,
515 4976 561 5019 et
592 4962 1048 5045 belli-apparatum
1076 4962 1485 5045 ,lfri'habebant.
1539 4965 1771 5020 Nobilis-
1829 4977 1834 4980 '

192 5032 338 5106 {imos
383 5053 584 5106 quoque
629 5032 847 5096 obsides,
893 5051 1040 5106 quos,
1066 5032 1130 5086 ab
1180 5032 1430 5106 Hispanis
1483 5048 1768 5104 acceperat,

193 5103 458 5178 yagortern
483 5109 634 5161 etiam
669 5108 878 5176 fratrem
906 5103 1172 5178 )lnnibalis
1203 5105 1388 5158 ibidem
1418 5109 1575 5177 capit,
1607 5103 1773 5176 quem

195 5175 401 5231 Romam
431 5195 546 5232 cum
569 5175 685 5231 aliis
709 5178 881 5230 mittit.
917 5176 1090 5239 Rom.,
1125 5185 1232 5230 etc.

261 5251 282 5277 θ
308 5247 441 5303 Hinc
467 5249 704 5304 sequitur
731 5249 792 5301 A.
824 5266 834 5300 :
869 5245 1074 5300 Interea
1105 5248 1157 5300 in
1186 5245 1344 5300 Italia
1369 5262 1475 5300 cos.
1510 5245 1773 5304 Pub.Fa-

194 5318 472 5376 llius-Max.
524 5318 804 5390 Tarentum
849 5319 1054 5390 recepit,
1106 5319 1157 5370 in
1197 5333 1296 5390 qua
1339 5319 1569 5390 ingentes
1614 5322 1774 5390 copia:

196 5391 448 5513 ﬁuni’gplis
478 5397 645 5454 erant,
685 5401 729 5443 et
755 5389 821 5442 ibi
846 5391 1002 5442 etiam
1022 5388 1203 5442 ducent
1249 5387 1604 5443 Carthalonem
1635 5387 1771 5446 occi-

227 5471 281 5513 tl.
358 5478 481 5513 rta..
513 5470 616 5513 etc.

197 5463 281 5516 dit.
313 5463 481 5520 Triq.,
513 5470 616 5520 etc.

261 5505 281 5570 ί
307 5479 658 5586 ἔθλιιὲῒί
697 5539 965 5601 postquam
1008 5529 1076 5582 ad
1100 5527 1313 5583 Italiam
1361 5532 1585 5585 Annibal
1612 5534 1769 5600 venit,

197 5600 280 5659 Cn.
311 5600 582 5668 Fulvium,
610 5600 715 5658 etc.

261 5683 284 5718 ε
307 5674 705 5729 Ηετεῐθιόεηειδ
738 5673 898 5728 habet
942 5672 996 5725 in
1040 5683 1207 5726 castra
1235 5675 1498 5742 compulit.
1551 5676 1774 5732 Annibal

199 5747 370 5800 multas
399 5747 629 5799 civitates
655 5742 807 5798 Rom.
832 5760 919 5814 per
948 5744 1207 5812 Apuliam,
1247 5753 1374 5810 etc.,
1405 5761 1526 5814 qua:
1549 5749 1612 5800 ad
1645 5762 1769 5802 ver-

201 5814 310 5876 bum
337 5817 666 5874 conveniunt
706 5811 1080 5890 cuui'EutrOp.
1104 5815 1316 5901 Merulae
1349 5819 1386 5874 l'.
1417 5811 1507 5885 5i,
1537 5833 1704 5888 usque
1727 5818 1768 5876 f.

1890 560 2027 598 mus.
2079 545 2180 600 lste
2206 554 2278 598 est
2305 545 2389 598 ille
2415 546 2522 614 qui,
2554 544 2681 598 dum
2726 551 3001 600 senatores
3027 549 3094 600 ob
3126 556 3325 602 metum
3353 549 3470 605 An-

1879 624 2102 702 nibalis,
2155 645 2210 689 ut
2259 637 2394 703 dixi,
2447 636 2648 690 ltaliam
2691 637 2995 707 relinquere
3025 635 3051 676 ἀ
3083 639 3464 710 deliberarent,

1885 728 2128 784 ἀίειτὶςιο
2158 731 2335 800 gladio
2376 729 2428 784 id
2456 731 2569 785 ﬁeri
2599 730 2784 786 vetuit.
2817 727 2876 784 Is
2901 731 3169 800 imperium
3193 733 3245 786 in
3275 730 3467 801 Hispa-

1886 823 1973 876 nia
2021 824 2392 894 proconsulare
2435 825 2676 890 sortitus,
2723 824 3260 898 ultionem'prwcipue
3307 823 3468 893 patris

1886 922 1932 966 et
1977 914 2146 981 patrui
2173 915 2346 967 animo
2391 914 2686 981 intendens,
2735 911 3064 992 Pyrenaeum
3093 925 3460 986 transgressus,

1885 1006 2052 1074 primo
2077 1007 2272 1075 impetu
2296 1005 2657 1076 Carthaginem
2683 1023 2865 1061 novam
2891 1006 3166 1078 Hispania:
3188 1009 3336 1078 cepit,
3379 1005 3467 1060 ubi

1883 1096 2136 1166 stipendia
2154 1099 2400 1165 maxima,
2431 1099 2671 1167 prtesidia
2694 1099 2888 1162 valida,
2941 1099 3102 1168 capite
3132 1098 3246 1150 auri
3273 1113 3469 1168 argen-

1883 1193 2020 1262 tique
2048 1210 2246 1264 tnagnte
2273 1193 2554 1248 Poenarum
2580 1194 2913 1260 habebantur,
2959 1203 3006 1248 et
3035 1194 3336 1248 nobilissimi
3373 1195 3466 1247 ob-

1881 1283 2038 1350 sides,
2089 1299 2218 1353 quos
2248 1284 2309 1337 ab
2340 1283 2592 1354 Hispanis
2631 1294 2943 1354 acceperant.
2991 1282 3076 1338 Ibi
3100 1285 3252 1339 etiam
3281 1282 3466 1355 Mago-

1883 1391 1998 1428 nem
2025 1380 2238 1446 fratrem
2279 1379 2543 1432 Annibalis
2589 1389 2793 1450 captum
2838 1393 2951 1432 cum
3001 1379 3196 1433 caneris
3248 1378 3468 1433 Romam

1883 1467 2042 1530 misit.
2074 1469 2260 1524 Romae
2292 1471 2478 1539 ingens
2505 1471 2684 1524 lmtitia
2718 1483 2836 1541 post
2878 1472 2976 1526 hoc
3015 1471 3131 1526 fuit.
3169 1470 3468 1542 Scipioni-

1881 1577 2175 1632 spanorum
2197 1565 2413 1620 obsides
2443 1566 2750 1634 parentibus
2781 1565 3028 1620 reddidit.
3079 1565 3313 1635 Denique
3333 1565 3464 1618 dum

1883 1656 2123 1724 qumdam
2173 1656 2352 1710 adulto
2397 1656 2529 1710 llore
2555 1656 2704 1722 virgo
2745 1656 3097 1724 pulcherrima
3125 1659 3193 1710 ab
3222 1672 3286 1711 eo
3314 1669 3462 1710 com-

1888 1747 2151 1816 prehensa
2181 1747 2390 1814 luisset,
2414 1762 2533 1803 eam
2567 1758 2784 1817 paterna
2838 1749 3035 1817 pietate
3062 1749 3318 1810 servavit,
3343 1762 3468 1802 con-

1807 1821 1857 1882 Β
1885 1838 2081 1893 cedens
2112 1838 2418 1907 parentibus
2465 1849 2522 1893 ut
2548 1853 2666 1894 eam
2712 1839 3050 1894 redimerem.
3099 1838 3181 1892 Ad
3215 1853 3275 1893 se
3303 1838 3463 1892 etiam

1883 1934 2072 2004 puellae
2126 1949 2385 2003 sponsum
2436 1933 2753 1988 nobilissimi
2799 1933 3010 2002 generis
3062 1933 3231 1986 virum
3279 1931 3464 1988 venire

1881 2026 2234 2095 persuadens,
2277 2027 2324 2080 ei
2355 2028 2520 2094 ipsam
2551 2026 2700 2094 quasi
2730 2026 2845 2092 pius
2871 2025 2924 2078 iu
2951 2023 3290 2078 matrimonio
3317 2021 3466 2092 geni-

1881 2125 1963 2171 tor
1990 2117 2229 2184 tradidit,
2261 2117 2511 2185 dotisque
2561 2117 2776 2171 nomine
2804 2116 2991 2184 puella:
3015 2115 3274 2185 pretium,
3321 2111 3460 2180 quod

1878 2225 1908 2265 a
1938 2212 2241 2280 parentibus
2270 2210 2388 2277 ejus
2415 2220 2719 2277 acceperat,
2748 2209 3093 2264 condonavit.
3139 2205 3240 2286 Pro
3267 2205 3462 2274 quibus

1885 2301 2042 2357 factis
2074 2305 2305 2356 maxime
2331 2302 2604 2356 annitente
2643 2299 2833 2370 puellae
2862 2315 3084 2370 sponso,
3111 2300 3335 2368 ejusque
3363 2311 3464 2364 pa-

1878 2396 2120 2451 rentibus
2149 2410 2336 2450 omnes
2381 2395 2489 2450 fere
2539 2394 2806 2464 Hispania;
2844 2395 2908 2448 ad
2969 2409 3090 2448 eum
3120 2393 3466 2448 transierunt.

1878 2487 2006 2544 Post
2035 2493 2154 2558 quae
2201 2488 2549 2542 Asdrulialem
2577 2486 2793 2541 fratrem
2838 2485 3115 2542 Annibalis
3159 2475 3356 2541 victum
3390 2488 3468 2542 lu-

1876 2592 1985 2651 gat,
2016 2591 2069 2635 et
2101 2580 2330 2648 praedam
2363 2582 2646 2634 maximam
2681 2583 2840 2648 capit.
2875 2583 2898 2611 ε
2923 2579 3184 2634 Ρηειεγσα
3210 2581 3465 2650 octoginta

1877 2674 2123 2734 civitates,
2155 2683 2243 2725 aut
2271 2673 2553 2737 deditione,
2583 2680 2672 2724 aut
2701 2671 2854 2738 bello,
2901 2676 2955 2723 in
2981 2681 3275 2740 potestatem
3320 2671 3467 2725 rede-

1877 2766 1970 2836 git,
2004 2765 2241 2833 Afrisque
2265 2764 2356 2816 sub
2403 2781 2591 2817 corona
2637 2767 2873 2833 venditis,
2921 2769 3028 2821 sine
3074 2770 3234 2835 pretio
3277 2767 3470 2821 dimisit

1876 2855 2158 2924 Hispanos.
2203 2853 2221 2891 ί
2257 2855 2474 2908 Annibal
2517 2857 2566 2908 in
2594 2857 2758 2910 Italia
2804 2856 2898 2910 Cn.
2945 2854 3190 2910 Fulvium
3240 2873 3460 2922 procos.,

1883 2951 2113 3003 undecim
2141 2959 2385 3016 pra'lerea
2412 2951 2660 3014 tribunos,
2694 2959 2741 3003 et
2769 2965 2874 3002 xvu
2910 2951 3068 3002 millia
3097 2949 3359 3002 hominum
3386 2950 3467 3002 in-

1877 3042 2094 3109 terfecit,
2121 3039 2398 3093 Marcellus
2427 3056 2530 3092 cos.
2562 3056 2676 3094 cum
2707 3025 2954 3094 Annibale
2982 3043 3122 3111 apud
3148 3039 3342 3094 Nolam
3373 3041 3467 3093 tri-

1881 3133 1982 3186 duo
2012 3135 2253 3186 continuo
2303 3135 2580 3199 dimicat-it,
2621 3135 2786 3202 primo
2832 3135 2913 3188 die
2940 3136 3054 3204 pari
3081 3135 3467 3204 pugna-disces-

1879 3244 1991 3282 sum
2029 3238 2119 3291 est,
2161 3227 2388 3295 sequenti
2432 3227 2590 3281 uictus
2631 3243 2761 3291 cos.,
2791 3230 2938 3281 tertio
2960 3227 3118 3280 victor
3158 3237 3269 3282 octo
3299 3226 3466 3280 millia

1881 3321 2104 3374 hostium
2133 3321 2400 3395 interfecit.
2447 3318 2624 3388 Ipsum
2653 3321 2957 3374 Annibalem
3011 3337 3124 3374 cum
3150 3305 3358 3390 reliquis
3383 3325 3464 3390 fu-

1879 3429 1998 3482 gere
2026 3421 2050 3456 κ
2081 3411 2133 3464 in
2177 3419 2346 3464 castra
2397 3411 2662 3479 compulit.
2707 3408 2734 3446 δ
2761 3410 2967 3465 Interea
3011 3427 3117 3465 cos.
3151 3412 3238 3478 Q.‘
3271 3410 3462 3465 Fabius

1879 3503 2140 3558 Maximus
2165 3503 2475 3568 Tarentum,
2522 3506 2658 3572 quod
2687 3523 2716 3558 a
2741 3503 2988 3558 Romanis
3020 3506 3318 3571 desciverat,
3370 3506 3465 3559 ite-

1879 3614 1994 3650 rum
2017 3599 2343 3667 expugnavit,
2381 3607 2428 3650 et
2455 3600 2607 3665 cepit,
2642 3599 2809 3668 ibique
2851 3600 3076 3668 ingentes
3101 3601 3279 3668 capias
3304 3600 3461 3653 Anni-

1879 3689 2005 3744 balis
2045 3706 2160 3743 cum
2184 3691 2295 3762 ipso
2324 3691 2453 3743 duce
2480 3693 2592 3761 ejus
2618 3689 2926 3746 Carthalone
2953 3692 3154 3760 delevit,
3191 3689 3207 3728 ί
3245 3692 3461 3760 triginta

1878 3781 2043 3837 millia
2074 3783 2350 3837 hominum
2376 3783 2710 3850 captivorum
2751 3784 3010 3850 vendidit,
3056 3785 3288 3854 praedam
3316 3784 3457 3838 mili-

1835 3929 1838 3936 ,
1880 3875 2021 3930 tibus
2053 3875 2373 3944 dispertivit,
2405 3877 2684 3945 pecuniam
2722 3878 2995 3932 hominum
3027 3877 3362 3932 venditorum
3392 3875 3460 3931 ad

1876 3967 2062 4022 iiscum
2089 3967 2291 4022 retulit.
2344 3967 2478 4021 Tum
2516 3968 2700 4021 multae
2733 3967 2996 4032 civitates,
3041 3984 3157 4037 quas
3197 3968 3264 4024 ad
3295 3966 3457 4022 Anni-

1876 4056 2050 4113 balem
2071 4058 2415 4125 transierant,
2443 4073 2629 4113 rursus
2652 4073 2710 4114 se
2725 4057 2888 4113 Fabio
2909 4059 3166 4116 Maximol
3203 4039 3460 4114 subdide-

1874 4193 1965 4258 55,
1994 4192 2562 4262 parentibusfeddidit,
2609 4193 2709 4248 nisi
2741 4194 2876 4258 quod
2931 4194 3018 4247 ubi
3064 4194 3188 4262 legit
3221 4194 3340 4248 Eut.
3385 4191 3457 4256 P,

1877 4264 2106 4328 Sulpitio
2138 4262 2233 4317 Cn.
2268 4259 2393 4316 Ful.
2428 4263 2718 4316 consulibus
2749 4265 2969 4318 Annibal
2997 4259 3154 4332 usque
3173 4264 3240 4331 ad
3261 4279 3314 4318 ιν
3343 4265 3460 4318 mil-

1875 4335 2078 4389 liarium
2116 4333 2284 4387 Urbis.
2322 4335 2415 4386 Ms.
2457 4333 2517 4385 Il.
2546 4333 2811 4401 copiosius
2843 4335 2913 4388 ita
2943 4334 3134 4389 habet:
3184 4336 3279 4388 Cn.
3327 4333 3455 4393 Ful.

1875 4420 2006 4459 coss.
2062 4405 2278 4457 Annibal
2305 4404 2366 4457 de
2395 4402 2576 4471 Camp.
2616 4407 2766 4456 niovit
2809 4407 3113 4467 exercitum,
3157 4415 3204 4459 et
3233 4421 3348 4458 cum
3374 4406 3459 4458 in-

1875 4477 2010 4545 genti
2061 4475 2218 4545 clude
2257 4475 2506 4537 euntium,
2532 4501 2534 4504 -
2558 4472 2990 4536 Parsedecinum.
3047 4476 3458 4544 Suessanamque

1796 4557 1849 4616 D
1875 4543 2056 4616 agrum
2085 4546 2163 4598 via
2187 4543 2374 4598 Latina
2400 4560 2553 4609 usque
2582 4546 2650 4597 ad
2682 4561 2732 4598 Iv
2778 4545 3077 4600 milliarium
3109 4545 3261 4602 Urbis
3285 4543 3457 4601 acces-

1876 4621 1960 4684 sit,
1993 4617 2182 4684 equites
2208 4617 2318 4686 ejns
2351 4632 2506 4688 usque
2532 4617 2600 4667 ad
2634 4628 2852 4681 portam,
2898 4627 3000 4671 ct‘c.
3055 4619 3117 4670 Et
3150 4619 3305 4686 paulo
3337 4629 3459 4688 post

1881 4688 2024 4759 Ιξυι.τ
2050 4688 2205 4759 £335,
2231 4684 2376 4755 legit
2397 4705 2414 4759 _:
2464 4684 2742 4759 Posteriori
2773 4698 2997 4757 tempore
3028 4693 3130 4754 fere
3153 4684 3368 4759 primus.
3402 4689 3459 4746 Is

1877 4755 2053 4811 Carth.
2088 4756 2244 4826 Hisp.
2291 4757 2447 4822 capit,
2491 4757 2542 4809 in
2580 4774 2678 4826 qua
2719 4755 3096 4822 omne'aurum,
3141 4755 3260 4819 etc.,
3294 4770 3347 4814 et
3374 4761 3458 4816 hic

1833 4839 1836 4842 '
1877 4829 1973 4882 Ms.
2012 4829 2072 4880 ll.
2125 4825 2390 4895 cupiosior
2417 4837 2516 4892 est,
2566 4825 2620 4881 et
2648 4830 2716 4880 ita
2750 4829 2876 4896 legit
2907 4847 2921 4884 :
2971 4832 3094 4892 fere.
3144 4831 3194 4883 l.
3228 4831 3333 4884 Iste
3356 4841 3456 4884 ete-

1875 4901 2004 4964 nim,
2050 4899 2170 4950 dum
2198 4910 2452 4951 senatores
2480 4899 2541 4950 ob
2589 4909 2777 4951 metum
2819 4901 3084 4954 Annibalis
3134 4901 3340 4953 Italiam
3371 4917 3452 4954 re-

1877 4970 2101 5039 linquere
2127 4970 2481 5029 deliberarent,
2531 4985 2646 5022 cum
2668 4969 2896 5024 tribunus
2940 4972 3049 5023 mil.
3093 4982 3237 5037 esset,
3281 4971 3459 5024 distri—
3507 5033 3517 5036 _

1876 5052 1956 5112 cto
1985 5040 2156 5111 gladio
2200 5040 2252 5092 id
2297 5040 2410 5108 fieri
2462 5042 2656 5103 vetuit;
2697 5042 2992 5110 primusque
3031 5044 3215 5112 juraus
3263 5050 3316 5094 ut
3365 5058 3458 5110 pa-

1875 5111 1987 5164 triw
2029 5111 2262 5178 defensor
2279 5112 2531 5174 existeret,
2583 5112 2841 5165 universos
2881 5111 3110 5164 similiter
3135 5113 3309 5176 iurare
3361 5127 3452 5163 co—

1877 5185 1995 5252 egit,
2026 5182 2378 5252 llomanosque
2418 5180 2491 5252 qd
2541 5198 2677 5249 spent
2725 5182 2839 5234 vitta
2880 5183 3027 5249 quasi
3069 5182 3130 5233 ab
3175 5181 3352 5249 inferis
3375 5196 3456 5235 re-

1829 5273 1832 5276 ·
1876 5249 2041 5307 duxit.
2073 5251 2128 5306 Is
2144 5249 2385 5320 Cartltug.
2406 5250 2678 5320 Hispania:
2691 5252 2853 5319 capit,
2879 5253 2932 5305 in
2962 5268 3058 5320 qua
3073 5269 3218 5304 omne
3243 5267 3450 5318 aurum,

1875 5332 2090 5458 cuti!“
2122 5393 2325 5446 Interea
2363 5393 2415 5444 in
2446 5390 2571 5445 Ital.
2622 5408 2750 5455 cos.,
2801 5403 2929 5457 etc.,
2980 5407 3008 5442 a
3039 5392 3226 5460 quibus
3275 5391 3456 5448 verbis

1815 5481 1834 5522 .'
1877 5465 1974 5520 Ms.
2010 5466 2073 5517 ad
2109 5465 2326 5517 verbum
2354 5478 2475 5515 cum
2501 5463 2754 5527 Eutrapio
2783 5465 3029 5515 convenit
3062 5467 3225 5531 usque
3254 5473 3455 5517 strenue

1874 5552 2108 5606 pugnans
2141 5536 2334 5606 occisus
2367 5543 2458 5595 est,
2493 5535 2589 5606 nisi
2619 5531 2870 5606 quod'lthi
2906 5531 3326 5606 Eut_r0pius,l'ol.
3362 5531 3452 5606 54,

1819 5613 1824 5616 ’
1874 5603 2016 5674 apud
2048 5607 2234 5659 Senam
2267 5603 2446 5655 Piceni
2477 5604 2750 5667 civitatem,
2798 5603 2892 5658 Ms.
2919 5604 3042 5672 legit
3073 5619 3190 5657 cum
3223 5605 3455 5660 Miscella

1874 5679 2011 5756 apud
2043 5676 2328 5730 Metaurum
2357 5674 2586 5740 ﬂuuium.

1952 5752 1969 5786 ι
2000 5752 2088 5814 A.,
2121 5762 2284 5800 xxxv.
2987 5761 2992 5772 ‘

1949 5823 1964 5872 1
2002 5819 2374 5877 Subdiderunt.
2425 5815 2510 5885 A.,
2543 5815 2896 5886 dediderunt,'
2921 5828 2972 5875 et
2997 5821 3179 5875 emiss.
3222 5826 3343 5875 eaet.
3369 5816 3451 5875 le-
