3920 6336
154 370 254 437 789

1222 366 1543 432 HISTORIA
1579 368 1953 435 MlSC-ELLA.
1996 404 2066 417 —
2103 375 2234 433 LIB.
2275 375 2369 433 IV.

3329 377 3435 440 790

154 493 237 549 lici
260 488 463 567 generis
490 487 756 555 militibus,
802 486 890 557 qui
917 486 1059 558 sequi
1082 486 1274 543 nollem
1291 488 1599 558 interfectis.
1634 487 1739 545 Le-
1765 486 1822 553 Α
1846 488 2036 544 ducum
2063 490 2256 545 artibus
2294 491 2598 562 dispositum
2616 536 2631 563 ,
2660 492 2868 564 magnis
2908 495 3173 579 copiarum
3214 497 3436 557 molitm.

156 588 257 661 gati
283 582 785 657 Carthaginensium
832 592 1020 651 pacem
1064 594 1096 635 a
1140 580 1396 651 Scipione
1431 582 1741 652 petierunt:

156 680 217 735 ab
245 692 316 735 eo
336 677 407 734 ad
434 686 675 732 sanatum
705 675 930 729 Romam
960 674 1109 730 missi
1140 682 1286 742 sunt,
1316 684 1371 730 et
1395 674 1746 745 quadraginta

158 772 391 843 quinque
412 766 604 826 diebus
632 768 717 823 his
742 768 973 824 inducias
1001 767 1138 824 datae
1162 775 1312 834 sunt,
1362 783 1644 841 quousque
1668 769 1748 827 ire

159 864 382 921 Ruinam
412 871 469 919 et
492 860 702 934 regredi
730 870 965 931 possent,
1016 868 1072 915 et
1094 859 1307 930 triginta
1356 860 1521 917 millia
1555 862 1749 932 pondo

158 957 361 1027 argenti
389 955 459 1011 ab
486 954 568 1010 bis
596 961 811 1023 accepta
838 961 980 1008 sunt.
1028 953 1256 1009 Senatus
1280 967 1346 1009 ex
1368 953 1592 1010 arbitrio
1621 953 1745 1010 Sci-

159 1049 328 1120 pionis
357 1058 547 1119 pacem
570 1047 728 1115 jussit
748 1060 869 1102 cum
897 1044 1403 1118 Carthaginensibus
1432 1046 1568 1103 ﬁeri.
1633 1046 1752 1105 Scl-

159 1144 241 1213 pio
264 1141 357 1198 bis
402 1139 803 1197 conditionibus
843 1139 1012 1210 dedit,
1060 1150 1128 1196 ne
1169 1140 1397 1211 amplius
1444 1150 1607 1211 quam
1656 1142 1746 1197 tri-

158 1236 300 1307 ginta
330 1244 496 1289 naves
539 1231 815 1299 baberent,
857 1241 911 1287 et
946 1232 1326 1304 quinquaginta
1363 1232 1528 1289 millia
1560 1232 1740 1304 pondo

162 1327 361 1398 agenti
380 1325 591 1393 darent,
617 1326 855 1395 captivos
882 1332 935 1381 et
976 1324 1224 1396 perfugas
1252 1330 1281 1359 ι
1313 1324 1619 1382 redderent.
1651 1324 1754 1381 ln-

164 1428 295 1475 tereu
329 1419 553 1472 Annibal
576 1419 644 1471 ad
684 1419 984 1489 Africanum
1030 1418 1174 1472 littus
1199 1418 1550 1488 propinquans
1594 1421 1747 1485 iussit

165 1513 368 1567 nidum
394 1526 422 1567 ε
460 1512 676 1566 nauticis
712 1512 981 1566 ascendere
1016 1512 1070 1565 in
1104 1513 1336 1567 arborem
1374 1514 1538 1581 navis,
1596 1522 1747 1583 atque

164 1606 415 1673 speculari
453 1604 574 1660 inde
614 1616 767 1674 quam
802 1603 1060 1675 regionem
1110 1613 1360 1663 tenerent.
1431 1606 1744 1679 Sepulcrum

168 1698 393 1750 druium
423 1713 479 1752 se
502 1697 819 1766 prospexisse
852 1698 1135 1768 respondit.
1182 1696 1517 1754 Abominutus
1559 1702 1762 1755 dictum

168 1789 408 1856 Annibal,
440 1790 643 1859 deﬂexa
668 1806 845 1857 cursu,
874 1786 942 1844 ad
972 1791 1173 1862 Leptim
1203 1793 1450 1864 oppidum
1479 1795 1650 1863 capias
1672 1811 1762 1851 ea:-

173 1884 360 1951 posuit.
402 1880 505 1947 Qui
533 1882 773 1937 continuo
811 1886 999 1953 refecta
1039 1884 1367 1939 multitudine
1403 1885 1764 1960 Carthaginem

170 1974 325 2039 lenit,
368 1982 423 2027 et
444 1984 544 2042 pax
579 1972 791 2028 turbata
821 1981 923 2039 est,
973 1973 1245 2045 multaque
1272 1974 1480 2031 hostilia
1510 1977 1577 2032 ab
1621 1977 1766 2035 Afris

172 2060 304 2118 laeta
334 2073 482 2119 sunt.
512 2062 699 2133 Legati
746 2074 923 2120 tamen
952 2078 1135 2120 eorum
1163 2081 1229 2121 ex
1257 2066 1400 2123 Urbe
1431 2069 1705 2124 venientes
1734 2085 1763 2124 a

174 2153 429 2212 Romanis
478 2156 642 2226 capti,
690 2162 744 2212 et
778 2156 1001 2226 iubente
1048 2158 1302 2228 Scipione
1354 2161 1558 2216 dimissi
1617 2168 1764 2217 sunt.

180 2247 411 2303 Annibal
445 2262 661 2320 quoque
706 2248 1069 2315 frequentibus
1116 2251 1313 2321 praeliis
1351 2268 1380 2307 a
1410 2246 1662 2323 Scipione
1692 2256 1769 2310 vi-

172 2348 292 2397 ctus
322 2348 512 2412 petere
541 2350 595 2397 et
623 2341 739 2414 ipse
759 2344 869 2411 jam
898 2346 1063 2413 coepit
1086 2341 1114 2383 δ
1145 2359 1345 2415 pacem,
1390 2358 1433 2401 et
1464 2346 1769 2417 colloquium

176 2432 464 2503 Scipionis.
508 2432 607 2489 Ubi
631 2444 745 2487 cum
775 2450 830 2490 se
859 2436 950 2489 diu
976 2438 1172 2491 attoniti
1212 2438 1552 2493 admiratione
1591 2450 1771 2494 mutua

174 2522 274 2577 duo
311 2524 586 2579 clarissimi
621 2529 777 2580 duces
801 2532 938 2581 torve
962 2529 1326 2599 inspexissent,
1370 2540 1418 2585 et
1459 2524 1770 2600 colloquium

174 2617 308 2672 inter
346 2626 591 2689 utrosque
628 2624 779 2687 esset,
825 2618 1304 2692 Carthaginensibus
1335 2624 1641 2678 conditiones
1664 2623 1775 2678 dis-

181 2711 499 2781 plicuerunt,
553 2722 610 2765 eo
666 2711 803 2781 quod
850 2713 1045 2767 hisdem
1106 2714 1517 2783 conditionibus,
1582 2717 1775 2788 quibus

182 2799 350 2871 prius,
390 2800 572 2857 addita
600 2810 725 2860 sunt
753 2803 1056 2875 quingentis
1095 2803 1331 2862 millibus
1363 2808 1540 2877 pondo
1568 2810 1777 2882 argenti

186 2902 404 2948 centum
454 2893 623 2949 millia
664 2888 920 2951 librarum
968 2905 1185 2967 propter
1221 2912 1413 2955 novam
1458 2894 1774 2972 perlldiam:

178 2982 555 3055 procerumque
592 2986 907 3043 Annibalem
936 3002 1194 3059 pugnare.
1223 3000 1252 3033 ε
1282 2991 1507 3050 Annibal
1547 3004 1654 3052 tres
1680 3013 1775 3053 ex-

174 3076 481 3147 ploratores
511 3078 579 3133 ad
608 3088 781 3136 caetra
807 3080 1072 3152 Scipionis
1104 3084 1269 3152 misit,
1295 3102 1429 3156 quos
1455 3098 1640 3157 captos
1671 3088 1783 3147 Sci-

1850 590 2068 654 gestum,
2096 583 2255 653 quale
2276 583 2361 641 vix
2384 582 2493 640 ulla
2521 583 2779 641 memoria
2805 584 2926 652 fuit,
2972 596 3093 644 cum
3122 590 3440 660 peritissimi

1848 674 1973 739 viri,
2021 681 2080 729 ut
2104 674 2361 742 diximus,
2393 677 2574 748 copias
2610 688 2735 734 suas
2762 668 2828 734 ad
2879 670 3077 735 bellum
3120 680 3436 739 educerent.

1848 767 2032 838 Scipio
2062 768 2233 824 victor
2261 765 2290 809 ιι
2317 771 2490 838 rediit,
2520 774 2779 845 octoginta
2802 772 3061 841 elephanti
3082 774 3151 831 ibi
3178 776 3256 832 vel
3283 780 3441 849 capti,

1849 861 1929 916 vel
1949 862 2101 917 occisi
2128 871 2264 919 sunt.
2292 862 2769 938 Carthaginensium
2794 869 3015 924 militum
3044 868 3298 943 interfecti
3322 882 3445 929 sunt

1848 954 2031 1025 viginti
2055 956 2220 1011 millia
2246 956 2527 1028 quingenti.
2563 956 2786 1016 Annibal
2821 966 3021 1031 Omnia,
3067 971 3117 1019 et
3140 974 3262 1020 ante
3306 981 3445 1033 pra:-

1854 1044 2002 1113 lium,
2032 1058 2080 1103 et
2103 1051 2156 1104 in
2186 1052 2363 1120 praelia
2388 1058 2671 1121 exspertus,
2716 1054 2939 1125 primum
2966 1071 3081 1109 cum
3112 1056 3284 1111 multis
3307 1056 3448 1125 equi-

1855 1141 2011 1209 tibus,
2058 1142 2241 1198 deinde
2270 1159 2383 1198 cum
2412 1142 2589 1216 viginti
2609 1187 2625 1213 ,
2674 1156 2928 1215 postremo
2951 1148 3037 1203 vix
3064 1164 3181 1202 cum
3203 1157 3447 1218 quatuor,

1854 1233 1988 1289 inter
2014 1234 2291 1289 tumultum
2317 1235 2519 1305 elapsus
2545 1232 2917 1292 Adrumentum
2958 1240 3209 1310 con/agit.
3259 1234 3453 1294 Postea

1857 1323 2219 1399 Carthaginem
2247 1336 2360 1399 post
2396 1345 2487 1383 sex
2513 1332 2562 1385 et
2599 1328 2806 1402 triginta
2842 1348 3036 1395 annos,
3082 1348 3233 1403 quam
3264 1347 3454 1403 parvus

1859 1421 2072 1486 exierat,
2114 1422 2267 1475 venit.
2322 1422 2536 1478 inventa
2578 1426 2629 1478 in
2669 1426 2859 1480 castris
2925 1416 3201 1480 Annibalis
3242 1424 3453 1495 argenti

1861 1510 2041 1581 pondo
2071 1514 2254 1581 viginti
2285 1515 2465 1581 millia,
2505 1510 2620 1571 auri
2650 1506 2957 1588 oetoginta:
2988 1527 3194 1574 caetera)
3223 1514 3246 1556 ί
3278 1517 3456 1585 supel-

1865 1601 2049 1657 lectilis
2077 1604 2313 1679 copiosa.
2345 1606 2509 1661 Jactel
2538 1625 2591 1662 se
2617 1600 2731 1662 licet
2760 1606 2922 1665 Roma
2953 1610 3196 1679 victoriis,
3225 1611 3458 1664 Anniba-

1867 1695 1968 1750 lem
2002 1678 2175 1752 tamen
2208 1695 2510 1768 Campaniae
2558 1700 2779 1755 iniuriis
2809 1703 3159 1759 immorantem
3200 1703 3462 1775 provincia

1870 1785 2116 1842 deliciosa
2142 1790 2421 1857 superavit.
2473 1788 2611 1845 Dum
2637 1793 2783 1863 aquis
2808 1796 3024 1859 innatat,
3069 1796 3189 1848 dum
3213 1794 3457 1864 piscibus,

1874 1890 2024 1950 atque
2054 1880 2234 1935 ostreis
2280 1882 2474 1949 passim
2515 1874 2761 1952 inﬁcitur,
2808 1885 2930 1939 dum
2957 1884 3078 1951 olet,
3130 1886 3253 1939 dum
3299 1895 3461 1954 potat,

1870 1972 1994 2025 dum
2018 1972 2232 2040 dormit,
2278 1980 2528 2039 aquarum
2562 1974 2806 2028 resolutio
2845 1974 3061 2030 mollivit
3106 1974 3356 2029 Punicam
3385 1978 3463 2045 fe-

1867 2063 2106 2117 ritatem:
2138 2071 2184 2118 et
2211 2078 2361 2132 quem
2387 2065 2492 2117 alia
2519 2060 2853 2132 duraverant,
2900 2065 3139 2134 Seplasia
3168 2066 3466 2134 Cattipaniaz

1872 2155 2417 2227 oppidum.tlnguentis
2447 2158 2673 2210 odoratis
2702 2152 3040 2230 labefactavit,
3080 2170 3127 2215 et
3154 2162 3322 2215 solvit.
3359 2161 3469 2233 lgi-

1873 2258 1959 2301 tur
1986 2252 2100 2315 post
2131 2247 2185 2301 id
2216 2258 2468 2302 certamen
2515 2242 2938 2322 Curthaginenses
2968 2253 3165 2306 nullam
3205 2270 3313 2308 esse
3338 2257 3466 2309 resi-

1874 2339 2032 2393 duam
2052 2355 2217 2408 spem,
2245 2339 2345 2394 nisi
2368 2342 2422 2394 in
2448 2342 2663 2409 petenda
2684 2360 2809 2413 pace
2826 2348 3076 2414 persuasi,
3108 2354 3165 2400 ut
3195 2364 3299 2415 pax
3325 2350 3467 2402 dare-

1876 2440 1962 2487 tur
1994 2424 2179 2487 .denuo
2223 2434 2660 2502 supplicaverunt.
2710 2434 2771 2490 C.
2818 2432 3055 2492 Cornelio
3097 2437 3350 2505 Lentulo,
3395 2439 3463 2494 P.

1876 2522 2026 2581 Elia
2057 2522 2200 2581 Ρωιο
2229 2543 2360 2582 coss.
2395 2526 2878 2599 Carthaginensibus
2908 2548 3011 2601 pax
3037 2548 3126 2599 per
3152 2534 3469 2601 Scipionem,

1879 2621 2141 2674 voluntate
2166 2628 2394 2686 senatus,
2444 2622 2723 2691 populique
2748 2638 2985 2678 concessa
3015 2635 3110 2679 est.
3154 2624 3293 2679 Nam
3318 2629 3473 2680 etiam

1880 2706 2155 2785 plusquam
2196 2714 2483 2783 quingean
2509 2730 2659 2768 naves
2689 2714 2743 2767 in
2771 2715 2934 2768 altum
2982 2716 3244 2785 productm
3271 2718 3325 2771 in
3352 2733 3474 2771 con-

1882 2810 2055 2877 spectu
2084 2806 2300 2858 civitatis
2335 2806 2557 2858 incensa:
2595 2806 2733 2858 sunt.
2780 2803 2957 2874 Scipio
2979 2807 3095 2877 jam
3133 2814 3255 2860 tunc
3282 2822 3476 2876 cogno-

1885 2907 2056 2953 mento
2086 2897 2359 2969 Africanus
2391 2914 2504 2950 cum
2534 2894 2725 2967 ingenti
2749 2896 2920 2969 gloria
2949 2896 3267 2968 triumphans
3285 2896 3478 2952 Urbem

1883 2991 2147 3061 ingressus
2170 3000 2266 3045 est.
2311 2988 2471 3056 Quem
2499 2978 2784 3057 Terentius,
2832 2991 2919 3059 qui
2946 2998 3118 3058 postea
3142 2991 3386 3056 comicus,
3416 3004 3479 3047 ea

1888 3080 2142 3138 nobilibus
2170 3082 2649 3154 Carthaginensium
2695 3080 3017 3135 subactorum
3061 3080 3248 3135 civibus
3273 3090 3481 3152 captus,

178 3170 278 3240 pio
298 3169 628 3227 circumduci
656 3182 750 3243 per
790 3182 966 3230 castra
993 3175 1169 3244 jussit,
1204 3176 1546 3250 ostenditque
1572 3182 1651 3239 eis
1706 3193 1782 3239 to-
1804 3202 1858 3277 ε
1891 3176 2133 3250 pileatus,
2161 3176 2296 3277 qupd
2324 3176 2522 3245 insigne
2550 3174 2765 3229 indulta:
2796 3173 3042 3228 libertatis
3060 3174 3191 3277 .fu-i't,
3222 3183 3335 3243 post
3364 3190 3483 3229 cur-

178 3270 298 3319 ιω
326 3266 647 3333 exercitum,
696 3266 825 3321 nihil
868 3268 932 3323 de
976 3266 1204 3324 hostibus
1252 3280 1599 3342 percontatus.
1655 3274 1780 3334 Μοχ
1808 3260 1858 3277 “
1887 3286 2005 3323 rum
2031 3260 2428 3338 triumphantem
2456 3277 2659 3320 secutus
2696 3276 2789 3321 est.
2845 3268 2993 3319 Anno
3019 3262 3083 3318 ab
3114 3263 3250 3320 Urbe
3275 3266 3484 3321 condita

180 3361 341 3419 etiam
376 3360 658 3432 prandium
696 3358 810 3417 dari
847 3364 1039 3433 jussit,
1079 3365 1263 3436 eisque
1315 3367 1566 3437 refectis,
1606 3386 1669 3427 ac
1698 3388 1783 3429 re-

179 3454 379 3510 creatis
409 3456 560 3524 equis
593 3454 771 3510 redire
817 3455 1078 3525 permisit,
1115 3466 1173 3512 ut
1200 3461 1571 3517 renuntiarent
1612 3460 1778 3518 Anni-

181 3542 311 3614 bali,
342 3556 466 3616 qua:
496 3545 636 3615 apud
668 3544 939 3603 Romanos
969 3547 1249 3604 VidiSSeltl.
1298 3542 1509 3605 Interea
1540 3554 1781 3619 praelium

184 3639 251 3693 ab
297 3647 531 3708 altoque
562 3634 699 3694 duce
727 3637 752 3676 ἀ
793 3646 1079 3696 consertum
1118 3646 1229 3710 est,
1272 3641 1412 3708 quod
1452 3634 1541 3697 diu
1574 3646 1775 3713 magnis

260 3781 407 3861 {A.,
436 3788 553 3848 post
582 3778 849 3835 redderent
870 3797 891 3835 .'
941 3778 1155 3835 Interim
1174 3779 1428 3836 Annibale
1458 3784 1688 3837 veniente
1706 3785 1778 3838 ad

188 3850 423 3923 Africam
445 3866 572 3923 pall},
602 3861 709 3905 etc.

256 3919 287 4001 ξ
328 3926 541 4001 A.__post
572 3921 943 4001 verb._pacern,
973 3928 1089 4001 cum
1114 3929 1478 4001 ventum__esset
1512 3924 1581 4001 ad
1622 3926 1784 4001 collo}

188 3992 363 4063 quium
382 3994 567 4065 iisdem
586 3994 963 4047 conditionibus
985 3997 1103 4048 data
1124 4002 1219 4060 est,
1244 3994 1426 4062 quibus
1447 3997 1608 4065 prius,
1636 3998 1787 4051 addi-

300 4064 591 4134 quingentis
629 4064 739 4117 mil.
781 4065 1090 4132 ponderibus
1130 4068 1330 4135 argenti
1374 4064 1574 4121 centum
1620 4069 1787 4122 millia

197 4133 322 4189 libr.
350 4146 781 4207 propterﬂnovam
824 4136 1109 4203 perﬁdiam.
1142 4133 1631 4207 Cdrthaginensibus
1658 4155 1786 4194 con-

196 4207 415 4260 ditiones
440 4206 830 4277 displicuerttnt,
856 4212 1241 4277 jusseruntque,
1272 4206 1375 4262 etc.

266 4282 289 4311 ε
332 4274 593 4353 l_|_inc_lt.,
632 4274 867 4353 Infertur
893 4292 925 4330 a
954 4274 1213 4353 Scipione,
1259 4288 1307 4332 et
1346 4275 1653 4337 Massinissa
1682 4299 1795 4353 rege

196 4348 300 4423 alio
329 4347 701 4423 Numidarum,
740 4350 825 4423 qui
869 4347 1151 4423 amicitiam
1186 4365 1303 4404 cum
1348 4366 1408 4406 eo
1436 4353 1627 4423 fecerat
1666 4347 1798 4411 Car-

204 4417 394 4491 thagini
423 4418 628 4475 bellum.
657 4418 898 4489 Annibal,
923 4430 1028 4477 etc.

1887 3361 2293 3434 quingentesimo
2332 3358 2728 3431 quadragesimo
2770 3360 2948 3429 quinto
2995 3356 3185 3413 bellum
3223 3355 3483 3412 Punicum

1890 3452 2172 3509 secundum
2208 3453 2411 3522 ﬁnitum
2436 3462 2529 3519 est,
2570 3458 2691 3522 post
2717 3452 2917 3508 annum
2948 3465 3145 3507 nonum
3194 3449 3489 3520 decimum,

1892 3542 2057 3617 quam
2088 3555 2347 3615 eruperat.

1962 3784 1990 3824 ά
2028 3787 2117 3852 Α.,
2148 3786 2477 3851 instructum,
2506 3783 2657 3853 quale
2684 3783 2788 3852 vix,
2818 3794 2924 3840 etc.

1967 3865 1989 3894 ο
2031 3858 2121 3923 A.,
2154 3872 2251 3925 pro
2276 3857 2447 3925 rediit,
2480 3856 2688 3919 recedit,
2720 3865 2776 3910 et
2816 3854 3059 3923 sequitur
3084 3870 3214 3924 pene
3238 3854 3349 3925 ipsa
3374 3854 3487 3908 An-

1891 3929 2061 3985 nibale
2089 3938 2260 3994 capto,
2304 3929 2391 3995 qui
2415 3928 2637 3994 primum
2659 3942 2775 3980 cum
2800 3928 2975 3979 multis
3001 3926 3270 3995 equitibus,
3299 3925 3486 3981 deinde

1894 4018 2009 4055 cum
2033 4016 2120 4070 sx,
2152 4009 2405 4070 postremo
2427 4014 2543 4052 cum
2573 4014 2641 4062 tv,
2670 4000 2846 4070 evasit.
2872 3997 3109 4070 Inventa,
3141 4012 3245 4070 etc.

1975 4070 1995 4109 τ
2038 4068 2129 4137 Ᾱ.,
2152 4066 2387 4137 supellex
2414 4071 2641 4137 copiosa,
2666 4070 2789 4122 inde
2822 4068 2967 4137 legit,
2998 4066 3123 4122 Post
3148 4067 3204 4120 id
3234 4073 3490 4121 certamen

1899 4159 2005 4212 pas;
2023 4146 2139 4195 cum
2170 4140 2652 4211 Carthaginensibus
2681 4142 2817 4212 facta
2840 4151 2932 4195 est.
2959 4139 3137 4206 Scipio
3166 4137 3382 4193 Romam
3410 4152 3493 4192 re-

1900 4211 2014 4278 diit,
2044 4213 2233 4282 ingenti
2262 4214 2430 4281 gloria
2453 4211 2821 4282 griumphaoit,
2844 4222 2895 4265 et
2925 4212 3199 4282 Africanus
3222 4226 3286 4282 ea:
3312 4224 3372 4282 eo
3401 4224 3489 4261 vo-

1901 4286 2009 4339 cari
2054 4278 2385 4352 carptus—est.
2436 4278 2635 4338 Finem
2667 4283 2861 4353 accepit
2902 4278 3178 4337 secundum
3226 4278 3487 4336 Punicum

1901 4355 2093 4412 bellum
2116 4365 2229 4425 post
2257 4366 2447 4409 annum
2470 4362 2742 4425 xtx'quam
2768 4362 3007 4425 mperat.

406 4560 931 4586 ,ννν
3095 4560 3489 4584 ______

1412 4681 1713 4758 LIBER
1785 4681 2291 4777 QUARTUS.

276 4936 575 5001 Transacto
601 4934 760 5013 igitur
788 4936 988 4999 Punico
1012 4932 1173 5010 bello,
1205 4952 1447 5000 secutum
1492 4953 1575 4999 est
1617 4946 1790 5002 Mace-
1822 4951 1875 5012 υ
1900 4964 2023 5005 eum
2088 4947 2458 5013 defenderant,
2498 4944 2695 5001 bellum
2742 4943 2985 5009 inferret,
3036 4951 3096 4997 ut
3146 4942 3391 5010 captivos
3438 4950 3498 5001 ct

209 5038 458 5094 donicum
486 5046 674 5092 contra
701 5051 882 5107 regem
913 5036 1237 5108 Philippum.
1272 5038 1715 5107 Quingentesimo
1743 5048 1798 5094 et

206 5130 655 5201 quinquagesimo
710 5131 883 5196 primo
934 5143 1075 5184 anno
1124 5132 1191 5185 ab
1243 5129 1384 5185 Urbe
1454 5131 1669 5186 condita
1733 5132 1796 5185 Τ.

1909 5040 2209 5110 transfugas
2257 5038 2526 5101 redderet,
2560 5053 2591 5091 L
2620 5038 2761 5092 solas
2792 5040 2953 5091 naves
2982 5033 3231 5101 haberet,
3263 5033 3501 5089 relicuas

1912 5132 2164 5187 Romanis
2204 5132 2355 5185 daret
2388 5147 2399 5183 :
2432 5145 2528 5200 per
2567 5142 2737 5184 annos
2765 5144 2795 5182 κ
2824 5136 3080 5197 quaterna
3119 5142 3154 5180 Il
3196 5125 3373 5194 pondo
3415 5142 3503 5180 ar-
3566 5192 3569 5193 ν

209 5223 457 5290 Quintius
481 5221 773 5279 Flaminius
801 5232 827 5260 ει
854 5223 1109 5278 adversus
1130 5222 1427 5292 Philippum
1454 5224 1802 5280 Macedonum
1911 5227 2053 5297 genti
2078 5233 2375 5293 praestaret,
2406 5235 2458 5278 et
2489 5221 2728 5277 obsidem
2770 5219 2935 5273 ﬁlium
2980 5233 3135 5273 suum
3173 5219 3501 5273 Demetrium

206 5328 391 5384 regem
423 5314 619 5369 missus
650 5326 748 5370 est.
783 5310 884 5381 Qui
912 5325 1023 5386 post
1055 5318 1236 5381 multa,
1262 5326 1310 5370 et
1331 5317 1636 5388 gravissima
1665 5334 1802 5389 prw-
1913 5317 1943 5360 δ
1966 5320 2135 5374 daret.
2166 5316 2365 5371 Deinde
2389 5324 2505 5370 cum
2527 5313 2923 5369 Lacedwmoniis
2950 5312 3193 5383 pugnavit
3222 5326 3243 5367 :
3271 5313 3507 5383 victoque

212 5407 303 5476 lia,
329 5408 509 5479 quibus
536 5405 842 5463 Macedones
871 5409 1008 5475 vicit,
1042 5424 1221 5480 pacem
1252 5407 1495 5482 Philippo
1535 5410 1696 5474 dedit,
1725 5407 1808 5465 his
1920 5408 2128 5465 Nabide
2156 5409 2283 5463 duce
2307 5423 2500 5474 eorum,
2531 5415 2587 5461 et
2609 5404 2797 5477 quibus
2827 5403 2995 5458 voluit
3022 5400 3421 5459 conditionibus
3447 5403 3506 5462 in

215 5501 444 5570 legibus,
479 5515 547 5556 ne
584 5498 803 5556 Graecia:
831 5500 1157 5568 civitatibus,
1188 5515 1321 5573 quas
1364 5499 1594 5558 Romani
1624 5510 1769 5557 contr

1919 5508 2080 5564 ﬁdem
2111 5505 2338 5575 accepit,
2387 5512 2444 5560 et
2490 5500 2690 5572 ingenti
2730 5499 2898 5570 gloria
2941 5498 3308 5569 triumphavit.
3345 5496 3508 5554 Duxit

288 5678 320 5719 δ
360 5687 423 5742 H.
474 5696 529 5742 et
578 5688 905 5757 Eutropius,
973 5688 1219 5742 adversus
1276 5684 1578 5756 Philippum
1642 5697 1815 5754 regem

1993 5681 2020 5722 ιι
2057 5682 2121 5737 Α.
2152 5688 2272 5748 post
2308 5680 2470 5733 daret.
2514 5676 2664 5732 Titus
2693 5674 2961 5744 Quinctius
2988 5676 3141 5728 etiam
3179 5673 3505 5728 Lacedtemoc

216 5774 463 5828 prospere
486 5760 663 5829 gessit,
695 5769 743 5813 et
768 5775 870 5828 pax
894 5760 941 5814 ei
963 5760 1086 5813 data
1106 5770 1178 5812 est
1204 5758 1282 5813 Itis
1304 5759 1655 5829 tegibus,.etc.

1921 5755 2021 5810 niis
2046 5752 2221 5809 intulit
2255 5753 2470 5821 bellum,
2505 5750 2685 5805 ducem
2709 5762 2887 5805 eorum
2914 5748 3090 5803 itidem
3118 5748 3270 5821 vicit,
3301 5757 3346 5800 et
3389 5749 3503 5818 qui-

221 5820 235 5953 ;
291 5820 358 5885 Al
390 5820 509 5896 ι)οεῖ
546 5820 729 5886 missus
754 5820 846 5899 est,
882 5833 1178 5897 continuat,
1211 5839 1258 5884 et
1280 5820 1382 5901 pair
1409 5831 1456 5884 ei
1484 5828 1610 5883 data
1641 5836 1716 5883 est
1742 5824 1819 5882 his
1926 5828 2037 5893 bus,
2065 5835 2168 5881 etc.
3203 5820 3235 5849 '

238 5917 348 5957 ευ..
382 5908 491 5957 etc.

238 5917 348 5974 89.,
382 5916 491 5957 etc.
