  <div class='ocr_page' id='page_1' title='image "/cluster/home/n/w/nwhite01/storage/ocr_20150623/95/hvd.32044010719722/419.png"; bbox 0 0 3920 6336; ppageno 0'>
   <div class='ocr_carea' id='block_1_1' title="bbox 484 336 629 430">
    <p class='ocr_par' dir='ltr' id='par_1_1' title="bbox 484 336 629 430">
     <span class='ocr_line' id='line_1_1' title="bbox 484 336 629 430; baseline 0 -33"><span class='ocrx_word' id='word_1_1' title='bbox 484 423 491 430; x_wconf 23' lang='grc' dir='ltr'>ι</span> <span class='ocrx_word' id='word_1_2' title='bbox 527 336 629 398; x_wconf 71' lang='lat'><strong>791</strong></span> 
     </span>
    </p>
   </div>
   <div class='ocr_carea' id='block_1_2' title="bbox 1423 324 2943 396">
    <p class='ocr_par' dir='ltr' id='par_1_2' title="bbox 1423 324 2943 396">
     <span class='ocr_line' id='line_1_2' title="bbox 1423 324 2943 396; baseline -0.009 -3"><span class='ocrx_word' id='word_1_3' title='bbox 1423 336 1626 396; x_wconf 83' lang='lat' dir='ltr'><strong>PAULI</strong></span> <span class='ocrx_word' id='word_1_4' title='bbox 1664 335 1936 394; x_wconf 77' lang='lat' dir='ltr'><strong>DIACONI</strong></span> <span class='ocrx_word' id='word_1_5' title='bbox 1973 332 2124 391; x_wconf 88' lang='lat' dir='ltr'><strong>OPP.</strong></span> <span class='ocrx_word' id='word_1_6' title='bbox 2164 329 2342 387; x_wconf 79' lang='lat' dir='ltr'><strong>PARS</strong></span> <span class='ocrx_word' id='word_1_7' title='bbox 2378 328 2423 385; x_wconf 87' lang='grc' dir='ltr'><strong>Ι.</strong></span> <span class='ocrx_word' id='word_1_8' title='bbox 2459 355 2530 370; x_wconf 85' lang='lat'><strong>—-</strong></span> <span class='ocrx_word' id='word_1_9' title='bbox 2566 324 2943 384; x_wconf 76' lang='lat' dir='ltr'><strong>HISTORICA.</strong></span> 
     </span>
    </p>
   </div>
   <div class='ocr_carea' id='block_1_3' title="bbox 3633 330 3706 391">
    <p class='ocr_par' dir='ltr' id='par_1_3' title="bbox 3633 330 3706 391">
     <span class='ocr_line' id='line_1_3' title="bbox 3633 330 3706 391; baseline 0 0"><span class='ocrx_word' id='word_1_10' title='bbox 3633 330 3706 391; x_wconf 68' lang='lat'><strong>793</strong></span> 
     </span>
    </p>
   </div>
   <div class='ocr_carea' id='block_1_4' title="bbox 524 443 3708 518">
    <p class='ocr_par' dir='ltr' id='par_1_4' title="bbox 524 443 3708 518">
     <span class='ocr_line' id='line_1_4' title="bbox 524 443 3708 518; baseline -0.002 -13"><span class='ocrx_word' id='word_1_11' title='bbox 524 463 650 508; x_wconf 84' lang='lat' dir='ltr'><strong>ante</strong></span> <span class='ocrx_word' id='word_1_12' title='bbox 688 466 901 509; x_wconf 90' lang='lat' dir='ltr'><strong>currum</strong></span> <span class='ocrx_word' id='word_1_13' title='bbox 940 451 1300 508; x_wconf 87' lang='lat' dir='ltr'><strong>nobilissimos</strong></span> <span class='ocrx_word' id='word_1_14' title='bbox 1330 451 1561 518; x_wconf 85' lang='lat' dir='ltr'><strong>obsides,</strong></span> <span class='ocrx_word' id='word_1_15' title='bbox 1612 453 1936 508; x_wconf 82' lang='lat' dir='ltr'><strong>Demetrium</strong></span> <span class='ocrx_word' id='word_1_16' title='bbox 1976 452 2099 505; x_wconf 90' lang='lat' dir='ltr'><strong>Phi-</strong></span> <span class='ocrx_word' id='word_1_17' title='bbox 2126 449 2180 511; x_wconf 72' lang='grc' dir='ltr'><strong>Α</strong></span> <span class='ocrx_word' id='word_1_18' title='bbox 2202 447 2364 502; x_wconf 87' lang='lat' dir='ltr'><strong>edicto</strong></span> <span class='ocrx_word' id='word_1_19' title='bbox 2392 447 2446 499; x_wconf 80' lang='lat' dir='ltr'><strong>in</strong></span> <span class='ocrx_word' id='word_1_20' title='bbox 2470 453 2710 516; x_wconf 86' lang='lat' dir='ltr'><strong>quantam</strong></span> <span class='ocrx_word' id='word_1_21' title='bbox 2731 444 2991 498; x_wconf 78' lang='lat' dir='ltr'><strong>licentiam</strong></span> <span class='ocrx_word' id='word_1_22' title='bbox 3019 449 3262 496; x_wconf 71' lang='lat' dir='ltr'><strong>matrona:</strong></span> <span class='ocrx_word' id='word_1_23' title='bbox 3288 443 3508 512; x_wconf 82' lang='lat' dir='ltr'><strong>venerint,</strong></span> <span class='ocrx_word' id='word_1_24' title='bbox 3531 448 3631 515; x_wconf 87' lang='lat' dir='ltr'><strong>quid</strong></span> <span class='ocrx_word' id='word_1_25' title='bbox 3651 466 3708 509; x_wconf 75' lang='grc' dir='ltr'><strong>αι.</strong></span> 
     </span>
    </p>
   </div>
   <div class='ocr_carea' id='block_1_5' title="bbox 523 542 2104 620">
    <p class='ocr_par' dir='ltr' id='par_1_5' title="bbox 523 542 2104 620">
     <span class='ocr_line' id='line_1_5' title="bbox 523 542 2104 620; baseline -0.001 -23"><span class='ocrx_word' id='word_1_26' title='bbox 523 543 652 612; x_wconf 88' lang='lat' dir='ltr'><strong>lippi</strong></span> <span class='ocrx_word' id='word_1_27' title='bbox 684 544 870 611; x_wconf 85' lang='lat' dir='ltr'><strong>filium,</strong></span> <span class='ocrx_word' id='word_1_28' title='bbox 922 552 975 598; x_wconf 90' lang='lat' dir='ltr'><strong>et</strong></span> <span class='ocrx_word' id='word_1_29' title='bbox 1020 546 1305 597; x_wconf 79' lang='lat' dir='ltr'><strong>Armenem</strong></span> <span class='ocrx_word' id='word_1_30' title='bbox 1355 542 1574 598; x_wconf 82' lang='lat' dir='ltr'><strong>Nabidis</strong></span> <span class='ocrx_word' id='word_1_31' title='bbox 1607 543 1705 620; x_wconf 83' lang='lat' dir='ltr'><strong>Ro.</strong></span> <span class='ocrx_word' id='word_1_32' title='bbox 1754 542 1970 611; x_wconf 78' lang='lat' dir='ltr'><strong>captivi.</strong></span> <span class='ocrx_word' id='word_1_33' title='bbox 2004 542 2104 609; x_wconf 80' lang='lat' dir='ltr'><strong>Qui</strong></span> 
     </span>
    </p>
   </div>
   <div class='ocr_carea' id='block_1_6' title="bbox 528 624 2104 702">
    <p class='ocr_par' dir='ltr' id='par_1_6' title="bbox 528 624 2104 702">
     <span class='ocr_line' id='line_1_6' title="bbox 528 624 2104 702; baseline -0.001 -12"><span class='ocrx_word' id='word_1_34' title='bbox 528 624 915 690; x_wconf 56' lang='lat' dir='ltr'><strong>sub&#39;Anuibale</strong></span> <span class='ocrx_word' id='word_1_35' title='bbox 950 649 1045 702; x_wconf 86' lang='lat' dir='ltr'><strong>per</strong></span> <span class='ocrx_word' id='word_1_36' title='bbox 1080 632 1342 690; x_wconf 70' lang='lat' dir='ltr'><strong>Graeciam</strong></span> <span class='ocrx_word' id='word_1_37' title='bbox 1372 634 1576 689; x_wconf 89' lang='lat' dir='ltr'><strong>venditi</strong></span> <span class='ocrx_word' id='word_1_38' title='bbox 1609 633 1836 699; x_wconf 76' lang='lat' dir='ltr'><strong>fuerant,</strong></span> <span class='ocrx_word' id='word_1_39' title='bbox 1870 634 2104 689; x_wconf 86' lang='lat' dir='ltr'><strong>universi</strong></span> 
     </span>
    </p>
   </div>
   <div class='ocr_carea' id='block_1_7' title="bbox 525 723 2105 793">
    <p class='ocr_par' dir='ltr' id='par_1_7' title="bbox 525 723 2105 793">
     <span class='ocr_line' id='line_1_7' title="bbox 525 723 2105 793; baseline 0 -13"><span class='ocrx_word' id='word_1_40' title='bbox 525 727 747 793; x_wconf 83' lang='lat' dir='ltr'><strong>recepti,</strong></span> <span class='ocrx_word' id='word_1_41' title='bbox 775 723 1038 792; x_wconf 87' lang='lat' dir='ltr'><strong>capitibus</strong></span> <span class='ocrx_word' id='word_1_42' title='bbox 1067 723 1204 779; x_wconf 89' lang='lat' dir='ltr'><strong>rasis</strong></span> <span class='ocrx_word' id='word_1_43' title='bbox 1229 725 1298 779; x_wconf 90' lang='lat' dir='ltr'><strong>ob</strong></span> <span class='ocrx_word' id='word_1_44' title='bbox 1324 725 1592 781; x_wconf 82' lang='lat' dir='ltr'><strong>detersam</strong></span> <span class='ocrx_word' id='word_1_45' title='bbox 1623 725 1954 791; x_wconf 84' lang='lat' dir='ltr'><strong>servitutem,</strong></span> <span class='ocrx_word' id='word_1_46' title='bbox 1981 740 2105 780; x_wconf 91' lang='lat' dir='ltr'><strong>cur-</strong></span> 
     </span>
    </p>
   </div>
   <div class='ocr_carea' id='block_1_8' title="bbox 525 816 2104 888">
    <p class='ocr_par' dir='ltr' id='par_1_8' title="bbox 525 816 2104 888">
     <span class='ocr_line' id='line_1_8' title="bbox 525 816 2104 888; baseline 0.002 -19"><span class='ocrx_word' id='word_1_47' title='bbox 525 832 647 870; x_wconf 85' lang='lat' dir='ltr'><strong>rum</strong></span> <span class='ocrx_word' id='word_1_48' title='bbox 679 817 1052 885; x_wconf 84' lang='lat' dir='ltr'><strong>triumphantis</strong></span> <span class='ocrx_word' id='word_1_49' title='bbox 1079 817 1248 872; x_wconf 86' lang='lat' dir='ltr'><strong>secuti</strong></span> <span class='ocrx_word' id='word_1_50' title='bbox 1275 827 1422 887; x_wconf 89' lang='lat' dir='ltr'><strong>sunt.</strong></span> <span class='ocrx_word' id='word_1_51' title='bbox 1458 817 1659 872; x_wconf 83' lang='lat' dir='ltr'><strong>Eodem</strong></span> <span class='ocrx_word' id='word_1_52' title='bbox 1693 824 1933 888; x_wconf 89' lang='lat' dir='ltr'><strong>tempore</strong></span> <span class='ocrx_word' id='word_1_53' title='bbox 1962 826 1989 854; x_wconf 74' lang='grc' dir='ltr'>α</span> <span class='ocrx_word' id='word_1_54' title='bbox 2018 816 2104 872; x_wconf 83' lang='lat' dir='ltr'><strong>ln-</strong></span> 
     </span>
    </p>
   </div>
   <div class='ocr_carea' id='block_1_9' title="bbox 520 907 2104 980">
    <p class='ocr_par' dir='ltr' id='par_1_9' title="bbox 520 907 2104 980">
     <span class='ocr_line' id='line_1_9' title="bbox 520 907 2104 980; baseline 0.004 -19"><span class='ocrx_word' id='word_1_55' title='bbox 520 908 734 974; x_wconf 86' lang='lat' dir='ltr'><strong>suhres,</strong></span> <span class='ocrx_word' id='word_1_56' title='bbox 763 918 818 964; x_wconf 91' lang='lat' dir='ltr'><strong>et</strong></span> <span class='ocrx_word' id='word_1_57' title='bbox 847 907 984 974; x_wconf 91' lang='lat' dir='ltr'><strong>Boii,</strong></span> <span class='ocrx_word' id='word_1_58' title='bbox 1018 923 1049 962; x_wconf 90' lang='lat' dir='ltr'><strong>a</strong></span> <span class='ocrx_word' id='word_1_59' title='bbox 1076 909 1275 979; x_wconf 90' lang='lat' dir='ltr'><strong>quibus</strong></span> <span class='ocrx_word' id='word_1_60' title='bbox 1301 909 1545 965; x_wconf 90' lang='lat' dir='ltr'><strong>Ticinum</strong></span> <span class='ocrx_word' id='word_1_61' title='bbox 1572 910 1788 966; x_wconf 87' lang='lat' dir='ltr'><strong>condita</strong></span> <span class='ocrx_word' id='word_1_62' title='bbox 1814 919 1917 976; x_wconf 88' lang='lat' dir='ltr'><strong>est,</strong></span> <span class='ocrx_word' id='word_1_63' title='bbox 1946 919 2104 980; x_wconf 88' lang='lat' dir='ltr'><strong>atque</strong></span> 
     </span>
    </p>
   </div>
   <div class='ocr_carea' id='block_1_10' title="bbox 522 999 2101 1068">
    <p class='ocr_par' dir='ltr' id='par_1_10' title="bbox 522 999 2101 1068">
     <span class='ocr_line' id='line_1_10' title="bbox 522 999 2101 1068; baseline 0.003 -14"><span class='ocrx_word' id='word_1_64' title='bbox 522 999 841 1064; x_wconf 87' lang='lat' dir='ltr'><strong>Cenomani,</strong></span> <span class='ocrx_word' id='word_1_65' title='bbox 895 1003 1184 1056; x_wconf 85' lang='lat' dir='ltr'><strong>contractis</strong></span> <span class='ocrx_word' id='word_1_66' title='bbox 1242 1001 1296 1055; x_wconf 91' lang='lat' dir='ltr'><strong>in</strong></span> <span class='ocrx_word' id='word_1_67' title='bbox 1348 1017 1512 1055; x_wconf 92' lang='lat' dir='ltr'><strong>unum</strong></span> <span class='ocrx_word' id='word_1_68' title='bbox 1563 1002 1784 1068; x_wconf 88' lang='lat' dir='ltr'><strong>viribus,</strong></span> <span class='ocrx_word' id='word_1_69' title='bbox 1835 1002 2101 1059; x_wconf 86' lang='lat' dir='ltr'><strong>Amilcare</strong></span> 
     </span>
    </p>
   </div>
   <div class='ocr_carea' id='block_1_11' title="bbox 520 1093 2098 1164">
    <p class='ocr_par' dir='ltr' id='par_1_11' title="bbox 520 1093 2098 1164">
     <span class='ocr_line' id='line_1_11' title="bbox 520 1093 2098 1164; baseline 0.001 -15"><span class='ocrx_word' id='word_1_70' title='bbox 520 1095 811 1150; x_wconf 79' lang='lat' dir='ltr'><strong>Pomorum</strong></span> <span class='ocrx_word' id='word_1_71' title='bbox 836 1093 994 1158; x_wconf 89' lang='lat' dir='ltr'><strong>duce,</strong></span> <span class='ocrx_word' id='word_1_72' title='bbox 1022 1094 1109 1164; x_wconf 91' lang='lat' dir='ltr'><strong>qui</strong></span> <span class='ocrx_word' id='word_1_73' title='bbox 1140 1093 1193 1149; x_wconf 90' lang='lat' dir='ltr'><strong>in</strong></span> <span class='ocrx_word' id='word_1_74' title='bbox 1224 1094 1378 1150; x_wconf 85' lang='lat' dir='ltr'><strong>Italia</strong></span> <span class='ocrx_word' id='word_1_75' title='bbox 1408 1105 1757 1160; x_wconf 86' lang='lat' dir='ltr'><strong>remanserat,</strong></span> <span class='ocrx_word' id='word_1_76' title='bbox 1782 1096 2098 1151; x_wconf 88' lang='lat' dir='ltr'><strong>Cremonam</strong></span> 
     </span>
    </p>
   </div>
   <div class='ocr_carea' id='block_1_12' title="bbox 518 1187 2099 1258">
    <p class='ocr_par' dir='ltr' id='par_1_12' title="bbox 518 1187 2099 1258">
     <span class='ocr_line' id='line_1_12' title="bbox 518 1187 2099 1258; baseline -0.001 -14"><span class='ocrx_word' id='word_1_77' title='bbox 518 1191 737 1253; x_wconf 82' lang='lat' dir='ltr'><strong>urbem,</strong></span> <span class='ocrx_word' id='word_1_78' title='bbox 765 1187 1190 1258; x_wconf 84' lang='lat' dir='ltr'><strong>Placentiamque</strong></span> <span class='ocrx_word' id='word_1_79' title='bbox 1228 1196 1515 1253; x_wconf 88' lang='lat' dir='ltr'><strong>vastantes,</strong></span> <span class='ocrx_word' id='word_1_80' title='bbox 1544 1188 1859 1243; x_wconf 82' lang='lat' dir='ltr'><strong>difficillimo</strong></span> <span class='ocrx_word' id='word_1_81' title='bbox 1904 1188 2043 1244; x_wconf 89' lang='lat' dir='ltr'><strong>bello</strong></span> <span class='ocrx_word' id='word_1_82' title='bbox 2068 1204 2099 1243; x_wconf 88' lang='lat' dir='ltr'><strong>a</strong></span> 
     </span>
    </p>
   </div>
   <div class='ocr_carea' id='block_1_13' title="bbox 518 1278 2097 1348">
    <p class='ocr_par' dir='ltr' id='par_1_13' title="bbox 518 1278 2097 1348">
     <span class='ocr_line' id='line_1_13' title="bbox 518 1278 2097 1348; baseline 0.001 -16"><span class='ocrx_word' id='word_1_83' title='bbox 518 1278 585 1332; x_wconf 89' lang='lat' dir='ltr'><strong>L.</strong></span> <span class='ocrx_word' id='word_1_84' title='bbox 618 1278 803 1333; x_wconf 85' lang='lat' dir='ltr'><strong>Fulvio</strong></span> <span class='ocrx_word' id='word_1_85' title='bbox 831 1287 1060 1348; x_wconf 85' lang='lat' dir='ltr'><strong>praetore</strong></span> <span class='ocrx_word' id='word_1_86' title='bbox 1088 1278 1320 1348; x_wconf 86' lang='lat' dir='ltr'><strong>superati</strong></span> <span class='ocrx_word' id='word_1_87' title='bbox 1346 1287 1489 1333; x_wconf 91' lang='lat' dir='ltr'><strong>sunt.</strong></span> <span class='ocrx_word' id='word_1_88' title='bbox 1518 1278 1712 1334; x_wconf 88' lang='lat' dir='ltr'><strong>Consul</strong></span> <span class='ocrx_word' id='word_1_89' title='bbox 1744 1279 2018 1333; x_wconf 81' lang='lat' dir='ltr'><strong>Marcellus</strong></span> <span class='ocrx_word' id='word_1_90' title='bbox 2044 1280 2097 1335; x_wconf 91' lang='lat' dir='ltr'><strong>iu</strong></span> 
     </span>
    </p>
   </div>
   <div class='ocr_carea' id='block_1_14' title="bbox 518 1368 2095 1439">
    <p class='ocr_par' dir='ltr' id='par_1_14' title="bbox 518 1368 2095 1439">
     <span class='ocr_line' id='line_1_14' title="bbox 518 1368 2095 1439; baseline 0.001 -16"><span class='ocrx_word' id='word_1_91' title='bbox 518 1369 737 1424; x_wconf 77' lang='lat' dir='ltr'><strong>Etruria</strong></span> <span class='ocrx_word' id='word_1_92' title='bbox 768 1384 797 1422; x_wconf 92' lang='lat' dir='ltr'><strong>a</strong></span> <span class='ocrx_word' id='word_1_93' title='bbox 831 1368 971 1422; x_wconf 82' lang='lat' dir='ltr'><strong>Boiis</strong></span> <span class='ocrx_word' id='word_1_94' title='bbox 999 1383 1286 1438; x_wconf 90' lang='lat' dir='ltr'><strong>oppressus</strong></span> <span class='ocrx_word' id='word_1_95' title='bbox 1316 1384 1558 1439; x_wconf 88' lang='lat' dir='ltr'><strong>magnam</strong></span> <span class='ocrx_word' id='word_1_96' title='bbox 1592 1378 1793 1437; x_wconf 88' lang='lat' dir='ltr'><strong>partem</strong></span> <span class='ocrx_word' id='word_1_97' title='bbox 1823 1370 2095 1425; x_wconf 86' lang='lat' dir='ltr'><strong>exercitus</strong></span> 
     </span>
    </p>
   </div>
   <div class='ocr_carea' id='block_1_15' title="bbox 516 1459 2099 1543">
    <p class='ocr_par' dir='ltr' id='par_1_15' title="bbox 516 1459 2099 1543">
     <span class='ocr_line' id='line_1_15' title="bbox 516 1459 2099 1543; baseline 0.001 -30"><span class='ocrx_word' id='word_1_98' title='bbox 516 1461 769 1531; x_wconf 81' lang='lat' dir='ltr'><strong>perdidit.</strong></span> <span class='ocrx_word' id='word_1_99' title='bbox 799 1459 894 1514; x_wconf 88' lang='lat' dir='ltr'><strong>Cui</strong></span> <span class='ocrx_word' id='word_1_100' title='bbox 920 1469 1104 1529; x_wconf 88' lang='lat' dir='ltr'><strong>postea</strong></span> <span class='ocrx_word' id='word_1_101' title='bbox 1131 1459 1321 1514; x_wconf 89' lang='lat' dir='ltr'><strong>Furius</strong></span> <span class='ocrx_word' id='word_1_102' title='bbox 1343 1460 1477 1516; x_wconf 87' lang='lat' dir='ltr'><strong>alter</strong></span> <span class='ocrx_word' id='word_1_103' title='bbox 1498 1474 1611 1516; x_wconf 90' lang='lat' dir='ltr'><strong>cos.</strong></span> <span class='ocrx_word' id='word_1_104' title='bbox 1634 1460 1829 1543; x_wconf 79' lang='lat' dir='ltr'><strong>auxilio</strong></span> <span class='ocrx_word' id='word_1_105' title='bbox 1850 1460 2099 1526; x_wconf 88' lang='lat' dir='ltr'><strong>accessit,</strong></span> 
     </span>
    </p>
   </div>
   <div class='ocr_carea' id='block_1_16' title="bbox 516 1550 2098 1622">
    <p class='ocr_par' dir='ltr' id='par_1_16' title="bbox 516 1550 2098 1622">
     <span class='ocr_line' id='line_1_16' title="bbox 516 1550 2098 1622; baseline 0 -15"><span class='ocrx_word' id='word_1_106' title='bbox 516 1564 685 1622; x_wconf 75' lang='lat' dir='ltr'><strong>atque</strong></span> <span class='ocrx_word' id='word_1_107' title='bbox 712 1553 782 1607; x_wconf 93' lang='lat' dir='ltr'><strong>ita</strong></span> <span class='ocrx_word' id='word_1_108' title='bbox 811 1566 1110 1607; x_wconf 85' lang='lat' dir='ltr'><strong>universam</strong></span> <span class='ocrx_word' id='word_1_109' title='bbox 1162 1552 1407 1607; x_wconf 86' lang='lat' dir='ltr'><strong>Boiorum</strong></span> <span class='ocrx_word' id='word_1_110' title='bbox 1435 1561 1647 1621; x_wconf 78' lang='lat' dir='ltr'><strong>gentem</strong></span> <span class='ocrx_word' id='word_1_111' title='bbox 1700 1551 1809 1622; x_wconf 90' lang='lat' dir='ltr'><strong>igni</strong></span> <span class='ocrx_word' id='word_1_112' title='bbox 1850 1550 2098 1620; x_wconf 87' lang='lat' dir='ltr'><strong>ferroque</strong></span> 
     </span>
    </p>
   </div>
   <div class='ocr_carea' id='block_1_17' title="bbox 516 1644 2102 1715">
    <p class='ocr_par' dir='ltr' id='par_1_17' title="bbox 516 1644 2102 1715">
     <span class='ocr_line' id='line_1_17' title="bbox 516 1644 2102 1715; baseline -0.003 -13"><span class='ocrx_word' id='word_1_113' title='bbox 516 1657 789 1703; x_wconf 81' lang='lat' dir='ltr'><strong>vastantes</strong></span> <span class='ocrx_word' id='word_1_114' title='bbox 842 1645 1225 1715; x_wconf 90' lang='lat' dir='ltr'><strong>propemodum</strong></span> <span class='ocrx_word' id='word_1_115' title='bbox 1269 1658 1436 1714; x_wconf 89' lang='lat' dir='ltr'><strong>usque</strong></span> <span class='ocrx_word' id='word_1_116' title='bbox 1488 1644 1555 1698; x_wconf 90' lang='lat' dir='ltr'><strong>ad</strong></span> <span class='ocrx_word' id='word_1_117' title='bbox 1609 1644 1835 1698; x_wconf 90' lang='lat' dir='ltr'><strong>nihilum</strong></span> <span class='ocrx_word' id='word_1_118' title='bbox 1886 1644 2102 1699; x_wconf 89' lang='lat' dir='ltr'><strong>deleve-</strong></span> 
     </span>
    </p>
   </div>
   <div class='ocr_carea' id='block_1_18' title="bbox 516 1733 2097 1805">
    <p class='ocr_par' dir='ltr' id='par_1_18' title="bbox 516 1733 2097 1805">
     <span class='ocr_line' id='line_1_18' title="bbox 516 1733 2097 1805; baseline -0.006 -9"><span class='ocrx_word' id='word_1_119' title='bbox 516 1751 661 1796; x_wconf 84' lang='lat' dir='ltr'><strong>runt.</strong></span> <span class='ocrx_word' id='word_1_120' title='bbox 700 1738 726 1777; x_wconf 71' lang='grc' dir='ltr'>δ</span> <span class='ocrx_word' id='word_1_121' title='bbox 756 1737 946 1792; x_wconf 79' lang='lat' dir='ltr'><strong>Postea</strong></span> <span class='ocrx_word' id='word_1_122' title='bbox 989 1733 1281 1789; x_wconf 77' lang='lat' dir='ltr'><strong>Flaminius</strong></span> <span class='ocrx_word' id='word_1_123' title='bbox 1329 1750 1528 1803; x_wconf 90' lang='lat' dir='ltr'><strong>procos.</strong></span> <span class='ocrx_word' id='word_1_124' title='bbox 1575 1734 1879 1805; x_wconf 83' lang='lat' dir='ltr'><strong>Philippum</strong></span> <span class='ocrx_word' id='word_1_125' title='bbox 1908 1750 2097 1805; x_wconf 84' lang='lat' dir='ltr'><strong>regem,</strong></span> 
     </span>
    </p>
   </div>
   <div class='ocr_carea' id='block_1_19' title="bbox 2206 522 3702 609">
    <p class='ocr_par' dir='ltr' id='par_1_19' title="bbox 2206 522 3702 609">
     <span class='ocr_line' id='line_1_19' title="bbox 2206 522 3702 609; baseline 0 -16"><span class='ocrx_word' id='word_1_126' title='bbox 2206 540 2327 609; x_wconf 85' lang='lat' dir='ltr'><strong>tinet</strong></span> <span class='ocrx_word' id='word_1_127' title='bbox 2348 539 2533 603; x_wconf 88' lang='lat' dir='ltr'><strong>dicere,</strong></span> <span class='ocrx_word' id='word_1_128' title='bbox 2554 553 2669 592; x_wconf 86' lang='lat' dir='ltr'><strong>cum</strong></span> <span class='ocrx_word' id='word_1_129' title='bbox 2691 538 2819 591; x_wconf 89' lang='lat' dir='ltr'><strong>sicut</strong></span> <span class='ocrx_word' id='word_1_130' title='bbox 2839 546 2886 590; x_wconf 90' lang='lat' dir='ltr'><strong>et</strong></span> <span class='ocrx_word' id='word_1_131' title='bbox 2907 537 3001 590; x_wconf 83' lang='lat' dir='ltr'><strong>viri</strong></span> <span class='ocrx_word' id='word_1_132' title='bbox 3023 522 3425 590; x_wconf 73' lang='lat' dir='ltr'><strong>luxuriarentur?</strong></span> <span class='ocrx_word' id='word_1_133' title='bbox 3446 535 3506 594; x_wconf 90' lang='lat' dir='ltr'><strong>P.</strong></span> <span class='ocrx_word' id='word_1_134' title='bbox 3520 538 3702 602; x_wconf 81' lang='lat' dir='ltr'><strong>Cornelia</strong></span> 
     </span>
    </p>
   </div>
   <div class='ocr_carea' id='block_1_20' title="bbox 2208 626 3709 700">
    <p class='ocr_par' dir='ltr' id='par_1_20' title="bbox 2208 626 3709 700">
     <span class='ocr_line' id='line_1_20' title="bbox 2208 626 3709 700; baseline 0.002 -14"><span class='ocrx_word' id='word_1_135' title='bbox 2208 630 2471 700; x_wconf 86' lang='lat' dir='ltr'><strong>Scipione,</strong></span> <span class='ocrx_word' id='word_1_136' title='bbox 2499 628 2577 685; x_wconf 73' lang='grc' dir='ltr'><strong>Μ.</strong></span> <span class='ocrx_word' id='word_1_137' title='bbox 2600 629 2764 683; x_wconf 89' lang='lat' dir='ltr'><strong>Acilio</strong></span> <span class='ocrx_word' id='word_1_138' title='bbox 2784 626 3066 683; x_wconf 84' lang='lat' dir='ltr'><strong>Glabrione</strong></span> <span class='ocrx_word' id='word_1_139' title='bbox 3087 642 3214 681; x_wconf 90' lang='lat' dir='ltr'><strong>coss.</strong></span> <span class='ocrx_word' id='word_1_140' title='bbox 3239 626 3517 693; x_wconf 81' lang='lat' dir='ltr'><strong>Antiochus,</strong></span> <span class='ocrx_word' id='word_1_141' title='bbox 3534 639 3709 700; x_wconf 81' lang='lat' dir='ltr'><strong>quamvis</strong></span> 
     </span>
    </p>
   </div>
   <div class='ocr_carea' id='block_1_21' title="bbox 2160 720 3709 793">
    <p class='ocr_par' dir='ltr' id='par_1_21' title="bbox 2160 720 3709 793">
     <span class='ocr_line' id='line_1_21' title="bbox 2160 720 3709 793; baseline 0.003 -16"><span class='ocrx_word' id='word_1_142' title='bbox 2160 720 2161 723; x_wconf 52' lang='grc'><em>“</em></span> <span class='ocrx_word' id='word_1_143' title='bbox 2212 721 2580 793; x_wconf 81' lang='lat' dir='ltr'><strong>ThermOpylas</strong></span> <span class='ocrx_word' id='word_1_144' title='bbox 2642 729 2934 790; x_wconf 80' lang='lat' dir='ltr'><strong>occupasset</strong></span> <span class='ocrx_word' id='word_1_145' title='bbox 2960 761 2976 784; x_wconf 94' lang='lat'><strong>,</strong></span> <span class='ocrx_word' id='word_1_146' title='bbox 3034 736 3249 787; x_wconf 86' lang='lat' dir='ltr'><strong>quarum</strong></span> <span class='ocrx_word' id='word_1_147' title='bbox 3299 721 3550 777; x_wconf 75' lang='lat' dir='ltr'><strong>munimine</strong></span> <span class='ocrx_word' id='word_1_148' title='bbox 3596 730 3709 782; x_wconf 82' lang='lat' dir='ltr'><strong>tutior</strong></span> 
     </span>
    </p>
   </div>
   <div class='ocr_carea' id='block_1_22' title="bbox 2207 813 3708 886">
    <p class='ocr_par' dir='ltr' id='par_1_22' title="bbox 2207 813 3708 886">
     <span class='ocr_line' id='line_1_22' title="bbox 2207 813 3708 886; baseline 0.001 -18"><span class='ocrx_word' id='word_1_149' title='bbox 2207 825 2412 886; x_wconf 87' lang='lat' dir='ltr'><strong>prapter</strong></span> <span class='ocrx_word' id='word_1_150' title='bbox 2451 814 2629 868; x_wconf 88' lang='lat' dir='ltr'><strong>dubios</strong></span> <span class='ocrx_word' id='word_1_151' title='bbox 2678 814 2797 867; x_wconf 84' lang='lat' dir='ltr'><strong>belli</strong></span> <span class='ocrx_word' id='word_1_152' title='bbox 2841 822 3043 868; x_wconf 81' lang='lat' dir='ltr'><strong>eventus</strong></span> <span class='ocrx_word' id='word_1_153' title='bbox 3085 813 3254 880; x_wconf 78' lang='lat' dir='ltr'><strong>fieret,</strong></span> <span class='ocrx_word' id='word_1_154' title='bbox 3308 822 3461 867; x_wconf 86' lang='lat' dir='ltr'><strong>tamen</strong></span> <span class='ocrx_word' id='word_1_155' title='bbox 3503 821 3708 875; x_wconf 72' lang='lat' dir='ltr'><strong>commissi</strong></span> 
     </span>
    </p>
   </div>
   <div class='ocr_carea' id='block_1_23' title="bbox 2210 902 3709 981">
    <p class='ocr_par' dir='ltr' id='par_1_23' title="bbox 2210 902 3709 981">
     <span class='ocr_line' id='line_1_23' title="bbox 2210 902 3709 981; baseline 0.003 -22"><span class='ocrx_word' id='word_1_156' title='bbox 2210 906 2341 961; x_wconf 90' lang='lat' dir='ltr'><strong>bello</strong></span> <span class='ocrx_word' id='word_1_157' title='bbox 2370 924 2401 960; x_wconf 93' lang='lat' dir='ltr'><strong>a</strong></span> <span class='ocrx_word' id='word_1_158' title='bbox 2428 922 2532 961; x_wconf 90' lang='lat' dir='ltr'><strong>cos.</strong></span> <span class='ocrx_word' id='word_1_159' title='bbox 2563 904 2843 959; x_wconf 82' lang='lat' dir='ltr'><strong>Glabrione</strong></span> <span class='ocrx_word' id='word_1_160' title='bbox 2866 906 2920 959; x_wconf 85' lang='lat' dir='ltr'><strong>in</strong></span> <span class='ocrx_word' id='word_1_161' title='bbox 2945 904 3138 958; x_wconf 79' lang='lat' dir='ltr'><strong>Achaia</strong></span> <span class='ocrx_word' id='word_1_162' title='bbox 3162 913 3436 973; x_wconf 86' lang='lat' dir='ltr'><strong>superatus.</strong></span> <span class='ocrx_word' id='word_1_163' title='bbox 3459 902 3611 960; x_wconf 78' lang='lat' dir='ltr'><strong>Castra</strong></span> <span class='ocrx_word' id='word_1_164' title='bbox 3633 914 3709 981; x_wconf 83' lang='lat' dir='ltr'><strong>ejus</strong></span> 
     </span>
    </p>
   </div>
   <div class='ocr_carea' id='block_1_24' title="bbox 2207 998 3708 1071">
    <p class='ocr_par' dir='ltr' id='par_1_24' title="bbox 2207 998 3708 1071">
     <span class='ocr_line' id='line_1_24' title="bbox 2207 998 3708 1071; baseline 0.001 -16"><span class='ocrx_word' id='word_1_165' title='bbox 2207 1010 2455 1055; x_wconf 89' lang='lat' dir='ltr'><strong>nocturna</strong></span> <span class='ocrx_word' id='word_1_166' title='bbox 2486 1016 2659 1071; x_wconf 88' lang='lat' dir='ltr'><strong>pugna</strong></span> <span class='ocrx_word' id='word_1_167' title='bbox 2704 1007 2818 1053; x_wconf 90' lang='lat' dir='ltr'><strong>sunt</strong></span> <span class='ocrx_word' id='word_1_168' title='bbox 2856 1008 3027 1067; x_wconf 91' lang='lat' dir='ltr'><strong>capta,</strong></span> <span class='ocrx_word' id='word_1_169' title='bbox 3060 999 3169 1067; x_wconf 86' lang='lat' dir='ltr'><strong>ipse</strong></span> <span class='ocrx_word' id='word_1_170' title='bbox 3194 999 3300 1052; x_wconf 71' lang='lat' dir='ltr'><strong>dux</strong></span> <span class='ocrx_word' id='word_1_171' title='bbox 3338 998 3416 1052; x_wconf 78' lang='lat' dir='ltr'><strong>via:</strong></span> <span class='ocrx_word' id='word_1_172' title='bbox 3448 1014 3550 1052; x_wconf 83' lang='lat' dir='ltr'><strong>cum</strong></span> <span class='ocrx_word' id='word_1_173' title='bbox 3583 1005 3708 1070; x_wconf 79' lang='lat' dir='ltr'><strong>paucis</strong></span> 
     </span>
    </p>
   </div>
   <div class='ocr_carea' id='block_1_25' title="bbox 2208 1089 3710 1163">
    <p class='ocr_par' dir='ltr' id='par_1_25' title="bbox 2208 1089 3710 1163">
     <span class='ocr_line' id='line_1_25' title="bbox 2208 1089 3710 1163; baseline 0.002 -17"><span class='ocrx_word' id='word_1_174' title='bbox 2208 1095 2342 1163; x_wconf 80' lang='lat' dir='ltr'><strong>fugit</strong></span> <span class='ocrx_word' id='word_1_175' title='bbox 2366 1110 2393 1147; x_wconf 90' lang='lat' dir='ltr'><strong>e</strong></span> <span class='ocrx_word' id='word_1_176' title='bbox 2411 1094 2613 1157; x_wconf 76' lang='lat' dir='ltr'><strong>vrtelio,</strong></span> <span class='ocrx_word' id='word_1_177' title='bbox 2647 1091 3005 1163; x_wconf 84' lang='lat' dir='ltr'><strong>Ephesumque</strong></span> <span class='ocrx_word' id='word_1_178' title='bbox 3031 1090 3266 1160; x_wconf 83' lang='lat' dir='ltr'><strong>pervenit.</strong></span> <span class='ocrx_word' id='word_1_179' title='bbox 3292 1089 3346 1144; x_wconf 83' lang='lat' dir='ltr'><strong>1s</strong></span> <span class='ocrx_word' id='word_1_180' title='bbox 3371 1090 3578 1145; x_wconf 77' lang='lat' dir='ltr'><strong>habuisse</strong></span> <span class='ocrx_word' id='word_1_181' title='bbox 3597 1094 3710 1162; x_wconf 76' lang='lat' dir='ltr'><strong>ferta:</strong></span> 
     </span>
    </p>
   </div>
   <div class='ocr_carea' id='block_1_26' title="bbox 2206 1182 3711 1254">
    <p class='ocr_par' dir='ltr' id='par_1_26' title="bbox 2206 1182 3711 1254">
     <span class='ocr_line' id='line_1_26' title="bbox 2206 1182 3711 1254; baseline 0.001 -16"><span class='ocrx_word' id='word_1_182' title='bbox 2206 1195 2520 1240; x_wconf 90' lang='lat' dir='ltr'><strong>armatorum</strong></span> <span class='ocrx_word' id='word_1_183' title='bbox 2554 1201 2615 1239; x_wconf 73' lang='grc' dir='ltr'><strong>ιχ</strong></span> <span class='ocrx_word' id='word_1_184' title='bbox 2646 1184 2831 1250; x_wconf 87' lang='lat' dir='ltr'><strong>millia,</strong></span> <span class='ocrx_word' id='word_1_185' title='bbox 2862 1201 2888 1238; x_wconf 91' lang='lat' dir='ltr'><strong>e</strong></span> <span class='ocrx_word' id='word_1_186' title='bbox 2915 1182 3097 1254; x_wconf 84' lang='lat' dir='ltr'><strong>quibus</strong></span> <span class='ocrx_word' id='word_1_187' title='bbox 3126 1200 3194 1238; x_wconf 81' lang='lat' dir='ltr'><strong>XL</strong></span> <span class='ocrx_word' id='word_1_188' title='bbox 3235 1183 3394 1237; x_wconf 87' lang='lat' dir='ltr'><strong>millia</strong></span> <span class='ocrx_word' id='word_1_189' title='bbox 3433 1198 3578 1250; x_wconf 78' lang='lat' dir='ltr'><strong>ctesa,</strong></span> <span class='ocrx_word' id='word_1_190' title='bbox 3608 1190 3711 1248; x_wconf 78' lang='lat' dir='ltr'><strong>plus-</strong></span> 
     </span>
    </p>
   </div>
   <div class='ocr_carea' id='block_1_27' title="bbox 2204 1273 3710 1349">
    <p class='ocr_par' dir='ltr' id='par_1_27' title="bbox 2204 1273 3710 1349">
     <span class='ocr_line' id='line_1_27' title="bbox 2204 1273 3710 1349; baseline -0.001 -17"><span class='ocrx_word' id='word_1_191' title='bbox 2204 1294 2357 1349; x_wconf 84' lang='lat' dir='ltr'><strong>quam</strong></span> <span class='ocrx_word' id='word_1_192' title='bbox 2398 1293 2429 1331; x_wconf 86' lang='lat' dir='ltr'><strong>v</strong></span> <span class='ocrx_word' id='word_1_193' title='bbox 2478 1277 2643 1331; x_wconf 88' lang='lat' dir='ltr'><strong>millia</strong></span> <span class='ocrx_word' id='word_1_194' title='bbox 2692 1278 2884 1347; x_wconf 80' lang='lat' dir='ltr'><strong>fugisse</strong></span> <span class='ocrx_word' id='word_1_195' title='bbox 2929 1277 3238 1345; x_wconf 89' lang='lat' dir='ltr'><strong>referuntur.</strong></span> <span class='ocrx_word' id='word_1_196' title='bbox 3286 1273 3423 1328; x_wconf 82' lang='lat' dir='ltr'><strong>Alter</strong></span> <span class='ocrx_word' id='word_1_197' title='bbox 3456 1292 3547 1330; x_wconf 86' lang='lat' dir='ltr'><strong>cos.</strong></span> <span class='ocrx_word' id='word_1_198' title='bbox 3586 1274 3710 1347; x_wconf 72' lang='lat' dir='ltr'><strong>Scipit</strong></span> 
     </span>
    </p>
   </div>
   <div class='ocr_carea' id='block_1_28' title="bbox 2208 1366 3711 1438">
    <p class='ocr_par' dir='ltr' id='par_1_28' title="bbox 2208 1366 3711 1438">
     <span class='ocr_line' id='line_1_28' title="bbox 2208 1366 3711 1438; baseline -0.001 -16"><span class='ocrx_word' id='word_1_199' title='bbox 2208 1384 2323 1422; x_wconf 89' lang='lat' dir='ltr'><strong>cum</strong></span> <span class='ocrx_word' id='word_1_200' title='bbox 2372 1366 2620 1423; x_wconf 88' lang='lat' dir='ltr'><strong>Boiorum</strong></span> <span class='ocrx_word' id='word_1_201' title='bbox 2663 1376 2809 1437; x_wconf 87' lang='lat' dir='ltr'><strong>gente</strong></span> <span class='ocrx_word' id='word_1_202' title='bbox 2857 1368 3109 1438; x_wconf 77' lang='lat' dir='ltr'><strong>conﬂixit,</strong></span> <span class='ocrx_word' id='word_1_203' title='bbox 3156 1369 3210 1420; x_wconf 90' lang='lat' dir='ltr'><strong>in</strong></span> <span class='ocrx_word' id='word_1_204' title='bbox 3256 1382 3353 1434; x_wconf 88' lang='lat' dir='ltr'><strong>quo</strong></span> <span class='ocrx_word' id='word_1_205' title='bbox 3395 1366 3554 1435; x_wconf 81' lang='lat' dir='ltr'><strong>prtelio</strong></span> 
     </span>
    </p>
   </div>
   <div class='ocr_carea' id='block_1_29' title="bbox 2207 1457 3711 1531">
    <p class='ocr_par' dir='ltr' id='par_1_29' title="bbox 2207 1457 3711 1531">
     <span class='ocr_line' id='line_1_29' title="bbox 2207 1457 3711 1531; baseline -0.001 -17"><span class='ocrx_word' id='word_1_206' title='bbox 2207 1460 2371 1515; x_wconf 90' lang='lat' dir='ltr'><strong>millia</strong></span> <span class='ocrx_word' id='word_1_207' title='bbox 2400 1461 2672 1531; x_wconf 77' lang='lat' dir='ltr'><strong>interfecit.</strong></span> <span class='ocrx_word' id='word_1_208' title='bbox 2721 1459 3001 1529; x_wconf 86' lang='lat' dir='ltr'><strong>Philippo,</strong></span> <span class='ocrx_word' id='word_1_209' title='bbox 3058 1460 3180 1528; x_wconf 86' lang='lat' dir='ltr'><strong>quia</strong></span> <span class='ocrx_word' id='word_1_210' title='bbox 3229 1466 3408 1513; x_wconf 88' lang='lat' dir='ltr'><strong>contra</strong></span> <span class='ocrx_word' id='word_1_211' title='bbox 3456 1457 3711 1513; x_wconf 81' lang='lat' dir='ltr'><strong>Antiochum</strong></span> 
     </span>
    </p>
   </div>
   <div class='ocr_carea' id='block_1_30' title="bbox 2208 1551 3711 1619">
    <p class='ocr_par' dir='ltr' id='par_1_30' title="bbox 2208 1551 3711 1619">
     <span class='ocr_line' id='line_1_30' title="bbox 2208 1551 3711 1619; baseline -0.003 -12"><span class='ocrx_word' id='word_1_212' title='bbox 2208 1552 2462 1608; x_wconf 84' lang='lat' dir='ltr'><strong>Romanis</strong></span> <span class='ocrx_word' id='word_1_213' title='bbox 2509 1552 2699 1609; x_wconf 82' lang='lat' dir='ltr'><strong>fuisset</strong></span> <span class='ocrx_word' id='word_1_214' title='bbox 2746 1553 2987 1619; x_wconf 82' lang='lat' dir='ltr'><strong>auxilio,</strong></span> <span class='ocrx_word' id='word_1_215' title='bbox 3044 1552 3188 1607; x_wconf 79' lang='lat' dir='ltr'><strong>filius</strong></span> <span class='ocrx_word' id='word_1_216' title='bbox 3230 1551 3510 1606; x_wconf 90' lang='lat' dir='ltr'><strong>Demetrius</strong></span> <span class='ocrx_word' id='word_1_217' title='bbox 3537 1552 3711 1607; x_wconf 86' lang='lat' dir='ltr'><strong>reddiuis</strong></span> 
     </span>
    </p>
   </div>
   <div class='ocr_carea' id='block_1_31' title="bbox 2208 1636 3723 1713">
    <p class='ocr_par' dir='ltr' id='par_1_31' title="bbox 2208 1636 3723 1713">
     <span class='ocr_line' id='line_1_31' title="bbox 2208 1636 3723 1713; baseline -0.003 -11"><span class='ocrx_word' id='word_1_218' title='bbox 2208 1658 2314 1702; x_wconf 92' lang='lat' dir='ltr'><strong>est.</strong></span> <span class='ocrx_word' id='word_1_219' title='bbox 2367 1644 2565 1700; x_wconf 89' lang='lat' dir='ltr'><strong>Deinde</strong></span> <span class='ocrx_word' id='word_1_220' title='bbox 2606 1644 2666 1698; x_wconf 92' lang='lat' dir='ltr'><strong>P.</strong></span> <span class='ocrx_word' id='word_1_221' title='bbox 2696 1644 2948 1713; x_wconf 87' lang='lat' dir='ltr'><strong>Scipione</strong></span> <span class='ocrx_word' id='word_1_222' title='bbox 2991 1641 3242 1698; x_wconf 82' lang='lat' dir='ltr'><strong>Africano</strong></span> <span class='ocrx_word' id='word_1_223' title='bbox 3291 1642 3493 1708; x_wconf 89' lang='lat' dir='ltr'><strong>iterum,</strong></span> <span class='ocrx_word' id='word_1_224' title='bbox 3520 1641 3575 1695; x_wconf 93' lang='lat' dir='ltr'><strong>T.</strong></span> <span class='ocrx_word' id='word_1_225' title='bbox 3611 1636 3723 1698; x_wconf 52' lang='lat' dir='ltr'><strong>Seu?</strong></span> 
     </span>
    </p>
   </div>
   <div class='ocr_carea' id='block_1_32' title="bbox 2210 1730 3715 1808">
    <p class='ocr_par' dir='ltr' id='par_1_32' title="bbox 2210 1730 3715 1808">
     <span class='ocr_line' id='line_1_32' title="bbox 2210 1730 3715 1808; baseline -0.005 -18"><span class='ocrx_word' id='word_1_226' title='bbox 2210 1736 2402 1808; x_wconf 91' lang='lat' dir='ltr'><strong>pronio</strong></span> <span class='ocrx_word' id='word_1_227' title='bbox 2443 1737 2627 1804; x_wconf 87' lang='lat' dir='ltr'><strong>Longo</strong></span> <span class='ocrx_word' id='word_1_228' title='bbox 2653 1747 2793 1788; x_wconf 89' lang='lat' dir='ltr'><strong>coss.</strong></span> <span class='ocrx_word' id='word_1_229' title='bbox 2825 1733 2963 1802; x_wconf 91' lang='lat' dir='ltr'><strong>apud</strong></span> <span class='ocrx_word' id='word_1_230' title='bbox 2996 1733 3348 1787; x_wconf 85' lang='lat' dir='ltr'><strong>Mediolanum</strong></span> <span class='ocrx_word' id='word_1_231' title='bbox 3377 1747 3407 1786; x_wconf 71' lang='grc' dir='ltr'>ι</span> <span class='ocrx_word' id='word_1_232' title='bbox 3434 1730 3573 1785; x_wconf 84' lang='lat' dir='ltr'><strong>millia</strong></span> <span class='ocrx_word' id='word_1_233' title='bbox 3589 1730 3715 1784; x_wconf 81' lang='lat' dir='ltr'><strong>Gallo-</strong></span> 
     </span>
    </p>
   </div>
   <div class='ocr_carea' id='block_1_33' title="bbox 519 1814 3715 1895">
    <p class='ocr_par' dir='ltr' id='par_1_33' title="bbox 519 1814 3715 1895">
     <span class='ocr_line' id='line_1_33' title="bbox 519 1814 3715 1895; baseline -0.003 -9"><span class='ocrx_word' id='word_1_234' title='bbox 519 1843 566 1886; x_wconf 89' lang='lat' dir='ltr'><strong>et</strong></span> <span class='ocrx_word' id='word_1_235' title='bbox 619 1848 735 1885; x_wconf 91' lang='lat' dir='ltr'><strong>cum</strong></span> <span class='ocrx_word' id='word_1_236' title='bbox 787 1848 845 1883; x_wconf 91' lang='lat' dir='ltr'><strong>eo</strong></span> <span class='ocrx_word' id='word_1_237' title='bbox 900 1828 1147 1893; x_wconf 87' lang='lat' dir='ltr'><strong>Thracas,</strong></span> <span class='ocrx_word' id='word_1_238' title='bbox 1198 1825 1529 1887; x_wconf 81' lang='lat' dir='ltr'><strong>Macedonas,</strong></span> <span class='ocrx_word' id='word_1_239' title='bbox 1580 1824 1795 1895; x_wconf 81' lang='lat' dir='ltr'><strong>Illyrios</strong></span> <span class='ocrx_word' id='word_1_240' title='bbox 1843 1833 2110 1895; x_wconf 68' lang='lat' dir='ltr'><strong>praeterea,</strong></span> <span class='ocrx_word' id='word_1_241' title='bbox 2145 1814 2194 1876; x_wconf 88' lang='grc' dir='ltr'><strong>Β</strong></span> <span class='ocrx_word' id='word_1_242' title='bbox 2223 1843 2339 1881; x_wconf 91' lang='lat' dir='ltr'><strong>rum</strong></span> <span class='ocrx_word' id='word_1_243' title='bbox 2369 1841 2505 1881; x_wconf 62' lang='lat' dir='ltr'><strong>caesa</strong></span> <span class='ocrx_word' id='word_1_244' title='bbox 2537 1835 2681 1881; x_wconf 88' lang='lat' dir='ltr'><strong>sunt.</strong></span> <span class='ocrx_word' id='word_1_245' title='bbox 2714 1823 2966 1895; x_wconf 84' lang='lat' dir='ltr'><strong>Sequenti</strong></span> <span class='ocrx_word' id='word_1_246' title='bbox 2995 1834 3172 1879; x_wconf 88' lang='lat' dir='ltr'><strong>autem</strong></span> <span class='ocrx_word' id='word_1_247' title='bbox 3206 1825 3384 1893; x_wconf 73' lang='lat' dir='ltr'><strong>prmlio</strong></span> <span class='ocrx_word' id='word_1_248' title='bbox 3407 1837 3457 1877; x_wconf 72' lang='grc' dir='ltr'>ιι</span> <span class='ocrx_word' id='word_1_249' title='bbox 3480 1822 3612 1877; x_wconf 83' lang='lat' dir='ltr'><strong>millia</strong></span> <span class='ocrx_word' id='word_1_250' title='bbox 3632 1822 3715 1878; x_wconf 77' lang='lat' dir='ltr'><strong>Gn-</strong></span> 
     </span>
    </p>
   </div>
   <div class='ocr_carea' id='block_1_34' title="bbox 520 1920 2116 1994">
    <p class='ocr_par' dir='ltr' id='par_1_34' title="bbox 520 1920 2116 1994">
     <span class='ocr_line' id='line_1_34' title="bbox 520 1920 2116 1994; baseline -0.002 -17"><span class='ocrx_word' id='word_1_251' title='bbox 520 1927 799 1993; x_wconf 85' lang='lat' dir='ltr'><strong>multasque</strong></span> <span class='ocrx_word' id='word_1_252' title='bbox 828 1932 1021 1993; x_wconf 86' lang='lat' dir='ltr'><strong>gentes,</strong></span> <span class='ocrx_word' id='word_1_253' title='bbox 1058 1938 1173 1994; x_wconf 66' lang='lat' dir='ltr'><strong>quae</strong></span> <span class='ocrx_word' id='word_1_254' title='bbox 1212 1924 1267 1977; x_wconf 88' lang='lat' dir='ltr'><strong>in</strong></span> <span class='ocrx_word' id='word_1_255' title='bbox 1309 1923 1563 1977; x_wconf 75' lang='lat' dir='ltr'><strong>auxilium</strong></span> <span class='ocrx_word' id='word_1_256' title='bbox 1604 1921 1651 1975; x_wconf 90' lang='lat' dir='ltr'><strong>ei</strong></span> <span class='ocrx_word' id='word_1_257' title='bbox 1678 1930 1938 1985; x_wconf 88' lang='lat' dir='ltr'><strong>venerant,</strong></span> <span class='ocrx_word' id='word_1_258' title='bbox 1986 1920 2116 1974; x_wconf 89' lang='lat' dir='ltr'><strong>bello</strong></span> 
     </span>
    </p>
   </div>
   <div class='ocr_carea' id='block_1_35' title="bbox 519 2012 2119 2088">
    <p class='ocr_par' dir='ltr' id='par_1_35' title="bbox 519 2012 2119 2088">
     <span class='ocr_line' id='line_1_35' title="bbox 519 2012 2119 2088; baseline -0.004 -17"><span class='ocrx_word' id='word_1_259' title='bbox 519 2018 736 2088; x_wconf 83' lang='lat' dir='ltr'><strong>subegit.</strong></span> <span class='ocrx_word' id='word_1_260' title='bbox 777 2015 912 2069; x_wconf 85' lang='lat' dir='ltr'><strong>Victi</strong></span> <span class='ocrx_word' id='word_1_261' title='bbox 946 2014 1250 2070; x_wconf 78' lang='lat' dir='ltr'><strong>Macedones</strong></span> <span class='ocrx_word' id='word_1_262' title='bbox 1273 2024 1440 2069; x_wconf 89' lang='lat' dir='ltr'><strong>castra</strong></span> <span class='ocrx_word' id='word_1_263' title='bbox 1466 2015 1762 2069; x_wconf 86' lang='lat' dir='ltr'><strong>amiserunt.</strong></span> <span class='ocrx_word' id='word_1_264' title='bbox 1800 2013 1928 2068; x_wconf 89' lang='lat' dir='ltr'><strong>Octo</strong></span> <span class='ocrx_word' id='word_1_265' title='bbox 1948 2012 2119 2067; x_wconf 90' lang='lat' dir='ltr'><strong>millia</strong></span> 
     </span>
    </p>
   </div>
   <div class='ocr_carea' id='block_1_36' title="bbox 518 2104 2119 2179">
    <p class='ocr_par' dir='ltr' id='par_1_36' title="bbox 518 2104 2119 2179">
     <span class='ocr_line' id='line_1_36' title="bbox 518 2104 2119 2179; baseline -0.001 -18"><span class='ocrx_word' id='word_1_266' title='bbox 518 2111 740 2163; x_wconf 91' lang='lat' dir='ltr'><strong>hostium</strong></span> <span class='ocrx_word' id='word_1_267' title='bbox 784 2126 841 2162; x_wconf 92' lang='lat' dir='ltr'><strong>eo</strong></span> <span class='ocrx_word' id='word_1_268' title='bbox 888 2110 971 2165; x_wconf 90' lang='lat' dir='ltr'><strong>die</strong></span> <span class='ocrx_word' id='word_1_269' title='bbox 1000 2125 1151 2174; x_wconf 74' lang='lat' dir='ltr'><strong>caesa,</strong></span> <span class='ocrx_word' id='word_1_270' title='bbox 1194 2110 1416 2179; x_wconf 89' lang='lat' dir='ltr'><strong>quinque</strong></span> <span class='ocrx_word' id='word_1_271' title='bbox 1458 2108 1623 2161; x_wconf 89' lang='lat' dir='ltr'><strong>millia</strong></span> <span class='ocrx_word' id='word_1_272' title='bbox 1668 2116 1821 2178; x_wconf 89' lang='lat' dir='ltr'><strong>capta</strong></span> <span class='ocrx_word' id='word_1_273' title='bbox 1864 2104 2119 2176; x_wconf 79' lang='lat' dir='ltr'><strong>Polybius</strong></span> 
     </span>
    </p>
   </div>
   <div class='ocr_carea' id='block_1_37' title="bbox 514 2198 2120 2270">
    <p class='ocr_par' dir='ltr' id='par_1_37' title="bbox 514 2198 2120 2270">
     <span class='ocr_line' id='line_1_37' title="bbox 514 2198 2120 2270; baseline -0.001 -17"><span class='ocrx_word' id='word_1_274' title='bbox 514 2200 708 2253; x_wconf 81' lang='lat' dir='ltr'><strong>scribit.</strong></span> <span class='ocrx_word' id='word_1_275' title='bbox 761 2199 1002 2254; x_wconf 85' lang='lat' dir='ltr'><strong>Valerius</strong></span> <span class='ocrx_word' id='word_1_276' title='bbox 1044 2201 1166 2254; x_wconf 84' lang='lat' dir='ltr'><strong>dicit</strong></span> <span class='ocrx_word' id='word_1_277' title='bbox 1208 2200 1554 2270; x_wconf 86' lang='lat' dir='ltr'><strong>quadraginta</strong></span> <span class='ocrx_word' id='word_1_278' title='bbox 1602 2200 1767 2253; x_wconf 86' lang='lat' dir='ltr'><strong>millia</strong></span> <span class='ocrx_word' id='word_1_279' title='bbox 1816 2198 2070 2252; x_wconf 88' lang='lat' dir='ltr'><strong>trucidata</strong></span> <span class='ocrx_word' id='word_1_280' title='bbox 2098 2215 2120 2252; x_wconf 82' lang='lat'><strong>.&#39;</strong></span> 
     </span>
    </p>
   </div>
   <div class='ocr_carea' id='block_1_38' title="bbox 514 2288 2121 2363">
    <p class='ocr_par' dir='ltr' id='par_1_38' title="bbox 514 2288 2121 2363">
     <span class='ocr_line' id='line_1_38' title="bbox 514 2288 2121 2363; baseline -0.002 -18"><span class='ocrx_word' id='word_1_281' title='bbox 514 2288 765 2345; x_wconf 80' lang='lat' dir='ltr'><strong>Claudius</strong></span> <span class='ocrx_word' id='word_1_282' title='bbox 790 2308 904 2345; x_wconf 76' lang='lat' dir='ltr'><strong>vero</strong></span> <span class='ocrx_word' id='word_1_283' title='bbox 937 2292 1145 2363; x_wconf 85' lang='lat' dir='ltr'><strong>triginta</strong></span> <span class='ocrx_word' id='word_1_284' title='bbox 1175 2291 1279 2344; x_wconf 89' lang='lat' dir='ltr'><strong>duo</strong></span> <span class='ocrx_word' id='word_1_285' title='bbox 1322 2292 1487 2343; x_wconf 88' lang='lat' dir='ltr'><strong>millia</strong></span> <span class='ocrx_word' id='word_1_286' title='bbox 1518 2291 1783 2359; x_wconf 84' lang='lat' dir='ltr'><strong>interfecta</strong></span> <span class='ocrx_word' id='word_1_287' title='bbox 1815 2305 2121 2343; x_wconf 88' lang='lat' dir='ltr'><strong>commemo-</strong></span> 
     </span>
    </p>
   </div>
   <div class='ocr_carea' id='block_1_39' title="bbox 514 2380 2117 2451">
    <p class='ocr_par' dir='ltr' id='par_1_39' title="bbox 514 2380 2117 2451">
     <span class='ocr_line' id='line_1_39' title="bbox 514 2380 2117 2451; baseline -0.001 -17"><span class='ocrx_word' id='word_1_288' title='bbox 514 2394 618 2435; x_wconf 89' lang='lat' dir='ltr'><strong>rat.</strong></span> <span class='ocrx_word' id='word_1_289' title='bbox 653 2383 759 2438; x_wconf 93' lang='lat' dir='ltr'><strong>Sed</strong></span> <span class='ocrx_word' id='word_1_290' title='bbox 801 2384 908 2436; x_wconf 76' lang='lat' dir='ltr'><strong>hwc</strong></span> <span class='ocrx_word' id='word_1_291' title='bbox 953 2384 1175 2435; x_wconf 86' lang='lat' dir='ltr'><strong>varietas</strong></span> <span class='ocrx_word' id='word_1_292' title='bbox 1204 2383 1513 2451; x_wconf 89' lang='lat' dir='ltr'><strong>scriptorum</strong></span> <span class='ocrx_word' id='word_1_293' title='bbox 1562 2380 1734 2449; x_wconf 86' lang='lat' dir='ltr'><strong>utique</strong></span> <span class='ocrx_word' id='word_1_294' title='bbox 1765 2380 1974 2450; x_wconf 82' lang='lat' dir='ltr'><strong>fallacia</strong></span> <span class='ocrx_word' id='word_1_295' title='bbox 2019 2389 2117 2435; x_wconf 89' lang='lat' dir='ltr'><strong>est.</strong></span> 
     </span>
    </p>
   </div>
   <div class='ocr_carea' id='block_1_40' title="bbox 522 2472 2120 2542">
    <p class='ocr_par' dir='ltr' id='par_1_40' title="bbox 522 2472 2120 2542">
     <span class='ocr_line' id='line_1_40' title="bbox 522 2472 2120 2542; baseline 0.001 -18"><span class='ocrx_word' id='word_1_296' title='bbox 522 2473 776 2527; x_wconf 76' lang='lat' dir='ltr'><strong>Fallacia:</strong></span> <span class='ocrx_word' id='word_1_297' title='bbox 805 2484 973 2526; x_wconf 90' lang='lat' dir='ltr'><strong>autem</strong></span> <span class='ocrx_word' id='word_1_298' title='bbox 998 2488 1154 2526; x_wconf 89' lang='lat' dir='ltr'><strong>causa</strong></span> <span class='ocrx_word' id='word_1_299' title='bbox 1179 2476 1408 2542; x_wconf 89' lang='lat' dir='ltr'><strong>profecto</strong></span> <span class='ocrx_word' id='word_1_300' title='bbox 1433 2473 1666 2525; x_wconf 89' lang='lat' dir='ltr'><strong>adulatio</strong></span> <span class='ocrx_word' id='word_1_301' title='bbox 1696 2483 1789 2537; x_wconf 90' lang='lat' dir='ltr'><strong>est,</strong></span> <span class='ocrx_word' id='word_1_302' title='bbox 1820 2472 1941 2525; x_wconf 84' lang='lat' dir='ltr'><strong>dum</strong></span> <span class='ocrx_word' id='word_1_303' title='bbox 1964 2473 2120 2526; x_wconf 85' lang='lat' dir='ltr'><strong>victa-</strong></span> 
     </span>
    </p>
   </div>
   <div class='ocr_carea' id='block_1_41' title="bbox 515 2562 2120 2634">
    <p class='ocr_par' dir='ltr' id='par_1_41' title="bbox 515 2562 2120 2634">
     <span class='ocr_line' id='line_1_41' title="bbox 515 2562 2120 2634; baseline 0.001 -19"><span class='ocrx_word' id='word_1_304' title='bbox 515 2565 589 2617; x_wconf 86' lang='lat' dir='ltr'><strong>ris</strong></span> <span class='ocrx_word' id='word_1_305' title='bbox 611 2568 787 2617; x_wconf 80' lang='lat' dir='ltr'><strong>laudes</strong></span> <span class='ocrx_word' id='word_1_306' title='bbox 811 2565 1158 2630; x_wconf 83' lang='lat' dir='ltr'><strong>accumulare,</strong></span> <span class='ocrx_word' id='word_1_307' title='bbox 1186 2564 1525 2633; x_wconf 66' lang='lat' dir='ltr'><strong>virtutemque</strong></span> <span class='ocrx_word' id='word_1_308' title='bbox 1544 2564 1727 2634; x_wconf 78' lang='lat' dir='ltr'><strong>patria:</strong></span> <span class='ocrx_word' id='word_1_309' title='bbox 1751 2562 2014 2630; x_wconf 77' lang='lat' dir='ltr'><strong>extollere,</strong></span> <span class='ocrx_word' id='word_1_310' title='bbox 2043 2564 2120 2617; x_wconf 86' lang='lat' dir='ltr'><strong>vel</strong></span> 
     </span>
    </p>
   </div>
   <div class='ocr_carea' id='block_1_42' title="bbox 526 2655 2120 2725">
    <p class='ocr_par' dir='ltr' id='par_1_42' title="bbox 526 2655 2120 2725">
     <span class='ocr_line' id='line_1_42' title="bbox 526 2655 2120 2725; baseline 0.002 -17"><span class='ocrx_word' id='word_1_311' title='bbox 526 2657 883 2725; x_wconf 70' lang='lat' dir='ltr'><strong>praesentibus,</strong></span> <span class='ocrx_word' id='word_1_312' title='bbox 911 2657 986 2709; x_wconf 85' lang='lat' dir='ltr'><strong>vel</strong></span> <span class='ocrx_word' id='word_1_313' title='bbox 1007 2656 1219 2724; x_wconf 87' lang='lat' dir='ltr'><strong>posteris</strong></span> <span class='ocrx_word' id='word_1_314' title='bbox 1243 2655 1466 2709; x_wconf 85' lang='lat' dir='ltr'><strong>student.</strong></span> <span class='ocrx_word' id='word_1_315' title='bbox 1493 2656 1752 2725; x_wconf 87' lang='lat' dir='ltr'><strong>Alioquin,</strong></span> <span class='ocrx_word' id='word_1_316' title='bbox 1781 2656 1823 2707; x_wconf 91' lang='lat' dir='ltr'><strong>si</strong></span> <span class='ocrx_word' id='word_1_317' title='bbox 1850 2656 2120 2725; x_wconf 87' lang='lat' dir='ltr'><strong>inquisitus</strong></span> 
     </span>
    </p>
   </div>
   <div class='ocr_carea' id='block_1_43' title="bbox 524 2748 2118 2819">
    <p class='ocr_par' dir='ltr' id='par_1_43' title="bbox 524 2748 2118 2819">
     <span class='ocr_line' id='line_1_43' title="bbox 524 2748 2118 2819; baseline -0.001 -16"><span class='ocrx_word' id='word_1_318' title='bbox 524 2768 626 2803; x_wconf 86' lang='lat' dir='ltr'><strong>non</strong></span> <span class='ocrx_word' id='word_1_319' title='bbox 651 2750 825 2819; x_wconf 87' lang='lat' dir='ltr'><strong>fuisset</strong></span> <span class='ocrx_word' id='word_1_320' title='bbox 847 2765 1105 2816; x_wconf 88' lang='lat' dir='ltr'><strong>numerus,</strong></span> <span class='ocrx_word' id='word_1_321' title='bbox 1133 2765 1222 2802; x_wconf 88' lang='lat' dir='ltr'><strong>nec</strong></span> <span class='ocrx_word' id='word_1_322' title='bbox 1246 2748 1613 2818; x_wconf 81' lang='lat' dir='ltr'><strong>qualiscunque</strong></span> <span class='ocrx_word' id='word_1_323' title='bbox 1633 2748 1808 2817; x_wconf 79' lang='lat' dir='ltr'><strong>fuisset</strong></span> <span class='ocrx_word' id='word_1_324' title='bbox 1829 2763 2118 2815; x_wconf 75' lang='lat' dir='ltr'><strong>expressus.</strong></span> 
     </span>
    </p>
   </div>
   <div class='ocr_carea' id='block_1_44' title="bbox 522 2838 2121 2909">
    <p class='ocr_par' dir='ltr' id='par_1_44' title="bbox 522 2838 2121 2909">
     <span class='ocr_line' id='line_1_44' title="bbox 522 2838 2121 2909; baseline -0.001 -16"><span class='ocrx_word' id='word_1_325' title='bbox 522 2842 673 2907; x_wconf 79' lang='lat' dir='ltr'><strong>Quod</strong></span> <span class='ocrx_word' id='word_1_326' title='bbox 702 2842 749 2895; x_wconf 83' lang='lat' dir='ltr'><strong>si</strong></span> <span class='ocrx_word' id='word_1_327' title='bbox 777 2841 1057 2909; x_wconf 89' lang='lat' dir='ltr'><strong>gloriosum</strong></span> <span class='ocrx_word' id='word_1_328' title='bbox 1098 2850 1174 2897; x_wconf 87' lang='lat' dir='ltr'><strong>est</strong></span> <span class='ocrx_word' id='word_1_329' title='bbox 1208 2840 1328 2893; x_wconf 80' lang='lat' dir='ltr'><strong>duci</strong></span> <span class='ocrx_word' id='word_1_330' title='bbox 1351 2848 1399 2893; x_wconf 90' lang='lat' dir='ltr'><strong>et</strong></span> <span class='ocrx_word' id='word_1_331' title='bbox 1419 2840 1601 2909; x_wconf 80' lang='lat' dir='ltr'><strong>patrite</strong></span> <span class='ocrx_word' id='word_1_332' title='bbox 1628 2839 1874 2905; x_wconf 77' lang='lat' dir='ltr'><strong>plurimos</strong></span> <span class='ocrx_word' id='word_1_333' title='bbox 1897 2838 2121 2891; x_wconf 90' lang='lat' dir='ltr'><strong>hostium</strong></span> 
     </span>
    </p>
   </div>
   <div class='ocr_carea' id='block_1_45' title="bbox 522 2930 2119 3001">
    <p class='ocr_par' dir='ltr' id='par_1_45' title="bbox 522 2930 2119 3001">
     <span class='ocr_line' id='line_1_45' title="bbox 522 2930 2119 3001; baseline 0 -16"><span class='ocrx_word' id='word_1_334' title='bbox 522 2935 813 3001; x_wconf 73' lang='lat' dir='ltr'><strong>peremisse,</strong></span> <span class='ocrx_word' id='word_1_335' title='bbox 868 2944 1058 3001; x_wconf 90' lang='lat' dir='ltr'><strong>quanto</strong></span> <span class='ocrx_word' id='word_1_336' title='bbox 1112 2931 1275 3001; x_wconf 84' lang='lat' dir='ltr'><strong>magis</strong></span> <span class='ocrx_word' id='word_1_337' title='bbox 1334 2932 1510 2985; x_wconf 77' lang='lat' dir='ltr'><strong>laztum</strong></span> <span class='ocrx_word' id='word_1_338' title='bbox 1559 2931 1766 3000; x_wconf 70' lang='lat' dir='ltr'><strong>patrita,</strong></span> <span class='ocrx_word' id='word_1_339' title='bbox 1806 2940 1854 2983; x_wconf 89' lang='lat' dir='ltr'><strong>et</strong></span> <span class='ocrx_word' id='word_1_340' title='bbox 1910 2930 2119 2985; x_wconf 87' lang='lat' dir='ltr'><strong>ducibus</strong></span> 
     </span>
    </p>
   </div>
   <div class='ocr_carea' id='block_1_46' title="bbox 523 3020 2121 3092">
    <p class='ocr_par' dir='ltr' id='par_1_46' title="bbox 523 3020 2121 3092">
     <span class='ocr_line' id='line_1_46' title="bbox 523 3020 2121 3092; baseline 0 -16"><span class='ocrx_word' id='word_1_341' title='bbox 523 3023 722 3077; x_wconf 81' lang='lat' dir='ltr'><strong>beatum</strong></span> <span class='ocrx_word' id='word_1_342' title='bbox 746 3033 906 3092; x_wconf 84' lang='lat' dir='ltr'><strong>potest</strong></span> <span class='ocrx_word' id='word_1_343' title='bbox 929 3023 1105 3089; x_wconf 87' lang='lat' dir='ltr'><strong>videri,</strong></span> <span class='ocrx_word' id='word_1_344' title='bbox 1127 3038 1359 3090; x_wconf 86' lang='lat' dir='ltr'><strong>suorum,</strong></span> <span class='ocrx_word' id='word_1_345' title='bbox 1384 3021 1460 3075; x_wconf 85' lang='lat' dir='ltr'><strong>vel</strong></span> <span class='ocrx_word' id='word_1_346' title='bbox 1483 3020 1671 3085; x_wconf 91' lang='lat' dir='ltr'><strong>nullos,</strong></span> <span class='ocrx_word' id='word_1_347' title='bbox 1696 3021 1772 3074; x_wconf 90' lang='lat' dir='ltr'><strong>vel</strong></span> <span class='ocrx_word' id='word_1_348' title='bbox 1791 3022 2121 3089; x_wconf 88' lang='lat' dir='ltr'><strong>paucissimos</strong></span> 
     </span>
    </p>
   </div>
   <div class='ocr_carea' id='block_1_47' title="bbox 523 3113 2121 3185">
    <p class='ocr_par' dir='ltr' id='par_1_47' title="bbox 523 3113 2121 3185">
     <span class='ocr_line' id='line_1_47' title="bbox 523 3113 2121 3185; baseline 0 -17"><span class='ocrx_word' id='word_1_349' title='bbox 523 3115 806 3185; x_wconf 74' lang='lat' dir='ltr'><strong>perdidisse</strong></span> <span class='ocrx_word' id='word_1_350' title='bbox 826 3120 847 3167; x_wconf 71' lang='grc' dir='ltr'><strong>Σ)</strong></span> <span class='ocrx_word' id='word_1_351' title='bbox 864 3113 950 3168; x_wconf 85' lang='lat' dir='ltr'><strong>Ita</strong></span> <span class='ocrx_word' id='word_1_352' title='bbox 973 3114 1289 3167; x_wconf 79' lang='lat' dir='ltr'><strong>lucidissima</strong></span> <span class='ocrx_word' id='word_1_353' title='bbox 1309 3131 1361 3168; x_wconf 90' lang='lat' dir='ltr'><strong>re</strong></span> <span class='ocrx_word' id='word_1_354' title='bbox 1376 3121 1534 3183; x_wconf 85' lang='lat' dir='ltr'><strong>patet,</strong></span> <span class='ocrx_word' id='word_1_355' title='bbox 1546 3114 1665 3180; x_wconf 88' lang='lat' dir='ltr'><strong>quia</strong></span> <span class='ocrx_word' id='word_1_356' title='bbox 1678 3114 1829 3167; x_wconf 85' lang='lat' dir='ltr'><strong>simili</strong></span> <span class='ocrx_word' id='word_1_357' title='bbox 1855 3113 2121 3183; x_wconf 88' lang='lat' dir='ltr'><strong>impuden-</strong></span> 
     </span>
    </p>
   </div>
   <div class='ocr_carea' id='block_1_48' title="bbox 524 3206 2113 3277">
    <p class='ocr_par' dir='ltr' id='par_1_48' title="bbox 524 3206 2113 3277">
     <span class='ocr_line' id='line_1_48' title="bbox 524 3206 2113 3277; baseline -0.001 -16"><span class='ocrx_word' id='word_1_358' title='bbox 524 3211 597 3261; x_wconf 88' lang='lat' dir='ltr'><strong>tia</strong></span> <span class='ocrx_word' id='word_1_359' title='bbox 629 3210 922 3274; x_wconf 80' lang='lat' dir='ltr'><strong>mentiendi,</strong></span> <span class='ocrx_word' id='word_1_360' title='bbox 952 3224 1056 3274; x_wconf 88' lang='lat' dir='ltr'><strong>qna</strong></span> <span class='ocrx_word' id='word_1_361' title='bbox 1077 3208 1357 3260; x_wconf 87' lang='lat' dir='ltr'><strong>occisorum</strong></span> <span class='ocrx_word' id='word_1_362' title='bbox 1378 3206 1600 3259; x_wconf 86' lang='lat' dir='ltr'><strong>hostium</strong></span> <span class='ocrx_word' id='word_1_363' title='bbox 1616 3221 1828 3260; x_wconf 89' lang='lat' dir='ltr'><strong>numero</strong></span> <span class='ocrx_word' id='word_1_364' title='bbox 1848 3206 2113 3277; x_wconf 85' lang='lat' dir='ltr'><strong>adjicitur,</strong></span> 
     </span>
    </p>
   </div>
   <div class='ocr_carea' id='block_1_49' title="bbox 522 3297 2118 3367">
    <p class='ocr_par' dir='ltr' id='par_1_49' title="bbox 522 3297 2118 3367">
     <span class='ocr_line' id='line_1_49' title="bbox 522 3297 2118 3367; baseline 0 -16"><span class='ocrx_word' id='word_1_365' title='bbox 522 3305 779 3352; x_wconf 84' lang='lat' dir='ltr'><strong>sociorum</strong></span> <span class='ocrx_word' id='word_1_366' title='bbox 830 3315 1023 3367; x_wconf 87' lang='lat' dir='ltr'><strong>quoque</strong></span> <span class='ocrx_word' id='word_1_367' title='bbox 1074 3298 1375 3351; x_wconf 89' lang='lat' dir='ltr'><strong>amissorum</strong></span> <span class='ocrx_word' id='word_1_368' title='bbox 1422 3298 1610 3351; x_wconf 86' lang='lat' dir='ltr'><strong>damna</strong></span> <span class='ocrx_word' id='word_1_369' title='bbox 1654 3298 1987 3362; x_wconf 88' lang='lat' dir='ltr'><strong>minuuntur,</strong></span> <span class='ocrx_word' id='word_1_370' title='bbox 2042 3297 2118 3351; x_wconf 89' lang='lat' dir='ltr'><strong>vel</strong></span> 
     </span>
    </p>
   </div>
   <div class='ocr_carea' id='block_1_50' title="bbox 527 3385 2118 3459">
    <p class='ocr_par' dir='ltr' id='par_1_50' title="bbox 527 3385 2118 3459">
     <span class='ocr_line' id='line_1_50' title="bbox 527 3385 2118 3459; baseline -0.001 -17"><span class='ocrx_word' id='word_1_371' title='bbox 527 3392 682 3442; x_wconf 86' lang='lat' dir='ltr'><strong>etiam</strong></span> <span class='ocrx_word' id='word_1_372' title='bbox 711 3389 914 3442; x_wconf 86' lang='lat' dir='ltr'><strong>omnino</strong></span> <span class='ocrx_word' id='word_1_373' title='bbox 945 3392 1239 3441; x_wconf 87' lang='lat' dir='ltr'><strong>reticentur.</strong></span> <span class='ocrx_word' id='word_1_374' title='bbox 1272 3387 1442 3459; x_wconf 87' lang='lat' dir='ltr'><strong>Igitur</strong></span> <span class='ocrx_word' id='word_1_375' title='bbox 1472 3386 1806 3457; x_wconf 85' lang='lat' dir='ltr'><strong>Sempronius</strong></span> <span class='ocrx_word' id='word_1_376' title='bbox 1834 3385 2118 3441; x_wconf 86' lang='lat' dir='ltr'><strong>Tuditanus</strong></span> 
     </span>
    </p>
   </div>
   <div class='ocr_carea' id='block_1_51' title="bbox 474 3479 2119 3551">
    <p class='ocr_par' dir='ltr' id='par_1_51' title="bbox 474 3479 2119 3551">
     <span class='ocr_line' id='line_1_51' title="bbox 474 3479 2119 3551; baseline 0 -18"><span class='ocrx_word' id='word_1_377' title='bbox 474 3524 475 3533; x_wconf 32' lang='grc' dir='ltr'>χ</span> <span class='ocrx_word' id='word_1_378' title='bbox 524 3484 581 3535; x_wconf 83' lang='lat' dir='ltr'><strong>in</strong></span> <span class='ocrx_word' id='word_1_379' title='bbox 613 3481 870 3551; x_wconf 83' lang='lat' dir='ltr'><strong>Hispania</strong></span> <span class='ocrx_word' id='word_1_380' title='bbox 902 3481 1134 3535; x_wconf 84' lang='lat' dir='ltr'><strong>citeriore</strong></span> <span class='ocrx_word' id='word_1_381' title='bbox 1160 3481 1291 3535; x_wconf 88' lang='lat' dir='ltr'><strong>bello</strong></span> <span class='ocrx_word' id='word_1_382' title='bbox 1319 3495 1590 3551; x_wconf 79' lang='lat' dir='ltr'><strong>Oppressus</strong></span> <span class='ocrx_word' id='word_1_383' title='bbox 1609 3521 1623 3546; x_wconf 94' lang='lat'><strong>,</strong></span> <span class='ocrx_word' id='word_1_384' title='bbox 1653 3495 1767 3533; x_wconf 90' lang='lat' dir='ltr'><strong>cum</strong></span> <span class='ocrx_word' id='word_1_385' title='bbox 1796 3479 1932 3531; x_wconf 89' lang='lat' dir='ltr'><strong>omni</strong></span> <span class='ocrx_word' id='word_1_386' title='bbox 1975 3493 2119 3533; x_wconf 69' lang='lat' dir='ltr'><strong>eicer-</strong></span> 
     </span>
    </p>
   </div>
   <div class='ocr_carea' id='block_1_52' title="bbox 525 3570 1330 3641">
    <p class='ocr_par' dir='ltr' id='par_1_52' title="bbox 525 3570 1330 3641">
     <span class='ocr_line' id='line_1_52' title="bbox 525 3570 1330 3641; baseline -0.001 -16"><span class='ocrx_word' id='word_1_387' title='bbox 525 3573 631 3625; x_wconf 85' lang='lat' dir='ltr'><strong>citu</strong></span> <span class='ocrx_word' id='word_1_388' title='bbox 662 3570 896 3625; x_wconf 85' lang='lat' dir='ltr'><strong>Romano</strong></span> <span class='ocrx_word' id='word_1_389' title='bbox 920 3573 1215 3641; x_wconf 85' lang='lat' dir='ltr'><strong>interfectus</strong></span> <span class='ocrx_word' id='word_1_390' title='bbox 1236 3580 1330 3626; x_wconf 91' lang='lat' dir='ltr'><strong>est.</strong></span> 
     </span>
    </p>
   </div>
   <div class='ocr_carea' id='block_1_53' title="bbox 602 3660 2116 3731">
    <p class='ocr_par' dir='ltr' id='par_1_53' title="bbox 602 3660 2116 3731">
     <span class='ocr_line' id='line_1_53' title="bbox 602 3660 2116 3731; baseline 0.001 -16"><span class='ocrx_word' id='word_1_391' title='bbox 602 3662 892 3716; x_wconf 85' lang='lat' dir='ltr'><strong>Transacto</strong></span> <span class='ocrx_word' id='word_1_392' title='bbox 913 3662 1053 3716; x_wconf 89' lang='lat' dir='ltr'><strong>bello</strong></span> <span class='ocrx_word' id='word_1_393' title='bbox 1074 3660 1415 3717; x_wconf 78' lang='lat' dir='ltr'><strong>Macedonico</strong></span> <span class='ocrx_word' id='word_1_394' title='bbox 1433 3671 1673 3716; x_wconf 89' lang='lat' dir='ltr'><strong>secutum</strong></span> <span class='ocrx_word' id='word_1_395' title='bbox 1695 3671 1779 3716; x_wconf 89' lang='lat' dir='ltr'><strong>est</strong></span> <span class='ocrx_word' id='word_1_396' title='bbox 1799 3661 2073 3731; x_wconf 80' lang='lat' dir='ltr'><strong>Syriacum</strong></span> <span class='ocrx_word' id='word_1_397' title='bbox 2101 3678 2116 3716; x_wconf 90' lang='lat'><strong>:</strong></span> 
     </span>
    </p>
   </div>
   <div class='ocr_carea' id='block_1_54' title="bbox 534 3750 2119 3818">
    <p class='ocr_par' dir='ltr' id='par_1_54' title="bbox 534 3750 2119 3818">
     <span class='ocr_line' id='line_1_54' title="bbox 534 3750 2119 3818; baseline 0.002 -14"><span class='ocrx_word' id='word_1_398' title='bbox 534 3761 558 3787; x_wconf 69' lang='grc' dir='ltr'><strong><em>ο</em></strong></span> <span class='ocrx_word' id='word_1_399' title='bbox 591 3754 652 3807; x_wconf 86' lang='lat' dir='ltr'><strong>L.</strong></span> <span class='ocrx_word' id='word_1_400' title='bbox 688 3751 893 3806; x_wconf 84' lang='lat' dir='ltr'><strong>Valerio</strong></span> <span class='ocrx_word' id='word_1_401' title='bbox 922 3751 1132 3818; x_wconf 85' lang='lat' dir='ltr'><strong>Flacco,</strong></span> <span class='ocrx_word' id='word_1_402' title='bbox 1161 3761 1208 3806; x_wconf 90' lang='lat' dir='ltr'><strong>et</strong></span> <span class='ocrx_word' id='word_1_403' title='bbox 1244 3752 1320 3805; x_wconf 79' lang='grc' dir='ltr'><strong>Μ.</strong></span> <span class='ocrx_word' id='word_1_404' title='bbox 1346 3751 1528 3806; x_wconf 90' lang='lat' dir='ltr'><strong>Portio</strong></span> <span class='ocrx_word' id='word_1_405' title='bbox 1557 3750 1751 3807; x_wconf 87' lang='lat' dir='ltr'><strong>Catone</strong></span> <span class='ocrx_word' id='word_1_406' title='bbox 1777 3769 1908 3808; x_wconf 88' lang='lat' dir='ltr'><strong>coss.</strong></span> <span class='ocrx_word' id='word_1_407' title='bbox 1936 3754 2119 3808; x_wconf 88' lang='lat' dir='ltr'><strong>Antio-</strong></span> 
     </span>
    </p>
   </div>
   <div class='ocr_carea' id='block_1_55' title="bbox 528 3842 2120 3913">
    <p class='ocr_par' dir='ltr' id='par_1_55' title="bbox 528 3842 2120 3913">
     <span class='ocr_line' id='line_1_55' title="bbox 528 3842 2120 3913; baseline 0.001 -18"><span class='ocrx_word' id='word_1_408' title='bbox 528 3842 656 3896; x_wconf 81' lang='lat' dir='ltr'><strong>chus</strong></span> <span class='ocrx_word' id='word_1_409' title='bbox 705 3859 795 3897; x_wconf 73' lang='lat' dir='ltr'><strong>rex</strong></span> <span class='ocrx_word' id='word_1_410' title='bbox 843 3842 1011 3913; x_wconf 78' lang='lat' dir='ltr'><strong>Syria:</strong></span> <span class='ocrx_word' id='word_1_411' title='bbox 1059 3843 1247 3899; x_wconf 87' lang='lat' dir='ltr'><strong>bellum</strong></span> <span class='ocrx_word' id='word_1_412' title='bbox 1292 3854 1472 3897; x_wconf 88' lang='lat' dir='ltr'><strong>contra</strong></span> <span class='ocrx_word' id='word_1_413' title='bbox 1527 3844 1775 3913; x_wconf 86' lang='lat' dir='ltr'><strong>papulum</strong></span> <span class='ocrx_word' id='word_1_414' title='bbox 1824 3842 2120 3898; x_wconf 87' lang='lat' dir='ltr'><strong>Romanum</strong></span> 
     </span>
    </p>
   </div>
   <div class='ocr_carea' id='block_1_56' title="bbox 527 3933 2122 4003">
    <p class='ocr_par' dir='ltr' id='par_1_56' title="bbox 527 3933 2122 4003">
     <span class='ocr_line' id='line_1_56' title="bbox 527 3933 2122 4003; baseline -0.001 -14"><span class='ocrx_word' id='word_1_415' title='bbox 527 3946 726 3989; x_wconf 84' lang='lat' dir='ltr'><strong>struens</strong></span> <span class='ocrx_word' id='word_1_416' title='bbox 746 3935 799 3988; x_wconf 87' lang='lat' dir='ltr'><strong>in</strong></span> <span class='ocrx_word' id='word_1_417' title='bbox 826 3933 1093 4003; x_wconf 86' lang='lat' dir='ltr'><strong>Europam</strong></span> <span class='ocrx_word' id='word_1_418' title='bbox 1119 3936 1325 3988; x_wconf 85' lang='lat' dir='ltr'><strong>transiit</strong></span> <span class='ocrx_word' id='word_1_419' title='bbox 1349 3951 1414 3989; x_wconf 76' lang='lat' dir='ltr'><strong>ea:</strong></span> <span class='ocrx_word' id='word_1_420' title='bbox 1438 3934 1578 3991; x_wconf 89' lang='lat' dir='ltr'><strong>Asia.</strong></span> <span class='ocrx_word' id='word_1_421' title='bbox 1614 3934 1756 3989; x_wconf 83' lang='lat' dir='ltr'><strong>Tunc</strong></span> <span class='ocrx_word' id='word_1_422' title='bbox 1781 3936 1931 3989; x_wconf 90' lang='lat' dir='ltr'><strong>etiam</strong></span> <span class='ocrx_word' id='word_1_423' title='bbox 1959 3936 2122 3989; x_wconf 90' lang='lat' dir='ltr'><strong>Anni-</strong></span> 
     </span>
    </p>
   </div>
   <div class='ocr_carea' id='block_1_57' title="bbox 532 4026 2123 4096">
    <p class='ocr_par' dir='ltr' id='par_1_57' title="bbox 532 4026 2123 4096">
     <span class='ocr_line' id='line_1_57' title="bbox 532 4026 2123 4096; baseline 0.001 -17"><span class='ocrx_word' id='word_1_424' title='bbox 532 4026 614 4079; x_wconf 88' lang='lat' dir='ltr'><strong>bal</strong></span> <span class='ocrx_word' id='word_1_425' title='bbox 644 4034 851 4095; x_wconf 88' lang='lat' dir='ltr'><strong>propter</strong></span> <span class='ocrx_word' id='word_1_426' title='bbox 874 4027 1127 4079; x_wconf 75' lang='lat' dir='ltr'><strong>excitandi</strong></span> <span class='ocrx_word' id='word_1_427' title='bbox 1156 4027 1277 4080; x_wconf 90' lang='lat' dir='ltr'><strong>belli</strong></span> <span class='ocrx_word' id='word_1_428' title='bbox 1298 4042 1547 4092; x_wconf 83' lang='lat' dir='ltr'><strong>ruruores,</strong></span> <span class='ocrx_word' id='word_1_429' title='bbox 1571 4027 1655 4094; x_wconf 84' lang='lat' dir='ltr'><strong>qui</strong></span> <span class='ocrx_word' id='word_1_430' title='bbox 1684 4027 1747 4080; x_wconf 87' lang='lat' dir='ltr'><strong>de</strong></span> <span class='ocrx_word' id='word_1_431' title='bbox 1776 4042 1834 4081; x_wconf 91' lang='lat' dir='ltr'><strong>eo</strong></span> <span class='ocrx_word' id='word_1_432' title='bbox 1852 4028 1992 4096; x_wconf 87' lang='lat' dir='ltr'><strong>apud</strong></span> <span class='ocrx_word' id='word_1_433' title='bbox 2016 4027 2123 4081; x_wconf 82' lang='lat' dir='ltr'><strong>Ro-</strong></span> 
     </span>
    </p>
   </div>
   <div class='ocr_carea' id='block_1_58' title="bbox 532 4118 2120 4191">
    <p class='ocr_par' dir='ltr' id='par_1_58' title="bbox 532 4118 2120 4191">
     <span class='ocr_line' id='line_1_58' title="bbox 532 4118 2120 4191; baseline 0.003 -21"><span class='ocrx_word' id='word_1_434' title='bbox 532 4134 711 4171; x_wconf 88' lang='lat' dir='ltr'><strong>manos</strong></span> <span class='ocrx_word' id='word_1_435' title='bbox 741 4120 1053 4187; x_wconf 85' lang='lat' dir='ltr'><strong>ferebantur,</strong></span> <span class='ocrx_word' id='word_1_436' title='bbox 1093 4118 1321 4174; x_wconf 73' lang='lat' dir='ltr'><strong>exhiberi</strong></span> <span class='ocrx_word' id='word_1_437' title='bbox 1348 4118 1596 4173; x_wconf 84' lang='lat' dir='ltr'><strong>Romanis</strong></span> <span class='ocrx_word' id='word_1_438' title='bbox 1634 4136 1667 4171; x_wconf 90' lang='lat' dir='ltr'><strong>a</strong></span> <span class='ocrx_word' id='word_1_439' title='bbox 1712 4129 1889 4173; x_wconf 89' lang='lat' dir='ltr'><strong>senatu</strong></span> <span class='ocrx_word' id='word_1_440' title='bbox 1918 4122 2120 4191; x_wconf 84' lang='lat' dir='ltr'><strong>jussus,</strong></span> 
     </span>
    </p>
   </div>
   <div class='ocr_carea' id='block_1_59' title="bbox 530 4211 2119 4282">
    <p class='ocr_par' dir='ltr' id='par_1_59' title="bbox 530 4211 2119 4282">
     <span class='ocr_line' id='line_1_59' title="bbox 530 4211 2119 4282; baseline 0.001 -19"><span class='ocrx_word' id='word_1_441' title='bbox 530 4212 665 4263; x_wconf 90' lang='lat' dir='ltr'><strong>clam</strong></span> <span class='ocrx_word' id='word_1_442' title='bbox 691 4228 754 4265; x_wconf 75' lang='lat' dir='ltr'><strong>ex</strong></span> <span class='ocrx_word' id='word_1_443' title='bbox 779 4212 954 4281; x_wconf 88' lang='lat' dir='ltr'><strong>Africa</strong></span> <span class='ocrx_word' id='word_1_444' title='bbox 976 4222 1111 4266; x_wconf 88' lang='lat' dir='ltr'><strong>metu</strong></span> <span class='ocrx_word' id='word_1_445' title='bbox 1140 4213 1421 4282; x_wconf 89' lang='lat' dir='ltr'><strong>profectus,</strong></span> <span class='ocrx_word' id='word_1_446' title='bbox 1454 4229 1515 4266; x_wconf 91' lang='lat' dir='ltr'><strong>ne</strong></span> <span class='ocrx_word' id='word_1_447' title='bbox 1541 4211 1787 4267; x_wconf 80' lang='lat' dir='ltr'><strong>Romanis</strong></span> <span class='ocrx_word' id='word_1_448' title='bbox 1812 4216 2119 4279; x_wconf 85' lang='lat' dir='ltr'><strong>traderetur,</strong></span> 
     </span>
    </p>
   </div>
   <div class='ocr_carea' id='block_1_60' title="bbox 536 4301 2123 4375">
    <p class='ocr_par' dir='ltr' id='par_1_60' title="bbox 536 4301 2123 4375">
     <span class='ocr_line' id='line_1_60' title="bbox 536 4301 2123 4375; baseline 0.002 -20"><span class='ocrx_word' id='word_1_449' title='bbox 536 4302 604 4355; x_wconf 89' lang='lat' dir='ltr'><strong>ad</strong></span> <span class='ocrx_word' id='word_1_450' title='bbox 644 4301 947 4356; x_wconf 87' lang='lat' dir='ltr'><strong>Antiochum</strong></span> <span class='ocrx_word' id='word_1_451' title='bbox 995 4305 1251 4373; x_wconf 88' lang='lat' dir='ltr'><strong>migravit.</strong></span> <span class='ocrx_word' id='word_1_452' title='bbox 1284 4303 1485 4371; x_wconf 85' lang='lat' dir='ltr'><strong>Quem,</strong></span> <span class='ocrx_word' id='word_1_453' title='bbox 1527 4319 1639 4358; x_wconf 91' lang='lat' dir='ltr'><strong>cum</strong></span> <span class='ocrx_word' id='word_1_454' title='bbox 1680 4304 1818 4375; x_wconf 90' lang='lat' dir='ltr'><strong>apud</strong></span> <span class='ocrx_word' id='word_1_455' title='bbox 1862 4303 2123 4374; x_wconf 82' lang='lat' dir='ltr'><strong>Ephesum</strong></span> 
     </span>
    </p>
   </div>
   <div class='ocr_carea' id='block_1_61' title="bbox 536 4394 2123 4466">
    <p class='ocr_par' dir='ltr' id='par_1_61' title="bbox 536 4394 2123 4466">
     <span class='ocr_line' id='line_1_61' title="bbox 536 4394 2123 4466; baseline 0.001 -21"><span class='ocrx_word' id='word_1_456' title='bbox 536 4404 856 4447; x_wconf 87' lang='lat' dir='ltr'><strong>cunctantem</strong></span> <span class='ocrx_word' id='word_1_457' title='bbox 902 4394 1189 4459; x_wconf 87' lang='lat' dir='ltr'><strong>invenisset,</strong></span> <span class='ocrx_word' id='word_1_458' title='bbox 1232 4410 1351 4449; x_wconf 75' lang='lat' dir='ltr'><strong>mox</strong></span> <span class='ocrx_word' id='word_1_459' title='bbox 1395 4397 1449 4449; x_wconf 89' lang='lat' dir='ltr'><strong>in</strong></span> <span class='ocrx_word' id='word_1_460' title='bbox 1496 4395 1680 4449; x_wconf 88' lang='lat' dir='ltr'><strong>bellum</strong></span> <span class='ocrx_word' id='word_1_461' title='bbox 1719 4397 1943 4466; x_wconf 88' lang='lat' dir='ltr'><strong>impulit.</strong></span> <span class='ocrx_word' id='word_1_462' title='bbox 1977 4395 2123 4448; x_wconf 89' lang='lat' dir='ltr'><strong>Tunc</strong></span> 
     </span>
    </p>
   </div>
   <div class='ocr_carea' id='block_1_62' title="bbox 2145 3164 2196 3230">
    <p class='ocr_par' dir='ltr' id='par_1_62' title="bbox 2145 3164 2196 3230">
     <span class='ocr_line' id='line_1_62' title="bbox 2145 3164 2196 3230; baseline 0 0"><span class='ocrx_word' id='word_1_463' title='bbox 2145 3164 2196 3230; x_wconf 84' lang='lat' dir='ltr'><strong><em>C</em></strong></span> 
     </span>
    </p>
   </div>
   <div class='ocr_carea' id='block_1_63' title="bbox 2219 1904 3715 1986">
    <p class='ocr_par' dir='ltr' id='par_1_63' title="bbox 2219 1904 3715 1986">
     <span class='ocr_line' id='line_1_63' title="bbox 2219 1904 3715 1986; baseline -0.003 -13"><span class='ocrx_word' id='word_1_464' title='bbox 2219 1919 2393 1973; x_wconf 89' lang='lat' dir='ltr'><strong>lorum</strong></span> <span class='ocrx_word' id='word_1_465' title='bbox 2415 1932 2554 1971; x_wconf 62' lang='lat' dir='ltr'><strong>censa</strong></span> <span class='ocrx_word' id='word_1_466' title='bbox 2587 1936 2600 1970; x_wconf 85' lang='lat'>:</span> <span class='ocrx_word' id='word_1_467' title='bbox 2631 1904 2992 1972; x_wconf 74' lang='lat' dir='ltr'><strong>Romanorum</strong></span> <span class='ocrx_word' id='word_1_468' title='bbox 3020 1931 3150 1972; x_wconf 85' lang='lat' dir='ltr'><strong>vero</strong></span> <span class='ocrx_word' id='word_1_469' title='bbox 3163 1910 3409 1986; x_wconf 71' lang='lat' dir='ltr'><strong>&#39;quinque</strong></span> <span class='ocrx_word' id='word_1_470' title='bbox 3435 1916 3577 1970; x_wconf 84' lang='lat' dir='ltr'><strong>millia</strong></span> <span class='ocrx_word' id='word_1_471' title='bbox 3595 1916 3715 1970; x_wconf 68' lang='lat' dir='ltr'><strong>occis</strong></span> 
     </span>
    </p>
   </div>
   <div class='ocr_carea' id='block_1_64' title="bbox 2219 2008 3715 2080">
    <p class='ocr_par' dir='ltr' id='par_1_64' title="bbox 2219 2008 3715 2080">
     <span class='ocr_line' id='line_1_64' title="bbox 2219 2008 3715 2080; baseline -0.004 -13"><span class='ocrx_word' id='word_1_472' title='bbox 2219 2022 2361 2067; x_wconf 88' lang='lat' dir='ltr'><strong>sunt.</strong></span> <span class='ocrx_word' id='word_1_473' title='bbox 2413 2011 2667 2067; x_wconf 81' lang='lat' dir='ltr'><strong>Minutius</strong></span> <span class='ocrx_word' id='word_1_474' title='bbox 2712 2028 2743 2064; x_wconf 85' lang='lat' dir='ltr'><strong>a</strong></span> <span class='ocrx_word' id='word_1_475' title='bbox 2792 2011 3075 2080; x_wconf 72' lang='lat' dir='ltr'><strong>Liguribus</strong></span> <span class='ocrx_word' id='word_1_476' title='bbox 3123 2010 3180 2064; x_wconf 87' lang='lat' dir='ltr'><strong>in</strong></span> <span class='ocrx_word' id='word_1_477' title='bbox 3225 2019 3505 2064; x_wconf 78' lang='lat' dir='ltr'><strong>extremum</strong></span> <span class='ocrx_word' id='word_1_478' title='bbox 3557 2008 3715 2078; x_wconf 80' lang='lat' dir='ltr'><strong>periqu</strong></span> 
     </span>
    </p>
   </div>
   <div class='ocr_carea' id='block_1_65' title="bbox 2220 2098 3717 2169">
    <p class='ocr_par' dir='ltr' id='par_1_65' title="bbox 2220 2098 3717 2169">
     <span class='ocr_line' id='line_1_65' title="bbox 2220 2098 3717 2169; baseline -0.005 -11"><span class='ocrx_word' id='word_1_479' title='bbox 2220 2104 2504 2169; x_wconf 87' lang='lat' dir='ltr'><strong>adductus,</strong></span> <span class='ocrx_word' id='word_1_480' title='bbox 2539 2110 2592 2156; x_wconf 90' lang='lat' dir='ltr'><strong>et</strong></span> <span class='ocrx_word' id='word_1_481' title='bbox 2618 2099 2821 2157; x_wconf 85' lang='lat' dir='ltr'><strong>insidiis</strong></span> <span class='ocrx_word' id='word_1_482' title='bbox 2855 2100 3086 2157; x_wconf 90' lang='lat' dir='ltr'><strong>hostium</strong></span> <span class='ocrx_word' id='word_1_483' title='bbox 3127 2102 3529 2165; x_wconf 85' lang='lat' dir='ltr'><strong>circumventus,</strong></span> <span class='ocrx_word' id='word_1_484' title='bbox 3558 2100 3629 2153; x_wconf 80' lang='lat' dir='ltr'><strong>vix</strong></span> <span class='ocrx_word' id='word_1_485' title='bbox 3650 2098 3717 2152; x_wconf 80' lang='lat' dir='ltr'><strong>Ns-</strong></span> 
     </span>
    </p>
   </div>
   <div class='ocr_carea' id='block_1_66' title="bbox 2222 2190 3715 2263">
    <p class='ocr_par' dir='ltr' id='par_1_66' title="bbox 2222 2190 3715 2263">
     <span class='ocr_line' id='line_1_66' title="bbox 2222 2190 3715 2263; baseline -0.002 -15"><span class='ocrx_word' id='word_1_486' title='bbox 2222 2194 2482 2249; x_wconf 83' lang='lat' dir='ltr'><strong>midarum</strong></span> <span class='ocrx_word' id='word_1_487' title='bbox 2511 2196 2745 2263; x_wconf 82' lang='lat' dir='ltr'><strong>equitum</strong></span> <span class='ocrx_word' id='word_1_488' title='bbox 2777 2193 3033 2247; x_wconf 90' lang='lat' dir='ltr'><strong>industria</strong></span> <span class='ocrx_word' id='word_1_489' title='bbox 3067 2195 3095 2228; x_wconf 69' lang='grc' dir='ltr'>α</span> <span class='ocrx_word' id='word_1_490' title='bbox 3119 2192 3371 2248; x_wconf 85' lang='lat' dir='ltr'><strong>liberatus</strong></span> <span class='ocrx_word' id='word_1_491' title='bbox 3397 2201 3489 2248; x_wconf 90' lang='lat' dir='ltr'><strong>est.</strong></span> <span class='ocrx_word' id='word_1_492' title='bbox 3520 2190 3623 2245; x_wconf 87' lang='lat' dir='ltr'><strong>Post</strong></span> <span class='ocrx_word' id='word_1_493' title='bbox 3646 2193 3715 2245; x_wconf 75' lang='lat' dir='ltr'><strong>hac</strong></span> 
     </span>
    </p>
   </div>
   <div class='ocr_carea' id='block_1_67' title="bbox 2226 2281 3717 2357">
    <p class='ocr_par' dir='ltr' id='par_1_67' title="bbox 2226 2281 3717 2357">
     <span class='ocr_line' id='line_1_67' title="bbox 2226 2281 3717 2357; baseline -0.003 -18"><span class='ocrx_word' id='word_1_494' title='bbox 2226 2284 2459 2357; x_wconf 77' lang='lat' dir='ltr'><strong>Digitius</strong></span> <span class='ocrx_word' id='word_1_495' title='bbox 2487 2295 2675 2356; x_wconf 80' lang='lat' dir='ltr'><strong>prtetor</strong></span> <span class='ocrx_word' id='word_1_496' title='bbox 2694 2284 2969 2340; x_wconf 81' lang='lat' dir='ltr'><strong>Celtiberos</strong></span> <span class='ocrx_word' id='word_1_497' title='bbox 2995 2300 3111 2338; x_wconf 86' lang='lat' dir='ltr'><strong>cum</strong></span> <span class='ocrx_word' id='word_1_498' title='bbox 3143 2285 3389 2338; x_wconf 72' lang='lat' dir='ltr'><strong>proximis</strong></span> <span class='ocrx_word' id='word_1_499' title='bbox 3411 2282 3608 2352; x_wconf 83' lang='lat' dir='ltr'><strong>gentibus</strong></span> <span class='ocrx_word' id='word_1_500' title='bbox 3627 2281 3717 2344; x_wconf 71' lang='lat' dir='ltr'><strong>vici,</strong></span> 
     </span>
    </p>
   </div>
   <div class='ocr_carea' id='block_1_68' title="bbox 2225 2372 3719 2449">
    <p class='ocr_par' dir='ltr' id='par_1_68' title="bbox 2225 2372 3719 2449">
     <span class='ocr_line' id='line_1_68' title="bbox 2225 2372 3719 2449; baseline -0.004 -16"><span class='ocrx_word' id='word_1_501' title='bbox 2225 2395 2488 2449; x_wconf 86' lang='lat' dir='ltr'><strong>regemque</strong></span> <span class='ocrx_word' id='word_1_502' title='bbox 2515 2394 2687 2432; x_wconf 91' lang='lat' dir='ltr'><strong>eorum</strong></span> <span class='ocrx_word' id='word_1_503' title='bbox 2716 2378 2867 2449; x_wconf 87' lang='lat' dir='ltr'><strong>cepit.</strong></span> <span class='ocrx_word' id='word_1_504' title='bbox 2897 2376 2965 2431; x_wconf 89' lang='lat' dir='ltr'><strong>In</strong></span> <span class='ocrx_word' id='word_1_505' title='bbox 3004 2389 3219 2447; x_wconf 87' lang='lat' dir='ltr'><strong>utraque</strong></span> <span class='ocrx_word' id='word_1_506' title='bbox 3267 2377 3505 2447; x_wconf 80' lang='lat' dir='ltr'><strong>Hispania</strong></span> <span class='ocrx_word' id='word_1_507' title='bbox 3534 2392 3605 2446; x_wconf 89' lang='lat' dir='ltr'><strong>per</strong></span> <span class='ocrx_word' id='word_1_508' title='bbox 3637 2372 3719 2428; x_wconf 79' lang='lat' dir='ltr'><strong>Fls-</strong></span> 
     </span>
    </p>
   </div>
   <div class='ocr_carea' id='block_1_69' title="bbox 2231 2466 3716 2540">
    <p class='ocr_par' dir='ltr' id='par_1_69' title="bbox 2231 2466 3716 2540">
     <span class='ocr_line' id='line_1_69' title="bbox 2231 2466 3716 2540; baseline -0.004 -16"><span class='ocrx_word' id='word_1_509' title='bbox 2231 2472 2465 2539; x_wconf 84' lang='lat' dir='ltr'><strong>nn&#39;nium,</strong></span> <span class='ocrx_word' id='word_1_510' title='bbox 2508 2469 2848 2540; x_wconf 82' lang='lat' dir='ltr'><strong>Fulviumque</strong></span> <span class='ocrx_word' id='word_1_511' title='bbox 2889 2480 3130 2539; x_wconf 67' lang='lat' dir='ltr'><strong>primores</strong></span> <span class='ocrx_word' id='word_1_512' title='bbox 3162 2470 3294 2524; x_wconf 89' lang='lat' dir='ltr'><strong>bella</strong></span> <span class='ocrx_word' id='word_1_513' title='bbox 3328 2468 3525 2522; x_wconf 87' lang='lat' dir='ltr'><strong>multum</strong></span> <span class='ocrx_word' id='word_1_514' title='bbox 3570 2466 3716 2520; x_wconf 67' lang='lat' dir='ltr'><strong>horrida</strong></span> 
     </span>
    </p>
   </div>
   <div class='ocr_carea' id='block_1_70' title="bbox 2222 2558 3721 2632">
    <p class='ocr_par' dir='ltr' id='par_1_70' title="bbox 2222 2558 3721 2632">
     <span class='ocr_line' id='line_1_70' title="bbox 2222 2558 3721 2632; baseline -0.004 -14"><span class='ocrx_word' id='word_1_515' title='bbox 2222 2574 2529 2631; x_wconf 87' lang='lat' dir='ltr'><strong>cruentaque</strong></span> <span class='ocrx_word' id='word_1_516' title='bbox 2576 2564 2802 2630; x_wconf 87' lang='lat' dir='ltr'><strong>utrisque</strong></span> <span class='ocrx_word' id='word_1_517' title='bbox 2851 2563 3054 2631; x_wconf 87' lang='lat' dir='ltr'><strong>populis</strong></span> <span class='ocrx_word' id='word_1_518' title='bbox 3100 2572 3244 2632; x_wconf 89' lang='lat' dir='ltr'><strong>gesta</strong></span> <span class='ocrx_word' id='word_1_519' title='bbox 3290 2570 3422 2615; x_wconf 87' lang='lat' dir='ltr'><strong>sunt.</strong></span> <span class='ocrx_word' id='word_1_520' title='bbox 3452 2560 3506 2615; x_wconf 86' lang='lat' dir='ltr'><strong>L.</strong></span> <span class='ocrx_word' id='word_1_521' title='bbox 3542 2558 3721 2614; x_wconf 78' lang='lat' dir='ltr'><strong>Cornelio</strong></span> 
     </span>
    </p>
   </div>
   <div class='ocr_carea' id='block_1_71' title="bbox 2222 2648 3721 2723">
    <p class='ocr_par' dir='ltr' id='par_1_71' title="bbox 2222 2648 3721 2723">
     <span class='ocr_line' id='line_1_71' title="bbox 2222 2648 3721 2723; baseline -0.006 -14"><span class='ocrx_word' id='word_1_522' title='bbox 2222 2654 2493 2723; x_wconf 86' lang='lat' dir='ltr'><strong>Scipione,</strong></span> <span class='ocrx_word' id='word_1_523' title='bbox 2534 2661 2589 2708; x_wconf 90' lang='lat' dir='ltr'><strong>et</strong></span> <span class='ocrx_word' id='word_1_524' title='bbox 2628 2651 2687 2705; x_wconf 70' lang='grc' dir='ltr'><strong>(ἰ.</strong></span> <span class='ocrx_word' id='word_1_525' title='bbox 2734 2652 2897 2706; x_wconf 70' lang='lat' dir='ltr'><strong>Laelio</strong></span> <span class='ocrx_word' id='word_1_526' title='bbox 2946 2666 3085 2708; x_wconf 85' lang='lat' dir='ltr'><strong>coss.</strong></span> <span class='ocrx_word' id='word_1_527' title='bbox 3116 2652 3301 2721; x_wconf 82' lang='lat' dir='ltr'><strong>Scipio</strong></span> <span class='ocrx_word' id='word_1_528' title='bbox 3328 2650 3583 2707; x_wconf 84' lang='lat' dir='ltr'><strong>Africanus</strong></span> <span class='ocrx_word' id='word_1_529' title='bbox 3620 2648 3721 2702; x_wconf 58' lang='lat' dir='ltr'><strong>fratri</strong></span> 
     </span>
    </p>
   </div>
   <div class='ocr_carea' id='block_1_72' title="bbox 2223 2742 3717 2816">
    <p class='ocr_par' dir='ltr' id='par_1_72' title="bbox 2223 2742 3717 2816">
     <span class='ocr_line' id='line_1_72' title="bbox 2223 2742 3717 2816; baseline -0.007 -15"><span class='ocrx_word' id='word_1_530' title='bbox 2223 2762 2321 2801; x_wconf 92' lang='lat' dir='ltr'><strong>suo</strong></span> <span class='ocrx_word' id='word_1_531' title='bbox 2351 2746 2415 2799; x_wconf 87' lang='lat' dir='ltr'><strong>L.</strong></span> <span class='ocrx_word' id='word_1_532' title='bbox 2453 2745 2578 2799; x_wconf 93' lang='lat' dir='ltr'><strong>Cor.</strong></span> <span class='ocrx_word' id='word_1_533' title='bbox 2609 2745 2863 2816; x_wconf 78' lang='lat' dir='ltr'><strong>_SCipi0l|l</strong></span> <span class='ocrx_word' id='word_1_534' title='bbox 2890 2759 3003 2800; x_wconf 93' lang='lat' dir='ltr'><strong>cos.</strong></span> <span class='ocrx_word' id='word_1_535' title='bbox 3036 2746 3244 2815; x_wconf 76' lang='lat' dir='ltr'><strong>legatus</strong></span> <span class='ocrx_word' id='word_1_536' title='bbox 3269 2754 3447 2799; x_wconf 88' lang='lat' dir='ltr'><strong>contra</strong></span> <span class='ocrx_word' id='word_1_537' title='bbox 3478 2742 3717 2796; x_wconf 69' lang='lat' dir='ltr'><strong>Antiochum</strong></span> 
     </span>
    </p>
   </div>
   <div class='ocr_carea' id='block_1_73' title="bbox 2223 2836 3723 2911">
    <p class='ocr_par' dir='ltr' id='par_1_73' title="bbox 2223 2836 3723 2911">
     <span class='ocr_line' id='line_1_73' title="bbox 2223 2836 3723 2911; baseline -0.007 -16"><span class='ocrx_word' id='word_1_538' title='bbox 2223 2839 2495 2910; x_wconf 87' lang='lat' dir='ltr'><strong>profectus</strong></span> <span class='ocrx_word' id='word_1_539' title='bbox 2516 2850 2619 2907; x_wconf 88' lang='lat' dir='ltr'><strong>est,</strong></span> <span class='ocrx_word' id='word_1_540' title='bbox 2651 2849 2678 2877; x_wconf 75' lang='grc' dir='ltr'><strong>ο</strong></span> <span class='ocrx_word' id='word_1_541' title='bbox 2709 2841 2795 2911; x_wconf 82' lang='lat' dir='ltr'><strong>qui</strong></span> <span class='ocrx_word' id='word_1_542' title='bbox 2821 2856 2936 2895; x_wconf 80' lang='lat' dir='ltr'><strong>cum</strong></span> <span class='ocrx_word' id='word_1_543' title='bbox 2965 2836 3215 2895; x_wconf 85' lang='lat' dir='ltr'><strong>Annibale</strong></span> <span class='ocrx_word' id='word_1_544' title='bbox 3236 2840 3523 2910; x_wconf 88' lang='lat' dir='ltr'><strong>colloquium</strong></span> <span class='ocrx_word' id='word_1_545' title='bbox 3540 2836 3723 2907; x_wconf 75' lang='lat' dir='ltr'><strong>familiar:</strong></span> 
     </span>
    </p>
   </div>
   <div class='ocr_carea' id='block_1_74' title="bbox 2224 2925 3721 3006">
    <p class='ocr_par' dir='ltr' id='par_1_74' title="bbox 2224 2925 3721 3006">
     <span class='ocr_line' id='line_1_74' title="bbox 2224 2925 3721 3006; baseline -0.007 -20"><span class='ocrx_word' id='word_1_546' title='bbox 2224 2932 2420 2988; x_wconf 82' lang='lat' dir='ltr'><strong>habuit.</strong></span> <span class='ocrx_word' id='word_1_547' title='bbox 2457 2934 2561 2990; x_wconf 89' lang='lat' dir='ltr'><strong>Sed</strong></span> <span class='ocrx_word' id='word_1_548' title='bbox 2588 2934 2781 3003; x_wconf 86' lang='lat' dir='ltr'><strong>infecto</strong></span> <span class='ocrx_word' id='word_1_549' title='bbox 2812 2935 2953 3004; x_wconf 89' lang='lat' dir='ltr'><strong>pacis</strong></span> <span class='ocrx_word' id='word_1_550' title='bbox 2976 2934 3175 3006; x_wconf 86' lang='lat' dir='ltr'><strong>negotio</strong></span> <span class='ocrx_word' id='word_1_551' title='bbox 3205 2934 3268 2987; x_wconf 91' lang='lat' dir='ltr'><strong>ab</strong></span> <span class='ocrx_word' id='word_1_552' title='bbox 3288 2929 3524 2986; x_wconf 88' lang='lat' dir='ltr'><strong>Antiocho</strong></span> <span class='ocrx_word' id='word_1_553' title='bbox 3545 2925 3721 2983; x_wconf 74' lang='lat' dir='ltr'><strong>discessit.</strong></span> 
     </span>
    </p>
   </div>
   <div class='ocr_carea' id='block_1_75' title="bbox 2226 3021 3727 3094">
    <p class='ocr_par' dir='ltr' id='par_1_75' title="bbox 2226 3021 3727 3094">
     <span class='ocr_line' id='line_1_75' title="bbox 2226 3021 3727 3094; baseline -0.007 -13"><span class='ocrx_word' id='word_1_554' title='bbox 2226 3023 2469 3093; x_wconf 88' lang='lat' dir='ltr'><strong>Sequenti</strong></span> <span class='ocrx_word' id='word_1_555' title='bbox 2509 3040 2645 3080; x_wconf 88' lang='lat' dir='ltr'><strong>anno</strong></span> <span class='ocrx_word' id='word_1_556' title='bbox 2688 3024 2863 3094; x_wconf 88' lang='lat' dir='ltr'><strong>Scipio</strong></span> <span class='ocrx_word' id='word_1_557' title='bbox 2894 3025 3173 3094; x_wconf 88' lang='lat' dir='ltr'><strong>Africanus</strong></span> <span class='ocrx_word' id='word_1_558' title='bbox 3217 3021 3524 3087; x_wconf 87' lang='lat' dir='ltr'><strong>Annibalem,</strong></span> <span class='ocrx_word' id='word_1_559' title='bbox 3556 3021 3623 3089; x_wconf 86' lang='lat' dir='ltr'><strong>qui</strong></span> <span class='ocrx_word' id='word_1_560' title='bbox 3646 3031 3727 3071; x_wconf 73' lang='lat' dir='ltr'><strong>ritu</strong></span> 
     </span>
    </p>
   </div>
   <div class='ocr_carea' id='block_1_76' title="bbox 2226 3108 3728 3185">
    <p class='ocr_par' dir='ltr' id='par_1_76' title="bbox 2226 3108 3728 3185">
     <span class='ocr_line' id='line_1_76' title="bbox 2226 3108 3728 3185; baseline -0.003 -18"><span class='ocrx_word' id='word_1_561' title='bbox 2226 3114 2476 3168; x_wconf 85' lang='lat' dir='ltr'><strong>Antiocho</strong></span> <span class='ocrx_word' id='word_1_562' title='bbox 2518 3124 2647 3178; x_wconf 90' lang='lat' dir='ltr'><strong>erat,</strong></span> <span class='ocrx_word' id='word_1_563' title='bbox 2677 3115 2848 3167; x_wconf 73' lang='lat' dir='ltr'><strong>navali</strong></span> <span class='ocrx_word' id='word_1_564' title='bbox 2876 3116 3051 3183; x_wconf 71' lang='lat' dir='ltr'><strong>proelio</strong></span> <span class='ocrx_word' id='word_1_565' title='bbox 3084 3115 3227 3168; x_wconf 89' lang='lat' dir='ltr'><strong>vicit.</strong></span> <span class='ocrx_word' id='word_1_566' title='bbox 3273 3115 3386 3185; x_wconf 88' lang='lat' dir='ltr'><strong>Ipse</strong></span> <span class='ocrx_word' id='word_1_567' title='bbox 3412 3120 3574 3183; x_wconf 83' lang='lat' dir='ltr'><strong>postea</strong></span> <span class='ocrx_word' id='word_1_568' title='bbox 3594 3108 3728 3164; x_wconf 84' lang='lat' dir='ltr'><strong>Antio-</strong></span> 
     </span>
    </p>
   </div>
   <div class='ocr_carea' id='block_1_77' title="bbox 2224 3200 3725 3280">
    <p class='ocr_par' dir='ltr' id='par_1_77' title="bbox 2224 3200 3725 3280">
     <span class='ocr_line' id='line_1_77' title="bbox 2224 3200 3725 3280; baseline -0.004 -18"><span class='ocrx_word' id='word_1_569' title='bbox 2224 3210 2354 3263; x_wconf 84' lang='lat' dir='ltr'><strong>cltus</strong></span> <span class='ocrx_word' id='word_1_570' title='bbox 2400 3208 2539 3264; x_wconf 88' lang='lat' dir='ltr'><strong>circa</strong></span> <span class='ocrx_word' id='word_1_571' title='bbox 2588 3207 2830 3275; x_wconf 90' lang='lat' dir='ltr'><strong>Sipulum</strong></span> <span class='ocrx_word' id='word_1_572' title='bbox 2860 3207 3183 3280; x_wconf 79' lang='lat' dir='ltr'><strong>Magnesiam</strong></span> <span class='ocrx_word' id='word_1_573' title='bbox 3215 3209 3354 3263; x_wconf 71' lang='lat' dir='ltr'><strong>Asiae</strong></span> <span class='ocrx_word' id='word_1_574' title='bbox 3381 3207 3613 3261; x_wconf 84' lang='lat' dir='ltr'><strong>civitatem</strong></span> <span class='ocrx_word' id='word_1_575' title='bbox 3640 3215 3663 3255; x_wconf 91' lang='lat' dir='ltr'><strong>a</strong></span> <span class='ocrx_word' id='word_1_576' title='bbox 3684 3200 3725 3256; x_wconf 85' lang='lat' dir='ltr'><strong>L.</strong></span> 
     </span>
    </p>
   </div>
   <div class='ocr_carea' id='block_1_78' title="bbox 2221 3297 3724 3370">
    <p class='ocr_par' dir='ltr' id='par_1_78' title="bbox 2221 3297 3724 3370">
     <span class='ocr_line' id='line_1_78' title="bbox 2221 3297 3724 3370; baseline -0.007 -15"><span class='ocrx_word' id='word_1_577' title='bbox 2221 3300 2468 3357; x_wconf 89' lang='lat' dir='ltr'><strong>Cornelio</strong></span> <span class='ocrx_word' id='word_1_578' title='bbox 2496 3300 2745 3370; x_wconf 86' lang='lat' dir='ltr'><strong>Scipione</strong></span> <span class='ocrx_word' id='word_1_579' title='bbox 2769 3313 2882 3355; x_wconf 86' lang='lat' dir='ltr'><strong>cos.</strong></span> <span class='ocrx_word' id='word_1_580' title='bbox 2915 3299 3113 3370; x_wconf 88' lang='lat' dir='ltr'><strong>ingenti</strong></span> <span class='ocrx_word' id='word_1_581' title='bbox 3148 3300 3333 3367; x_wconf 59' lang='lat' dir='ltr'><strong>pralio</strong></span> <span class='ocrx_word' id='word_1_582' title='bbox 3361 3303 3620 3369; x_wconf 86' lang='lat' dir='ltr'><strong>prostratus</strong></span> <span class='ocrx_word' id='word_1_583' title='bbox 3654 3297 3724 3345; x_wconf 83' lang='lat' dir='ltr'><strong>est.</strong></span> 
     </span>
    </p>
   </div>
   <div class='ocr_carea' id='block_1_79' title="bbox 2221 3383 3727 3463">
    <p class='ocr_par' dir='ltr' id='par_1_79' title="bbox 2221 3383 3727 3463">
     <span class='ocr_line' id='line_1_79' title="bbox 2221 3383 3727 3463; baseline -0.009 -13"><span class='ocrx_word' id='word_1_584' title='bbox 2221 3396 2435 3451; x_wconf 83' lang='lat' dir='ltr'><strong>Auxilio</strong></span> <span class='ocrx_word' id='word_1_585' title='bbox 2478 3393 2659 3449; x_wconf 87' lang='lat' dir='ltr'><strong>fuitin</strong></span> <span class='ocrx_word' id='word_1_586' title='bbox 2709 3408 2773 3448; x_wconf 89' lang='lat' dir='ltr'><strong>ea</strong></span> <span class='ocrx_word' id='word_1_587' title='bbox 2816 3407 2990 3463; x_wconf 90' lang='lat' dir='ltr'><strong>pugna</strong></span> <span class='ocrx_word' id='word_1_588' title='bbox 3032 3393 3289 3448; x_wconf 76' lang='lat' dir='ltr'><strong>Romanis</strong></span> <span class='ocrx_word' id='word_1_589' title='bbox 3340 3393 3595 3453; x_wconf 85' lang='lat' dir='ltr'><strong>Eumenes,</strong></span> <span class='ocrx_word' id='word_1_590' title='bbox 3615 3383 3727 3440; x_wconf 81' lang='lat' dir='ltr'><strong>Attali</strong></span> 
     </span>
    </p>
   </div>
   <div class='ocr_carea' id='block_1_80' title="bbox 2221 3476 3725 3557">
    <p class='ocr_par' dir='ltr' id='par_1_80' title="bbox 2221 3476 3725 3557">
     <span class='ocr_line' id='line_1_80' title="bbox 2221 3476 3725 3557; baseline -0.01 -15"><span class='ocrx_word' id='word_1_591' title='bbox 2221 3488 2365 3557; x_wconf 84' lang='lat' dir='ltr'><strong>regis</strong></span> <span class='ocrx_word' id='word_1_592' title='bbox 2416 3485 2618 3553; x_wconf 84' lang='lat' dir='ltr'><strong>frater,</strong></span> <span class='ocrx_word' id='word_1_593' title='bbox 2674 3486 2767 3555; x_wconf 91' lang='lat' dir='ltr'><strong>qui</strong></span> <span class='ocrx_word' id='word_1_594' title='bbox 2820 3476 3131 3540; x_wconf 86' lang='lat' dir='ltr'><strong>Eunieniam</strong></span> <span class='ocrx_word' id='word_1_595' title='bbox 3180 3487 3234 3539; x_wconf 90' lang='lat' dir='ltr'><strong>in</strong></span> <span class='ocrx_word' id='word_1_596' title='bbox 3281 3483 3497 3554; x_wconf 81' lang='lat' dir='ltr'><strong>Phrygia</strong></span> <span class='ocrx_word' id='word_1_597' title='bbox 3539 3476 3725 3534; x_wconf 85' lang='lat' dir='ltr'><strong>condidit.</strong></span> 
     </span>
    </p>
   </div>
   <div class='ocr_carea' id='block_1_81' title="bbox 2221 3574 3727 3650">
    <p class='ocr_par' dir='ltr' id='par_1_81' title="bbox 2221 3574 3727 3650">
     <span class='ocr_line' id='line_1_81' title="bbox 2221 3574 3727 3650; baseline -0.007 -17"><span class='ocrx_word' id='word_1_598' title='bbox 2221 3580 2615 3650; x_wconf 82' lang='lat' dir='ltr'><strong>Quinquaginta</strong></span> <span class='ocrx_word' id='word_1_599' title='bbox 2637 3593 2674 3632; x_wconf 81' lang='grc' dir='ltr'><strong>ιι</strong></span> <span class='ocrx_word' id='word_1_600' title='bbox 2704 3577 2962 3649; x_wconf 87' lang='lat' dir='ltr'><strong>peditum,</strong></span> <span class='ocrx_word' id='word_1_601' title='bbox 2992 3584 3047 3632; x_wconf 89' lang='lat' dir='ltr'><strong>et</strong></span> <span class='ocrx_word' id='word_1_602' title='bbox 3075 3578 3175 3633; x_wconf 86' lang='lat' dir='ltr'><strong>tria</strong></span> <span class='ocrx_word' id='word_1_603' title='bbox 3208 3593 3243 3631; x_wconf 82' lang='lat' dir='ltr'><strong>ii</strong></span> <span class='ocrx_word' id='word_1_604' title='bbox 3275 3578 3499 3646; x_wconf 90' lang='lat' dir='ltr'><strong>equitum</strong></span> <span class='ocrx_word' id='word_1_605' title='bbox 3521 3574 3727 3627; x_wconf 85' lang='lat' dir='ltr'><strong>ineocet-</strong></span> 
     </span>
    </p>
   </div>
   <div class='ocr_carea' id='block_1_82' title="bbox 2222 3666 3725 3739">
    <p class='ocr_par' dir='ltr' id='par_1_82' title="bbox 2222 3666 3725 3739">
     <span class='ocr_line' id='line_1_82' title="bbox 2222 3666 3725 3739; baseline -0.008 -16"><span class='ocrx_word' id='word_1_606' title='bbox 2222 3671 2420 3725; x_wconf 90' lang='lat' dir='ltr'><strong>tamine</strong></span> <span class='ocrx_word' id='word_1_607' title='bbox 2450 3685 2516 3724; x_wconf 81' lang='lat' dir='ltr'><strong>ex</strong></span> <span class='ocrx_word' id='word_1_608' title='bbox 2552 3679 2702 3739; x_wconf 85' lang='lat' dir='ltr'><strong>parte</strong></span> <span class='ocrx_word' id='word_1_609' title='bbox 2745 3669 2887 3739; x_wconf 86' lang='lat' dir='ltr'><strong>regis</strong></span> <span class='ocrx_word' id='word_1_610' title='bbox 2930 3670 3106 3723; x_wconf 84' lang='lat' dir='ltr'><strong>occisa</strong></span> <span class='ocrx_word' id='word_1_611' title='bbox 3149 3677 3295 3723; x_wconf 90' lang='lat' dir='ltr'><strong>sunt.</strong></span> <span class='ocrx_word' id='word_1_612' title='bbox 3339 3666 3468 3721; x_wconf 93' lang='lat' dir='ltr'><strong>Tum</strong></span> <span class='ocrx_word' id='word_1_613' title='bbox 3496 3678 3575 3718; x_wconf 82' lang='lat' dir='ltr'><strong>rex</strong></span> <span class='ocrx_word' id='word_1_614' title='bbox 3598 3671 3725 3731; x_wconf 78' lang='lat' dir='ltr'><strong>pacem</strong></span> 
     </span>
    </p>
   </div>
   <div class='ocr_carea' id='block_1_83' title="bbox 2222 3758 3727 3832">
    <p class='ocr_par' dir='ltr' id='par_1_83' title="bbox 2222 3758 3727 3832">
     <span class='ocr_line' id='line_1_83' title="bbox 2222 3758 3727 3832; baseline -0.011 -14"><span class='ocrx_word' id='word_1_615' title='bbox 2222 3762 2395 3832; x_wconf 74' lang='lat' dir='ltr'><strong>petiit,</strong></span> <span class='ocrx_word' id='word_1_616' title='bbox 2428 3762 2685 3832; x_wconf 81' lang='lat' dir='ltr'><strong>filiumque</strong></span> <span class='ocrx_word' id='word_1_617' title='bbox 2706 3761 2960 3832; x_wconf 76' lang='lat' dir='ltr'><strong>Africani,</strong></span> <span class='ocrx_word' id='word_1_618' title='bbox 2991 3777 3135 3831; x_wconf 88' lang='lat' dir='ltr'><strong>quem</strong></span> <span class='ocrx_word' id='word_1_619' title='bbox 3156 3772 3329 3814; x_wconf 84' lang='lat' dir='ltr'><strong>utrum</strong></span> <span class='ocrx_word' id='word_1_620' title='bbox 3348 3758 3666 3829; x_wconf 71' lang='lat' dir='ltr'><strong>explorantem,</strong></span> <span class='ocrx_word' id='word_1_621' title='bbox 3682 3763 3727 3801; x_wconf 82' lang='lat' dir='ltr'><strong>art</strong></span> 
     </span>
    </p>
   </div>
   <div class='ocr_carea' id='block_1_84' title="bbox 2223 3841 3729 3924">
    <p class='ocr_par' dir='ltr' id='par_1_84' title="bbox 2223 3841 3729 3924">
     <span class='ocr_line' id='line_1_84' title="bbox 2223 3841 3729 3924; baseline -0.01 -14"><span class='ocrx_word' id='word_1_622' title='bbox 2223 3856 2279 3909; x_wconf 87' lang='lat' dir='ltr'><strong>in</strong></span> <span class='ocrx_word' id='word_1_623' title='bbox 2326 3854 2505 3923; x_wconf 72' lang='lat' dir='ltr'><strong>prwlio</strong></span> <span class='ocrx_word' id='word_1_624' title='bbox 2551 3855 2783 3924; x_wconf 87' lang='lat' dir='ltr'><strong>cepisset,</strong></span> <span class='ocrx_word' id='word_1_625' title='bbox 2830 3854 3083 3908; x_wconf 88' lang='lat' dir='ltr'><strong>incertum</strong></span> <span class='ocrx_word' id='word_1_626' title='bbox 3131 3864 3228 3922; x_wconf 87' lang='lat' dir='ltr'><strong>est,</strong></span> <span class='ocrx_word' id='word_1_627' title='bbox 3273 3854 3405 3907; x_wconf 89' lang='lat' dir='ltr'><strong>ultro</strong></span> <span class='ocrx_word' id='word_1_628' title='bbox 3442 3847 3623 3904; x_wconf 84' lang='lat' dir='ltr'><strong>remisit.</strong></span> <span class='ocrx_word' id='word_1_629' title='bbox 3649 3841 3729 3896; x_wconf 68' lang='lat' dir='ltr'><strong>Pas</strong></span> 
     </span>
    </p>
   </div>
   <div class='ocr_carea' id='block_1_85' title="bbox 2226 3944 3729 4005">
    <p class='ocr_par' dir='ltr' id='par_1_85' title="bbox 2226 3944 3729 4005">
     <span class='ocr_line' id='line_1_85' title="bbox 2226 3944 3729 4005; baseline -0.011 -4"><span class='ocrx_word' id='word_1_630' title='bbox 2226 3955 2395 4001; x_wconf 90' lang='lat' dir='ltr'><strong>autem</strong></span> <span class='ocrx_word' id='word_1_631' title='bbox 2425 3946 2614 4001; x_wconf 92' lang='lat' dir='ltr'><strong>iisdem</strong></span> <span class='ocrx_word' id='word_1_632' title='bbox 2642 3945 3039 3999; x_wconf 88' lang='lat' dir='ltr'><strong>conditionibus</strong></span> <span class='ocrx_word' id='word_1_633' title='bbox 3069 3944 3193 3999; x_wconf 84' lang='lat' dir='ltr'><strong>data</strong></span> <span class='ocrx_word' id='word_1_634' title='bbox 3224 3954 3306 4000; x_wconf 89' lang='lat' dir='ltr'><strong>est</strong></span> <span class='ocrx_word' id='word_1_635' title='bbox 3333 3958 3364 3998; x_wconf 83' lang='lat' dir='ltr'><strong>a</strong></span> <span class='ocrx_word' id='word_1_636' title='bbox 3401 3948 3587 4005; x_wconf 84' lang='lat' dir='ltr'><strong>senatu,</strong></span> <span class='ocrx_word' id='word_1_637' title='bbox 3611 3946 3729 4004; x_wconf 82' lang='lat' dir='ltr'><strong>quan-</strong></span> 
     </span>
    </p>
   </div>
   <div class='ocr_carea' id='block_1_86' title="bbox 2224 4028 3720 4109">
    <p class='ocr_par' dir='ltr' id='par_1_86' title="bbox 2224 4028 3720 4109">
     <span class='ocr_line' id='line_1_86' title="bbox 2224 4028 3720 4109; baseline -0.009 -16"><span class='ocrx_word' id='word_1_638' title='bbox 2224 4052 2382 4109; x_wconf 89' lang='lat' dir='ltr'><strong>quam</strong></span> <span class='ocrx_word' id='word_1_639' title='bbox 2408 4048 2570 4104; x_wconf 79' lang='lat' dir='ltr'><strong>vrcto,</strong></span> <span class='ocrx_word' id='word_1_640' title='bbox 2603 4037 2794 4105; x_wconf 85' lang='lat' dir='ltr'><strong>quibus</strong></span> <span class='ocrx_word' id='word_1_641' title='bbox 2849 4044 3001 4092; x_wconf 84' lang='lat' dir='ltr'><strong>antea</strong></span> <span class='ocrx_word' id='word_1_642' title='bbox 3034 4035 3376 4101; x_wconf 84' lang='lat' dir='ltr'><strong>offerebatur,</strong></span> <span class='ocrx_word' id='word_1_643' title='bbox 3403 4040 3462 4087; x_wconf 89' lang='lat' dir='ltr'><strong>ut</strong></span> <span class='ocrx_word' id='word_1_644' title='bbox 3486 4046 3541 4087; x_wconf 82' lang='lat' dir='ltr'><strong>es</strong></span> <span class='ocrx_word' id='word_1_645' title='bbox 3569 4028 3720 4092; x_wconf 75' lang='lat' dir='ltr'><strong>Europa</strong></span> 
     </span>
    </p>
   </div>
   <div class='ocr_carea' id='block_1_87' title="bbox 2225 4122 3724 4197">
    <p class='ocr_par' dir='ltr' id='par_1_87' title="bbox 2225 4122 3724 4197">
     <span class='ocr_line' id='line_1_87' title="bbox 2225 4122 3724 4197; baseline -0.009 -13"><span class='ocrx_word' id='word_1_646' title='bbox 2225 4140 2280 4184; x_wconf 83' lang='lat' dir='ltr'><strong>ot</strong></span> <span class='ocrx_word' id='word_1_647' title='bbox 2310 4128 2435 4185; x_wconf 86' lang='lat' dir='ltr'><strong>Asia</strong></span> <span class='ocrx_word' id='word_1_648' title='bbox 2457 4127 2752 4194; x_wconf 87' lang='lat' dir='ltr'><strong>recederet,</strong></span> <span class='ocrx_word' id='word_1_649' title='bbox 2784 4137 2942 4197; x_wconf 88' lang='lat' dir='ltr'><strong>atque</strong></span> <span class='ocrx_word' id='word_1_650' title='bbox 2963 4129 3100 4183; x_wconf 85' lang='lat' dir='ltr'><strong>intra</strong></span> <span class='ocrx_word' id='word_1_651' title='bbox 3120 4128 3353 4183; x_wconf 90' lang='lat' dir='ltr'><strong>Taurum</strong></span> <span class='ocrx_word' id='word_1_652' title='bbox 3383 4142 3439 4182; x_wconf 90' lang='lat' dir='ltr'><strong>se</strong></span> <span class='ocrx_word' id='word_1_653' title='bbox 3458 4122 3724 4182; x_wconf 81' lang='lat' dir='ltr'><strong>contineret:</strong></span> 
     </span>
    </p>
   </div>
   <div class='ocr_carea' id='block_1_88' title="bbox 2234 4213 3727 4292">
    <p class='ocr_par' dir='ltr' id='par_1_88' title="bbox 2234 4213 3727 4292">
     <span class='ocr_line' id='line_1_88' title="bbox 2234 4213 3727 4292; baseline -0.009 -17"><span class='ocrx_word' id='word_1_654' title='bbox 2234 4237 2305 4276; x_wconf 79' lang='lat' dir='ltr'><strong>xu</strong></span> <span class='ocrx_word' id='word_1_655' title='bbox 2338 4221 2678 4286; x_wconf 87' lang='lat' dir='ltr'><strong>talentorum,</strong></span> <span class='ocrx_word' id='word_1_656' title='bbox 2710 4231 2764 4276; x_wconf 90' lang='lat' dir='ltr'><strong>et</strong></span> <span class='ocrx_word' id='word_1_657' title='bbox 2792 4237 2865 4275; x_wconf 76' lang='lat' dir='ltr'><strong>xx</strong></span> <span class='ocrx_word' id='word_1_658' title='bbox 2894 4221 3107 4277; x_wconf 87' lang='lat' dir='ltr'><strong>obsides</strong></span> <span class='ocrx_word' id='word_1_659' title='bbox 3136 4222 3402 4292; x_wconf 62' lang='lat' dir='ltr'><strong>praeberet</strong></span> <span class='ocrx_word' id='word_1_660' title='bbox 3432 4238 3443 4272; x_wconf 92' lang='lat'><strong>:</strong></span> <span class='ocrx_word' id='word_1_661' title='bbox 3484 4213 3727 4274; x_wconf 82' lang='lat' dir='ltr'><strong>Annibalem</strong></span> 
     </span>
    </p>
   </div>
   <div class='ocr_carea' id='block_1_89' title="bbox 2235 4308 3728 4377">
    <p class='ocr_par' dir='ltr' id='par_1_89' title="bbox 2235 4308 3728 4377">
     <span class='ocr_line' id='line_1_89' title="bbox 2235 4308 3728 4377; baseline -0.005 -8"><span class='ocrx_word' id='word_1_662' title='bbox 2235 4314 2667 4369; x_wconf 86' lang='lat' dir='ltr'><strong>concionatorem</strong></span> <span class='ocrx_word' id='word_1_663' title='bbox 2710 4313 2834 4369; x_wconf 89' lang='lat' dir='ltr'><strong>belli</strong></span> <span class='ocrx_word' id='word_1_664' title='bbox 2877 4313 3129 4369; x_wconf 88' lang='lat' dir='ltr'><strong>traderet.</strong></span> <span class='ocrx_word' id='word_1_665' title='bbox 3179 4313 3402 4369; x_wconf 81' lang='lat' dir='ltr'><strong>Eumeni</strong></span> <span class='ocrx_word' id='word_1_666' title='bbox 3438 4311 3539 4377; x_wconf 81' lang='lat' dir='ltr'><strong>regi</strong></span> <span class='ocrx_word' id='word_1_667' title='bbox 3577 4308 3728 4363; x_wconf 55' lang='lat' dir='ltr'><strong>donata</strong></span> 
     </span>
    </p>
   </div>
   <div class='ocr_carea' id='block_1_90' title="bbox 2228 4396 3728 4473">
    <p class='ocr_par' dir='ltr' id='par_1_90' title="bbox 2228 4396 3728 4473">
     <span class='ocr_line' id='line_1_90' title="bbox 2228 4396 3728 4473; baseline -0.005 -12"><span class='ocrx_word' id='word_1_668' title='bbox 2228 4415 2354 4461; x_wconf 88' lang='lat' dir='ltr'><strong>sunt</strong></span> <span class='ocrx_word' id='word_1_669' title='bbox 2374 4420 2403 4459; x_wconf 88' lang='lat' dir='ltr'><strong>a</strong></span> <span class='ocrx_word' id='word_1_670' title='bbox 2446 4414 2632 4460; x_wconf 90' lang='lat' dir='ltr'><strong>senatu</strong></span> <span class='ocrx_word' id='word_1_671' title='bbox 2662 4420 2848 4459; x_wconf 86' lang='lat' dir='ltr'><strong>omnes</strong></span> <span class='ocrx_word' id='word_1_672' title='bbox 2896 4406 3036 4460; x_wconf 83' lang='lat' dir='ltr'><strong>Asiae</strong></span> <span class='ocrx_word' id='word_1_673' title='bbox 3065 4405 3329 4472; x_wconf 89' lang='lat' dir='ltr'><strong>civitates,</strong></span> <span class='ocrx_word' id='word_1_674' title='bbox 3361 4418 3483 4473; x_wconf 81' lang='lat' dir='ltr'><strong>quas</strong></span> <span class='ocrx_word' id='word_1_675' title='bbox 3510 4396 3728 4458; x_wconf 76' lang='lat' dir='ltr'><strong>Antiochus</strong></span> 
     </span>
    </p>
   </div>
   <div class='ocr_carea' id='block_1_91' title="bbox 536 4482 3727 4588">
    <p class='ocr_par' dir='ltr' id='par_1_91' title="bbox 536 4482 3727 4588">
     <span class='ocr_line' id='line_1_91' title="bbox 536 4482 3727 4588; baseline 0 -51"><span class='ocrx_word' id='word_1_676' title='bbox 536 4485 691 4537; x_wconf 88' lang='lat' dir='ltr'><strong>etiam</strong></span> <span class='ocrx_word' id='word_1_677' title='bbox 724 4488 824 4549; x_wconf 74' lang='lat' dir='ltr'><strong>lex,</strong></span> <span class='ocrx_word' id='word_1_678' title='bbox 849 4502 965 4588; x_wconf 68' lang='lat' dir='ltr'><strong>quae</strong></span> <span class='ocrx_word' id='word_1_679' title='bbox 1001 4486 1062 4539; x_wconf 92' lang='lat' dir='ltr'><strong>ab</strong></span> <span class='ocrx_word' id='word_1_680' title='bbox 1097 4485 1263 4556; x_wconf 86' lang='lat' dir='ltr'><strong>Oppio</strong></span> <span class='ocrx_word' id='word_1_681' title='bbox 1289 4486 1487 4574; x_wconf 87' lang='lat' dir='ltr'><strong>tribuno</strong></span> <span class='ocrx_word' id='word_1_682' title='bbox 1516 4488 1673 4556; x_wconf 88' lang='lat' dir='ltr'><strong>plebis</strong></span> <span class='ocrx_word' id='word_1_683' title='bbox 1702 4488 1903 4556; x_wconf 91' lang='lat' dir='ltr'><strong>prolata</strong></span> <span class='ocrx_word' id='word_1_684' title='bbox 1932 4490 2119 4555; x_wconf 83' lang='lat' dir='ltr'><strong>fuerat,</strong></span> <span class='ocrx_word' id='word_1_685' title='bbox 2154 4526 2207 4588; x_wconf 66' lang='grc' dir='ltr'>Β</span> <span class='ocrx_word' id='word_1_686' title='bbox 2231 4496 2740 4565; x_wconf 32' lang='lat' dir='ltr'><strong>bello‘perdiderat,</strong></span> <span class='ocrx_word' id='word_1_687' title='bbox 2782 4506 2835 4551; x_wconf 73' lang='grc' dir='ltr'><strong>ει</strong></span> <span class='ocrx_word' id='word_1_688' title='bbox 2864 4495 3107 4562; x_wconf 64' lang='lat' dir='ltr'><strong>Rhodiis,</strong></span> <span class='ocrx_word' id='word_1_689' title='bbox 3146 4497 3238 4566; x_wconf 77' lang='lat' dir='ltr'><strong>qui</strong></span> <span class='ocrx_word' id='word_1_690' title='bbox 3276 4496 3519 4551; x_wconf 59' lang='lat' dir='ltr'><strong>auxilium</strong></span> <span class='ocrx_word' id='word_1_691' title='bbox 3543 4482 3727 4546; x_wconf 77' lang='lat' dir='ltr'><strong>Romanis</strong></span> 
     </span>
    </p>
   </div>
   <div class='ocr_carea' id='block_1_92' title="bbox 538 4570 2122 4649">
    <p class='ocr_par' dir='ltr' id='par_1_92' title="bbox 538 4570 2122 4649">
     <span class='ocr_line' id='line_1_92' title="bbox 538 4570 2122 4649; baseline 0.001 -21"><span class='ocrx_word' id='word_1_692' title='bbox 538 4592 602 4628; x_wconf 87' lang='lat' dir='ltr'><strong>ne</strong></span> <span class='ocrx_word' id='word_1_693' title='bbox 629 4592 730 4644; x_wconf 89' lang='lat' dir='ltr'><strong>qua</strong></span> <span class='ocrx_word' id='word_1_694' title='bbox 754 4575 934 4629; x_wconf 87' lang='lat' dir='ltr'><strong>mulier</strong></span> <span class='ocrx_word' id='word_1_695' title='bbox 964 4579 1229 4649; x_wconf 76' lang='lat' dir='ltr'><strong>plusquam</strong></span> <span class='ocrx_word' id='word_1_696' title='bbox 1254 4570 1583 4632; x_wconf 87' lang='lat' dir='ltr'><strong>semiunciam</strong></span> <span class='ocrx_word' id='word_1_697' title='bbox 1608 4580 1722 4632; x_wconf 88' lang='lat' dir='ltr'><strong>auri</strong></span> <span class='ocrx_word' id='word_1_698' title='bbox 1747 4578 1972 4644; x_wconf 84' lang='lat' dir='ltr'><strong>haberet,</strong></span> <span class='ocrx_word' id='word_1_699' title='bbox 2003 4593 2122 4631; x_wconf 88' lang='lat' dir='ltr'><strong>neve</strong></span> 
     </span>
    </p>
   </div>
   <div class='ocr_carea' id='block_1_93' title="bbox 542 4669 2125 4741">
    <p class='ocr_par' dir='ltr' id='par_1_93' title="bbox 542 4669 2125 4741">
     <span class='ocr_line' id='line_1_93' title="bbox 542 4669 2125 4741; baseline 0.003 -22"><span class='ocrx_word' id='word_1_700' title='bbox 542 4669 830 4722; x_wconf 85' lang='lat' dir='ltr'><strong>versicolori</strong></span> <span class='ocrx_word' id='word_1_701' title='bbox 876 4672 1185 4738; x_wconf 88' lang='lat' dir='ltr'><strong>vestimento,</strong></span> <span class='ocrx_word' id='word_1_702' title='bbox 1240 4687 1327 4725; x_wconf 91' lang='lat' dir='ltr'><strong>nec</strong></span> <span class='ocrx_word' id='word_1_703' title='bbox 1372 4672 1595 4725; x_wconf 85' lang='lat' dir='ltr'><strong>vehiculo</strong></span> <span class='ocrx_word' id='word_1_704' title='bbox 1643 4688 1731 4741; x_wconf 90' lang='lat' dir='ltr'><strong>per</strong></span> <span class='ocrx_word' id='word_1_705' title='bbox 1776 4670 1983 4740; x_wconf 85' lang='lat' dir='ltr'><strong>Urbem,</strong></span> <span class='ocrx_word' id='word_1_706' title='bbox 2034 4687 2125 4724; x_wconf 88' lang='lat' dir='ltr'><strong>nec</strong></span> 
     </span>
    </p>
   </div>
   <div class='ocr_carea' id='block_1_94' title="bbox 541 4759 2124 4831">
    <p class='ocr_par' dir='ltr' id='par_1_94' title="bbox 541 4759 2124 4831">
     <span class='ocr_line' id='line_1_94' title="bbox 541 4759 2124 4831; baseline 0.001 -19"><span class='ocrx_word' id='word_1_707' title='bbox 541 4761 684 4829; x_wconf 87' lang='lat' dir='ltr'><strong>foras</strong></span> <span class='ocrx_word' id='word_1_708' title='bbox 713 4766 933 4813; x_wconf 88' lang='lat' dir='ltr'><strong>uteretur</strong></span> <span class='ocrx_word' id='word_1_709' title='bbox 972 4759 1239 4831; x_wconf 87' lang='lat' dir='ltr'><strong>plusquam</strong></span> <span class='ocrx_word' id='word_1_710' title='bbox 1269 4760 1407 4814; x_wconf 89' lang='lat' dir='ltr'><strong>mille</strong></span> <span class='ocrx_word' id='word_1_711' title='bbox 1442 4760 1693 4829; x_wconf 88' lang='lat' dir='ltr'><strong>passibus,</strong></span> <span class='ocrx_word' id='word_1_712' title='bbox 1724 4761 1824 4813; x_wconf 90' lang='lat' dir='ltr'><strong>nisi</strong></span> <span class='ocrx_word' id='word_1_713' title='bbox 1863 4776 2124 4814; x_wconf 88' lang='lat' dir='ltr'><strong>sacrorum</strong></span> 
     </span>
    </p>
   </div>
   <div class='ocr_carea' id='block_1_95' title="bbox 542 4849 2125 4922">
    <p class='ocr_par' dir='ltr' id='par_1_95' title="bbox 542 4849 2125 4922">
     <span class='ocr_line' id='line_1_95' title="bbox 542 4849 2125 4922; baseline 0.001 -19"><span class='ocrx_word' id='word_1_714' title='bbox 542 4867 699 4905; x_wconf 86' lang='lat' dir='ltr'><strong>causa</strong></span> <span class='ocrx_word' id='word_1_715' title='bbox 722 4853 987 4922; x_wconf 70' lang='lat' dir='ltr'><strong>exegisset,</strong></span> <span class='ocrx_word' id='word_1_716' title='bbox 1012 4862 1123 4922; x_wconf 91' lang='lat' dir='ltr'><strong>post</strong></span> <span class='ocrx_word' id='word_1_717' title='bbox 1146 4868 1212 4906; x_wconf 74' lang='lat' dir='ltr'><strong>xx</strong></span> <span class='ocrx_word' id='word_1_718' title='bbox 1235 4868 1394 4906; x_wconf 89' lang='lat' dir='ltr'><strong>annos</strong></span> <span class='ocrx_word' id='word_1_719' title='bbox 1415 4852 1653 4921; x_wconf 88' lang='lat' dir='ltr'><strong>abrogata</strong></span> <span class='ocrx_word' id='word_1_720' title='bbox 1676 4861 1768 4905; x_wconf 88' lang='lat' dir='ltr'><strong>est.</strong></span> <span class='ocrx_word' id='word_1_721' title='bbox 1794 4849 2010 4907; x_wconf 88' lang='lat' dir='ltr'><strong>Sublato</strong></span> <span class='ocrx_word' id='word_1_722' title='bbox 2034 4852 2125 4907; x_wconf 89' lang='lat' dir='ltr'><strong>hoc</strong></span> 
     </span>
    </p>
   </div>
   <div class='ocr_carea' id='block_1_96' title="bbox 617 5005 1203 5071">
    <p class='ocr_par' dir='ltr' id='par_1_96' title="bbox 617 5005 1203 5071">
     <span class='ocr_line' id='line_1_96' title="bbox 617 5005 1203 5071; baseline -0.005 -9"><span class='ocrx_word' id='word_1_723' title='bbox 617 5017 643 5043; x_wconf 69' lang='grc'><strong><em>⁸</em></strong></span> <span class='ocrx_word' id='word_1_724' title='bbox 682 5006 771 5071; x_wconf 85' lang='grc' dir='ltr'><strong>Η.,</strong></span> <span class='ocrx_word' id='word_1_725' title='bbox 801 5005 1039 5059; x_wconf 87' lang='lat' dir='ltr'><strong>Insubres</strong></span> <span class='ocrx_word' id='word_1_726' title='bbox 1070 5006 1203 5061; x_wconf 86' lang='lat' dir='ltr'><strong>Boii.</strong></span> 
     </span>
    </p>
   </div>
   <div class='ocr_carea' id='block_1_97' title="bbox 508 5074 2129 5148">
    <p class='ocr_par' dir='ltr' id='par_1_97' title="bbox 508 5074 2129 5148">
     <span class='ocr_line' id='line_1_97' title="bbox 508 5074 2129 5148; baseline 0.002 -19"><span class='ocrx_word' id='word_1_727' title='bbox 508 5098 517 5107; x_wconf 62' lang='grc' dir='ltr'><strong>ι</strong></span> <span class='ocrx_word' id='word_1_728' title='bbox 615 5075 642 5115; x_wconf 76' lang='grc' dir='ltr'>δ</span> <span class='ocrx_word' id='word_1_729' title='bbox 689 5078 816 5132; x_wconf 86' lang='lat' dir='ltr'><strong>llinc</strong></span> <span class='ocrx_word' id='word_1_730' title='bbox 843 5088 1034 5131; x_wconf 73' lang='lat' dir='ltr'><strong>caetera</strong></span> <span class='ocrx_word' id='word_1_731' title='bbox 1080 5092 1185 5131; x_wconf 90' lang='lat' dir='ltr'><strong>non</strong></span> <span class='ocrx_word' id='word_1_732' title='bbox 1217 5076 1319 5145; x_wconf 88' lang='lat' dir='ltr'><strong>leg.</strong></span> <span class='ocrx_word' id='word_1_733' title='bbox 1350 5077 1404 5129; x_wconf 92' lang='lat' dir='ltr'><strong>in</strong></span> <span class='ocrx_word' id='word_1_734' title='bbox 1443 5075 1534 5138; x_wconf 88' lang='lat' dir='ltr'><strong>A.,</strong></span> <span class='ocrx_word' id='word_1_735' title='bbox 1563 5088 1735 5143; x_wconf 92' lang='lat' dir='ltr'><strong>neque</strong></span> <span class='ocrx_word' id='word_1_736' title='bbox 1770 5076 1822 5129; x_wconf 94' lang='lat' dir='ltr'><strong>in</strong></span> <span class='ocrx_word' id='word_1_737' title='bbox 1866 5074 1932 5129; x_wconf 83' lang='grc' dir='ltr'><strong><em>Η.</em></strong></span> <span class='ocrx_word' id='word_1_738' title='bbox 1964 5091 2129 5148; x_wconf 89' lang='lat' dir='ltr'><strong>usque</strong></span> 
     </span>
    </p>
   </div>
   <div class='ocr_carea' id='block_1_98' title="bbox 547 5148 1073 5203">
    <p class='ocr_par' dir='ltr' id='par_1_98' title="bbox 547 5148 1073 5203">
     <span class='ocr_line' id='line_1_98' title="bbox 547 5148 1073 5203; baseline 0 -2"><span class='ocrx_word' id='word_1_739' title='bbox 547 5148 613 5203; x_wconf 86' lang='lat' dir='ltr'><strong>ad</strong></span> <span class='ocrx_word' id='word_1_740' title='bbox 644 5157 895 5201; x_wconf 85' lang='lat' dir='ltr'><strong>transacto</strong></span> <span class='ocrx_word' id='word_1_741' title='bbox 926 5148 1073 5201; x_wconf 89' lang='lat' dir='ltr'><strong>bello.</strong></span> 
     </span>
    </p>
   </div>
   <div class='ocr_carea' id='block_1_99' title="bbox 623 5213 2125 5287">
    <p class='ocr_par' dir='ltr' id='par_1_99' title="bbox 623 5213 2125 5287">
     <span class='ocr_line' id='line_1_99' title="bbox 623 5213 2125 5287; baseline 0.003 -17"><span class='ocrx_word' id='word_1_742' title='bbox 623 5234 643 5257; x_wconf 70' lang='grc' dir='ltr'>υ</span> <span class='ocrx_word' id='word_1_743' title='bbox 688 5219 751 5271; x_wconf 87' lang='grc' dir='ltr'><strong>Η.</strong></span> <span class='ocrx_word' id='word_1_744' title='bbox 797 5229 851 5271; x_wconf 90' lang='lat' dir='ltr'><strong>et</strong></span> <span class='ocrx_word' id='word_1_745' title='bbox 887 5216 1173 5284; x_wconf 85' lang='lat' dir='ltr'><strong>EntrOpius</strong></span> <span class='ocrx_word' id='word_1_746' title='bbox 1200 5214 1297 5287; x_wconf 83' lang='lat' dir='ltr'><strong>lib.</strong></span> <span class='ocrx_word' id='word_1_747' title='bbox 1330 5230 1430 5287; x_wconf 84' lang='lat' dir='ltr'><strong>lv__:</strong></span> <span class='ocrx_word' id='word_1_748' title='bbox 1472 5213 1539 5267; x_wconf 91' lang='lat' dir='ltr'><strong>P.</strong></span> <span class='ocrx_word' id='word_1_749' title='bbox 1585 5213 1815 5287; x_wconf 82' lang='lat' dir='ltr'><strong>Cornelio</strong></span> <span class='ocrx_word' id='word_1_750' title='bbox 1866 5215 2125 5287; x_wconf 87' lang='lat' dir='ltr'><strong>Scipione,</strong></span> 
     </span>
    </p>
   </div>
   <div class='ocr_carea' id='block_1_100' title="bbox 547 5284 2129 5347">
    <p class='ocr_par' dir='ltr' id='par_1_100' title="bbox 547 5284 2129 5347">
     <span class='ocr_line' id='line_1_100' title="bbox 547 5284 2129 5347; baseline 0.001 -3"><span class='ocrx_word' id='word_1_751' title='bbox 547 5289 626 5344; x_wconf 83' lang='grc' dir='ltr'><strong>Μ.</strong></span> <span class='ocrx_word' id='word_1_752' title='bbox 658 5290 831 5341; x_wconf 85' lang='lat' dir='ltr'><strong>Attilio</strong></span> <span class='ocrx_word' id='word_1_753' title='bbox 859 5287 1132 5340; x_wconf 80' lang='lat' dir='ltr'><strong>Glabrione</strong></span> <span class='ocrx_word' id='word_1_754' title='bbox 1175 5286 1316 5338; x_wconf 84' lang='lat' dir='ltr'><strong>Cass.</strong></span> <span class='ocrx_word' id='word_1_755' title='bbox 1344 5284 1500 5347; x_wconf 75' lang='lat' dir='ltr'><strong>Huic</strong></span> <span class='ocrx_word' id='word_1_756' title='bbox 1544 5286 1791 5339; x_wconf 84' lang='lat' dir='ltr'><strong>Antiocho</strong></span> <span class='ocrx_word' id='word_1_757' title='bbox 1832 5284 2050 5343; x_wconf 83' lang='lat' dir='ltr'><strong>Annibal</strong></span> <span class='ocrx_word' id='word_1_758' title='bbox 2077 5284 2129 5346; x_wconf 84' lang='lat' dir='ltr'><strong>se</strong></span> 
     </span>
    </p>
   </div>
   <div class='ocr_carea' id='block_1_101' title="bbox 548 5356 2131 5428">
    <p class='ocr_par' dir='ltr' id='par_1_101' title="bbox 548 5356 2131 5428">
     <span class='ocr_line' id='line_1_101' title="bbox 548 5356 2131 5428; baseline 0.002 -17"><span class='ocrx_word' id='word_1_759' title='bbox 548 5360 803 5424; x_wconf 71' lang='lat' dir='ltr'><strong>iunxerat,</strong></span> <span class='ocrx_word' id='word_1_760' title='bbox 834 5357 1192 5428; x_wconf 80' lang='lat' dir='ltr'><strong>Carthaginem</strong></span> <span class='ocrx_word' id='word_1_761' title='bbox 1220 5357 1434 5425; x_wconf 87' lang='lat' dir='ltr'><strong>patriam</strong></span> <span class='ocrx_word' id='word_1_762' title='bbox 1464 5372 1641 5428; x_wconf 83' lang='lat' dir='ltr'><strong>suam;</strong></span> <span class='ocrx_word' id='word_1_763' title='bbox 1665 5373 1724 5410; x_wconf 89' lang='lat' dir='ltr'><strong>ne</strong></span> <span class='ocrx_word' id='word_1_764' title='bbox 1755 5356 1996 5412; x_wconf 79' lang='lat' dir='ltr'><strong>Romanis</strong></span> <span class='ocrx_word' id='word_1_765' title='bbox 2026 5371 2131 5414; x_wconf 89' lang='lat' dir='ltr'><strong>tra-</strong></span> 
     </span>
    </p>
   </div>
   <div class='ocr_carea' id='block_1_102' title="bbox 547 5427 2130 5497">
    <p class='ocr_par' dir='ltr' id='par_1_102' title="bbox 547 5427 2130 5497">
     <span class='ocr_line' id='line_1_102' title="bbox 547 5427 2130 5497; baseline 0.003 -16"><span class='ocrx_word' id='word_1_766' title='bbox 547 5432 775 5493; x_wconf 84' lang='lat' dir='ltr'><strong>deretur,</strong></span> <span class='ocrx_word' id='word_1_767' title='bbox 803 5427 1111 5496; x_wconf 60' lang='lat' dir='ltr'><strong>relinqncns,</strong></span> <span class='ocrx_word' id='word_1_768' title='bbox 1136 5437 1262 5489; x_wconf 87' lang='lat' dir='ltr'><strong>etc.,</strong></span> <span class='ocrx_word' id='word_1_769' title='bbox 1298 5428 1349 5480; x_wconf 89' lang='lat' dir='ltr'><strong>in</strong></span> <span class='ocrx_word' id='word_1_770' title='bbox 1379 5427 1570 5497; x_wconf 86' lang='lat' dir='ltr'><strong>quibus</strong></span> <span class='ocrx_word' id='word_1_771' title='bbox 1608 5441 1707 5481; x_wconf 91' lang='lat' dir='ltr'><strong>ms.</strong></span> <span class='ocrx_word' id='word_1_772' title='bbox 1751 5430 1917 5483; x_wconf 82' lang='lat' dir='ltr'><strong>codex</strong></span> <span class='ocrx_word' id='word_1_773' title='bbox 1962 5428 2029 5483; x_wconf 79' lang='grc' dir='ltr'><strong>Η.</strong></span> <span class='ocrx_word' id='word_1_774' title='bbox 2062 5433 2130 5486; x_wconf 86' lang='lat' dir='ltr'><strong>ad</strong></span> 
     </span>
    </p>
   </div>
   <div class='ocr_carea' id='block_1_103' title="bbox 550 5498 2135 5572">
    <p class='ocr_par' dir='ltr' id='par_1_103' title="bbox 550 5498 2135 5572">
     <span class='ocr_line' id='line_1_103' title="bbox 550 5498 2135 5572; baseline 0.004 -21"><span class='ocrx_word' id='word_1_775' title='bbox 550 5500 769 5572; x_wconf 61' lang='lat' dir='ltr'><strong>verbum</strong></span> <span class='ocrx_word' id='word_1_776' title='bbox 811 5499 1062 5572; x_wconf 78' lang='lat' dir='ltr'><strong>convenit</strong></span> <span class='ocrx_word' id='word_1_777' title='bbox 1087 5512 1204 5552; x_wconf 84' lang='lat' dir='ltr'><strong>eum</strong></span> <span class='ocrx_word' id='word_1_778' title='bbox 1237 5498 1508 5572; x_wconf 81' lang='lat' dir='ltr'><strong>Eutropio,</strong></span> <span class='ocrx_word' id='word_1_779' title='bbox 1544 5498 1645 5551; x_wconf 89' lang='lat' dir='ltr'><strong>nisi</strong></span> <span class='ocrx_word' id='word_1_780' title='bbox 1686 5504 1825 5569; x_wconf 85' lang='lat' dir='ltr'><strong>quod</strong></span> <span class='ocrx_word' id='word_1_781' title='bbox 1871 5502 1957 5554; x_wconf 85' lang='lat' dir='ltr'><strong>ubi</strong></span> <span class='ocrx_word' id='word_1_782' title='bbox 2006 5503 2135 5572; x_wconf 76' lang='lat' dir='ltr'><strong>legit</strong></span> 
     </span>
    </p>
   </div>
   <div class='ocr_carea' id='block_1_104' title="bbox 550 5569 2130 5639">
    <p class='ocr_par' dir='ltr' id='par_1_104' title="bbox 550 5569 2130 5639">
     <span class='ocr_line' id='line_1_104' title="bbox 550 5569 2130 5639; baseline 0.003 -19"><span class='ocrx_word' id='word_1_783' title='bbox 550 5569 835 5633; x_wconf 82' lang='lat' dir='ltr'><strong>Eutropius</strong></span> <span class='ocrx_word' id='word_1_784' title='bbox 880 5569 969 5621; x_wconf 82' lang='lat' dir='ltr'><strong>iul.</strong></span> <span class='ocrx_word' id='word_1_785' title='bbox 1001 5570 1088 5623; x_wconf 75' lang='grc'><strong>58.</strong></span> <span class='ocrx_word' id='word_1_786' title='bbox 1122 5584 1263 5622; x_wconf 75' lang='lat' dir='ltr'><strong>xuii</strong></span> <span class='ocrx_word' id='word_1_787' title='bbox 1298 5570 1536 5633; x_wconf 80' lang='lat' dir='ltr'><strong>peditum,</strong></span> <span class='ocrx_word' id='word_1_788' title='bbox 1571 5585 1658 5622; x_wconf 79' lang='lat' dir='ltr'><strong>mu</strong></span> <span class='ocrx_word' id='word_1_789' title='bbox 1683 5572 1904 5639; x_wconf 86' lang='lat' dir='ltr'><strong>equitant</strong></span> <span class='ocrx_word' id='word_1_790' title='bbox 1934 5588 1992 5624; x_wconf 90' lang='lat' dir='ltr'><strong>eo</strong></span> <span class='ocrx_word' id='word_1_791' title='bbox 2017 5569 2130 5625; x_wconf 74' lang='lat' dir='ltr'><strong>cer-</strong></span> 
     </span>
    </p>
   </div>
   <div class='ocr_carea' id='block_1_105' title="bbox 550 5641 2133 5711">
    <p class='ocr_par' dir='ltr' id='par_1_105' title="bbox 550 5641 2133 5711">
     <span class='ocr_line' id='line_1_105' title="bbox 550 5641 2133 5711; baseline 0.003 -20"><span class='ocrx_word' id='word_1_792' title='bbox 550 5648 738 5711; x_wconf 76' lang='lat' dir='ltr'><strong>tamine</strong></span> <span class='ocrx_word' id='word_1_793' title='bbox 766 5653 827 5689; x_wconf 81' lang='lat' dir='ltr'><strong>ex</strong></span> <span class='ocrx_word' id='word_1_794' title='bbox 857 5647 999 5703; x_wconf 87' lang='lat' dir='ltr'><strong>parte</strong></span> <span class='ocrx_word' id='word_1_795' title='bbox 1025 5642 1359 5711; x_wconf 10' lang='lat' dir='ltr'><strong>regisgoccisa</strong></span> <span class='ocrx_word' id='word_1_796' title='bbox 1388 5652 1501 5711; x_wconf 88' lang='lat' dir='ltr'><strong>sunt</strong></span> <span class='ocrx_word' id='word_1_797' title='bbox 1539 5641 1682 5708; x_wconf 90' lang='lat' dir='ltr'><strong>legit.</strong></span> <span class='ocrx_word' id='word_1_798' title='bbox 1721 5641 1797 5693; x_wconf 79' lang='lat' dir='ltr'><strong>Ms</strong></span> <span class='ocrx_word' id='word_1_799' title='bbox 1828 5641 1892 5695; x_wconf 90' lang='grc' dir='ltr'><strong>Η.</strong></span> <span class='ocrx_word' id='word_1_800' title='bbox 1935 5656 2002 5695; x_wconf 79' lang='lat' dir='ltr'><strong>ut</strong></span> <span class='ocrx_word' id='word_1_801' title='bbox 2046 5661 2133 5711; x_wconf 90' lang='lat' dir='ltr'><strong>pe-</strong></span> 
     </span>
    </p>
   </div>
   <div class='ocr_carea' id='block_1_106' title="bbox 551 5709 2130 5783">
    <p class='ocr_par' dir='ltr' id='par_1_106' title="bbox 551 5709 2130 5783">
     <span class='ocr_line' id='line_1_106' title="bbox 551 5709 2130 5783; baseline 0.005 -22"><span class='ocrx_word' id='word_1_802' title='bbox 551 5710 714 5761; x_wconf 86' lang='lat' dir='ltr'><strong>ditum</strong></span> <span class='ocrx_word' id='word_1_803' title='bbox 746 5723 837 5783; x_wconf 69' lang='lat' dir='ltr'><strong>illiti</strong></span> <span class='ocrx_word' id='word_1_804' title='bbox 883 5720 1123 5783; x_wconf 45' lang='lat' dir='ltr'><strong>expiatum.</strong></span> <span class='ocrx_word' id='word_1_805' title='bbox 1174 5709 1299 5764; x_wconf 83' lang='lat' dir='ltr'><strong>llern</strong></span> <span class='ocrx_word' id='word_1_806' title='bbox 1344 5710 1669 5779; x_wconf 85' lang='lat' dir='ltr'><strong>Scipionem,</strong></span> <span class='ocrx_word' id='word_1_807' title='bbox 1708 5728 1861 5781; x_wconf 86' lang='lat' dir='ltr'><strong>quem</strong></span> <span class='ocrx_word' id='word_1_808' title='bbox 1910 5709 2130 5783; x_wconf 72' lang='lat' dir='ltr'><strong>Eutrbp.</strong></span> 
     </span>
    </p>
   </div>
   <div class='ocr_carea' id='block_1_107' title="bbox 554 5780 1651 5852">
    <p class='ocr_par' dir='ltr' id='par_1_107' title="bbox 554 5780 1651 5852">
     <span class='ocr_line' id='line_1_107' title="bbox 554 5780 1651 5852; baseline 0 -18"><span class='ocrx_word' id='word_1_809' title='bbox 554 5791 708 5834; x_wconf 78' lang='lat' dir='ltr'><strong>vocat</strong></span> <span class='ocrx_word' id='word_1_810' title='bbox 733 5780 1030 5845; x_wconf 64' lang='lat' dir='ltr'><strong>Asiaticum.</strong></span> <span class='ocrx_word' id='word_1_811' title='bbox 1065 5780 1124 5834; x_wconf 82' lang='lat' dir='ltr'><strong>ll.</strong></span> <span class='ocrx_word' id='word_1_812' title='bbox 1159 5791 1312 5837; x_wconf 80' lang='lat' dir='ltr'><strong>vocat</strong></span> <span class='ocrx_word' id='word_1_813' title='bbox 1336 5784 1651 5852; x_wconf 81' lang='lat' dir='ltr'><strong>Asiageuem.</strong></span> 
     </span>
    </p>
   </div>
   <div class='ocr_carea' id='block_1_108' title="bbox 2230 4587 3727 4657">
    <p class='ocr_par' dir='ltr' id='par_1_108' title="bbox 2230 4587 3727 4657">
     <span class='ocr_line' id='line_1_108' title="bbox 2230 4587 3727 4657; baseline -0.007 -14"><span class='ocrx_word' id='word_1_814' title='bbox 2230 4598 2417 4643; x_wconf 89' lang='lat' dir='ltr'><strong>contra</strong></span> <span class='ocrx_word' id='word_1_815' title='bbox 2446 4588 2771 4643; x_wconf 82' lang='lat' dir='ltr'><strong>Antiochum</strong></span> <span class='ocrx_word' id='word_1_816' title='bbox 2799 4603 2980 4657; x_wconf 86' lang='lat' dir='ltr'><strong>regem</strong></span> <span class='ocrx_word' id='word_1_817' title='bbox 3017 4589 3274 4652; x_wconf 88' lang='lat' dir='ltr'><strong>tulerant,</strong></span> <span class='ocrx_word' id='word_1_818' title='bbox 3304 4587 3491 4643; x_wconf 89' lang='lat' dir='ltr'><strong>multas</strong></span> <span class='ocrx_word' id='word_1_819' title='bbox 3515 4587 3727 4640; x_wconf 43' lang='lat' dir='ltr'><strong>concesso.</strong></span> 
     </span>
    </p>
   </div>
   <div class='ocr_carea' id='block_1_109' title="bbox 2227 4668 3729 4751">
    <p class='ocr_par' dir='ltr' id='par_1_109' title="bbox 2227 4668 3729 4751">
     <span class='ocr_line' id='line_1_109' title="bbox 2227 4668 3729 4751; baseline -0.005 -18"><span class='ocrx_word' id='word_1_820' title='bbox 2227 4689 2373 4734; x_wconf 89' lang='lat' dir='ltr'><strong>runt.</strong></span> <span class='ocrx_word' id='word_1_821' title='bbox 2397 4678 2575 4748; x_wconf 89' lang='lat' dir='ltr'><strong>Scipio</strong></span> <span class='ocrx_word' id='word_1_822' title='bbox 2597 4678 2821 4734; x_wconf 80' lang='lat' dir='ltr'><strong>Romam</strong></span> <span class='ocrx_word' id='word_1_823' title='bbox 2848 4679 3025 4749; x_wconf 87' lang='lat' dir='ltr'><strong>rediit,</strong></span> <span class='ocrx_word' id='word_1_824' title='bbox 3044 4691 3097 4735; x_wconf 91' lang='lat' dir='ltr'><strong>et</strong></span> <span class='ocrx_word' id='word_1_825' title='bbox 3115 4679 3312 4749; x_wconf 90' lang='lat' dir='ltr'><strong>ingenti</strong></span> <span class='ocrx_word' id='word_1_826' title='bbox 3331 4680 3490 4751; x_wconf 85' lang='lat' dir='ltr'><strong>gloria</strong></span> <span class='ocrx_word' id='word_1_827' title='bbox 3511 4668 3729 4751; x_wconf 68' lang='lat' dir='ltr'><strong>triumpha-</strong></span> 
     </span>
    </p>
   </div>
   <div class='ocr_carea' id='block_1_110' title="bbox 2229 4752 3731 4838">
    <p class='ocr_par' dir='ltr' id='par_1_110' title="bbox 2229 4752 3731 4838">
     <span class='ocr_line' id='line_1_110' title="bbox 2229 4752 3731 4838; baseline -0.005 -15"><span class='ocrx_word' id='word_1_828' title='bbox 2229 4770 2325 4824; x_wconf 89' lang='lat' dir='ltr'><strong>vit.</strong></span> <span class='ocrx_word' id='word_1_829' title='bbox 2356 4768 2559 4824; x_wconf 85' lang='lat' dir='ltr'><strong>Nomen</strong></span> <span class='ocrx_word' id='word_1_830' title='bbox 2588 4779 2642 4824; x_wconf 91' lang='lat' dir='ltr'><strong>et</strong></span> <span class='ocrx_word' id='word_1_831' title='bbox 2668 4769 2803 4838; x_wconf 88' lang='lat' dir='ltr'><strong>ipse,</strong></span> <span class='ocrx_word' id='word_1_832' title='bbox 2835 4770 2899 4823; x_wconf 90' lang='lat' dir='ltr'><strong>ad</strong></span> <span class='ocrx_word' id='word_1_833' title='bbox 2930 4771 3280 4826; x_wconf 85' lang='lat' dir='ltr'><strong>imitationem</strong></span> <span class='ocrx_word' id='word_1_834' title='bbox 3309 4767 3498 4833; x_wconf 81' lang='lat' dir='ltr'><strong>fratris,</strong></span> <span class='ocrx_word' id='word_1_835' title='bbox 3526 4761 3545 4801; x_wconf 68' lang='grc' dir='ltr'><strong>ί</strong></span> <span class='ocrx_word' id='word_1_836' title='bbox 3570 4752 3731 4816; x_wconf 71' lang='lat' dir='ltr'><strong>Asiatici</strong></span> 
     </span>
    </p>
   </div>
   <div class='ocr_carea' id='block_1_111' title="bbox 2231 4855 3731 4930">
    <p class='ocr_par' dir='ltr' id='par_1_111' title="bbox 2231 4855 3731 4930">
     <span class='ocr_line' id='line_1_111' title="bbox 2231 4855 3731 4930; baseline 0.005 -18"><span class='ocrx_word' id='word_1_837' title='bbox 2231 4860 2454 4929; x_wconf 86' lang='lat' dir='ltr'><strong>accepit,</strong></span> <span class='ocrx_word' id='word_1_838' title='bbox 2486 4861 2608 4930; x_wconf 89' lang='lat' dir='ltr'><strong>quia</strong></span> <span class='ocrx_word' id='word_1_839' title='bbox 2638 4862 2817 4915; x_wconf 85' lang='lat' dir='ltr'><strong>Asiam</strong></span> <span class='ocrx_word' id='word_1_840' title='bbox 2846 4863 3065 4921; x_wconf 85' lang='lat' dir='ltr'><strong>vicerat.</strong></span> <span class='ocrx_word' id='word_1_841' title='bbox 3110 4860 3249 4917; x_wconf 91' lang='lat' dir='ltr'><strong>sicut</strong></span> <span class='ocrx_word' id='word_1_842' title='bbox 3282 4862 3440 4918; x_wconf 79' lang='lat' dir='ltr'><strong>frater</strong></span> <span class='ocrx_word' id='word_1_843' title='bbox 3482 4855 3620 4927; x_wconf 65' lang='lat' dir='ltr'><strong>ipsius</strong></span> <span class='ocrx_word' id='word_1_844' title='bbox 3647 4862 3731 4920; x_wconf 68' lang='grc' dir='ltr'><strong>Ρῖο·</strong></span> 
     </span>
    </p>
   </div>
   <div class='ocr_carea' id='block_1_112' title="bbox 2304 5010 3733 5073">
    <p class='ocr_par' dir='ltr' id='par_1_112' title="bbox 2304 5010 3733 5073">
     <span class='ocr_line' id='line_1_112' title="bbox 2304 5010 3733 5073; baseline -0.01 -3"><span class='ocrx_word' id='word_1_845' title='bbox 2304 5018 2370 5070; x_wconf 85' lang='grc' dir='ltr'><strong>Α.</strong></span> <span class='ocrx_word' id='word_1_846' title='bbox 2408 5016 2567 5070; x_wconf 89' lang='lat' dir='ltr'><strong>etiam</strong></span> <span class='ocrx_word' id='word_1_847' title='bbox 2595 5031 2715 5071; x_wconf 94' lang='lat' dir='ltr'><strong>cum</strong></span> <span class='ocrx_word' id='word_1_848' title='bbox 2749 5016 2975 5071; x_wconf 88' lang='lat' dir='ltr'><strong>Hersfel.</strong></span> <span class='ocrx_word' id='word_1_849' title='bbox 3021 5018 3127 5073; x_wconf 85' lang='lat' dir='ltr'><strong>Nos</strong></span> <span class='ocrx_word' id='word_1_850' title='bbox 3172 5033 3299 5073; x_wconf 86' lang='lat' dir='ltr'><strong>vero</strong></span> <span class='ocrx_word' id='word_1_851' title='bbox 3327 5025 3557 5072; x_wconf 86' lang='lat' dir='ltr'><strong>notamus</strong></span> <span class='ocrx_word' id='word_1_852' title='bbox 3580 5010 3646 5064; x_wconf 90' lang='lat' dir='ltr'><strong>hic</strong></span> <span class='ocrx_word' id='word_1_853' title='bbox 3668 5017 3733 5056; x_wconf 79' lang='lat' dir='ltr'><strong>va-</strong></span> 
     </span>
    </p>
   </div>
   <div class='ocr_carea' id='block_1_113' title="bbox 2232 5085 3733 5152">
    <p class='ocr_par' dir='ltr' id='par_1_113' title="bbox 2232 5085 3733 5152">
     <span class='ocr_line' id='line_1_113' title="bbox 2232 5085 3733 5152; baseline 0.001 -11"><span class='ocrx_word' id='word_1_854' title='bbox 2232 5089 2365 5141; x_wconf 83' lang='lat' dir='ltr'><strong>riam</strong></span> <span class='ocrx_word' id='word_1_855' title='bbox 2398 5087 2677 5141; x_wconf 88' lang='lat' dir='ltr'><strong>lectionem</strong></span> <span class='ocrx_word' id='word_1_856' title='bbox 2705 5085 2766 5141; x_wconf 85' lang='lat' dir='ltr'><strong>C.</strong></span> <span class='ocrx_word' id='word_1_857' title='bbox 2801 5088 2966 5141; x_wconf 90' lang='lat' dir='ltr'><strong>nostri</strong></span> <span class='ocrx_word' id='word_1_858' title='bbox 3014 5099 3131 5152; x_wconf 82' lang='lat' dir='ltr'><strong>post</strong></span> <span class='ocrx_word' id='word_1_859' title='bbox 3165 5089 3380 5143; x_wconf 88' lang='lat' dir='ltr'><strong>verbum</strong></span> <span class='ocrx_word' id='word_1_860' title='bbox 3407 5086 3661 5151; x_wconf 61' lang='lat' dir='ltr'><strong>retineam.</strong></span> <span class='ocrx_word' id='word_1_861' title='bbox 3686 5086 3733 5125; x_wconf 66' lang='lat' dir='ltr'><strong>ne</strong></span> 
     </span>
    </p>
   </div>
   <div class='ocr_carea' id='block_1_114' title="bbox 2233 5154 3730 5222">
    <p class='ocr_par' dir='ltr' id='par_1_114' title="bbox 2233 5154 3730 5222">
     <span class='ocr_line' id='line_1_114' title="bbox 2233 5154 3730 5222; baseline -0.005 -12"><span class='ocrx_word' id='word_1_862' title='bbox 2233 5172 2355 5210; x_wconf 91' lang='lat' dir='ltr'><strong>cum</strong></span> <span class='ocrx_word' id='word_1_863' title='bbox 2377 5156 2591 5210; x_wconf 82' lang='lat' dir='ltr'><strong>Cauisio</strong></span> <span class='ocrx_word' id='word_1_864' title='bbox 2615 5161 2837 5211; x_wconf 85' lang='lat' dir='ltr'><strong>lectores</strong></span> <span class='ocrx_word' id='word_1_865' title='bbox 2860 5162 2924 5210; x_wconf 90' lang='lat' dir='ltr'><strong>ad</strong></span> <span class='ocrx_word' id='word_1_866' title='bbox 2948 5159 3173 5212; x_wconf 87' lang='lat' dir='ltr'><strong>alterum</strong></span> <span class='ocrx_word' id='word_1_867' title='bbox 3199 5161 3431 5213; x_wconf 87' lang='lat' dir='ltr'><strong>laborem</strong></span> <span class='ocrx_word' id='word_1_868' title='bbox 3452 5154 3730 5222; x_wconf 54' lang='lat' dir='ltr'><strong>remittamus.</strong></span> 
     </span>
    </p>
   </div>
   <div class='ocr_carea' id='block_1_115' title="bbox 2230 5222 3729 5297">
    <p class='ocr_par' dir='ltr' id='par_1_115' title="bbox 2230 5222 3729 5297">
     <span class='ocr_line' id='line_1_115' title="bbox 2230 5222 3729 5297; baseline -0.002 -17"><span class='ocrx_word' id='word_1_869' title='bbox 2230 5229 2542 5296; x_wconf 87' lang='lat' dir='ltr'><strong>relinquens.</strong></span> <span class='ocrx_word' id='word_1_870' title='bbox 2580 5227 2761 5280; x_wconf 82' lang='lat' dir='ltr'><strong>Aulius</strong></span> <span class='ocrx_word' id='word_1_871' title='bbox 2806 5226 3017 5281; x_wconf 84' lang='lat' dir='ltr'><strong>Glabrio</strong></span> <span class='ocrx_word' id='word_1_872' title='bbox 3062 5230 3112 5281; x_wconf 88' lang='lat' dir='ltr'><strong>in</strong></span> <span class='ocrx_word' id='word_1_873' title='bbox 3156 5229 3350 5283; x_wconf 85' lang='lat' dir='ltr'><strong>Achaia</strong></span> <span class='ocrx_word' id='word_1_874' title='bbox 3388 5230 3498 5280; x_wconf 87' lang='lat' dir='ltr'><strong>bene</strong></span> <span class='ocrx_word' id='word_1_875' title='bbox 3533 5222 3729 5297; x_wconf 48' lang='lat' dir='ltr'><strong>pugnatur</strong></span> 
     </span>
    </p>
   </div>
   <div class='ocr_carea' id='block_1_116' title="bbox 2214 5294 3731 5369">
    <p class='ocr_par' dir='ltr' id='par_1_116' title="bbox 2214 5294 3731 5369">
     <span class='ocr_line' id='line_1_116' title="bbox 2214 5294 3731 5369; baseline 0.003 -20"><span class='ocrx_word' id='word_1_876' title='bbox 2214 5294 2400 5350; x_wconf 43' lang='lat' dir='ltr'><strong>vcastra</strong></span> <span class='ocrx_word' id='word_1_877' title='bbox 2428 5298 2557 5369; x_wconf 82' lang='lat' dir='ltr'><strong>regis</strong></span> <span class='ocrx_word' id='word_1_878' title='bbox 2598 5299 2841 5368; x_wconf 85' lang='lat' dir='ltr'><strong>Antigoni</strong></span> <span class='ocrx_word' id='word_1_879' title='bbox 2871 5315 3041 5366; x_wconf 86' lang='lat' dir='ltr'><strong>pugna</strong></span> <span class='ocrx_word' id='word_1_880' title='bbox 3066 5312 3310 5355; x_wconf 88' lang='lat' dir='ltr'><strong>nocturna</strong></span> <span class='ocrx_word' id='word_1_881' title='bbox 3339 5306 3479 5369; x_wconf 86' lang='lat' dir='ltr'><strong>capta</strong></span> <span class='ocrx_word' id='word_1_882' title='bbox 3515 5300 3627 5356; x_wconf 72' lang='lat' dir='ltr'><strong>sunt,</strong></span> <span class='ocrx_word' id='word_1_883' title='bbox 3658 5294 3731 5353; x_wconf 66' lang='lat' dir='ltr'><strong>tl’“</strong></span> 
     </span>
    </p>
   </div>
   <div class='ocr_carea' id='block_1_117' title="bbox 2214 5368 3037 5438">
    <p class='ocr_par' dir='ltr' id='par_1_117' title="bbox 2214 5368 3037 5438">
     <span class='ocr_line' id='line_1_117' title="bbox 2214 5368 3037 5438; baseline 0.007 -19"><span class='ocrx_word' id='word_1_884' title='bbox 2214 5370 2460 5438; x_wconf 88' lang='lat' dir='ltr'><strong>fugatus.</strong></span> <span class='ocrx_word' id='word_1_885' title='bbox 2490 5368 2732 5435; x_wconf 81' lang='lat' dir='ltr'><strong>Philippo</strong></span> <span class='ocrx_word' id='word_1_886' title='bbox 2758 5370 2898 5437; x_wconf 91' lang='lat' dir='ltr'><strong>quia,</strong></span> <span class='ocrx_word' id='word_1_887' title='bbox 2932 5383 3037 5425; x_wconf 86' lang='lat' dir='ltr'><strong>etc.</strong></span> 
     </span>
    </p>
   </div>
   <div class='ocr_carea' id='block_1_118' title="bbox 2305 5439 3400 5508">
    <p class='ocr_par' dir='ltr' id='par_1_118' title="bbox 2305 5439 3400 5508">
     <span class='ocr_line' id='line_1_118' title="bbox 2305 5439 3400 5508; baseline 0 -15"><span class='ocrx_word' id='word_1_888' title='bbox 2305 5443 2331 5479; x_wconf 71' lang='grc' dir='ltr'><strong>(ι</strong></span> <span class='ocrx_word' id='word_1_889' title='bbox 2372 5443 2433 5493; x_wconf 76' lang='grc' dir='ltr'><strong>Α.</strong></span> <span class='ocrx_word' id='word_1_890' title='bbox 2466 5450 2580 5505; x_wconf 89' lang='lat' dir='ltr'><strong>post</strong></span> <span class='ocrx_word' id='word_1_891' title='bbox 2610 5439 2850 5493; x_wconf 84' lang='lat' dir='ltr'><strong>liberatus</strong></span> <span class='ocrx_word' id='word_1_892' title='bbox 2879 5451 2972 5492; x_wconf 87' lang='lat' dir='ltr'><strong>est.</strong></span> <span class='ocrx_word' id='word_1_893' title='bbox 3000 5440 3061 5496; x_wconf 88' lang='lat' dir='ltr'><strong>L.</strong></span> <span class='ocrx_word' id='word_1_894' title='bbox 3093 5441 3269 5508; x_wconf 85' lang='lat' dir='ltr'><strong>Corn.,</strong></span> <span class='ocrx_word' id='word_1_895' title='bbox 3299 5451 3400 5497; x_wconf 88' lang='lat' dir='ltr'><strong>etc.</strong></span> 
     </span>
    </p>
   </div>
   <div class='ocr_carea' id='block_1_119' title="bbox 2311 5500 3729 5581">
    <p class='ocr_par' dir='ltr' id='par_1_119' title="bbox 2311 5500 3729 5581">
     <span class='ocr_line' id='line_1_119' title="bbox 2311 5500 3729 5581; baseline -0.004 -22"><span class='ocrx_word' id='word_1_896' title='bbox 2311 5514 2334 5541; x_wconf 72' lang='grc' dir='ltr'>υ</span> <span class='ocrx_word' id='word_1_897' title='bbox 2376 5516 2438 5581; x_wconf 76' lang='grc' dir='ltr'><strong>Α.</strong></span> <span class='ocrx_word' id='word_1_898' title='bbox 2466 5500 2593 5581; x_wconf 74' lang='lat' dir='ltr'><strong>inde</strong></span> <span class='ocrx_word' id='word_1_899' title='bbox 2623 5512 2859 5577; x_wconf 83' lang='lat' dir='ltr'><strong>sequitur</strong></span> <span class='ocrx_word' id='word_1_900' title='bbox 2882 5525 2897 5563; x_wconf 87' lang='lat'><strong>:</strong></span> <span class='ocrx_word' id='word_1_901' title='bbox 2929 5511 3164 5581; x_wconf 84' lang='lat' dir='ltr'><strong>Annibal,</strong></span> <span class='ocrx_word' id='word_1_902' title='bbox 3189 5500 3275 5581; x_wconf 82' lang='lat' dir='ltr'><strong>qui</strong></span> <span class='ocrx_word' id='word_1_903' title='bbox 3294 5528 3405 5565; x_wconf 89' lang='lat' dir='ltr'><strong>cum</strong></span> <span class='ocrx_word' id='word_1_904' title='bbox 3424 5500 3729 5581; x_wconf 59' lang='lat' dir='ltr'><strong>Antigonoct’gf</strong></span> 
     </span>
    </p>
   </div>
   <div class='ocr_carea' id='block_1_120' title="bbox 2235 5570 3728 5651">
    <p class='ocr_par' dir='ltr' id='par_1_120' title="bbox 2235 5570 3728 5651">
     <span class='ocr_line' id='line_1_120' title="bbox 2235 5570 3728 5651; baseline 0.006 -19"><span class='ocrx_word' id='word_1_905' title='bbox 2235 5580 2412 5633; x_wconf 90' lang='lat' dir='ltr'><strong>navale</strong></span> <span class='ocrx_word' id='word_1_906' title='bbox 2441 5571 2619 5648; x_wconf 75' lang='lat' dir='ltr'><strong>pr&#39;telio</strong></span> <span class='ocrx_word' id='word_1_907' title='bbox 2650 5570 2807 5634; x_wconf 71' lang='lat' dir='ltr'><strong>victus</strong></span> <span class='ocrx_word' id='word_1_908' title='bbox 2839 5590 2931 5636; x_wconf 84' lang='lat' dir='ltr'><strong>est.</strong></span> <span class='ocrx_word' id='word_1_909' title='bbox 2967 5580 2993 5633; x_wconf 86' lang='grc' dir='ltr'><em>Ι</em></span> <span class='ocrx_word' id='word_1_910' title='bbox 3001 5598 3108 5651; x_wconf 89' lang='lat' dir='ltr'><strong>pse,</strong></span> <span class='ocrx_word' id='word_1_911' title='bbox 3140 5570 3239 5641; x_wconf 77' lang='lat' dir='ltr'><strong>été.</strong></span> <span class='ocrx_word' id='word_1_912' title='bbox 3272 5584 3392 5639; x_wconf 79' lang='lat' dir='ltr'><strong>Post</strong></span> <span class='ocrx_word' id='word_1_913' title='bbox 3416 5570 3606 5637; x_wconf 70' lang='lat' dir='ltr'><strong>verbum</strong></span> <span class='ocrx_word' id='word_1_914' title='bbox 3628 5570 3728 5640; x_wconf 57' lang='lat' dir='ltr'><strong>Pw“</strong></span> 
     </span>
    </p>
   </div>
   <div class='ocr_carea' id='block_1_121' title="bbox 2232 5650 3151 5719">
    <p class='ocr_par' dir='ltr' id='par_1_121' title="bbox 2232 5650 3151 5719">
     <span class='ocr_line' id='line_1_121' title="bbox 2232 5650 3151 5719; baseline 0 -12"><span class='ocrx_word' id='word_1_915' title='bbox 2232 5651 2419 5707; x_wconf 83' lang='lat' dir='ltr'><strong>omiss.</strong></span> <span class='ocrx_word' id='word_1_916' title='bbox 2447 5662 2566 5705; x_wconf 62' lang='lat' dir='ltr'><strong>(Sitti.</strong></span> <span class='ocrx_word' id='word_1_917' title='bbox 2600 5650 2776 5703; x_wconf 85' lang='lat' dir='ltr'><strong>iisdem</strong></span> <span class='ocrx_word' id='word_1_918' title='bbox 2798 5654 3016 5719; x_wconf 82' lang='lat' dir='ltr'><strong>condit.,</strong></span> <span class='ocrx_word' id='word_1_919' title='bbox 3048 5665 3151 5710; x_wconf 86' lang='lat' dir='ltr'><strong>etc.</strong></span> 
     </span>
    </p>
   </div>
   <div class='ocr_carea' id='block_1_122' title="bbox 2312 5720 2963 5792">
    <p class='ocr_par' dir='ltr' id='par_1_122' title="bbox 2312 5720 2963 5792">
     <span class='ocr_line' id='line_1_122' title="bbox 2312 5720 2963 5792; baseline 0.005 -17"><span class='ocrx_word' id='word_1_920' title='bbox 2312 5720 2330 5759; x_wconf 69' lang='grc' dir='ltr'><strong>ί</strong></span> <span class='ocrx_word' id='word_1_921' title='bbox 2364 5727 2436 5782; x_wconf 83' lang='grc' dir='ltr'><strong>Ἀ.</strong></span> <span class='ocrx_word' id='word_1_922' title='bbox 2468 5721 2649 5787; x_wconf 82' lang='lat' dir='ltr'><strong>etiam,</strong></span> <span class='ocrx_word' id='word_1_923' title='bbox 2682 5722 2963 5792; x_wconf 65' lang='lat' dir='ltr'><strong>Asiagenus.</strong></span> 
     </span>
    </p>
   </div>
  </div>
