3920 6336
193 395 292 455 795

1246 394 1571 453 HISTORIA
1610 388 1969 449 MISCELLA.
2010 417 2081 432 —
2118 388 2251 445 LIB.
2289 387 2381 445 IV.

3336 383 3447 447 794

189 518 304 581 pter
341 507 573 565 Africam
598 506 877 563 Africanus
902 506 1214 576 appellatur.
1252 518 1277 546 α
1319 506 1520 562 Interea
1557 507 1609 561 in
1655 503 1753 559 Hi-
1782 494 1965 564 Attius
2020 498 2238 555 Flaccus
2289 508 2477 569 prator
2523 500 2576 555 in
2623 500 2857 556 citeriore
2909 498 3168 572 Hispania
3214 502 3441 558 maxime

188 602 382 671 spanite
410 600 669 670 provincia
696 600 930 654 ulteriore
954 597 1018 654 L.
1048 597 1295 653 xEmitius
1324 616 1527 667 procos.
1558 617 1589 655 a
1611 598 1759 652 Lusi-

186 692 317 746 tanis
364 707 480 745 cum
528 691 666 746 omni
710 692 930 745 exercitu
975 705 1134 744 casus
1177 689 1383 743 interiit.
1444 689 1647 744 Deinde
1695 689 1755 743 L.

185 783 377 837 Bebius
406 786 459 837 in
507 784 809 851 Hispaniam
854 782 1211 851 proﬁciscens,
1258 797 1288 835 a
1334 780 1614 851 Liguribus
1656 782 1760 835 cir-

183 882 515 935 cumventus,
547 889 665 928 cum
694 874 939 929 universo
969 875 1203 929 exercitu
1234 875 1441 929 occisus
1465 883 1547 929 est
1574 891 1586 926 :
1622 874 1761 930 unde

179 967 312 1021 adeo
370 981 439 1021 ne
484 968 724 1020 nuntium
777 966 989 1035 quidem
1044 967 1375 1035 superluisse
1425 975 1652 1031 constat,
1705 977 1762 1023 ut

179 1057 596 1112 internecionem
647 1057 814 1126 ipsam
874 1056 1058 1111 Romae
1110 1057 1463 1112 Massilienses
1512 1059 1758 1114 nuntiare

179 1149 500 1202 curaverint.
533 1146 560 1186 δ
591 1146 804 1202 Fulvius
824 1164 928 1203 cos.
953 1148 1014 1202 de
1035 1147 1236 1203 Grtecia
1264 1151 1316 1202 in
1338 1147 1755 1219 Gallogrwciam,

178 1256 285 1309 quae
315 1257 455 1293 nunc
481 1250 554 1293 est
592 1240 817 1306 Galatia,
850 1250 1177 1305 transvectus,
1207 1243 1274 1294 ad
1305 1241 1581 1312 Olympum
1611 1260 1757 1296 mon-

178 1340 269 1383 tem
308 1334 558 1399 pervenit,
587 1332 656 1385 ad
679 1349 824 1402 quem
855 1334 1070 1388 universi
1095 1333 1397 1408 GallOgrteci
1423 1351 1537 1388 cum
1572 1336 1755 1405 coniu-

176 1424 316 1493 gibus
359 1435 406 1477 et
457 1424 624 1479 liberis
653 1429 1009 1497 confugerant,
1039 1427 1206 1497 ibique
1234 1428 1613 1483 acerbissimum
1653 1430 1759 1483 bel-

174 1514 278 1568 lum
325 1518 500 1586 gessit.
555 1517 791 1586 Namque
835 1520 899 1572 de
938 1521 1281 1588 superioribus
1336 1521 1481 1584 locis,
1536 1522 1754 1590 sagittis,

173 1608 452 1678 grandibus
481 1610 638 1673 saxis,
678 1612 967 1680 ueterisque
996 1611 1108 1664 telis
1139 1609 1367 1665 Romani
1394 1612 1611 1682 graviter
1638 1628 1759 1666 con-

172 1700 299 1764 triti,
343 1701 550 1753 tandem
581 1717 734 1769 usque
771 1702 839 1754 ad
888 1719 1213 1773 congressum
1242 1702 1464 1757 hostium
1509 1720 1756 1774 prorupe-

170 1800 307 1845 runt.
372 1790 725 1862 Quadraginta
772 1794 933 1847 millia
985 1793 1422 1865 Gallogrtecorum
1471 1812 1528 1849 eo
1582 1796 1758 1865 praelia

1860 593 2037 663 prtelio
2080 610 2250 649 xxntu
2278 593 2539 650 hominum
2567 596 2720 664 fudit,
2757 611 2845 650 ivu
2885 596 3177 667 captivavit.
3209 596 3437 651 Tiberius

1861 685 2193 755 Sempronius
2248 685 2508 741 Gracchus
2556 690 2609 742 in
2658 687 2915 753 Hispania
2956 688 3195 741 ulteriore
3237 696 3439 740 centum

1860 777 2081 857 quinque
2095 778 2285 847 oppida
2320 788 2531 832 vacuata
2552 788 2596 830 et
2622 791 2864 849 quassata
2885 778 3029 833 bellis
3045 778 3114 831 ad
3133 777 3440 832 deditionem

1860 873 2040 937 coegit.
2072 869 2269 924 Eadem
2318 880 2608 940 tempestate
2656 872 2718 926 L.
2781 872 3074 927 Postumius
3113 875 3168 925 in
3215 871 3446 926 citeriore

1861 959 2115 1026 Hispania
2146 976 2255 1015 XLI
2302 963 2526 1016 hostium
2565 964 2693 1017 bello
2725 964 2858 1030 fudit
2906 980 2923 1017 :
2965 963 3226 1017 Gracchus
3255 972 3443 1034 prator

1858 1050 2044 1106 ibidem
2067 1054 2248 1106 iterum
2267 1054 2479 1108 ducenta
2507 1056 2698 1125 oppida
2726 1057 3034 1126 expugnavit
3058 1066 3107 1109 et
3135 1057 3287 1125 cepit.

1930 1144 2093 1223 Igitur
2122 1144 2362 1214 Philippo
2389 1161 2513 1216 rege
2554 1148 2873 1202 Macedoniae
2911 1156 3156 1215 mortuo,
3206 1147 3295 1216 qui
3338 1144 3437 1200 ad-

1861 1252 2077 1291 versum
2106 1238 2375 1293 Romanos
2400 1238 2597 1294 bellum
2620 1249 2877 1308 gesserat,
2898 1250 2953 1297 et
2977 1249 3157 1310 postea
3178 1239 3434 1294 Romanis

1865 1339 2047 1384 contra
2101 1331 2423 1385 Antiochum
2493 1332 2748 1386 auxilium
2796 1333 3071 1400 praebuit,
3140 1333 3279 1387 [ilius
3327 1330 3446 1400 ejus

1862 1421 2088 1477 Perseus
2152 1424 2205 1477 in
2267 1423 2573 1478 Macedonia
2617 1424 2889 1479 rebellavit
2931 1423 3232 1493 iungentibus
3272 1423 3442 1492 copiis

1860 1511 1889 1552 δ
1913 1515 2175 1570 adunatis.
2228 1514 2363 1569 Gens
2410 1518 2543 1570 enim
2574 1515 2934 1570 Basternarum
2964 1516 3299 1585 ferocissima,
3331 1513 3444 1569 Le-

1857 1609 1978 1678 pido
1997 1620 2043 1663 et
2064 1607 2237 1664 Mutio
2264 1625 2422 1674 coss.,
2449 1625 2539 1677 spe
2568 1609 2861 1679 prtedarum
2882 1609 3180 1674 sollicitata,
3204 1614 3250 1661 et
3275 1616 3444 1661 trans-

1859 1702 2017 1754 eundi
2056 1699 2182 1755 lstri
2212 1702 2442 1770 ﬂuminis
2473 1702 2748 1771 facultate,
2798 1703 2908 1755 sine
2933 1701 3040 1754 ulla
3085 1717 3256 1771 pugna
3280 1701 3446 1756 deleta

1860 1808 1955 1854 est.
2014 1796 2151 1851 Nam
2180 1806 2302 1851 tunc
2333 1798 2465 1865 forte
2495 1797 2777 1861 Danubius,
2829 1798 2918 1866 qui
2965 1805 3013 1851 et
3066 1796 3221 1864 Ister,
3274 1812 3445 1851 crassa

169 1884 431 1952 interfecta
466 1886 775 1954 referuntur.
810 1894 831 1921 ο
854 1885 1087 1940 Marcius
1109 1901 1222 1940 cos.
1252 1887 1507 1942 adversus
1532 1887 1754 1957 Ligures
1785 1861 1836 1923 Β
1859 1887 2020 1957 glacie
2046 1898 2386 1956 superstratus
2413 1889 2696 1958 pedestrem
2723 1888 2877 1957 facile
2903 1888 3177 1941 transitum
3210 1887 3444 1955 patieba-

169 1974 463 2043 prolectus,
514 1984 898 2045 superatusque
938 1988 1164 2045 quatuor
1207 1993 1242 2031 κ
1286 1978 1513 2031 militum
1558 1979 1755 2047 amisit,

168 2081 211 2124 et
239 2072 341 2125 nisi
372 2072 531 2124 victus
561 2072 785 2125 celeriter
816 2071 1083 2143 refugisset
1112 2073 1166 2124 in
1193 2081 1377 2138 castra,
1410 2072 1641 2125 eamdem
1679 2073 1759 2124 in-

172 2163 479 2216 ternecionis
527 2150 744 2233 cladem,
796 2180 950 2233 quam
994 2161 1183 2217 Bebius
1228 2162 1421 2217 dudum
1469 2166 1532 2217 ab
1581 2163 1757 2216 iisdem

171 2254 399 2307 hostibus
443 2265 726 2323 acceperat,
778 2255 1084 2324 pertulisset.
1131 2253 1208 2308 Μ.
1242 2253 1462 2309 Claudio
1510 2253 1757 2309 Marcello

167 2362 269 2400 cos.
307 2344 585 2417 Philippus
625 2362 732 2412 rex,
765 2348 853 2415 qui
900 2348 1088 2415 legatos
1120 2345 1297 2417 pepuli
1352 2347 1572 2401 Romani
1601 2346 1760 2400 inter-

164 2440 378 2507 fecerat,
414 2447 620 2504 prapter
654 2435 895 2490 Demetrii
925 2436 1025 2505 filii
1053 2438 1151 2503 sui,
1184 2453 1329 2506 quem
1357 2438 1578 2507 legatum
1608 2439 1758 2491 mise-
1780 2417 1791 2433 ⁸

165 2538 264 2589 rat,
291 2529 754 2581 verecundissimus
784 2544 956 2595 preces
984 2529 1178 2582 ueniam
1207 2538 1495 2583 meruerat:
1527 2529 1758 2583 eumdem

163 2622 407 2675 continuo
443 2622 574 2675 velut
623 2621 873 2675 Romanis
905 2623 1150 2686 amicum,
1197 2623 1375 2691 suique
1419 2623 1752 2713 proditorem,

164 2714 377 2781 fratrem
405 2730 604 2783 quoque
634 2716 792 2783 ipsius
823 2715 1154 2782 parricidium
1184 2715 1344 2786 patris
1395 2715 1634 2768 ministro
1664 2733 1759 2786 pa-

162 2810 352 2865 trante,
396 2800 528 2853 nihil
554 2801 616 2853 de
644 2812 850 2869 utroque
878 2802 1117 2854 miserum
1142 2802 1266 2854 ntali
1300 2801 1639 2872 suspicantem
1670 2818 1753 2855 ve-

160 2908 289 2945 neno
311 2896 530 2946 necarit.
552 2892 648 2961 Sp.
676 2890 940 2946 Postumio
962 2891 1163 2961 Albino,
1192 2892 1257 2955 ρ.
1286 2889 1486 2945 Marcio
1510 2889 1755 2962 Philippo

160 3001 317 3051 coss.,
369 2985 439 3039 Μ.
496 2984 711 3039 Fulvius
754 2985 821 3039 de
855 2984 1047 3040 IEtolis
1080 2991 1108 3031 ὰ
1140 2983 1503 3051 triumphavit.
1546 2982 1756 3037 Eisdem

160 3081 313 3133 etiam
344 3081 522 3133 diebus
547 3080 797 3145 Annibal,
828 3081 969 3135 victo
998 3097 1030 3134 a
1060 3078 1308 3133 Romanis
1351 3080 1637 3147 Antiocho,
1688 3080 1753 3134 ad

159 3172 405 3227 Prusiam
437 3173 695 3243 Bithynice
726 3187 902 3242 regem
946 3173 1096 3242 fugit,
1128 3190 1195 3227 ne
1226 3173 1481 3228 Romanis
1512 3175 1750 3229 tradere-
1782 3176 1789 3243 ἶ

159 3276 268 3322 tur.
304 3268 585 3335 Repetitus
613 3277 788 3322 autem
830 3269 895 3323 ab
926 3282 992 3323 eo
1033 3278 1113 3321 est
1144 3282 1237 3335 per
1276 3268 1342 3333 ρ.
1373 3266 1693 3321 Flaminium
1737 3286 1749 3321 :

157 3368 210 3411 et
241 3372 368 3411 cum
405 3357 693 3412 tradendus
721 3366 867 3413 esset
911 3355 1166 3411 Romanis
1214 3372 1481 3411 venenum
1526 3358 1677 3423 bibit,
1706 3368 1761 3420 et

157 3449 302 3518 apud
345 3448 625 3519 Lybissam
677 3450 731 3502 in
780 3448 933 3502 ﬁnib.
984 3446 1467 3503 Nicomediensium
1517 3450 1758 3517 sepultus

156 3551 261 3597 est.
288 3543 312 3571 θ
336 3540 742 3611 Philopaemenes
771 3542 877 3594 dua:
905 3540 1207 3594 Achivorum
1234 3557 1266 3609 ᾳ
1300 3540 1547 3595 Hessanis
1581 3551 1757 3613 captu,

155 3645 197 3689 et
239 3634 444 3687 occisus
474 3644 569 3688 est.
618 3634 819 3689 Eodem
860 3648 1002 3687 anno
1031 3634 1207 3703 Scipio
1255 3635 1533 3691 Africanus
1564 3638 1630 3691 ab
1671 3638 1755 3691 in-

154 3732 319 3794 grata
342 3724 445 3778 sibi
489 3724 632 3780 Urbe
662 3725 751 3778 diu
797 3722 1071 3789 exsulans,
1113 3724 1251 3792 apud
1300 3724 1570 3779 Liternum
1601 3727 1753 3794 oppi-

155 3818 288 3870 dum
320 3816 511 3869 rnorbo
540 3815 718 3883 periit,
756 3810 775 3850 ί
822 3814 1077 3886 jussitque
1106 3814 1335 3884 sepulcro
1365 3831 1456 3868 suo
1498 3817 1702 3870 inscribi
1733 3829 1751 3867 :

154 3907 379 3979 Ingrata
410 3908 599 3975 patria,
644 3922 706 3959 ne
734 3921 849 3959 ossa
877 3906 1079 3973 quidem
1123 3922 1233 3959 utea
1261 3905 1431 3960 habes.
1477 3904 1544 3960 In
1571 3907 1754 3963 Sicilia

155 4010 288 4055 tunc
319 3998 544 4053 Vulcani
577 3998 769 4064 insula,
815 4012 933 4063 quae
962 4008 1088 4051 ante
1135 4012 1240 4052 non
1286 3997 1478 4063 fuerat,
1532 4010 1753 4067 repente

155 4093 297 4149 mari
319 4093 486 4160 edita,
510 4107 629 4146 cum
653 4091 911 4146 miraculo
933 4091 1171 4145 omnium
1196 4105 1363 4159 usque
1385 4091 1447 4144 ad
1474 4105 1611 4144 nunc
1634 4106 1753 4160 per-

154 4196 366 4240 manet.
400 4185 492 4239 llis
521 4199 733 4253 quoque
763 4183 953 4239 diebus
974 4193 1149 4237 actum
1176 4191 1279 4246 est,
1309 4183 1448 4251 quod
1478 4182 1543 4236 de
1574 4182 1752 4237 Helio-

156 4279 298 4333 doro
322 4277 375 4331 in
407 4277 540 4331 libro
563 4275 981 4331 Machabaeorum
1006 4286 1185 4330 narrat
1204 4274 1421 4330 historia
1446 4284 1494 4329 ι.
1526 4276 1587 4340 ρ.
1618 4274 1750 4330 Ful-

231 4480 262 4505 δ
308 4475 389 4529 Ab
421 4475 521 4530 hoc
542 4475 702 4529 verbo
732 4489 896 4544 usque
922 4476 987 4529 ad
1014 4473 1211 4529 Deinde
1238 4473 1302 4529 ιδ.
1327 4472 1533 4537 Bebius,
1559 4474 1751 4530 absunt

162 4548 213 4601 iu
237 4547 379 4612 H.,a
406 4561 513 4615 quo
538 4548 653 4601 loco
678 4546 776 4600 Ms.
802 4545 868 4599 II.
899 4550 1019 4601 cum
1046 4546 1277 4601 Miscella
1304 4546 1553 4600 convenit
1581 4561 1747 4617 usque
1772 4566 1773 4569 η

163 4620 229 4673 ad
261 4618 574 4670 curaverint.

233 4688 267 4727 ι’
310 4689 393 4742 Ab
423 4689 525 4741 hoc
545 4687 707 4743 verbo
724 4701 889 4757 usque
904 4687 969 4742 ad
997 4686 1216 4742 Martius
1237 4703 1342 4741 cos.
1363 4687 1540 4743 omnia
1555 4688 1747 4743 absunt

158 4761 209 4814 in
242 4759 313 4813 ll.
345 4768 398 4813 et
424 4759 492 4811 Α.

233 4842 258 4869 ε
278 4828 371 4895 IL,
397 4829 614 4882 Martius
634 4828 750 4882 Cos.
764 4829 996 4883 adversus
1012 4827 1222 4899 Ligures
1244 4829 1517 4898 profectus,
1541 4845 1723 4898 supera
1738 4859 1751 4868 -

161 4914 211 4955 tu

161 4920 346 4972 Iusque
370 4920 590 4968 quatuor
619 4920 782 4951 πιιιιια
832 4920 1050 4953 mimum
1076 4920 1265 4953 αηιιδιι.
1296 4920 1489 4969 ορατ-ιο
1520 4920 1747 4953 ιὀειηιι-

159 4976 268 5025 mio
310 4972 515 5034 Albino,
550 4967 731 5040 Marco
774 4968 1016 5040 Philippo
1040 4969 1431 5040 coss.,ihlarcus
1479 4968 1752 5039 Philippus

159 5044 225 5095 de
255 5041 457 5095 [Etolis
500 5039 851 5106 triumphavit,
883 5039 1271 5108 etsequentia,
1307 5042 1360 5093 in
1400 5041 1588 5109 quibus
1630 5055 1750 5094 cum

161 5112 434 5180 EutrOpio
462 5110 710 5165 convenit
757 5125 922 5180 usque
958 5110 1025 5165 ad
1055 5111 1280 5182 sepultus
1309 5119 1401 5164 est.
1433 5111 1499 5165 A.
1536 5126 1633 5179 pro
1661 5110 1753 5163 Al-

161 5184 309 5233 bino.
340 5183 542 5233 Albino.

161 5184 309 5248 bino,
340 5183 542 5235 Albino.

240 5256 272 5295 ἀ
313 5258 404 5315 A.,
448 5251 794 5320 triumphavit.
835 5251 1076 5320 Annibal,
1098 5251 1203 5320 qui,
1236 5252 1365 5304 victo
1391 5250 1660 5313 Antiocho,
1689 5267 1752 5305 ne

172 5324 428 5378 Romanis
457 5318 764 5387 traderetur,
795 5323 862 5375 ad
886 5318 1131 5375 Prusiam
1153 5321 1394 5376 Bithinite
1422 5338 1589 5393 regem
1607 5322 1754 5391 fuge-

168 5408 275 5447 rat.
310 5393 531 5457 Repetit,
558 5403 662 5446 etc.

253 5475 278 5500 ε
319 5464 538 5531 Reliqua
570 5477 737 5529 usque
761 5463 826 5517 ad
849 5463 1024 5516 eodem
1051 5479 1185 5516 anno
1210 5464 1400 5517 absunt
1430 5464 1482 5516 in
1507 5465 1567 5515 A.
1601 5473 1655 5518 et
1686 5463 1748 5516 H.

250 5534 272 5572 ί
315 5538 406 5597 Α.,
429 5543 547 5601 post
570 5534 717 5603 periit
739 5534 1039 5587 continuat:
1069 5533 1207 5586 Tunc
1237 5532 1470 5587 Vulcani.
1502 5535 1586 5586 IL:
1617 5534 1755 5587 Ami-

170 5616 372 5658 ternum
424 5606 667 5673 oppidum
707 5606 879 5657 morbo
921 5605 1085 5669 periit.
1124 5603 1263 5656 Tunc
1315 5603 1533 5655 Vulcani
1563 5605 1749 5671 insula,

169 5692 290 5743 qua:
325 5685 440 5727 ante
468 5691 569 5727 non
599 5678 785 5741 fuerat,
818 5685 1021 5744 repente
1048 5678 1174 5726 mari
1200 5686 1272 5727 est
1301 5674 1456 5727 edita.
1494 5673 1592 5728 His

172 5763 274 5813 que
302 5748 477 5798 diebus
504 5755 691 5797 actum
713 5759 804 5809 est,
851 5749 986 5814 quod
1017 5748 1078 5798 de
1108 5744 1391 5797 Heliodoro
1422 5748 1470 5795 in
1501 5745 1590 5798 lib.
1639 5745 1756 5799 illa-

174 5817 322 5869 chab.
354 5827 530 5868 narrat
567 5817 794 5868 historia.
830 5815 1072 5885 Philippo
1118 5832 1233 5886 rege
1278 5815 1593 5869 Macedonia:
1622 5833 1756 5868 mor-

177 5899 288 5953 tuo,
316 5888 403 5956 qui
443 5895 491 5941 et
532 5888 769 5941 adversus
814 5887 964 5942 Rom.
998 5886 1184 5941 bellum
1232 5894 1472 5956 gesserat,
1503 5895 1549 5938 et
1579 5898 1755 5955 postea

286 4917 346 4953 ue
370 4898 805 4969 quatuorgmilliai
832 4898 1050 4969 militum
1076 4898 1265 4953 amisit.
1296 4899 1489 4969 Spurio
1520 4900 1747 4953 Posthu-
1818 4922 1823 4927 ·

1630 5692 1799 5742 ᾳηυ-‹

1861 1990 1968 2035 tur.
2020 1981 2239 2051 Itaque,
2285 1999 2402 2035 cum
2447 1983 2730 2051 improvide
2771 1992 2876 2034 toto
2922 1990 2968 2033 et
3025 1982 3247 2034 maxime
3292 1977 3446 2035 simul
3488 2006 3493 2009 «

1860 2073 2061 2141 agmine
2089 2073 2458 2127 intestimabilis
2495 2074 2770 2127 multitudo
2813 2072 3074 2127 hominum
3116 2082 3161 2126 et
3183 2075 3444 2143 jumento-

1860 2180 1973 2217 rum
2033 2165 2337 2229 transirent,
2384 2168 2683 2219 enormitate
2725 2165 2968 2232 ponderis
3018 2172 3066 2217 et
3118 2163 3444 2219 concussione

1859 2254 2203 2324 gradientium
2234 2270 2546 2321 concrepans
2575 2256 2712 2323 gelu,
2740 2264 2785 2306 et
2814 2255 3045 2324 glacialis
3085 2264 3258 2307 crusta
3288 2253 3443 2308 dissi-

1859 2344 1985 2407 livit,
2018 2353 2065 2397 et
2093 2345 2378 2397 universum
2408 2360 2624 2415 agmen,
2658 2345 2794 2414 quod
2824 2346 2914 2397 diu
2941 2343 3291 2414 sustinuerat,
3336 2360 3444 2399 me-

1859 2436 1958 2488 diis
1983 2434 2271 2505 gurgitibus
2313 2436 2443 2488 victa
2488 2436 2712 2499 tandem,
2753 2445 2801 2490 et
2840 2438 3155 2489 comminuta
3192 2437 3439 2508 destituit,

1858 2536 2009 2593 atque
2053 2527 2228 2580 eadem
2270 2541 2450 2579 rursus
2491 2526 2790 2595 fragmentis
2829 2527 3222 2596 impedientibus
3261 2543 3445 2597 super-

1858 2622 2013 2672 ducta
2050 2619 2318 2672 submersit
2345 2635 2364 2673 :
2409 2622 2563 2690 pauci
2597 2636 2661 2673 ea:
2688 2621 2827 2673 omni
2855 2623 3047 2689 papula
3072 2638 3163 2690 per
3181 2632 3443 2692 utramque

1857 2711 2026 2779 ripam
2068 2710 2285 2763 concisis
2326 2711 2607 2763 visceribus
2648 2712 2733 2763 vix
2770 2722 3056 2766 evaserunt.
3123 2712 3191 2766 P.
3237 2712 3440 2769 Licinio

1858 2799 2065 2863 Crasso,
2095 2800 2153 2855 C.
2182 2799 2355 2854 Cassio
2377 2800 2612 2870 Longino
2656 2817 2811 2865 coss.,
2838 2801 3228 2857 Macedonicum
3252 2804 3440 2858 bellum

1862 2894 2061 2961 gestum
2106 2902 2213 2957 est,
2272 2893 2449 2945 merito
2486 2892 2620 2945 inter
2661 2894 2883 2947 maxima
2918 2894 3051 2948 bella
3093 2895 3437 2964 referendum.

1858 2979 2001 3036 Nam
2032 2982 2086 3036 in
2118 2983 2318 3037 auxilio
2344 2980 2697 3036 Romanorum
2719 2992 2825 3037 tota
2864 2984 3004 3053 prius
3029 2981 3192 3037 Italia
3214 3000 3235 3039 :
3261 2985 3441 3041 deinde

1859 3076 2169 3131 Ptolemceus
2222 3091 2313 3131 rea:
2357 3074 2580 3148 lEgypli
2604 3117 2619 3140 ,
2666 3087 2715 3130 et
2757 3078 3016 3132 Ariarates
3057 3077 3436 3149 Cappadocia,

1861 3168 2118 3225 Eumenes
2167 3171 2303 3224 Asite
2353 3186 2482 3237 rex,
2552 3169 2854 3224 Massinissa
2895 3171 3163 3230 Numidica
3206 3174 3436 3243 fuerunt.

1862 3262 2077 3316 Prusias
2106 3272 2285 3315 autem
2318 3262 2580 3333 Bithyniae
2605 3277 2719 3327 rex,
2743 3278 3045 3333 quanquam
3075 3265 3255 3321 Persei
3286 3281 3439 3322 soro-

1862 3372 1973 3409 rem
2006 3356 2247 3423 haberet,
2281 3357 2522 3426 utrisque
2569 3366 2745 3411 tamen
2791 3372 2850 3412 se
2897 3373 3106 3426 militum
3139 3359 3155 3396 ι
3185 3360 3433 3429 praebuit.

1860 3447 2047 3519 Itaque
2097 3448 2381 3501 advenienti
2426 3448 2628 3503 Licinio
2671 3447 2856 3505 Crasso
2910 3467 3013 3505 cos.
3064 3451 3281 3507 Perseus
3324 3469 3438 3508 cum

1862 3539 1876 3591 ἱ
1910 3539 2066 3610 Cotye
2104 3557 2222 3609 rege
2260 3539 2493 3593 Thracia:
2535 3550 2583 3593 et
2622 3557 2740 3611 rege
2780 3540 2985 3613 Illyrici
3005 3542 3185 3599 Gentio
3209 3548 3437 3609 nomine,

1856 3650 1981 3700 quos
2010 3634 2062 3684 in
2094 3632 2291 3685 auxilio
2332 3632 2572 3698 habebat,
2597 3635 2838 3698 occurrit,
2863 3637 3228 3707 commissaque
3256 3640 3436 3709 prtelio

1855 3724 2210 3778 miserabiliter
2270 3725 2388 3776 victi
2448 3724 2629 3795 fugere
2677 3723 2914 3779 Romani.
2975 3726 3215 3796 Sequenti
3264 3745 3435 3799 pugna

1840 3811 1969 3885 ‘pari
2024 3819 2172 3870 clade
2227 3817 2388 3885 partis
2441 3818 2703 3885 utriusque
2758 3819 2811 3870 in
2872 3819 3099 3888 hyberna
3139 3822 3434 3877 discessum.

1860 3908 2057 3963 Deinde
2084 3907 2321 3973 Perseus,
2366 3910 2636 3979 pro/ligato
2671 3912 2845 3965 multis
2869 3912 3062 3980 proeliis
3086 3916 3312 3968 exercitu
3338 3917 3437 3970 llo-

1856 4020 2027 4071 mano,
2068 4004 2123 4057 in
2162 4001 2439 4073 Illyricum
2466 4012 2833 4069 transgressus,
2872 3999 2898 4037 ¹ί
2924 4000 3243 4056 Huscanium
3283 4006 3433 4075 oppi-

1830 4095 1974 4169 dum
2012 4095 2278 4165 defensum
2323 4111 2355 4147 a
2398 4094 2649 4162 praesidiis
2688 4091 2933 4146 Romanis
2969 4096 3245 4164 pugnando
3271 4100 3429 4164 cepit.

1858 4185 1955 4241 Ubi
2018 4204 2252 4257 magnam
2318 4188 2413 4241 Ro.
2477 4185 2755 4255 praesidum
2803 4186 3180 4240 multitudinem
3224 4197 3429 4258 captam

1853 4277 2037 4346 partim
2079 4277 2297 4344 occidit,
2343 4276 2528 4345 partim
2571 4275 2664 4328 sub
2704 4290 2895 4328 corona
2933 4276 3192 4342 vendidit,
3240 4280 3428 4346 partim

1852 4473 2097 4530 Romanis
2145 4481 2323 4527 contra
2367 4467 2670 4522 Antiochum
2716 4468 2966 4521 auxilium
3018 4468 3223 4534 tulerat,
3287 4470 3427 4538 filius

1853 4548 1958 4616 ejus
2002 4543 2218 4599 Perseus
2249 4560 2298 4597 in
2336 4538 2647 4616 Macedonia
2666 4539 2921 4591 rebellavit
2951 4540 3236 4616 ingentibus
3263 4544 3426 4609 capiis

1776 4593 1831 4652 D
1851 4593 2381 4685 chbeitiuiiﬁinani.’
2398 4593 2538 4667 Nam
2558 4611 2839 4685 adjutores,
2870 4593 3060 4685 etc.
3083 4593 3280 4685 quibus,
3301 4593 3425 4667 ciuili

1818 4726 1821 4729 -
1854 4688 2108 4755 Eutropio
2136 4680 2385 4740 convenit
2411 4681 2734 4755 adverbnm
2767 4694 2934 4748 usque
2977 4680 3307 4755 Nicomedem
3339 4699 3426 4755 se-

1853 4769 1976 4811 natu
2021 4749 2405 4820 commendavit,
2455 4753 2543 4808 ubi
2589 4749 2773 4807 confer
2811 4764 2929 4817 quae
2975 4754 3027 4806 in
3074 4750 3273 4808 Miscel.
3320 4754 3429 4809 sint

1854 4830 1978 4883 hinc
2009 4828 2130 4891 inde
2159 4827 2386 4880 itnmiSta
2413 4833 2466 4878 et
2495 4824 2693 4881 addita,
2726 4822 2903 4891 Csars.

1925 4901 1951 4940 Β
1981 4900 2068 4961 Α.,
2098 4888 2285 4952 emiss.
2315 4906 2434 4951 cast.
2466 4903 2582 4963 post
2622 4894 2842 4948 verbum
2889 4888 3104 4951 historia
3147 4892 3419 4962 sequitur:

1853 4967 2023 5040 Igitur
2048 4967 2268 5038 Philip.,
2292 4977 2397 5040 etc.

1922 5038 1950 5077 h
1965 5044 2054 5110 A.,
2070 5033 2491 5110 adunatis._Nam
2503 5036 2764 5110 adjutores
2779 5035 2988 5110 habebat
3010 5038 3164 5110 istum
3178 5033 3416 5110 Thracia:

1922 5055 1950 5077 ιι
1965 5055 2054 5110 A.,
2070 5055 2330 5093 aaunatts.
2352 5055 2394 5090 iV
2406 5055 2764 5159 emendatores
2779 5055 2988 5089 naoeaai
3010 5055 3164 5090 istum
3183 5055 3204 5090 ι
3222 5055 3416 5093 arua-te

1851 5128 2038 5180 regem,
2064 5121 2107 5163 et
2131 5124 2301 5179 regem
2328 5105 2785 5180 lllyrici_’entium
2805 5106 3025 5180 nomine.
3061 5107 3306 5161 Romanis
3326 5126 3423 5162 au-

1806 5194 1807 5197 ‘
1854 5175 1948 5234 tem
1994 5183 2047 5233 in
2090 5175 2339 5233 auxilium
2379 5186 2487 5230 erat
2525 5175 2775 5229 Eumenes
2805 5177 2936 5228 Asice
2974 5192 3100 5240 rex,
3150 5181 3418 5233 Ariaratus

1854 5251 2194 5317 Cappadocia:
2218 5290 2232 5311 ,
2282 5248 2559 5319 Antiochus
2586 5246 2776 5316 Syriae,
2826 5244 3134 5300 Ptolemteus
3174 5248 3417 5319 .Eggpti,

1854 5315 2158 5375 Massinissa
2184 5319 2462 5373 Numidia.
2494 5315 2707 5370 Prusias
2732 5328 2914 5378 autem,
2944 5327 3046 5368 «te.

1930 5389 1947 5428 ί
1983 5393 2065 5454 A.,
2102 5401 2218 5457 post
2244 5388 2461 5443 verbum
2493 5385 2708 5453 prazbuit
2739 5387 2862 5455 legit
2886 5404 2898 5439 :
2920 5385 3038 5440 Dux
3064 5387 3415 5444 Romanorum

1800 5502 1805 5507 .
1857 5459 2072 5514 Publius
2103 5460 2307 5533 Licinus
2335 5460 2436 5511 eos.
2466 5467 2643 5509 contra
2668 5472 2780 5508 eum
2812 5458 2993 5533 missus
3018 5467 3089 5533 est
3108 5498 3122 5522 ,
3159 5466 3209 5511 et
3237 5475 3269 5511 a
3297 5476 3415 5533 rege

1796 5562 1799 5563 ν
1854 5534 1995 5601 gravi
2021 5532 2197 5599 prtelio
2224 5532 2416 5601 victus;
2445 5543 2603 5601 neque
2631 5538 2796 5578 tamen
2828 5525 3078 5601 Romani,
3120 5525 3417 5598 quanquam

1854 5599 2101 5668 superati.
2135 5600 2238 5667 regi
2271 5599 2453 5668 petenti
2484 5613 2657 5665 pacem
2699 5605 2942 5663 priestare
2970 5600 3233 5652 voluerunt
3258 5642 3273 5665 ,
3321 5603 3422 5655 nisi

1852 5674 1932 5725 his
1957 5671 2352 5735 conditionibus,
2379 5680 2430 5724 ut
2452 5686 2503 5723 se
2521 5676 2566 5722 et
2586 5684 2702 5723 suos
2721 5671 2920 5723 senatui
2951 5678 2995 5724 et
3028 5670 3221 5740 populo
3258 5669 3419 5728 Rom.

1854 5745 2075 5798 dederet.

1928 5816 1939 5863 i
1981 5818 2067 5878 A.,
2097 5811 2262 5866 Cotto.

1926 5884 1949 5925 κ
1983 5887 2041 5940 Λ.
2055 5928 2069 5954 ,
2095 5884 2385 5939 Sullanum.
