3920 6336
509 348 615 411 πε

1378 345 1582 403 PAULI
1621 342 1888 400 DIACONI
1916 339 2066 399 OPP.
2105 336 2280 394 PARS
2319 336 2358 390 I.
2399 364 2466 376 —
2502 332 2884 391 HISTORICA.

3584 344 3661 401 796

509 472 679 526 sunt!
708 467 765 520 in
795 463 1149 519 Macedoniam
1168 459 1339 517 deicit.
1387 459 1509 515 Mox
1540 458 1737 513 missus
1772 461 1854 510 est
1882 460 2066 507 contra
2098 452 2148 512 Δ
2172 446 2482 520 gratulatum
2513 446 2642 500 venit
2668 486 2683 510 ,
2734 455 2780 499 et
2831 456 3025 513 magno
3053 440 3254 499 honore
3282 456 3303 484 ο
3324 443 3509 517 excepti
3547 460 3661 514 sunt.

510 577 632 619 eum
662 560 722 615 L.
755 558 999 615 Ensibus
1027 556 1219 612 Paulus
1263 568 1400 621 00s.,
1445 560 1506 608 et
1551 551 1607 606 in
1650 547 1923 618 Illyricum
1956 548 1982 577 ⁸
2006 542 2069 599 C.

514 653 730 711 Anicius
770 658 962 719 praetor
988 661 1172 703 contra
1199 646 1473 702 Gentium.
1525 641 1636 698 Sed
1667 638 1889 697 Gentius
1922 636 2079 691 facile

516 760 623 801 uno
650 742 834 813 praelia
861 743 1062 805 victus,
1111 752 1233 793 mox
1262 751 1323 792 se
1350 734 1576 790 dedidit.
1627 732 1792 787 Mater
1822 731 1941 800 ejus
1962 768 1979 795 ,
2026 736 2082 781 et

516 853 669 903 uxor,
700 846 753 891 et
781 834 886 891 duo
913 833 1027 900 ﬁlii,
1056 830 1219 887 frater
1243 843 1455 900 quoque
1480 826 1645 883 simul
1677 826 1730 880 in
1759 828 2080 893 potestatem

516 932 875 990 Romanorum
906 934 1186 981 venerunt.
1223 921 1376 977 Bello
1404 921 1542 975 intra
1578 917 1786 987 triginta
1816 913 1930 969 dies
1960 927 2076 982 per-

516 1033 677 1091 acto,
720 1031 845 1078 ante
887 1018 1156 1090 cognitum
1199 1024 1284 1073 est
1332 1013 1584 1070 Gentium
1628 1010 1828 1066 victum
1854 1048 1871 1074 ,
1923 1018 2079 1075 quam

518 1116 717 1173 bellum
764 1124 997 1183 emptum
1048 1110 1407 1167 nuntiaretur.
1474 1106 1610 1162 Cum
1658 1103 1857 1159 Perseo
1906 1107 2082 1153 autem

517 1209 767 1268 Emilius
792 1206 986 1262 Paulus
1014 1220 1127 1261 cos.
1155 1204 1313 1260 tertio
1342 1200 1524 1256 Nonas
1560 1196 1830 1267 Septemb.
1863 1194 2086 1248 dimica-

516 1303 630 1368 vit,
678 1300 910 1368 vicitque
949 1311 1091 1353 eum.
1148 1294 1347 1366 Viginti
1394 1292 1631 1347 millibus
1679 1287 1921 1359 peditum
1971 1283 2086 1353 ejus

519 1392 735 1459 occisis,
768 1390 1031 1461 equitatus
1059 1401 1181 1442 cum
1213 1399 1339 1454 rege
1370 1379 1659 1450 interfugit.
1712 1377 2074 1431 Romanorum

519 1487 782 1545 exercitus
808 1501 838 1541 c
868 1484 1066 1539 milites
1093 1481 1385 1537 amiserat:
1434 1475 1757 1533 Macedones
1800 1486 1927 1526 vero
1973 1469 2085 1523 Ro-

520 1579 693 1636 manis
721 1588 779 1633 se
806 1573 1146 1632 dediderunt.
1196 1570 1314 1641 Ipse
1342 1583 1465 1634 rex,
1498 1582 1618 1621 cum
1650 1564 1979 1620 desereretur
2020 1558 2087 1613 ab

520 1669 738 1733 amicis,
779 1667 923 1721 venit
958 1665 1011 1719 in
1040 1661 1190 1717 Pauli
1221 1666 1553 1730 potestatem.
1612 1653 1715 1709 Sed
1745 1653 2003 1706 honorem
2031 1645 2079 1702 ei

522 1758 769 1817 Emilius
797 1755 994 1812 Paulus
1021 1767 1156 1818 cos.,
1181 1766 1285 1806 non
1316 1748 1469 1817 quasi
1494 1747 1632 1801 victo
1659 1741 1900 1814 prmbuit.
1930 1739 2084 1801 Nam,

2177 535 2382 592 Prusia:
2417 547 2585 589 autem
2620 543 2825 589 senatus
2862 539 3164 601 quastorem
3199 530 3265 587 P.
3296 530 3552 593 Cornelium
3576 540 3666 598 Seis

2178 631 2378 702 pionem
2407 628 2594 699 Capua:
2624 629 2781 699 jussit
2819 638 3110 691 occurrere,
3152 622 3494 697 hospitiumque
3515 629 3668 704 Roma,

2179 732 2235 781 et
2263 725 2601 795 largissimum
2628 720 2843 793 prwbuil
2872 728 3127 789 sumptum
3150 759 3165 785 ,
3208 726 3260 772 ut
3296 718 3548 777 alii-anuis
3582 726 3673 780 utb—

2179 814 2295 881 dt'li,
2319 815 2408 869 alii
2432 814 2564 883 capti
2590 811 2813 865 moribus
2836 810 3161 864 deseruirent.
3194 805 3376 880 Igitur,
3399 812 3673 879 permittente

2183 913 2401 969 senatu,
2443 902 2613 965 dona,
2659 916 2776 971 qua:
2805 913 2960 971 reges
2998 898 3326 963 attulerunt,
3376 900 3427 954 in
3464 900 3675 970 Capitolio

2184 1002 2495 1069 posuerunt.
2548 992 2761 1049 Prusias
2791 991 2957 1045 etiam
2999 988 3162 1044 lilium
3216 998 3361 1044 suum
3399 988 3678 1049 Nicomedem

2185 1089 2393 1147 senatui
2424 1085 2835 1143 commendavit.
2887 1080 3124 1137 Plurima
3152 1090 3408 1147 arteterea,
3436 1091 3478 1136 et
3503 1082 3603 1137 satis
3624 1083 3682 1138 tli-

2183 1181 2338 1237 uersis
2363 1178 2681 1252 proventibus
2709 1177 2837 1231 bella
2862 1176 3139 1229 multarum
3160 1174 3340 1245 ubique
3361 1175 3561 1247 gentium
3577 1184 3684 1244 gesta

2183 1284 2323 1339 sunt,
2355 1288 2467 1341 qua’
2496 1269 2751 1325 brevitatis
2781 1282 2934 1323 causa
2964 1266 3287 1339 prmtermisi.
3330 1265 3473 1320 Anno
3497 1265 3554 1319 ab
3577 1262 3687 1321 Urbe

2189 1366 2313 1433 600,
2338 1366 2365 1402 (ι
2390 1363 2607 1419 Lucinio
2653 1358 2875 1417 Lucullo
2899 1404 2913 1427 ,
2957 1358 3019 1414 A.
3056 1354 3324 1414 POstumio
3364 1354 3537 1412 Albino
3561 1370 3683 1423 coss,

2186 1474 2306 1517 cum
2335 1470 2518 1511 omnes
2543 1452 2812 1510 Romanos
2840 1452 3024 1522 ingens
3060 1459 3236 1506 metus
3260 1448 3607 1505 Celtiberorum
3628 1448 3688 1503 in-

2188 1552 2435 1616 vasisset,
2467 1556 2521 1604 et
2550 1564 2614 1604 ex
2644 1546 2891 1603 omnibus
2923 1552 3028 1602 non
3062 1552 3227 1608 esSet,
3258 1543 3343 1613 qui
3370 1546 3420 1599 in
3438 1544 3687 1614 Hispaniam

2188 1644 2275 1701 vel
2306 1642 2494 1708 miles,
2540 1640 2621 1695 vel
2663 1641 2868 1710 legatus
2900 1639 2978 1694 ire
3008 1638 3233 1695 auderet
3254 1679 3270 1706 ,
3317 1638 3376 1693 P.
3404 1635 3591 1706 Scipio,
3626 1634 3694 1706 qui

2196 1739 2220 1767 θ
2246 1735 2506 1804 posterior
2534 1726 2817 1788 Africanus
2847 1731 2949 1786 erit
2971 1774 2985 1798 ,
3036 1728 3180 1785 ultro
3234 1743 3292 1784 se
3319 1728 3620 1784 militaturum
3652 1725 3694 1779 in

521 1861 578 1909 et
604 1850 870 1907 volentem
910 1845 1011 1901 sibi
1039 1805 1232 1900 cadere
1270 1805 1348 1895 ad.
1366 1839 1525 1910 pedes
1559 1805 1675 1890 non.
1695 1831 1944 1902 permisit
1968 1869 1983 1894 ,
2033 1836 2089 1885 et
2121 1805 2170 1867 Β
2196 1818 2505 1896 HiSpaniam
2545 1823 2734 1879 obtulit
2759 1864 2775 1889 ,
2829 1832 2951 1877 cum
2988 1821 3096 1891 jam
3126 1820 3183 1875 in
3212 1818 3554 1875 Macedoniam
3589 1826 3697 1873 sorte

520 1941 670 2014 juxta
698 1956 756 1996 se
783 1939 837 1993 in
867 1938 995 1993 sella
1022 1935 1318 1990 collocavit.
1352 1932 1489 1998 Quin
1519 1928 1586 1983 P.
1622 1926 1874 1985 Vacienus
1899 1923 1968 1976 ad
1996 1938 2088 1975 ur-

524 2035 634 2089 bem
674 2032 891 2088 Romam
929 2036 1074 2083 nocte
1115 2026 1330 2090 vadens,
1374 2024 1500 2077 vidit
1539 2021 1666 2075 duos
1702 2020 1917 2089 juvenes
1960 2014 2090 2068 albis

524 2124 665 2194 equis
701 2122 946 2187 sedentes,
989 2118 1076 2188 qui
1107 2120 1368 2186 jusserunt
1415 2122 1471 2166 ut
1523 2112 1604 2165 die
1639 2108 1867 2181 sequenti
1893 2104 2091 2160 senatui

532 2223 812 2286 nuntiaret,
855 2218 1101 2273 Perseum
1139 2228 1305 2284 regem
1343 2209 1682 2264 Macedonum
1719 2224 1749 2259 ιι
1788 2204 1956 2257 Paulo
1990 2216 2096 2255 esse

529 2323 755 2385 captum.
805 2308 1057 2365 Votienus
1098 2306 1302 2378 quidem
1361 2301 1479 2355 lwta
1532 2306 1793 2353 exsecutus
1843 2304 1954 2364 est,
2004 2290 2094 2347 sed

527 2408 675 2480 im
710 2412 912 2458 senatus
947 2400 1128 2453 missus
1167 2404 1237 2450 est
1277 2396 1327 2447 in
1369 2406 1640 2451 carcerem,
1676 2398 1911 2453 tanquam
1943 2395 2096 2439 teme-

528 2474 701 2548 rarius
740 2492 1043 2545 incertorum
1081 2486 1294 2539 locutor.
1342 2480 1472 2536 Mox
1513 2478 1691 2534 litteris
1720 2476 1877 2530 Pauli
1905 2476 1966 2529 de
1992 2474 2096 2544 die,

538 2583 850 2652 victoriaque
887 2588 1023 2634 certa
1060 2592 1140 2632 res
1182 2574 1363 2644 patuit.
1414 2570 1662 2625 Vacicnus
1701 2570 1868 2623 statim
1906 2568 1971 2623 de
2012 2585 2100 2621 cu-

526 2675 700 2731 stodia
731 2672 925 2729 solutus
961 2684 1142 2741 agrum
1175 2668 1307 2720 dono
1345 2664 1554 2733 accepit.
1598 2660 1662 2719 Et
1692 2658 1914 2717 Vacieno
1940 2660 2095 2715 iidem

536 2764 724 2839 gemini
762 2762 856 2818 visi
893 2761 962 2816 ad
991 2759 1160 2815 locum
1187 2767 1357 2830 postea
1382 2755 1618 2811 Iuturna:
1642 2754 1879 2809 sudorem
1907 2768 2056 2807 suum
2084 2788 2101 2817 ,

535 2870 877 2931 equm-sque
900 2854 1177 2910 abtuentes.
1221 2852 1424 2907 Interea
1453 2846 1777 2904 Macedoniis
1830 2854 1884 2901 et
1914 2844 2104 2916 Illyriis

534 2964 570 3007 ι
597 2951 696 3006 Ito.
722 2950 806 3004 ha:
834 2948 979 3017 leges
1006 2946 1177 3011 datm,
1209 2951 1268 2999 ut
1294 2942 1446 2998 liberi
1475 2948 1683 3005 essent,
1726 2947 1779 2993 et
1819 2936 2103 2992 dimidium

535 3052 720 3099 eorum
752 3040 1074 3097 tributorum
1109 3041 1525 3106 praesentarent,
1568 3046 1687 3102 quae
1714 3030 1931 3100 regibus
1967 3043 2107 3098 prae-

2190 1918 2477 1985 deputatus
2503 1916 2663 1970 esset.
2715 1914 2898 1983 Itaque
2928 1910 3205 1983 profecms
3231 1912 3287 1967 in
3312 1910 3591 1980 Hispaniam
3612 1918 3697 1962 mea

2198 2023 2355 2080 gnam
2390 2016 2618 2076 stragem
2648 2006 2886 2075 gentium
2915 2005 3093 2071 dedit,
3138 2002 3336 2073 sapius
3381 2003 3527 2058 etiam
3562 1997 3701 2055 militis

2201 2118 2355 2172 quam
2388 2100 2540 2158 ducis
2585 2118 2710 2158 usus
2736 2101 2932 2159 officio.
2987 2100 3117 2157 Nam
3157 2108 3216 2156 et
3254 2098 3520 2155 barbarum
3546 2106 3703 2164 septo-

2197 2205 2481 2250 vocantem
2539 2192 2875 2265 singulariter
2923 2200 3245 2262 congressus
3296 2188 3499 2246 occidit.
3540 2183 3704 2255 Sergius

2203 2295 2379 2341 alitem
2412 2284 2574 2341 Galba
2604 2296 2797 2355 praetor
2823 2294 2851 2340 a
2880 2284 3145 2341 Lusitanis
3178 2294 3370 2353 magno
3398 2279 3560 2352 praelia
3579 2278 3705 2331 victis

2203 2388 2285 2434 est
2307 2421 2321 2448 ,
2368 2379 2722 2448 universoltue
2760 2379 2994 2437 exercitu
3043 2377 3267 2444 amisso,
3302 2375 3412 2447 ipse
3438 2388 3546 2430 cum
3571 2368 3707 2441 paucis

2207 2473 2294 2527 vix
2324 2473 2539 2543 elapsus
2575 2472 2763 2528 evasit.
2813 2471 2871 2526 In
2903 2470 3144 2541 sequenti
3178 2472 3323 2524 anno
3351 2468 3407 2523 L.
3439 2464 3647 2521 Minatius
3669 2459 3708 2514 in

2202 2564 2474 2621 Lusitania
2504 2564 2640 2619 bene
2671 2564 2945 2635 pugnavit.
2996 2562 3289 2618 Marcellus
3318 2574 3426 2616 cos.
3461 2565 3615 2627 postea
3637 2549 3712 2606 ibi-

2200 2652 2322 2713 dem
2375 2673 2459 2711 res
2512 2670 2764 2731 prospere
2795 2653 2814 2693 ί
2837 2656 3022 2725 gessit.
3079 2653 3282 2709 Eodem
3310 2662 3517 2722 tempore
3542 2644 3715 2701 Messala

2203 2766 2380 2805 censor
2405 2748 2595 2818 primus
2623 2730 2874 2801 theatrum
2897 2746 2950 2801 in
2971 2746 3105 2802 Urbe
3127 2744 3373 2800 constitui
3393 2740 3582 2797 censuit.
3606 2730 3716 2802 Quod

2205 2858 2269 2896 ne
2293 2852 2409 2895 tunc
2429 2840 2593 2911 ﬁeret,
2620 2830 2795 2908 Scipio
2818 2839 2980 2893 dictus
3006 2836 3205 2893 Nasica
3231 2836 3519 2909 gravissima
3542 2830 3720 2885 oratione

2207 2934 2417 3000 obstitit,
2442 2932 2634 2999 dicens,
2656 2931 3063 2987 inimicissimum
3088 2926 3189 2984 hoc
3212 2932 3323 3003 fore
3345 2927 3557 2985 bellatori
3580 2918 3720 2992 papula

2207 3029 2276 3083 ad
2305 3029 2624 3082 nutriendum
2658 3026 2905 3081 desidiam
2929 3066 2944 3091 ,
2990 3024 3353 3095 lasciviamque
3398 3024 3720 3075 commentum:

535 3134 798 3192 ultionem
819 3170 836 3197 ,
888 3139 945 3185 ut
989 3135 1272 3198 appareret
1302 3123 1551 3195 populum
1580 3121 1684 3178 Ro.
1718 3135 1814 3192 pro
1849 3120 2103 3189 aequitate
2131 3152 2183 3217 Ω
2211 3120 2433 3187 adeoque
2457 3119 2609 3171 movit
2658 3126 2885 3172 senatum
2910 3157 2926 3183 ,
2971 3118 3027 3169 ut
3058 3131 3158 3168 non
3200 3112 3364 3169 solum
3392 3108 3549 3163 omnia
3575 3106 3723 3158 theatro

536 3223 704 3293 magis
725 3254 743 3288 ,
789 3235 947 3292 quam
974 3233 1070 3288 pro
1098 3217 1322 3272 avaritia
1340 3229 1610 3285 pugnare.
1665 3213 1845 3284 Itaque
1881 3212 1937 3268 in
1965 3226 2102 3267 con-

539 3320 703 3368 ventu
745 3310 1087 3364 ﬁnitimorum
1128 3306 1441 3375 populorum
1474 3303 1666 3359 Paulus
1717 3303 1819 3358 hoc
1866 3316 2107 3372 pronun-

540 3403 715 3469 tiavit,
742 3409 798 3455 et
824 3398 1118 3468 legationes
1143 3396 1427 3451 multarum
1453 3393 1709 3464 gentium,
1736 3406 1856 3462 qua:
1888 3389 1956 3444 ad
1984 3403 2108 3445 eum

541 3505 834 3561 venerant,
874 3494 1400 3567 magniﬁcentissimo
1426 3490 1673 3547 convivio
1698 3490 1874 3559 pavit,
1926 3488 2110 3542 dicens

540 3589 783 3661 ejusdem
813 3586 1045 3642 hominis
1071 3600 1192 3641 esse
1221 3585 1432 3650 debere,
1462 3592 1519 3639 et
1540 3582 1683 3638 bello
1708 3582 1948 3648 vincere,
1971 3588 2025 3634 et
2055 3578 2109 3633 in

542 3680 774 3737 convivii
805 3686 1060 3749 apparatu
1088 3677 1381 3747 elegantem
1412 3688 1551 3730 esse.
1586 3673 1705 3730 Mox
1735 3687 1838 3729 ιιι
1867 3669 2110 3727 civitates

542 3770 725 3841 Epiri,
764 3784 882 3839 quae
913 3775 1098 3823 contra
1128 3780 1188 3821 se
1214 3764 1632 3830 rebellaverant,
1674 3761 1846 3831 cepit,
1880 3758 2113 3831 praedam

546 3859 801 3916 militibus
829 3855 1142 3920 distribuit,
1190 3855 1420 3911 Romam
1462 3852 1662 3925 ingenti
1694 3868 1882 3924 pompa
1917 3851 2116 3916 rediit,

544 3954 600 4011 in
628 3966 761 4007 nave
789 3951 1011 4017 Persei,
1062 3964 1183 4017 qua:
1225 3947 1385 4002 nimis
1430 3946 1698 4000 inusitatae
1738 3932 2117 4012 magnitudinis

545 4042 714 4100 fuisse
762 4042 1010 4106 traditur,
1059 4038 1194 4095 adeo
1238 4046 1298 4092 ut
1343 4051 1428 4091 xvr
1459 4034 1677 4090 ordines
1711 4047 1982 4089 remorum
2021 4030 2117 4085 ha-

544 4138 724 4195 buisse
747 4136 987 4191 dicatur:
1017 4130 1358 4202 triumphavit
1382 4137 1561 4183 autem
1588 4126 2119 4197 magnificentissime

547 4228 602 4285 in
649 4241 810 4283 curru
842 4238 1020 4289 aureo
1067 4237 1189 4277 cum
1238 4220 1444 4275 duobus
1495 4218 1619 4272 ﬁliis
1673 4227 1903 4286 utroque
1956 4216 2122 4271 latere

549 4316 865 4373 astantibus.
920 4314 1072 4368 Ducti
1118 4320 1242 4367 sunt
1289 4320 1413 4366 ante
1459 4323 1672 4365 currum
1704 4308 1808 4363 duo
1838 4306 1929 4362 lilii
1959 4306 2120 4373 regis,

552 4418 608 4464 et
632 4408 747 4477 ipse
774 4422 865 4462 rex
889 4405 1113 4460 Perseus
1137 4418 1241 4458 ην
1264 4416 1432 4457 annos
1458 4411 1645 4456 natus:
1670 4400 1696 4434 ἰν
1722 4409 1767 4453 et
1795 4407 1965 4468 postea
1985 4395 2123 4466 apud

2214 3222 2509 3283 comparata
2555 3211 2666 3266 tolli
2706 3211 2962 3282 jusserit,
3017 3208 3105 3265 sed
3162 3209 3323 3264 etiam
3365 3204 3586 3261 subsellia
3629 3196 3725 3251 ludis

2210 3303 2523 3375 prohibuerit
2554 3303 2697 3373 poni,
2727 3311 2782 3356 ut
2812 3316 2970 3373 neque
2999 3300 3216 3365 urbani,
3262 3313 3419 3365 neque
3444 3295 3524 3366 qui
3545 3302 3566 3341 ε
3586 3306 3612 3344 α
3634 3287 3725 3360 foris

2212 3392 2352 3448 mille
2380 3393 2609 3463 passibus
2642 3392 2705 3445 ab
2718 3400 2880 3446 essent
2902 3433 2918 3459 ,
2946 3390 3183 3445 sedentes
3212 3388 3366 3444 ludos
3390 3392 3664 3458 spectarent,
3686 3388 3729 3429 at

2214 3486 2460 3559 fortitudo
2490 3485 2697 3539 illorum
2727 3485 3057 3539 mollesceret.
3095 3476 3277 3556 Igitur
3308 3485 3363 3537 in
3391 3474 3620 3548 Hispania
3644 3470 3729 3526 Str-

2216 3580 2327 3651 gius
2374 3576 2540 3632 Galba
2601 3586 2789 3647 prtetor
2842 3570 3119 3631 Lusitanos
3170 3578 3305 3630 citra
3364 3568 3549 3643 Tagum
3592 3568 3733 3637 ﬂuuit"

2216 3669 2535 3737 habitantes,
2581 3684 2695 3721 cum
2724 3667 3039 3722 voluntarios
3067 3668 3120 3721 in
3149 3662 3466 3723 deditionem
3491 3658 3731 3727 recepisset,

2217 3777 2307 3831 per
2334 3760 2493 3814 scelus
2523 3752 2794 3830 interfecit.
2845 3758 3106 3813 Simulans
3133 3758 3279 3813 enim
3321 3756 3386 3811 de
3426 3748 3665 3809 commodis
3698 3755 3735 3795 se

2218 3858 2454 3905 actutum
2483 3849 2614 3918 fore,
2654 3866 2713 3902 ac
2744 3848 3121 3917 circumpositis
3150 3847 3409 3902 militibus
3433 3850 3619 3899 cunctos
3641 3836 3736 3888 itur-

2221 3962 2323 3999 mes
2365 3954 2409 3999 et
2450 3944 2685 3997 incautos
2722 3941 2992 4013 interfecit.
3044 3939 3171 4008 ρυιε
3220 3954 3304 3995 res
3351 3946 3519 4010 postea
3554 3931 3741 3987 universa

2225 4039 2491 4108 llispaniw
2515 4046 2724 4107 propter
2750 4032 3097 4090 Romanorum
3118 4034 3401 4104 perﬁdiam
3424 4036 3568 4084 causa
3589 4016 3741 4077 ηιατῐηιὶ

2226 4134 2470 4188 tumultus
2502 4132 2617 4203 fuit.
2662 4127 2859 4185 Eodem
2892 4139 3115 4201 tempore
3143 4120 3317 4184 Tucia
3356 4128 3493 4197 virgo
3530 4121 3666 4177 Vesta
3686 4128 3746 4167 ar-

2226 4226 2466 4295 guebatur
2495 4222 2691 4277 incesti.
2742 4225 2807 4275 At
2838 4222 2950 4287 illa,
2981 4221 3308 4291 argumentis
3336 4226 3549 4291 purgare
3572 4225 3616 4267 se
3639 4202 3742 4260 deti-

2229 4325 2383 4388 gnata
2415 4313 2739 4377 mortalibus,
2768 4311 2837 4365 ad
2866 4310 3102 4382 Tyberim
3130 4308 3362 4365 cribrum
3393 4306 3595 4371 detulit,
3628 4298 3748 4361 ίθῐηαε

2229 4407 2516 4472 submersit,
2544 4421 2690 4475 prece
2712 4406 2917 4460 addita:
2937 4404 2982 4458 0
3002 4403 3175 4471 Vesta,
3198 4404 3388 4473 inquit,
3412 4402 3456 4458 si
3486 4399 3564 4470 pia
3588 4402 3628 4449 et
3647 4396 3749 4443 tam

548 4500 736 4553 Albans
772 4499 830 4552 in
865 4496 1098 4551 custodia
1138 4495 1339 4564 defecit.
1394 4492 1611 4549 Senatus
1648 4500 1945 4560 quwstorem
1983 4489 2120 4542 misit
2149 4507 2206 4572 ι)
2228 4516 2359 4567 sum,
2385 4503 2514 4555 hanc
2544 4496 2759 4554 ετεδεγδ
2778 4513 2967 4570 aquam
2987 4497 3057 4552 ad
3078 4500 3327 4567 {mnuum
3356 4498 3496 4551 mum
3520 4489 3751 4565 perferam:

555 4594 621 4645 ad
665 4593 777 4659 ejus
806 4592 1057 4657 exequias,
1103 4590 1191 4659 qui
1235 4604 1350 4642 eunt
1394 4588 1619 4656 impensa
1647 4585 1823 4654 populi
1856 4585 1955 4639 ιω.
1985 4585 2124 4654 regie

557 4683 805 4754 sepeliret.
841 4676 1006 4736 Filius
1034 4682 1142 4752 ejus
1162 4683 1340 4751 junior
1370 4680 1613 4749 fabricam
1644 4678 1880 4732 (pruriam
1910 4677 1972 4731 ob
2001 4678 2125 4731 tole-

558 4778 777 4833 randam
804 4776 1029 4847 inopiam
1056 4775 1233 4830 Roma:
1258 4770 1462 4839 didicit,
1486 4771 1654 4841 ibique
1679 4776 2005 4835 Consumptus
2029 4778 2126 4824 est.

562 4871 692 4925 Post
732 4880 853 4924 cum
897 4868 1057 4921 etiam
1105 4864 1324 4920 Anicius
1373 4863 1440 4917 de
1491 4860 1688 4933 Illyriis
1737 4859 2125 4930 triumphavit:

562 4961 784 5017 Gentius
817 4976 909 5016 rex
955 4975 1074 5015 cum
1121 4958 1286 5013 fratre
1330 4970 1432 5012 suo
1458 4995 1472 5021 ,
1525 4962 1581 5010 et
1622 4955 1741 5008 filiis
1768 4964 1889 5009 ante
1916 4966 2132 5010 currum

560 5055 676 5127 ejus
704 5057 914 5111 ductus.
964 5054 1042 5108 Ad
1087 5050 1189 5109 hoc
1233 5050 1598 5120 spectaculum
1648 5062 1800 5119 reges
1849 5047 2131 5103 multarum

562 5149 799 5220 gentium
826 5148 1047 5203 Romam
1072 5154 1353 5210 venerunt,
1383 5144 1521 5199 inter
1550 5157 1684 5211 quos
1712 5142 1873 5197 etiam
1922 5141 2134 5196 Attalus

566 5248 723 5311 atque
771 5240 1037 5295 Eumenes
1084 5242 1238 5309 reges
1285 5236 1467 5293 Asia:
1516 5241 1573 5291 et
1620 5232 1835 5290 Prusias
1878 5233 2139 5303 Bithynia)

636 5378 662 5446 it
690 5376 780 5440 ιι,
807 5372 1127 5446 Gajonicius.

638 5445 666 5484 ιτ
688 5446 821 5501 Hinc
832 5440 1020 5501 caetera
1038 5456 1143 5499 non
1156 5446 1258 5513 leg.
1273 5444 1323 5498 in
1338 5443 1403 5499 A.
1427 5450 1595 5508 usque
1614 5442 1678 5497 ad
1693 5441 1848 5497 verba
1862 5440 2137 5497 Posteum.

640 5517 669 5553 δ
700 5518 792 5581 A.,
821 5532 915 5583 pro
957 5517 1149 5586 eucepti
1192 5517 1355 5586 legit,
1404 5516 1618 5585 suscepti
1644 5522 1804 5577 sntit,
1853 5522 1906 5568 et
1934 5514 2141 5584 permit-

572 5594 726 5655 nuue,
753 5594 855 5641 etc.

701 5653 767 5712 II.
797 5672 809 5709 :
833 5655 989 5710 Lucio
1013 5656 1211 5711 Licinio
1232 5656 1472 5725 Lucullo,
1496 5653 1766 5712 Postumio
1790 5653 1981 5711 Altinio
2008 5670 2137 5709 coss.

573 5728 665 5791 Α..
694 5725 957 5781 Postumio
984 5728 1175 5783 Altino.

646 5804 673 5837 ⁸
700 5797 793 5865 Η.,
822 5806 952 5866 post.

2227 4602 2276 4646 et
2305 4592 2530 4663 pertulit.

2301 4686 2451 4737 Anno
2480 4682 2543 4735 ab
2570 4681 2705 4737 Urbe
2728 4682 2937 4736 conditu
2962 4678 3087 4748 602,
3114 4679 3183 4735 L.
3214 4679 3423 4737 Manlio
3454 4672 3694 4734 ϐοηεοτὶκο
3723 4668 3757 4719 εί

2233 4772 2310 4827 Μ.
2337 4771 2539 4827 Manlio
2556 4788 2713 4839 coss.,
2741 4773 2943 4827 tertium
2965 4769 3225 4825 Punicum
3257 4772 3448 4827 bellum
3472 4774 3672 4822 mrtuus
3688 4763 3754 4811 est.

2232 4864 2402 4937 Igitur
2431 4881 2547 4919 cum
2576 4874 2779 4921 senatus
2820 4863 3088 4917 delendum
3117 4862 3490 4935 Carthaginem
3518 4854 3757 4917 censuisset.

2234 4958 2449 5027 profecti
2479 4957 2532 5011 in
2560 4957 2794 5028 Africam
2817 4972 2974 5020 coss.,
3004 4966 3049 5008 et
3077 4954 3289 5024 Scipio,
3321 4966 3446 5009 tum
3470 4951 3671 5007 tribunus
3694 4938 3761 4993 mi'

2236 5049 2407 5117 litum,
2429 5062 2586 5119 prope
2610 5046 2813 5101 Utinam
2837 5045 3051 5116 majoris
3074 5036 3319 5115 Africani
3344 5054 3513 5099 castra
3535 5036 3762 5095 tenuemu-

2239 5140 2323 5199 Ibi
2348 5140 2855 5212 CarthaginenSibus
2884 5139 3113 5193 evocatis
3131 5176 3148 5203 ,
3190 5136 3471 5207 juSsisque
3506 5141 3561 5187 ut
3583 5138 3702 5183 arma
3728 5124 3767 5172 et

2240 5249 2402 5291 naves
2423 5232 2453 5272 δ
2478 5234 2770 5299 traderent,
2804 5245 2892 5286 nec
2918 5232 3151 5298 moratis,
3186 5239 3346 5285 tanta
3373 5220 3527 5298 copia
3551 5223 3768 5279 armorum

2315 5366 2337 5407 ί
2374 5369 2440 5424 Α,
2486 5376 2539 5424 et
2584 5358 2671 5431 ιι,
2725 5375 2845 5436 post
2888 5366 3085 5435 gessit:
3132 5362 3368 5418 Tertium
3415 5359 3588 5436 deinde
3627 5349 3769 5436 belli?

2242 5422 2419 5494 contra
2445 5422 2803 5508 carthagiuem
2839 5422 3110 5508 suscipitur
3132 5434 3617 5508 vgesccentesimonf‘
3644 5422 3769 5508 ἐξίίξῖῖῗ

2240 5489 2571 5565 ξιῆέιῑαις--νι
2599 5489 2887 5573 causa
2916 5489 3096 5561 seu...
3124 5489 3436 5573 ςεηεοιιίηο,
3468 5489 3606 5555 an.
3634 5489 3771 5573 stulto

2244 5597 2373 5636 coss.
2390 5595 2527 5634 atina
2545 5579 2605 5633 51
2626 5566 2891 5649 postquam
2910 5577 3183 5649 secundum
3210 5566 3473 5649 Punicum
3496 5570 3772 5649 transactum.

2244 5650 2320 5706 !Ii
2342 5651 2555 5723 profecti
2573 5642 2694 5723 sunt
2718 5642 3631 5723 Carthaginem.LCarthagincnsibus,
3653 5643 3735 5687 etc.

2319 5710 2352 5769 δ’
2378 5710 2689 5776 ιη’θώιὶοιιθ
2713 5710 3013 5782 Canisiana,
3043 5710 3246 5784 alfaris.

2320 5796 2349 5829 ’³
2376 5796 2441 5849 Δ.
2468 5799 2524 5848 et
2552 5792 2641 5857 ﬂ.,
2672 5798 2792 5860 post
2817 5782 3110 5844 traderent:
3139 5784 3322 5845 Tanta
3344 5787 3421 5844 vis
3458 5787 3690 5841 armorum
3709 5782 3775 5822 Ti‘
