3920 6336
182 372 276 442 l9?

1223 370 1539 436 HlS’l‘ORlA
1577 358 1949 430 MlSCELLA.
1987 390 2057 414 ω
2093 368 2222 430 LIB.
2265 373 2353 431 IV.

3322 370 3427 428 783

180 506 393 571 repente
424 492 614 554 tradita
644 494 725 553 est
745 538 760 564 ,
806 500 861 552 ut
884 492 1041 552 facile
1068 494 1177 553 tota
1214 504 1287 553 ex
1328 492 1413 550 his
1441 490 1618 548 Attica
1652 502 1744 558 po.
1778 484 1829 546 Δ
1855 484 2113 557 Scipionis
2142 500 2335 546 nomen
2364 496 2539 559 esset,
2578 491 2791 560 juvenis
2818 486 2991 549 adhuc
3016 498 3132 550 eos.
3157 494 3181 536 ί
3225 488 3423 557 lactus.

178 595 365 651 luisset
393 586 609 648 armari.
659 584 765 646 Sed
792 584 1210 661 Carthaginenses
1234 630 1249 654 ,
1282 592 1558 658 postquam
1600 588 1749 638 arma

176 684 532 751 tradiderunt,
582 692 656 750 et,
689 682 942 739 derelicta
974 682 1103 738 urbe
1127 722 1145 749 ,
1194 678 1448 737 recedere
1487 676 1668 747 prccul
1720 690 1751 739 η

176 780 309 836 mari
350 794 387 833 ι
429 777 657 833 millibus
702 788 953 846 passuum
1000 773 1134 845 iussi
1179 781 1343 840 sunt,
1394 770 1634 827 dolorem
1681 767 1748 823 ad

174 868 606 940 desperationem
638 862 1002 934 contulerunt,
1032 873 1124 921 aut
1146 863 1415 921 defensuri
1440 861 1741 929 civitatem,

174 970 262 1016 aut
290 975 415 1016 cum
447 960 561 1029 ipsa
594 968 686 1028 per
708 956 883 1028 ipsam
910 956 1222 1029 sepeliendi.
1272 955 1393 1012 Mox
1422 951 1750 1011 Asdrubales

174 1056 309 1112 duos
350 1054 515 1112 duces
554 1061 907 1122 creaverunt,
954 1062 1208 1122 armaque
1252 1050 1425 1106 facere
1469 1046 1751 1120 aggressi,

173 1152 457 1217 postquam
484 1160 578 1214 ais,
609 1147 912 1215 ferrumque
940 1142 1154 1212 defecit,
1182 1158 1365 1210 aurea,
1389 1148 1749 1213 argenteaque

174 1238 439 1294 iecerunt.
470 1237 622 1293 Coss.
648 1246 768 1292 eum
796 1237 1113 1308 aliquantam
1140 1237 1275 1292 muri
1306 1242 1511 1306 partem
1538 1232 1752 1290 machi-

174 1330 257 1385 nis
283 1326 610 1402 diruissent,
645 1338 817 1387 tamen
850 1347 878 1386 a
904 1328 1407 1401 Carthaginensibus
1443 1327 1569 1381 victi
1600 1332 1751 1392 sunt,

175 1426 336 1492 atque
361 1424 388 1454 ³
411 1422 674 1493 oppressi.
716 1422 860 1489 Quos
891 1420 1154 1493 fugientes
1184 1421 1362 1490 Scipio
1413 1428 1537 1476 tunc
1578 1417 1756 1475 tribu-

176 1524 273 1571 nus
304 1514 536 1574 militum
556 1559 573 1585 ,
621 1519 835 1589 repulso
861 1520 998 1576 intra
1029 1534 1213 1576 muros
1244 1519 1400 1575 hoste
1422 1560 1438 1585 ,
1487 1516 1746 1574 defendit.

174 1605 199 1645 δ
227 1602 448 1667 Pitanea
486 1608 594 1667 dux
622 1613 758 1669 alius
795 1612 1051 1682 equitatui
1078 1609 1580 1682 Carthaginensium
1612 1618 1755 1681 prae-

175 1708 313 1756 erat.
366 1693 531 1770 lgitur
574 1698 753 1772 Scipio
800 1711 925 1759 tunc
965 1700 1232 1774 Scipionis
1276 1700 1527 1759 Africani
1558 1710 1750 1771 nepos,

1851 588 1900 636 et
1924 581 2091 637 delere
2113 582 2465 653 Carthaginem
2488 588 2514 631 ε
2534 592 2777 655 suppocte
2804 586 3030 651 molitus,
3048 584 3309 642 Cottbnertt
3332 586 3401 639 ito

1853 674 2096 744 greditur,
2138 674 2222 727 ubi
2260 690 2371 728 cum
2399 690 2493 731 sex
2530 676 2718 733 diebus
2763 678 3112 747 itectibusque
3140 688 3421 751 pugnaret,

1854 766 2034 820 ultima
2092 767 2540 838 Cartltaginetises
2602 769 2904 839 desperatio
2959 770 3025 825 ad
3086 771 3412 828 deditionem

1851 860 2050 927 traxit,
2094 870 2335 930 petentes
2368 872 2425 917 ut
2452 876 2588 931 quos
2613 864 2735 920 belli
2766 864 2947 921 clades
2988 864 3229 933 reliquos
3260 864 3385 920 fecit
3407 904 3423 931 ,

1851 952 2038 1008 saltem
2066 954 2267 1009 servire
2294 955 2495 1011 liceret.
2520 953 2550 993 δ
2572 956 2807 1011 Primum
2832 957 2992 1028 igitur
3016 970 3206 1028 agmen
3231 956 3425 1011 mulie-

1852 1062 1969 1103 rum
2007 1047 2135 1103 satis
2165 1048 2509 1116 miserabile,
2560 1056 2680 1117 post
2706 1049 2942 1104 virorum
2985 1050 3147 1120 magis
3190 1049 3419 1119 deforme

1852 1136 2150 1195 descendit.
2182 1138 2313 1194 Nam
2343 1139 2505 1195 fuisse
2534 1140 2816 1194 mulierum
2842 1140 3065 1210 triginta
3096 1140 3334 1209 quinque
3362 1153 3421 1207 Ι,

1852 1233 2087 1289 virorum
2118 1233 2327 1303 triginta
2356 1244 2424 1299 η,
2454 1233 2711 1288 memoria:
2740 1232 2998 1288 traditum
3027 1241 3130 1287 est.
3185 1230 3299 1287 Rex
3329 1232 3429 1286 As-

1852 1324 2041 1381 drubal
2068 1339 2127 1380 se
2154 1324 2295 1380 ultro
2323 1323 2340 1363 ί
2368 1325 2602 1389 dedidit,
2628 1340 2777 1379 suam
2805 1332 3000 1378 tantum
3024 1324 3250 1377 salutem
3290 1323 3433 1376 obti-

1854 1417 1984 1470 nuit.
2018 1415 2347 1486 'l‘ranslugre,
2393 1416 2483 1485 qui
2515 1416 2805 1484 IEsculapii
2836 1416 3094 1486 templum
3128 1424 3425 1484 Occupare-

1856 1517 2019 1574 runt,
2063 1509 2363 1563 voluntario
2398 1510 2690 1580 praecipitio
2716 1510 2825 1564 dati
2852 1549 2867 1574 ,
2920 1508 3081 1579 ignei
3119 1509 3430 1578 consumpti

1855 1609 1999 1655 sunt.
2051 1599 2318 1669 Quosquos
2365 1601 2544 1655 habere
2592 1602 2753 1670 potuit
2798 1601 3057 1657 Romanos
3103 1604 3426 1674 transfugas,

1855 1691 2034 1763 Scipio
2061 1693 2298 1748 crucibus
2324 1694 2520 1764 afflixit,
2549 1692 2756 1749 Latinos
2783 1697 2945 1749 securi
2976 1696 3243 1764 percussit.
3278 1695 3425 1752 Uxor

178 1793 449 1860 tribunus,
475 1798 532 1851 ut
557 1794 757 1853 dictum
782 1806 885 1861 est,
909 1797 1133 1852 militum
1164 1794 1233 1852 ibi
1261 1796 1539 1853 militabat.
1565 1802 1586 1829 ο
1607 1794 1750 1852 Huic

1867 1786 2167 1843 Asdrubalis
2195 1802 2312 1841 cum
2341 1789 2598 1843 ardentem
2626 1788 2981 1859 Carthaginem
3013 1790 3315 1861 aspexisset,
3341 1805 3429 1845 oce

175 1887 311 1958 apud
344 1905 514 1944 omnes
555 1900 727 1963 gentes
781 1899 953 1946 metus
998 1899 1053 1946 et
1098 1891 1395 1947 reverentia
1434 1899 1565 1947 erat.
1617 1890 1748 1949 Nat-

1867 1877 2019 1932 currit
2055 1879 2160 1933 viro
2189 1894 2281 1933 suo
2309 1890 2410 1934 una
2436 1894 2551 1933 cum
2578 1880 2775 1934 duobus
2807 1855 2976 1935 liberis
3000 1923 3013 1949 ,
3064 1855 3207 1951 sique
3254 1855 3382 1936 dixit
3411 1894 3431 1936 :

177 1988 233 2036 et
263 1981 641 2051 paratissimus
684 1982 751 2038 ad
793 1982 1152 2040 dimicandum
1178 2023 1193 2047 ,
1239 1992 1293 2039 et
1328 1984 1752 2042 consultissimus

178 2070 496 2129 habebatur.
532 2073 837 2145 ltaqueper
862 2090 981 2131 eum
1014 2074 1178 2131 multa
1208 2090 1238 2130 a
1263 2074 1574 2132 consulibus
1600 2086 1753 2146 gesta

175 2174 323 2229 sunt,
358 2180 459 2221 nec
487 2166 773 2236 quidquam
805 2165 971 2237 magis
999 2165 1081 2222 vel
1113 2160 1346 2232 Phanea,
1378 2167 1461 2222 vel
1490 2166 1758 2223 Asdrubal

176 2250 464 2323 vitabant,
518 2273 677 2327 quam
731 2265 916 2314 contra
967 2273 1083 2313 eam
1138 2265 1342 2328 partem
1394 2254 1756 2313 Romanorum

176 2351 537 2418 committere,
577 2350 664 2405 ubi
707 2351 887 2420 Scipio
916 2350 1211 2406 dimicaret.
1246 2349 1349 2406 Per
1376 2349 1515 2405 idem
1544 2359 1754 2420 tempus

177 2432 490 2500 Massinissa
522 2459 615 2498 rex
643 2436 988 2499 Numidarum
1016 2458 1110 2512 per
1136 2458 1303 2498 annos
1324 2458 1388 2498 ιι
1411 2440 1521 2499 fere
1548 2442 1752 2499 amicus

179 2539 363 2609 μορυιί
398 2537 501 2592 Ro.
531 2552 670 2593 anno
696 2540 818 2593 vita:
846 2539 1193 2607 nonagesimo
1218 2538 1443 2603 septimo
1463 2543 1491 2583 ὰ
1510 2550 1754 2593 mortuus

176 2640 293 2696 est,
334 2628 688 2685 ualentissima
710 2646 920 2699 corpore
949 2646 1146 2700 semper
1182 2646 1525 2699 perseverans.
1560 2629 1662 2685 Hic
1690 2639 1762 2686 est

183 2723 282 2788 uir,
310 2722 395 2793 qui
425 2739 687 2792 nunquam
720 2723 771 2776 in
796 2724 819 2753 ⁰
842 2720 1021 2790 imbre,
1052 2716 1129 2775 vel
1157 2723 1402 2787 maximo,
1432 2733 1585 2793 caput
1613 2722 1758 2789 texit,

183 2824 273 2866 aut
314 2813 528 2884 frigore.
578 2811 782 2868 Tandiu
818 2813 869 2866 in
906 2830 1007 2867 uno
1051 2814 1257 2884 vestigio
1296 2813 1471 2877 stetit,
1519 2824 1574 2866 ut
1617 2815 1762 2885 prius

178 2900 390 2979 juvenes
433 2900 732 2959 lassitudine
772 2906 1037 2970 cederent,
1079 2921 1233 2975 quant
1269 2905 1356 2959 ille
1396 2904 1534 2970 loco,
1583 2907 1633 2957 in
1665 2922 1763 2973 quo

181 3004 393 3049 steterat
424 3006 724 3050 moreretur.
769 2994 829 3051 Si
858 2996 1100 3063 stetisset,
1134 3012 1222 3050 nec
1251 2996 1530 3051 membrum
1560 2997 1765 3068 quidem

183 3096 291 3139 tota
324 3086 409 3140 die
447 3086 713 3141 movebat:
751 3087 793 3141 si
831 3090 924 3142 iter
953 3092 1114 3159 fuerat
1142 3089 1399 3159 ingressus
1429 3105 1575 3160 eques
1598 3132 1614 3156 ,
1664 3107 1765 3145 non

186 3175 524 3231 descendebat
552 3179 733 3249 pedes,
778 3179 926 3248 pedes
958 3196 1056 3233 non
1083 3181 1403 3235 ascendebat.
1452 3181 1759 3253 Solebatque
1789 3213 1838 3282 ο

182 3270 416 3338 equitum
440 3272 577 3325 nocti
600 3272 874 3341 swpissime
896 3273 1031 3327 diem
1044 3273 1280 3343 jungere,
1304 3284 1348 3328 et
1373 3276 1452 3328 sui
1475 3278 1755 3331 custodiam

182 3361 499 3431 tutelamque
536 3362 819 3418 siccissimis
858 3365 1063 3418 canibus
1103 3365 1455 3421 committebat.
1506 3364 1633 3421 Post
1664 3387 1763 3423 an-

179 3464 303 3507 num
336 3450 407 3509 86
435 3454 601 3522 ﬁlium
630 3458 820 3526 genuit,
854 3457 935 3510 cui
965 3473 1147 3510 nomen
1174 3450 1429 3511 Mechinia
1460 3459 1577 3529 fuit,
1629 3459 1761 3516 nihil

179 3548 321 3614 quod
341 3546 551 3617 juvenis
582 3547 804 3617 fecerat,
851 3548 944 3602 cavi
978 3548 1157 3602 ultimo
1195 3552 1533 3619 praetermisit.
1585 3549 1759 3621 Igitur

181 3632 498 3693 Massinissa
522 3648 742 3705 mortuo,
786 3638 853 3695 44
888 3638 1009 3695 [iliis
1035 3641 1253 3706 relictis,
1283 3641 1588 3711 Scipionem
1620 3643 1760 3700 inte‘r

180 3729 325 3783 ﬁlios
376 3743 505 3783 suos
553 3727 838 3785 divisorem
887 3745 1004 3787 esse
1042 3730 1219 3800 jussit.
1270 3731 1449 3802 Scipio
1489 3743 1756 3803 postquam

182 3814 504 3876 Massinissa:
531 3821 651 3891 ﬁliis
678 3818 937 3877 Numidia:
956 3838 1166 3895 regnum
1190 3824 1763 3898 divisitLCarthaginem

182 3922 257 3967 est
302 3930 552 3969 reversus.
606 3908 852 3981 Manlius}
892 3914 1170 3986 Tltegalam
1228 3916 1399 3973 urbem
1457 3921 1765 3991 expugnavit

183 4016 340 4076 atque
390 4007 643 4076 diripuit,
695 4024 810 4063 sim
840 4009 907 4062 ibi
936 4010 1177 4079 Afrorum
1211 4026 1341 4065 caesa
1365 4054 1381 4080 ,
1431 4028 1521 4067 sex
1549 4029 1585 4067 tt
1614 4024 1763 4083 capta

183 4106 324 4153 sunt.
379 4096 633 4151 Asdrubal
676 4096 945 4154 Poenorum
976 4101 1082 4155 dua:
1113 4096 1429 4157 Massinisste
1462 4121 1615 4173 nepos
1645 4107 1767 4160 sub-

183 4191 452 4244 selliorum
479 4189 779 4261 fragmentis
812 4191 862 4245 in
891 4192 1033 4246 curia
1069 4208 1101 4245 a
1135 4193 1240 4247 suis
1268 4204 1475 4264 propter
1505 4194 1767 4264 Scipionis

185 4284 526 4355 proditionem
560 4282 753 4339 occisus
782 4295 874 4339 est.
929 4286 1073 4340 Anno
1116 4285 1175 4341 ab
1207 4285 1343 4342 Urbe
1369 4289 1521 4345 cond.
1555 4288 1677 4355 606,
1707 4288 1762 4345 id

186 4384 283 4441 cst,
324 4391 461 4428 anno
513 4389 564 4428 ιι
614 4383 724 4445 post
769 4375 953 4430 bellum
984 4374 1238 4430 Punicum
1279 4378 1561 4432 secundum
1588 4419 1604 4445 ,
1654 4378 1750 4436 Cn.

192 4465 410 4522 Lentulo
432 4460 684 4535 Cornelio,
710 4458 770 4521 L.
791 4467 1033 4523 Memmio
1054 4486 1185 4525 coss.
1216 4470 1349 4528 Cum
1377 4472 1535 4544 igitur
1554 4472 1762 4531 clarum

1867 1970 1994 2026 Viue
2020 1980 2095 2041 tu,
2126 1973 2213 2040 qui
2240 1980 2491 2040 superstes
2518 1987 2622 2027 esse
2649 1969 2975 2045 Carthaginis
3006 1974 3139 2044 potis
3172 1988 3243 2030 es.
3284 1972 3428 2028 Nam

1861 2065 2057 2133 frustra
2080 2079 2173 2130 pro
2202 2063 2344 2117 nobis
2367 2065 2580 2132 rogasti.
2616 2062 2681 2117 Et
2704 2072 2807 2118 tum
2832 2081 2945 2119 eum
2970 2065 3251 2121 volentibus
3276 2066 3427 2137 filiis,

1859 2154 1994 2209 virili
2021 2153 2216 2221 dolore,
2249 2152 2428 2211 furum
2470 2154 2700 2210 femineo
2720 2200 2732 2223 ,
2765 2156 2817 2210 in
2846 2157 3077 2212 modium
3109 2172 3167 2214 se
3192 2157 3322 2229 iecit
3350 2159 3433 2214 in-

1859 2245 2128 2312 eendiunt,
2157 2249 2388 2301 eumdem
2430 2262 2566 2301 nunc
2592 2249 2771 2301 ntortis
2807 2250 2998 2303 exitum
3040 2250 3232 2319 faciens
3270 2252 3433 2306 nouis-

1860 2339 1991 2393 sima
2008 2339 2183 2409 regina
2202 2336 2547 2410 Carthaginis,
2572 2355 2719 2406 quem
2742 2341 2999 2410 quendam
3026 2344 3191 2412 prima
3212 2344 3434 2413 fecisset,

1864 2428 1978 2499 ipsa
2006 2437 2183 2483 autem
2212 2427 2400 2485 civitas
2428 2445 2539 2484 xvtt
2562 2431 2830 2486 continuis
2856 2432 3046 2488 diebus
3074 2434 3239 2499 arsit,
3274 2434 3437 2490 misce

1863 2534 2087 2590 rumque
2114 2520 2473 2591 spectaculum
2501 2522 2827 2579 decuriam
2856 2525 3158 2581 conditionis
3198 2525 3436 2581 humana

1863 2614 2155 2669 victoribus
2181 2616 2293 2669 suis
2321 2612 2347 2653 ι
2373 2615 2615 2683 praebuit.
2644 2617 2824 2673 Diruta
2852 2626 2933 2673 est
2961 2628 3139 2674 autem
3166 2619 3433 2690 Carthago

1863 2705 2010 2761 omni
2036 2703 2055 2743 1
2080 2707 2273 2761 murali
2303 2707 2477 2775 lapide
2503 2710 2559 2762 in
2589 2709 2858 2778 pulverem
2891 2712 3243 2777 commnuto,
3274 2710 3427 2780 cujus

1863 2796 2031 2853 fuisse
2054 2798 2185 2853 situs
2208 2798 2509 2869 huiusmodi
2530 2799 2742 2855 dicitur.
2770 2801 2963 2872 Viginti
2989 2802 3096 2857 duo
3122 2819 3159 2859 ι
3190 2814 3438 2873 passuum

1864 2892 2106 2960 amplexa
2138 2906 2290 2946 muro
2313 2932 2328 2956 ,
2382 2901 2490 2948 tota
2530 2907 2669 2963 pene
2697 2895 2832 2949 mari
2862 2896 3200 2965 cingebatur,
3231 2898 3433 2969 absque

1864 2980 2124 3050 faucibus,
2149 2991 2189 3020 ιι
2211 2998 2328 3055 quae
2356 3001 2390 3039 a
2426 2985 2595 3041 tribus
2652 2984 2885 3042 millibus
2933 2996 3182 3055 passuum
3230 2988 3437 3059 aperie—

1866 3074 2078 3129 bantur.
2131 3075 2179 3130 ls
2222 3076 2373 3132 locus
2422 3092 2632 3132 murum
2661 3092 2762 3133 su
2793 3079 2954 3147 pedes
2999 3081 3163 3134 latum
3208 3080 3440 3147 habuit,

1866 3181 1998 3222 saxo
2024 3167 2305 3237 quadrato,
2338 3169 2392 3224 in
2418 3167 2698 3225 altitudine
2724 3172 3026 3226 cubitorum
3050 3178 3078 3208 ³
3101 3186 3185 3226 ιι..
3220 3172 3331 3227 Ars
3352 3172 3439 3227 cui

1868 3259 2047 3329 Byrsae
2077 3274 2272 3315 nomen
2302 3270 2415 3315 erat
2434 3302 2449 3327 ,
2491 3262 2652 3332 paulo
2679 3262 2903 3333 amplius
2930 3276 3091 3334 quam
3118 3265 3229 3319 duo
3254 3278 3291 3319 tt
3318 3280 3441 3334 pas-

1865 3365 2020 3406 suum
2053 3352 2287 3407 tenebat.
2322 3352 2397 3407 Ex
2423 3369 2528 3410 una
2558 3358 2705 3423 parte
2733 3369 2919 3410 murus
2943 3357 3108 3425 fuerat
3140 3358 3442 3414 communis

1868 3444 2037 3510 urbis,
2061 3453 2117 3501 et
2136 3445 2334 3516 Byrsae,
2359 3446 2646 3503 imminens
2666 3448 2819 3503 mari.
2847 3449 2999 3516 Quod
3024 3462 3169 3505 mare
3194 3458 3441 3521 stagnum

1866 3533 2082 3603 dicitur,
2108 3537 2361 3606 quoniam
2388 3535 2600 3606 obiectu
2630 3549 2892 3608 protenta:
2921 3540 3112 3611 linguae
3137 3545 3165 3577 ο
3187 3542 3444 3617 tranquil-

1868 3626 2023 3680 tatur.
2077 3628 2259 3697 Spolia
2306 3628 2377 3684 ibi
2420 3629 2671 3695 inventa,
2708 3644 2829 3701 quae
2858 3635 3121 3687 variarum
3169 3634 3442 3688 civitatum

1866 3718 2090 3775 excidiis
2115 3720 2386 3791 Carthago
2413 3720 2742 3791 collegerat,
2789 3732 2843 3777 et
2884 3730 3197 3779 ornaments
3229 3724 3439 3779 urbium

1868 3814 2174 3870 civitatibus
2202 3813 2424 3881 Sicilia,
2458 3814 2641 3882 italiae,
2676 3814 2870 3871 Africae
2900 3816 3164 3881 reddidit,
3203 3828 3322 3887 quas
3347 3830 3444 3872 sua

1868 3907 2340 3976 recognoscebant.
2396 3905 2480 3961 Ita
2518 3906 2777 3981 Carthago
2825 3918 2924 3964 ccc
2966 3909 3118 3962 annis
3169 3917 3441 3977 postquam

1868 4002 2077 4057 condita
2100 4011 2209 4057 erat
2229 3998 2401 4056 deleta
2426 4009 2501 4057 est
2520 4011 2568 4055 Ρ.
2596 4000 2878 4056 Multitudo
2905 4004 3070 4056 omnis
3093 4004 3433 4070 captivorum,

1868 4098 2091 4166 exceptis
2120 4097 2293 4165 paucis
2324 4095 2657 4164 principibus,
2685 4097 2975 4150 venundata
2999 4105 3093 4150 est.
3118 4096 3175 4150 ln
3222 4106 3433 4166 quarto,

1869 4198 2027 4257 quam
2056 4198 2289 4257 cleptum
2316 4187 2413 4242 I‘uit
2436 4232 2452 4258 ,
2494 4202 2655 4255 anno,
2690 4189 2885 4245 bellum
2930 4188 3183 4243 Punicum
3227 4191 3442 4246 tertium

1872 4280 2213 4335 terminatum
2244 4288 2345 4335 est.
2400 4281 2581 4350 Scipio
2609 4286 2800 4335 nomen
2821 4323 2835 4348 ,
2874 4283 3014 4352 quod
3046 4292 3175 4339 avus
3205 4283 3322 4355 ejus
3349 4296 3444 4338 ac~

1871 4381 2116 4441 ceperat,
2161 4371 2389 4440 meruit,
2434 4372 2636 4428 scilicet
2664 4382 2723 4428 ut
2759 4384 2974 4445 propter
3002 4377 3248 4432 virtutem
3279 4378 3439 4434 etiam

1870 4470 1986 4539 ipse
2015 4463 2294 4521 Africanus
2315 4474 2344 4516 τι
2365 4465 2529 4521 minor
2550 4475 2573 4504 ι
2598 4475 2895 4525 vocaretur.
2934 4467 3106 4541 Igitur
3129 4487 3162 4526 a
3185 4471 3284 4528 Ro.
3313 4470 3435 4527 Car.

189 4592 339 4649 pente
370 4583 561 4657 tradita
586 4590 658 4635 est
682 4622 697 4648 ,
744 4593 796 4637 ut
822 4583 971 4653 facile
995 4600 1057 4638 ea:
1086 4602 1144 4657 ea
1173 4594 1277 4640 tota
1305 4589 1341 4639 Α
1353 4589 1487 4657 frica
1515 4596 1767 4657 potuisset
1792 4578 1848 4642 D
1872 4586 2104 4650 serabile,
2127 4590 2236 4654 post
2260 4583 2482 4637 uirorum
2509 4580 2786 4637 descendit.
2816 4572 2957 4639 Nam
2981 4583 3140 4657 fuisse
3165 4586 3436 4643 mulierum

189 4652 427 4729 armaria
459 4652 561 4717 Qui
608 4661 871 4729 postquam
919 4669 1063 4729 arma
1091 4654 1240 4709 Rom.
1272 4652 1626 4729 tradiderunt,
1678 4652 1765 4722 re;

190 4723 313 4775 ﬁcta
344 4722 747 4809 urbe,‘recedﬁe
796 4726 972 4809 procul
1016 4743 1047 4777 ιι
1089 4729 1220 4809 mari
1247 4743 1315 4781 xu
1344 4745 1585 4809 passuum
1610 4722 1768 4805 'jussi

189 4804 329 4917 rust.
364 4795 785 4918 Cart'thaginenses
813 4796 1039 4850 dolorem
1065 4798 1135 4849 ad
1160 4795 1562 4868 desperationem
1584 4795 1769 4862 contu-

216 4876 385 4920 erunt.
412 4880 442 4920 e
468 4881 517 4919 ο.

369 4909 385 4932 ’
412 4904 517 4920 νιν.

264 4944 286 4968 υ
322 4936 416 5017 με,
448 4934 678 5005 Oppressi
718 4945 864 5005 atque
910 4937 1120 5006 repulsi.
1172 4936 1262 5007 A.,
1294 4942 1411 4995 victi
1447 4954 1567 4998 sunt
1616 4956 1769 5017 atque

192 5006 418 5154 "iiii,
449 5074 646 5154 ξαφεα
670 5089 765 5143 pro
782 5075 1032 5154 ‘Pltanea.
1055 5076 1129 5132 Ita
1157 5079 1209 5134 in
1238 5081 1304 5135 ll.
1328 5090 1381 5136 et
1410 5046 1636 5154 Eutrop:

269 5157 292 5219 ς
321 5150 419 5219 ᾼ,,
449 5146 625 5219 Hujus
652 5146 792 5215 apud
818 5164 989 5201 omnes
1016 5151 1192 5219 ingens
1220 5164 1403 5216 metus,
1427 5164 1531 5208 etc.

264 5212 389 5274 tiA.
443 5228 497 5292 et
534 5212 629 5292 li.,
680 5212 1092 5292 mortuusgxunt'
1128 5220 1205 5288 ﬁt.
1253 5212 1483 5290 relictis,
1537 5235 1665 5292 elc.,
1716 5236 1770 5284 el

200 5299 319 5368 post
342 5288 563 5344 verbum
586 5287 743 5359 jussit
765 5326 781 5354 ,
832 5290 1013 5345 emiss.
1042 5287 1161 5345 eaet.
1194 5292 1408 5363 legunt:
1440 5287 1566 5349 Cum
1608 5287 1768 5368 igitur

198 5360 349 5423 clam,
369 5369 478 5414 etc.

273 5440 296 5501 ξ’
330 5432 385 5501 in
416 5429 647 5485 editione
672 5427 973 5495 Cattisiana,
999 5430 1184 5501 ymbri.

273 5498 293 5538 t
329 5500 550 5579 [fuique
577 5509 696 5569 post
720 5516 794 5565 v.,
837 5498 1039 5579 factus',
1090 5512 1138 5555 et
1184 5513 1365 5579 contra
1407 5504 1767 5579 Carthaginem

203 5580 272 5625 est
300 5573 527 5626 missus:
557 5582 731 5626 contra
755 5588 910 5639 quam
936 5574 1058 5626 dum
1093 5587 1184 5630 sex
1222 5576 1397 5631 diebus
1443 5573 1769 5651 noctibusque

204 5652 607 5792 fui'gfgbcte.
637 5712 808 5792 Locus
827 5712 1049 5771 vitiosus
1075 5723 1131 5769 et
1157 5717 1396 5785 mutilus,
1433 5719 1569 5777 forte
1588 5721 1766 5792 legen-

207 5783 324 5840 dum
352 5787 446 5839 sub
474 5795 687 5840 noctem.
714 5786 894 5839 CANIS.

270 5851 299 5893 ιι
330 5858 399 5911 Δ.
427 5863 486 5912 et
509 5856 576 5913 ﬂ.
602 5875 615 5911 :
660 5860 732 5911 Ac
758 5856 979 5927 primum
1004 5874 1187 5933 agmen
1214 5861 1486 5921 mulierum
1514 5866 1636 5921 satis
1661 5865 1759 5923 ml-

1868 4675 2033 4724 xxvu,
2059 4668 2165 4713 etc.

1945 4729 1963 4769 ί
1996 4722 2086 4797 Ᾱ.,
2118 4726 2330 4783 dedidit.
2363 4722 2689 4797 Transfuga,
2719 4733 2825 4780 etc.

1944 4813 1958 4853 t
1999 4794 2149 4856 A.'et
2179 4798 2285 4853 H.:
2332 4795 2613 4865 consumpti
2650 4804 2791 4850 sunt.
2842 4794 2987 4852 Uxor
3037 4797 3337 4854 Asdrubalis
3384 4816 3439 4854 se

1868 4888 2083 4942 suosque
2125 4870 2264 4942 ﬁlios
2298 4883 2465 4921 secum
2506 4864 2722 4942 femineo
2754 4870 2926 4935 furore
2964 4867 3020 4942 in
3054 4867 3278 4942 medium
3305 4867 3441 4942 jecit

1868 4936 2179 4999 incendium.
2238 4938 2361 5009 Ipsa
2403 4945 2573 4990 autem
2616 4936 2795 4991 civitas
2836 4950 2925 4992 xn
2966 4936 3139 4993 diebus
3182 4936 3434 4994 continuis

1870 5023 2363 5141 mgi’fibitverbum
2388 5080 2605 5148 praebuit
2625 5078 2784 5133 ambo
2808 5077 2913 5147 leg.
2935 5093 2950 5133 :
2975 5077 3256 5134 Multitudo
3277 5080 3441 5134 omnis

1869 5160 2204 5281 giptivorum,
2224 5151 2443 5222 exceptis
2474 5152 2653 5220 paucis
2678 5148 3010 5219 principibus,
3036 5151 3320 5204 venundata
3340 5158 3438 5209 est.

1923 5230 2075 5281 iruta.
2104 5235 2205 5280 etc.

1923 5230 2075 5291 iruta,
2104 5235 2205 5280 etc.

1944 5294 1963 5334 ι
1998 5298 2086 5361 Η.,
2113 5293 2354 5349 ntirabili.

1942 5376 1980 5403 η’
2013 5368 2102 5431 Η..
2130 5382 2242 5437 qua:
2271 5362 2450 5437 tribus.
2484 5362 2613 5437 item
2644 5362 2709 5416 Α.
2733 5368 2935 5437 noster.

1940 5446 1967 5473 η
1998 5430 2095 5508 A.,
2120 5430 2236 5506 post
2262 5452 2349 5499 xc,
2382 5435 2475 5495 A.,
2495 5433 2661 5500 Saxo,
2688 5432 2770 5487 cui
2788 5444 2973 5486 nomen
2997 5430 3178 5503 Byrsa
3198 5442 3327 5490 erat.

1943 5516 1968 5543 °
2017 5512 2111 5575 A.,
2149 5508 2517 5578 strangulatur.

1940 5589 1968 5629 ι)
1997 5584 2061 5636 Α.
2098 5572 2255 5633 Ἠίιω
2282 5572 2457 5647 (agit:
2511 5572 2600 5629 Ita
2641 5582 2821 5645 quarto
2867 5585 3020 5643 quant
3067 5583 3285 5647 captum
3342 5579 3440 5649 fuit

1870 5650 2057 5708 bellum
2092 5660 2314 5711 tertium,
2346 5658 2449 5703 eset

1939 5734 1965 5774 ς
2008 5724 2096 5793 Au
2130 5722 2325 5793 junior.

1943 5804 1965 5832 ι
2007 5788 2081 5847 Α.’
2102 5788 2155 5846 et
2182 5792 2269 5854 Η..
2291 5805 2404 5861 p051
2428 5799 2711 5859 uocaretur,
2727 5788 2912 5849 etuias.
2938 5799 3084 5861 catt,
3108 5791 3286 5849 statim
3308 5789 3437 5853 suhr

1867 5867 2000 5926 dent
2028 5884 2041 5921 ς
2064 5863 2301 5933 Interim,
2328 5875 2434 5921 etc.
