3920 6336
515 331 622 393 799

1408 328 1609 386 psum
1647 326 1919 387 DlACONl
1945 326 2101 388 ore.
2138 328 2320 389 psus
2353 328 2397 387 ι.
2435 356 2507 373 -
2543 306 2935 389 msromcs.’
3044 292 3047 293 ί
3610 350 3688 409 εοο

516 452 724 525 thagine
756 458 940 521 capta,
978 447 1228 521 spoliatus
1256 455 1330 501 est
1354 463 1388 501 a
1413 447 1717 517 quibusdam
1746 445 1940 513 Apollo
1965 454 2099 501 veste
2122 451 2176 511 Α
2202 447 2433 500 diernum
2463 446 2625 513 diem,
2667 446 2772 501 sive
2821 461 2886 501 ea:
2913 446 3050 515 ipso,
3078 444 3179 501 sive
3220 461 3281 501 es:
3321 450 3567 512 imitatione
3591 462 3691 531 ei”,

516 560 692 599 aurea.
743 542 933 598 Postea
957 542 1172 595 inventa:
1196 548 1315 595 sunt
1344 554 1460 594 cum
1485 540 1669 594 crustis
1699 538 1884 593 tunicas
1912 553 2097 593 manus

515 654 690 693 eorum
714 637 804 705 qui
829 637 1167 692 abstulerant.

586 728 801 783 interim
832 730 885 783 in
916 727 1221 783 Hacedonia
1246 726 1458 796 quidam
1482 725 1969 796 Pseudopltilippus
1994 740 2096 781 ar-

514 840 598 881 ma
624 824 808 891 movit,
836 814 892 880 et
924 826 1024 881 lto.
1055 834 1335 893 praetorem
1368 824 1502 879 Pub.
1548 824 1860 881 Iuventium
1912 833 2100 879 contra

513 929 572 969 se
615 915 838 970 missum
870 914 937 969 ad
987 914 1413 970 internecionem
1464 916 1611 970 vicit.
1673 915 1800 969 POSt
1848 930 1974 969 eum
2029 913 2095 981 Q.

514 1008 744 1064 Cecilius
771 1008 1016 1064 Metellus
1045 1009 1152 1063 dux
1194 1024 1222 1061 a
1257 1008 1516 1064 Romanis
1548 1018 1734 1063 contra
1763 1008 2100 1078 Pseudophi-

513 1101 713 1171 lippum
747 1101 944 1156 missus
969 1110 1069 1167 est,
1093 1112 1148 1156 et
1171 1108 1197 1135 ⁸
1229 1102 1417 1173 viginti
1463 1100 1700 1156 millibus
1731 1101 1946 1165 occisis,
1982 1102 2097 1156 Ma-

511 1195 789 1251 cedoniam
822 1197 1024 1265 recepit
1055 1214 1069 1250 :
1100 1197 1273 1264 ipsum
1301 1196 1463 1251 etiam
1493 1195 2006 1265 Pseudophilippum
2042 1196 2095 1251 in

511 1296 831 1357 potestatem
863 1303 1012 1342 suam
1042 1288 1274 1357 redegit.

585 1377 732 1431 Anno
775 1377 837 1429 ab
871 1376 1003 1432 Urbe
1041 1380 1246 1433 condita
1275 1378 1399 1447 606,
1428 1385 1457 1425 b
1490 1380 1585 1432 hoc
1626 1388 1723 1445 est,
1755 1380 1929 1433 eodem
1961 1394 2097 1434 anno

509 1485 610 1539 quo
661 1469 918 1542 Carthago
969 1472 1137 1527 deleta
1164 1486 1260 1539 est,
1315 1473 1410 1529 Cn.
1464 1473 1702 1529 Cornelio
1752 1474 1996 1538 Lentulo,
2033 1474 2096 1528 L.

514 1559 771 1616 Mummio
801 1579 957 1626 coss.,
1014 1566 1219 1618 ruinam
1264 1564 1591 1637 Carthaginis
1632 1566 1823 1621 eversio
1868 1565 2095 1620 Corinthi

509 1656 778 1711 subsecuta
825 1667 948 1712 est:
1010 1658 1334 1729 duarumque
1384 1660 1847 1727 potentissimarum
1889 1660 2091 1715 urbium

508 1765 662 1817 parvo
684 1750 833 1805 unius
883 1753 1124 1819 temporis
1184 1751 1453 1806 intervallo
1501 1769 1590 1820 per
1639 1753 1864 1806 diversas
1923 1763 2093 1821 partes

509 1841 685 1896 mundi
709 1844 1000 1897 miserabile
1027 1846 1242 1898 colluxit
1265 1846 1572 1898 incendium.
1609 1844 1747 1897 Nam
1769 1861 1884 1898 cum
1910 1844 2093 1900 Metel-
2122 1845 2170 1903 Β

508 1935 589 2014 {us
624 1936 823 1997 l’rcetor
852 1936 1084 2003 Achivos,
1139 1935 1460 2005 Bteotiosque
1496 1940 1747 1992 convictos
1776 1939 1971 1992 duobus
1997 1939 2100 1993 bel-

510 2026 594 2090 lis,
625 2027 719 2080 hoc
761 2036 855 2093 est,
907 2029 1071 2095 primo
1098 2029 1236 2096 apud
1279 2026 1665 2098 Thermopylas,
1712 2031 1894 2083 iterum
1925 2040 2099 2097 postea

504 2116 561 2171 in
594 2116 824 2172 Phocide
858 2120 1079 2185 vicisset,
1110 2136 1287 2174 eorum
1319 2121 1486 2188 priore
1514 2120 1641 2174 bello
1681 2122 1849 2174 occisa
1889 2138 1994 2175 esse
2019 2122 2097 2175 vi-

507 2209 637 2279 ginti
663 2211 850 2275 millia,
874 2213 1099 2265 secundo
1123 2227 1193 2266 γη
1214 2211 1377 2265 millia
1401 2227 1530 2265 caesa
1559 2210 1806 2266 Claudius
1827 2214 2098 2268 historicus

506 2302 680 2369 refert.
721 2301 958 2357 Valerius
983 2304 1138 2357 etiam
1166 2304 1345 2358 Antias
1386 2305 1440 2357 in
1471 2306 1667 2358 Achaia
1710 2316 2016 2377 pugnatum,
2049 2314 2097 2359 et

509 2394 685 2463 viginti
714 2394 877 2449 millia
900 2396 1201 2449 Achivorum
1228 2412 1343 2449 cum
1369 2397 1496 2450 dure
1518 2414 1611 2451 suo
1636 2396 1829 2451 Ilieuco
1858 2399 2100 2454 cecidisse

506 2486 796 2550 confirmat.
830 2488 890 2538 At
912 2503 1027 2541 vero
1054 2487 1299 2559 Polybius
1320 2489 1562 2551 Achivus,
1591 2491 1816 2559 quamvis
1843 2492 1891 2543 in
1920 2491 2096 2561 Africa

507 2594 623 2631 cum
655 2577 898 2648 Scipione
946 2581 1119 2647 fuerit,
1165 2590 1330 2636 tamen
1367 2584 1486 2651 quia
1525 2583 1853 2635 domesticam
1898 2584 2097 2637 cladem

509 2668 750 2739 ignorare
774 2686 872 2723 non
906 2671 1085 2736 potuit,
1115 2671 1268 2725 semel
1298 2672 1351 2725 in
1379 2672 1575 2725 Achaia
1606 2683 1888 2743 pugnatum
1930 2673 2097 2728 Crito-

506 2760 592 2815 lao
616 2760 745 2816 duce
773 2762 972 2816 asserit.
1013 2763 1260 2817 ltieucum
1286 2779 1403 2817 vero
1426 2764 1761 2818 adducentem
1792 2780 1854 2819 ea
1874 2764 2096 2818 Arcadia

503 2856 694 2911 milites
719 2855 781 2909 ab
803 2858 978 2910 eodem
1007 2856 1217 2912 Metello
1245 2874 1545 2927 Oppressum
1584 2874 1698 2910 cum
1743 2858 1962 2911 exercitu
1997 2858 2093 2910 do-

505 2958 603 3003 cet.
648 2948 753 3004 Sed
780 2950 840 3002 de
865 2950 1109 3005 varietate
1156 2950 1554 3003 discordantium
1600 2949 1964 3002 historicorum
1994 2948 2094 3001 ali—

504 3054 697 3115 quanta
726 3045 840 3114 jam
867 3046 1108 3110 diximus,
1156 3062 1374 3114 quorum
1413 3045 1625 3115 sufficiat
1657 3046 1849 3099 detecta
1887 3046 2014 3107 lucc,
2048 3054 2095 3099 et

506 3137 641 3192 male
661 3148 781 3191 nota
805 3139 1186 3192 mendaciorum
1217 3150 1361 3204 nota,
1395 3139 1517 3208 quia
1561 3155 1743 3207 parum
1787 3137 2094 3192 credendum

507 3229 563 3283 in
583 3231 775 3283 cteteris
801 3230 1056 3283 evidenter
1079 3231 1370 3295 ostendunt,
1413 3231 1501 3298 qui
1530 3230 1581 3282 in
1608 3230 1687 3283 his
1716 3245 1937 3298 quoque,
1976 3244 2091 3294 qua:
2119 3212 2167 3274 (ἶ
2198 3215 2285 3265 ’ίαν

508 3321 611 3392 ipsi
636 3321 825 3387 videre,
855 3322 1037 3376 diversi
1077 3330 1215 3376 sunt.
1272 3319 1442 3391 Igitur
1494 3328 1605 3391 post
1649 3322 1900 3375 exstincta
1944 3320 2097 3374 totius

507 3410 719 3467 Achaia:
742 3413 985 3482 praesidia
1024 3413 1379 3468 destitutarum
1412 3413 1726 3468 eversionem
1752 3413 1953 3466 urbium
1980 3410 2094 3465 Me-

509 3505 629 3560 tello
688 3514 905 3574 praetore
960 3506 1251 3571 meditante,
1305 3505 1423 3561 Cos.
1474 3504 1755 3559 Mummius
1806 3505 2099 3570 repentinus

509 3613 627 3652 cum
657 3600 835 3666 paucis
863 3599 992 3651 venit
1017 3599 1069 3650 in
1098 3607 1288 3654 castra.
1309 3599 1431 3664 Qui,
1461 3598 1669 3651 dimisso
1704 3596 1877 3649 statim
1908 3594 2097 3649 Metel-

509 3689 581 3757 lo,
608 3686 908 3742 Corinthum
953 3688 1321 3743 nobilissimam
1360 3690 1615 3743 civitatem
1644 3686 1859 3743 ercite
1885 3698 2098 3757 propter

510 3779 756 3851 injuriam
784 3778 1066 3849 legatorum
1098 3780 1453 3835 Romanorum
1500 3781 1608 3833 sine
1645 3795 1788 3832 ntora
1828 3795 2097 3848 expugna-

509 3873 597 3937 vit,
642 3883 749 3927 toto
800 3883 916 3926 tunc
962 3873 1082 3927 orbe
1132 3875 1281 3942 longe
1319 3873 1519 3928 clariss.
1554 3871 1796 3927 Omnium
1842 3873 1978 3926 enim
2007 3889 2094 3925 ar-

508 3966 704 4036 tiﬁcum
743 3977 895 4035 atque
938 3967 1280 4035 artificiorum
1306 3966 1523 4036 officina,
1564 3974 1609 4019 et
1648 3965 1930 4034 emporium
1958 3980 2091 4017 com-

509 4074 661 4113 mune
687 4056 842 4122 Asite,
888 4067 1040 4126 atque
1081 4056 1327 4127 Europe,
1378 4071 1469 4125 per
1511 4057 1674 4110 multa
1723 4067 1859 4110 retro
1905 4055 2096 4109 stecula

510 4150 627 4219 fuit.
661 4148 926 4202 Permissa
957 4150 1114 4220 igitur
1158 4149 1431 4201 crudeliter
1457 4156 1529 4201 est
1573 4148 1792 4218 captivos
1824 4146 2092 4215 pra'dandi

512 4242 719 4296 licentia
750 4257 767 4294 :
797 4243 967 4308 sicque
988 4242 1159 4295 omnia
1192 4239 1434 4306 aedibus,
1474 4240 1772 4309 ignibusque
1796 4249 2096 4307 consumpta

512 4345 648 4401 sunt,
673 4344 726 4389 ut
756 4335 816 4388 de
841 4351 1106 4388 murorum
1145 4335 1362 4400 ambitu,
1389 4336 1535 4405 quasi
1563 4352 1591 4387 e
1618 4335 1817 4387 camino
1847 4334 1899 4386 in
1935 4350 2097 4386 unum

513 4426 709 4495 apicem
753 4435 1067 4480 coarctatum
1095 4426 1375 4480 exundaret
1418 4426 1729 4480 incendium.
1762 4424 1944 4493 Itaque
1973 4426 2094 4492 plu-

514 4519 644 4571 rima
670 4527 815 4587 parte
838 4516 1012 4585 populi
1050 4517 1206 4584 ferro,
1238 4518 1561 4587 flammisque
1602 4525 1924 4585 consumpta,
1968 4516 2092 4568 reli-

2201 553 2271 593 ass
2326 536 2674 602 Corinthium,
2727 538 2859 592 sicut
2913 540 3205 594 memoriale
3275 544 3492 598 traditum
3538 560 3613 619 est,
3658 564 3695 610 ιι

2200 628 2468 683 Corinthia
2496 646 2618 684 vasa
2646 630 2907 685 dicuntur.
2972 631 3162 686 Eodem
3206 642 3413 701 tempore
3454 641 3585 695 simul
3624 656 3695 702 tres

2199 718 2386 776 Romae
2438 720 2775 776 celeberrimi
2822 722 3077 789 triumphi
3124 724 3365 780 fuerunt:
3416 727 3609 786 Africani
3637 751 3685 791 ex

2202 813 2402 882 Africa,
2431 824 2484 867 et
2513 823 2635 868 ante
2663 828 2877 869 currum
2923 814 3042 883 ejus
3092 813 3279 871 ductus
3329 827 3404 872 est
3452 820 3695 878 Asdrubal:

2204 906 2401 962 Metelli
2439 922 2505 962 ex
2537 906 2864 975 Macedonia,
2889 906 3043 976 cujus
3068 921 3277 962 currunt
3309 913 3551 976 praecessit
3576 924 3593 950 ο
3619 916 3700 969 An-

2201 999 2428 1060 driscus,
2472 997 2613 1054 idem
2640 1000 2727 1068 qui
2764 1008 2819 1052 et
2851 998 3327 1068 Pseudophilippus
3353 1018 3364 1052 :
3396 1001 3596 1057 Mummii
3612 1020 3701 1060 vero

2200 1105 2265 1145 ex
2295 1088 2574 1154 Corintho,
2605 1097 2731 1145 ante
2775 1104 2931 1157 quem
2962 1090 3111 1159 signa
3141 1105 3307 1157 aenea,
3336 1101 3387 1147 et
3432 1094 3562 1162 pictae
3591 1098 3699 1149 tabu.

2203 1179 2291 1246 lae,
2320 1181 2509 1235 etalio
2555 1180 2703 1236 urbis
2753 1181 2958 1235 clariss.
3011 1192 3313 1237 ornamenta
3371 1186 3562 1253 praelata
3596 1198 3699 1241 sunt.

2198 1268 2393 1323 lterum
2428 1271 2480 1322 in
2511 1270 2820 1326 Macedonia
2849 1268 2876 1307 εὶ
2906 1271 3360 1341 Pseudoperseus,
3390 1276 3471 1342 qui
3490 1288 3540 1330 se
3562 1274 3702 1332 Persei

2201 1362 2365 1417 ﬁlium
2412 1378 2534 1418 esse
2587 1364 2819 1429 dicebat,
2874 1364 3111 1419 collectis
3159 1367 3330 1421 servis
3375 1366 3628 1431 rebellavit,
3662 1378 3701 1423 et

2199 1467 2318 1507 cum
2347 1452 2454 1521 jam
2482 1469 2605 1506 xvm
2630 1466 2956 1509 armatorum
2983 1455 3219 1522 haberet,
3262 1470 3292 1510 a
3317 1456 3577 1512 Tremellio
3599 1473 3705 1527 quae-

2198 1552 2343 1599 store
2372 1548 2395 1575 °
2425 1554 2705 1615 superatus
2751 1558 2852 1600 est.
2902 1545 3108 1601 Interea
3152 1548 3245 1602 Cn.
3278 1547 3499 1602 Cornelio
3526 1549 3709 1614 Lentulo,

2198 1635 2261 1688 L.
2291 1636 2537 1690 Mummio
2566 1654 2723 1704 coss.,
2758 1636 2985 1692 Viriatus
3019 1640 3073 1693 in
3108 1637 3379 1710 Hispania,
3410 1657 3570 1712 genere
3606 1641 3714 1696 Lusi-

2200 1735 2370 1793 tanus,
2407 1727 2555 1779 homo
2609 1730 2907 1795 pastoralis,
2939 1739 2985 1783 et
3026 1728 3181 1798 latro,
3229 1731 3443 1799 primum
3488 1732 3711 1800 infestando

2197 1820 2326 1883 vias,
2369 1818 2557 1872 deinde
2600 1820 2848 1872 vastando
2880 1821 3190 1886 provincias,
3253 1830 3495 1889 postremo
3536 1823 3717 1875 exercitus

2200 1920 2522 1976 praetorum,
2564 1918 2611 1961 et
2653 1924 2786 1963 coss.
2835 1908 3193 1963 Romanorum
3239 1911 3492 1978 vincendo,
3525 1913 3715 1981 fuganda,

2197 2000 2497 2071 subigendo,
2524 2002 2749 2054 maximo
2782 2002 2965 2054 terrori
2995 2001 3249 2056 Romanis
3280 2002 3499 2056 omnibus
3537 2003 3631 2071 fuit.
3655 2002 3717 2055 Si.

2197 2093 2399 2162 quidem
2435 2090 2703 2154 (liberum,
2735 2102 2781 2146 et
2815 2090 3032 2161 Tagum,
3060 2094 3313 2159 maxima,
3346 2103 3391 2147 et
3412 2093 3711 2147 diversissimo-

2196 2202 2313 2239 rum
2337 2187 2560 2240 locorum
2590 2186 2828 2254 flumina,
2854 2188 2956 2239 late
2979 2188 3400 2258 transgredienti,
3426 2196 3468 2241 ct
3492 2182 3721 2257 pervagauli

2200 2277 2259 2331 ϐ.
2299 2277 2523 2332 Vetelias
2553 2288 2740 2347 prtetor
2772 2280 3015 2334 occurrit.
3062 2281 3165 2343 Qui
3192 2281 3435 2334 continuo
3473 2281 3533 2332 ad
3557 2282 3721 2332 interne-

2206 2371 2400 2423 cionem
2430 2386 2554 2437 pene
2584 2371 2725 2424 omni
2773 2374 2999 2424 exercitu
3027 2388 3121 2425 suo
3150 2372 3337 2437 deleto,
3362 2374 3441 2426 vis:
3464 2374 3561 2439 ipse
3585 2377 3722 2437 prator

2200 2477 2316 2514 cum
2349 2463 2525 2526 paucis
2575 2466 2698 2531 fuga
2728 2461 2902 2531 lapsus
2932 2464 3107 2516 evasit.
3168 2464 3368 2517 Deinde
3398 2463 3455 2517 C.
3508 2461 3721 2516 Plancium

2197 2565 2465 2624 prretorem
2512 2555 2648 2606 idem
2685 2552 2913 2607 Viriatus
2943 2556 3119 2608 multis
3150 2556 3344 2624 proeliis
3378 2558 3581 2625 fractum
3614 2552 3723 2623 fuga-

2198 2646 2287 2697 vit.
2333 2642 2462 2698 Post
2492 2646 2644 2699 etiam
2677 2644 2926 2699 Claudius
2978 2645 3273 2701 Unimanus
3314 2664 3426 2700 cum
3473 2660 3629 2715 magno
3664 2645 3724 2695 itt-

2198 2748 2391 2793 structu
2423 2738 2543 2792 belli
2570 2749 2745 2793 contra
2792 2738 3048 2793 Viriatum
3094 2756 3309 2805 missus,
3357 2740 3495 2810 quasi
3540 2752 3616 2809 pro
3637 2735 3727 2787 abo-

2197 2830 2351 2885 lenda
2372 2834 2635 2900 superiore
2656 2834 2880 2899 macula,
2906 2834 3188 2904 turpiorem
3214 2836 3323 2903 ipse
3344 2832 3725 2896 auxitinfamiatn.

2198 2921 2340 2976 Nam
2376 2938 2680 2992 congressus
2721 2940 2837 2976 cum
2870 2923 3095 2993 Viriato,
3128 2927 3419 2993 universas,
3460 2940 3571 2994 quas
3610 2938 3732 2975 secum

2197 3017 2479 3069 deduxerat
2510 3017 2706 3085 c0pias,
2730 3018 3254 3085 maximasquevvires
3283 3016 3389 3072 Ro.
3414 3011 3736 3070 exercitasanti-

2197 3110 2280 3162 sit.
2322 3108 2551 3161 Viriatus
2579 3108 2801 3174 trabeas,
2828 3112 3012 3178 fasces,
3046 3121 3339 3180 cceteraque
3365 3109 3569 3178 insignia
3591 3104 3734 3157 Roma-

2312 3201 2364 3252 in
2396 3199 2653 3253 montibus
2687 3204 2971 3269 trophteum
3031 3202 3286 3267 pra’ﬁxit.
3346 3200 3530 3256 Eodem
3569 3209 3738 3264 tempore

2201 3293 2405 3346 trecenti
2431 3292 2665 3346 Lusitani
2699 3309 2815 3345 cum
2847 3293 2984 3345 mille
3016 3292 3274 3347 Romanis
3314 3295 3368 3347 in
3412 3294 3612 3362 quodam
3640 3289 3738 3342 saltu

2201 3396 2495 3439 contraxere
2525 3401 2769 3456 pugnant,
2801 3385 2855 3438 in
2884 3401 2985 3455 qua
3026 3401 3141 3441 LXX
3193 3387 3492 3450 Lusitanos,
3540 3384 3739 3437 Romanos

2201 3491 2373 3531 autem
2395 3491 2639 3533 trecentos
2660 3480 2837 3548 viginti
2868 3481 3168 3551 interfectos
3198 3482 3454 3535 Claudius
3477 3484 3630 3549 refert.
3649 3477 3740 3530 Cum

2200 3572 2409 3625 victores
2438 3571 2671 3626 Lusitani
2700 3574 2869 3641 sparsi
2900 3590 2961 3627 ac
3010 3576 3184 3629 securi
3225 3577 3447 3639 abirent,
3479 3590 3595 3628 unus
3616 3587 3664 3624 es
3680 3572 3737 3623 Itis

2202 3665 2349 3734 longe
2377 3682 2406 3717 a
2448 3666 2641 3719 ueteris
2670 3674 2988 3736 segregatus,
3014 3683 3155 3733 cum,
3191 3669 3520 3737 circumfusis
3548 3663 3739 3735 equitibus

2200 3760 2350 3826 pedes
2376 3758 2480 3827 ipse
2504 3758 2868 3825 deprehensus,
2904 3760 3054 3813 unius
3100 3776 3287 3814 eorum
3332 3778 3461 3829 equo
3481 3761 3635 3812 lancea
3658 3770 3742 3821 ptr-

2200 3852 2360 3918 fosso,
2393 3849 2553 3915 ipsius
2582 3850 2755 3919 gladio
2783 3850 2852 3902 ad
2882 3867 3042 3904 unum
3084 3852 3251 3905 ictum
3288 3861 3441 3920 caput
3478 3848 3739 3907 desecuisset.

2200 3939 2274 3990 ita
2306 3955 2478 3992 omnes
2527 3950 2663 3992 metu
2710 3941 2949 4007 perculit,
3003 3949 3055 3993 ut
3089 3941 3541 4011 prospectantibus
3580 3934 3743 3996 cunctis,

2205 4032 2313 4099 ipse
2345 4032 2469 4085 liber
2503 4044 2650 4100 atque
2680 4034 2873 4086 otiosus
2905 4032 3105 4086 abscede
3119 4045 3221 4088 ret.
3259 4035 3433 4105 Appio
3456 4031 3665 4091 Claudio,
3698 4026 3743 4091 0.

2201 4124 2406 4179 Cccilio
2438 4123 2647 4180 Metello
2676 4142 2831 4191 coss.,
2856 4128 2955 4192 Ap.
3000 4124 3262 4180 Claudius
3290 4126 3527 4181 adversus
3566 4121 3746 4178 Salasso!

2200 4214 2379 4271 Gallos
2401 4234 2718 4286 congressus,
2748 4230 2793 4270 et
2816 4220 2973 4271 victus
3000 4233 3030 4270 v
3072 4220 3249 4272 millia
3280 4220 3501 4272 militum
3539 4209 3744 4287 perdidit:

2199 4312 2422 4379 sequenti
2450 4327 2621 4381 pugna
2651 4327 2677 4361 v
2704 4310 2865 4362 millia
2890 4310 3111 4363 hostium
3138 4312 3361 4364 occidit.
3394 4310 3500 4365 Sed
3523 4306 3748 4373 cumjwl

2204 4404 2388 4473 legem,
2412 4420 2513 4473 qtta
2541 4404 2867 4456 constitutum
2908 4412 3037 4467 erat,
3081 4413 3137 4456 ut
3180 4404 3427 4473 quisquis
3449 4418 3478 4455 v
3509 4398 3652 4454 millia
3685 4395 3749 4444 Ιωο

2201 4498 2354 4549 stium
2405 4497 2715 4565 peremisset,
2779 4495 3131 4565 triumphandi
3189 4507 3496 4563 potestatem
3552 4493 3747 4551 haberet;

514 4624 615 4676 qua
643 4609 730 4661 sub
756 4622 945 4661 corona
973 4610 1178 4662 vendita
1203 4618 1297 4663 est.
1330 4607 1463 4662 Urbe
1491 4610 1716 4671 incensa,
1748 4607 1882 4659 muri
1917 4608 2093 4674 fandi-

2204 4587 2298 4641 iste
2340 4605 2539 4657 quoque
2583 4589 2897 4657 triumphum
2938 4590 3234 4658 expetisset,
3287 4600 3495 4661 propter
3537 4582 3749 4654 superiora

516 4706 599 4752 tus
628 4698 786 4751 diruti
835 4710 971 4763 sunt,
1017 4684 1226 4751 muralis
1268 4697 1399 4767 lapis
1446 4699 1498 4749 in
1527 4697 1784 4766 pulverem
1814 4696 2049 4751 redactus
2078 4711 2098 4750 .'

515 4791 693 4863 prteda
715 4805 830 4843 vero
856 4790 1039 4861 ingens
1061 4799 1235 4858 erepta
1273 4798 1367 4844 est.
1401 4787 1564 4855 Sane,
1595 4804 1710 4841 cum
1732 4800 1939 4858 propter
1968 4791 2102 4843 ntul-

517 4883 790 4939 titudinem
844 4891 889 4937 et
928 4884 1224 4937 varietatem
1259 4892 1563 4945 statuarum,
1612 4880 2101 4951 simulacrorumque

516 4977 572 5033 in
615 4976 707 5031 illo
749 4978 966 5031 civitatis
1005 4976 1238 5029 incendio
1291 4975 1547 5044 permixta
1573 4974 1627 5026 in
1652 4988 1811 5025 unum
1841 4973 1977 5037 auri,
2013 4990 2099 5026 ar-

449 5135 452 5139 ,
517 5070 674 5141 genti,
702 5078 852 5138 atque
881 5070 1019 5137 teris,
1066 5068 1332 5135 omniaque
1361 5065 1515 5118 simul
1564 5062 1771 5116 metalla
1808 5063 2101 5129 fluxissent,

519 5178 704 5217 novum
744 5178 900 5232 genus
928 5160 1121 5213 metalli
1161 5163 1351 5229 factum
1397 5164 1495 5210 est.
1542 5152 1690 5209 Unde
1718 5167 1873 5221 usque
1920 5152 1973 5205 in
2002 5154 2099 5207 ho-

594 5284 619 5312 ιί
651 5275 714 5329 Α.
744 5290 840 5339 pro
872 5290 981 5327 stin
1022 5274 1184 5327 habet.
1211 5287 1338 5325 xxv.

596 5346 622 5382 δ
657 5344 781 5399 Haec
800 5344 993 5396 absunt
1022 5345 1072 5396 in
1105 5344 1169 5397 A.
1202 5350 1257 5395 et
1286 5341 1351 5394 ii.
1379 5341 1466 5408 qui
1496 5341 1726 5395 breviter
1748 5341 1943 5395 habent
1988 5353 2107 5409 post.

529 5417 755 5469 verbum
786 5414 974 5482 redegit
1001 5431 1019 5467 :
1049 5411 1327 5468 Corinthiis
1365 5428 1564 5481 quoque
1614 5411 1799 5466 bellum
1856 5414 2104 5468 indictum

530 5495 601 5539 est
634 5485 961 5537 nobilissima:
996 5482 1209 5538 Grarcite
1240 5484 1431 5536 civitati
1462 5491 1667 5553 propter
1691 5484 1933 5552 injuriam
1963 5483 2102 5554 lega-

527 5566 695 5609 torum
728 5555 881 5610 Rom.
928 5554 1080 5609 Hanc
1120 5554 1397 5607 Mummius
1426 5553 1602 5607 consul
1654 5556 1786 5625 cepit
1832 5563 1878 5607 et
1916 5553 2100 5611 diruit.

532 5625 656 5680 Tres
696 5627 852 5696 igitur
886 5627 1061 5680 Roma:
1082 5627 1236 5679 simul
1272 5626 1478 5693 cetebr.,
1505 5635 1607 5679 etc.

603 5700 627 5766 ἢ
658 5701 748 5765 A.,
781 5698 1108 5752 Andaristus.
1146 5697 1233 5766 ll.,
1265 5698 1594 5751 Andariscus.

604 5759 632 5836 (ξ
662 5759 754 5836 A.,
786 5768 1188 5836 Pseudoperses.

609 5833 634 5924 ᾗ
661 5833 812 5899 Aret
852 5840 940 5908 H.,
963 5833 1088 5909 post
1107 5842 1327 5899 verbum
1356 5851 1625 5911 superatus
1647 5848 1744 5914 est,
1759 5842 1944 5903 omiss.
1959 5847 2105 5907 cat“

2206 4694 2321 4732 vero
2346 4678 2539 4731 danma
2582 4695 2684 4731 non
2715 4683 3053 4747 impetrasset,
3104 4682 3304 4748 infami
3358 4677 3675 4752 imprudentia
3695 4679 3751 4724 ot-

2207 4787 2302 4840 que
2320 4771 2590 4825 ambitione
2617 4788 2760 4837 usus,
2804 4788 2829 4823 e
2855 4773 2960 4825 suis
3011 4774 3233 4843 privatis
3286 4776 3571 4841 sumptibus
3607 4768 3748 4821 trium-

2208 4864 2402 4933 phavit.
2444 4862 2505 4919 L.
2540 4863 2742 4918 Caecilio
2777 4862 3003 4930 Metello,
3055 4864 3118 4930 ρ.
3167 4863 3349 4920 Fabio
3380 4865 3600 4920 Maximo
3626 4852 3756 4915 Serti-

2208 4954 2350 5032 li_ano
2389 4973 2545 5023 coss.,
2577 4960 2707 5009 inter
2734 4967 2918 5010 cwtera
2959 4958 3199 5027 prodigia
3234 4959 3591 5027 Androgynus
3618 4953 3757 5003 301113

2208 5046 2355 5100 visus
2382 5046 2532 5114 jussu
2565 5046 2898 5115 baruSpicunt
2931 5047 2984 5101 in
3015 5062 3165 5102 mare
3222 5065 3443 5105 mersus
3489 5056 3583 5103 est.
3616 5042 3633 5081 ί
3681 5032 3760 5095 διά

2204 5135 2335 5190 nihil
2362 5138 2532 5207 impia:
2559 5139 2863 5206 expiationis
2889 5141 3190 5207 procuratio
3222 5143 3474 5212 profecit.
3506 5138 3630 5193 Nam
3651 5137 3758 5186 tanta

2207 5277 2388 5349 statim
2418 5275 2599 5349 legunt
2623 5291 2641 5349 :_
2672 5276 2767 5349 His
2810 5276 2989 5330 diebus
3021 5277 3410 5349 Androgynus,
3441 5289 3541 5333 etc.

2285 5344 2403 5420 {‘A.
2432 5341 2493 5420 ei
2518 5347 2580 5420 Il.
2633 5347 2753 5401 hinc
2798 5348 3016 5416 legunt:
3056 5341 3269 5420 Eodem
3295 5341 3527 5419 tempore
3567 5341 3761 5420 Metelltll

2208 5417 2261 5470 in
2312 5414 2637 5470 Celtiberiam
2696 5414 2875 5472 missus
2927 5420 3067 5485 apud
3124 5414 3415 5489 Hispanos
3453 5438 3529 5474 res
3579 5414 3762 5489 egregii?

2213 5489 2385 5556 gessit,
2418 5490 2651 5541 successit
2701 5490 2857 5555 ei.Q.
2911 5482 3364 5555 I’orrtpeius,'rtec
3408 5490 3563 5543 multo
3592 5482 3757 5556 paul}.

2213 5552 2407 5627 quoque
2428 5556 2598 5627 Caepio
2619 5561 2684 5613 ad
2714 5552 2846 5612 idem
2877 5552 3061 5613 bellum
3097 5552 3293 5616 missus
3322 5575 3420 5619 est.
3451 5559 3581 5629 quod
3594 5552 3762 5617 Quid?“

2223 5629 2453 5703 Kiriatus
2481 5640 2655 5682 contra
2689 5629 2843 5683 Rom.
2875 5634 2926 5684 in
2974 5631 3245 5686 Lusitania
3274 5634 3502 5703 gerebat,
3535 5630 3765 5703 quo-metu

2223 5699 2450 5755 Viriatus
2481 5717 2511 5752 a
2540 5704 2644 5754 suis
2671 5704 2961 5769 interfectus
2994 5714 3084 5764 cst,
3117 5719 3241 5755 cum
3274 5696 3366 5756 Ξιν
3404 5696 3561 5756 annos
3601 5696 3765 5769 Hispa-

2218 5774 2358 5824 niam
2386 5770 2626 5825 adversus
2670 5764 2928 5827 Romanos
2954 5774 3219 5829 movisset.
3256 5773 3459 5829 Pastor
3488 5771 3643 5840 primo
3670 5764 3765 5834 flii:

2190 5859 2334 5898 mox
2360 5843 2616 5897 latronum
2653 5850 2781 5912 dux,
2810 5855 3064 5912 postremo
3096 5854 3277 5900 tantos
3315 5847 3386 5901 ad
3426 5844 3604 5902 bellum
3634 5846 3765 5907 ροΡ⁸⁶⁸
