3920 6336
208 436 285 497 sat
1248 416 1562 475 HISTORIA
1600 410 1958 472 MISCELLA.
1986 398 2068 453 '—
2104 410 2232 465 LIB.
2278 409 2342 463 IV

3332 403 3441 464 80%

205 549 355 608 subito
378 541 661 616 pestilentia
682 545 794 593 orta
821 546 916 603 est,
958 543 1011 590 ut
1035 534 1255 590 ministri
1277 548 1475 604 quoque
1500 529 1763 601 faciendo-
1788 528 1841 588 Α
1867 534 2054 597 gentes,
2080 541 2194 593 quce
2221 526 2353 616 inter
2379 523 2661 593 Hydaspen
2686 522 2917 593 ﬂuvium,
2946 530 2993 576 et
3018 522 3209 578 Indum
3229 527 3443 598 jaceat,

204 659 303 697 rum
332 640 570 711 funerum
607 633 825 704 primum
864 647 967 683 non
1006 629 1307 698 sufﬁcerent,
1341 624 1522 679 deinde
1563 639 1666 677 non
1695 639 1763 677 es-

203 742 316 787 sent.
359 728 579 798 Jamque
605 726 752 779 etiam
780 735 976 792 magnte
1005 720 1185 774 domus
1214 732 1386 770 vacua:
1425 715 1573 778 vivis,
1599 711 1766 777 plence

204 824 405 877 mortuis
422 826 810 875 remanserunt:
843 812 1143 883 largissime
1168 810 1443 862 introrsum
1487 804 1766 858 haeredita-

202 926 284 977 tes,
316 923 360 966 et
392 911 520 966 nulli
558 908 758 976 penitus
785 903 1033 958 hteredes.
1072 901 1305 969 Denique
1323 899 1435 969 jam
1465 913 1568 949 non
1597 895 1766 948 solum

200 1011 243 1060 in
280 1006 415 1061 Urbe
436 1004 651 1065 vivendi,
674 1000 763 1055 sed
808 1000 957 1053 etiam
995 991 1438 1063 appropinquandi
1461 991 1527 1042 ad
1573 987 1764 1043 Urbem

201 1099 470 1168 negabatur
492 1094 710 1165 facultas
735 1108 752 1145 :
779 1103 880 1143 tam
920 1089 1037 1143 sa'vi
1068 1103 1155 1156 per
1186 1094 1342 1138 totam
1394 1082 1580 1137 Urbem
1623 1082 1764 1134 tabe-

200 1190 437 1241 scentium
461 1187 553 1241 sub
580 1186 741 1251 tectis,
796 1192 945 1249 atque
983 1181 1035 1233 in
1091 1179 1262 1232 stratis
1307 1179 1412 1230 suis
1458 1176 1768 1230 cadaverum

200 1291 395 1351 putores
423 1278 806 1333 exhalabantur.
847 1274 1089 1344 Expiatio
1132 1272 1224 1324 illa
1263 1270 1503 1333 crudelis,
1546 1277 1594 1321 et
1635 1268 1770 1319 viam

200 1373 367 1425 mortis
413 1371 694 1432 hominum,
752 1376 963 1420 mortem
996 1364 1208 1416 hominis
1256 1364 1532 1425 instruens,
1567 1360 1769 1411 tandem

202 1464 444 1519 Romanis
466 1464 597 1517 inter
638 1462 865 1515 miserias
893 1474 1009 1512 suas
1038 1454 1438 1510 erubescentibus
1466 1468 1617 1521 quam
1669 1451 1769 1503 mi-

198 1572 310 1609 sera
348 1564 393 1607 et
431 1570 564 1607 vana
605 1562 732 1607 esset
774 1550 1011 1604 innotuit.
1047 1549 1172 1600 Ante
1220 1547 1350 1599 enim
1380 1545 1433 1597 in
1460 1543 1771 1611 suffragium

197 1646 557 1719 prameniendte
584 1644 746 1698 cladis
781 1650 852 1696 est
880 1640 1076 1703 habita,
1106 1649 1153 1692 et
1179 1638 1252 1701 sic
1286 1636 1568 1703 pestilentia
1594 1649 1770 1688 conse-

198 1750 311 1794 cuta
338 1748 413 1794 est
442 1754 460 1790 :
502 1752 617 1807 qua:
647 1747 812 1789 tamen
853 1736 964 1787 sine
993 1733 1113 1786 ullis
1159 1729 1529 1795 sacrificiorum
1559 1724 1768 1793 satisfa-

197 1830 449 1884 ctiOnibus
500 1826 848 1881 tantummodo
907 1823 1185 1878 secundum
1249 1836 1540 1874 mensuram
1591 1817 1768 1871 arcani

192 1922 376 1992 judicii
397 1919 597 1988 expleta
618 1918 933 1985 correptione
959 1915 1135 1969 sedata
1161 1921 1251 1967 est.
1285 1915 1453 1976 Quam
1478 1910 1521 1963 si
1548 1910 1769 1978 artifices

200 2014 269 2066 illi
310 2010 794 2065 circumventionum
844 2005 1106 2074 aruspices
1144 2003 1235 2055 sub
1282 2003 1414 2067 ipsa,
1460 2008 1515 2052 ut
1562 1998 1767 2065 assolet,

196 2103 533 2156 declinatione
555 2099 843 2153 morborum
883 2099 1010 2166 forte
1037 2095 1383 2155 celebrassent,
1415 2092 1594 2160 procul
1617 2090 1771 2145 dubio

197 2197 313 2261 sibi,
344 2195 467 2260 diis,
492 2202 545 2247 et
566 2193 751 2245 ritibus
775 2188 878 2245 suis
905 2187 1125 2242 reducta'
1147 2186 1379 2239 sanitatis
1410 2184 1626 2256 gloriam
1644 2199 1773 2239 rven-

197 2293 471 2343 dicasscnt.
522 2286 690 2356 Igitur
739 2282 979 2337 Metellus
1029 2298 1130 2334 cos.
1189 2282 1239 2332 in
1284 2278 1554 2333 Celtiberia
1596 2286 1773 2330 contra

197 2381 472 2434 Lusitanos
518 2387 563 2431 et
612 2376 865 2428 Viriatum
911 2374 1180 2435 dimicans,
1220 2369 1458 2422 Bacciam
1505 2369 1770 2440 Oppidum,

197 2474 331 2542 quod
366 2470 590 2524 Viriatus
619 2467 896 2529 obsidebat,
925 2463 1147 2534 depulsis
1177 2462 1427 2530 hostibus,
1454 2460 1702 2525 liberavit,
1727 2468 1773 2513 et

199 2567 247 2617 in
272 2563 581 2618 deditionem
610 2574 722 2611 cum
752 2557 975 2627 pluribus
1002 2555 1116 2606 aliis
1141 2552 1362 2605 castellis
1384 2551 1591 2619 recepit.
1624 2548 1770 2601 Fecit

201 2665 371 2708 autem
403 2652 619 2721 facinus,
646 2651 797 2703 etiam
820 2647 1008 2699 ultimis
1036 2644 1261 2697 barbaris
1291 2642 1536 2712 Scythica,
1566 2658 1665 2693 non
1695 2641 1774 2693 di-

205 2766 311 2802 cam
342 2746 588 2800 Romante
614 2741 732 2809 ﬁdei
760 2751 807 2793 et
857 2738 1214 2803 moderationi,
1240 2735 1567 2791 exsecrabile.
1615 2735 1776 2798 Quin-

197 2841 362 2911 gentis
387 2837 523 2891 enim
551 2832 859 2904 principibus
881 2846 1080 2892 eorum,
1110 2845 1233 2898 quos
1262 2829 1498 2881 societate
1540 2828 1775 2880 invitatos

197 2929 476 2985 deditionis
493 2928 613 2998 jure
648 2930 963 2995 susceperat,
995 2937 1175 2973 manus
1204 2920 1453 2988 pra'cidit.

270 3022 341 3090 ρ.
372 3019 644 3090 Pompeius
674 3033 776 3071 cos.
821 3015 1073 3085 sequentis
1121 3013 1262 3077 anni,
1307 3011 1434 3079 fines
1463 3009 1776 3064 Numantia-

198 3131 314 3170 runt
341 3114 616 3181 ingressus,
660 3115 864 3176 accepta
914 3105 1140 3157 maxima
1188 3102 1332 3155 clade
1382 3102 1626 3165 discessit,
1678 3117 1776 3154 non

204 3208 369 3263 solum
391 3202 612 3258 exercitu
656 3216 782 3272 pene
812 3199 1106 3267 profligato,
1144 3209 1314 3247 verum
1346 3194 1496 3246 etiam
1541 3193 1776 3262 plurimis

200 3298 463 3360 nobilium,
496 3295 583 3365 qui
620 3296 730 3357 eius
759 3290 956 3344 militiw
994 3288 1205 3341 aderant
1235 3287 1567 3355 interemptis.
1605 3285 1775 3340 Viria-

199 3399 277 3443 tus
304 3396 475 3442 autem
503 3401 617 3438 cum
664 3398 754 3453 per
783 3396 895 3435 xnn
936 3394 1095 3432 annos
1126 3376 1383 3431 Romanos
1420 3376 1574 3429 duces
1622 3386 1772 3445 atque

196 3478 504 3535 exercitum
531 3473 864 3545 protrivisset,
892 3471 1089 3524 insidiis
1112 3485 1319 3522 suorum
1342 3469 1638 3538 interfectus
1662 3480 1732 3522 est
1756 3485 1774 3521 :

197 3572 244 3625 in
273 3572 372 3623 hoc
400 3569 510 3622 solo
535 3566 776 3619 Romanis
798 3566 933 3617 circa
963 3578 1073 3615 eum
1098 3561 1299 3630 fortiter
1326 3560 1610 3630 agentibus,
1641 3560 1778 3627 quod

199 3677 520 3732 percussores
550 3660 660 3729 ejus
683 3657 922 3726 indignos
944 3655 1155 3725 prtemio
1192 3653 1575 3724 judicaverunt,
1604 3652 1778 3706 dicen-

201 3765 290 3821 tes,
322 3753 586 3811 Bomanis
616 3765 887 3819 nunquam
929 3748 1197 3818 placuisse
1224 3761 1253 3799 a
1285 3746 1392 3801 suis
1422 3746 1677 3801 militibus
1706 3746 1779 3801 in-

197 3851 368 3905 terlici
403 3852 773 3916 imperatores.
810 3853 835 3880 τι
866 3845 930 3897 At
970 3859 1063 3915 ego
1093 3859 1192 3896 non
1224 3843 1374 3896 modo
1405 3858 1561 3907 nunc,
1608 3857 1778 3895 verum

198 3947 351 3997 etiam
380 3956 516 4009 sa’pe
540 3942 835 3993 intertescere
869 3936 1093 3989 Orientis
1122 3936 1214 3987 illa
1241 3934 1619 3987 inextricabilia
1648 3933 1777 3985 bella

200 4043 450 4101 poteram,
469 4046 582 4101 quae
602 4045 721 4082 raro
744 4043 967 4097 unquam
992 4026 1088 4078 nisi
1109 4023 1380 4077 sceleribus
1400 4033 1487 4075 aut
1509 4024 1775 4092 incipiunt,

201 4135 287 4178 aut
314 4124 470 4177 etiam
516 4120 875 4182 terminantur,
901 4116 990 4170 sed
1026 4115 1398 4179 Romanorum,
1442 4130 1557 4165 cum
1596 4113 1778 4175 quibus

203 4216 345 4268 nobis
370 4214 506 4266 actio
534 4220 628 4276 est,
660 4219 802 4265 tanta
829 4217 968 4273 sunt,
1000 4217 1054 4260 ut
1086 4208 1205 4277 jure
1235 4206 1563 4274 fastidiantur
1588 4205 1773 4260 aliena.

203 4306 532 4360 Mithridates
576 4313 691 4356 tunc
737 4302 985 4371 siquidem
1035 4315 1126 4353 rex
1161 4297 1471 4350 Parthorum
1504 4308 1672 4351 sextus
1717 4298 1779 4351 ab

202 4398 410 4459 Arsace,
458 4394 589 4446 victo
637 4392 880 4445 Demetrii
913 4394 1173 4459 praefecto,
1224 4388 1535 4460 Babylonem
1584 4390 1777 4457 urbem,

203 4488 427 4554 ﬁnesque
457 4486 569 4555 ejus
589 4484 846 4537 universos
882 4482 1037 4536 victor
1079 4481 1280 4535 invasit.
1328 4482 1513 4535 Omnes
1537 4491 1778 4550 praeterea

206 4665 289 4717 los
313 4665 597 4726 concitavit,
642 4672 694 4716 ut
736 4670 954 4716 assertor
983 4672 1159 4716 contra
1193 4662 1451 4716 Romanos
1506 4660 1772 4726 Hispania:

206 4745 487 4805 putaretur.
526 4733 661 4787 IIuic
714 4750 924 4803 namque
974 4735 1195 4802 primum
1240 4732 1362 4786 Sex.
1411 4732 1623 4786 Vetilius
1684 4734 1769 4795 ΙΙ.,

216 4806 432 4861 Vecilius
462 4816 649 4874 prtrtor
694 4806 931 4868 occurrit,
978 4806 1086 4872 qui,
1120 4804 1481 4874 totoiexercitu
1510 4819 1662 4863 cteso,
1691 4806 1775 4856 vix

208 4878 334 4946 fuga
375 4873 548 4943 lapsus
592 4877 767 4935 evasit,
796 4875 977 4928 deinde
1005 4875 1212 4946 Gaium_
1225 4873 1484 4926 Plautium
1510 4886 1774 4941 praetorem

209 4943 344 4999 idém
379 4946 604 5000 Viriatus
636 4950 852 5014 fractum
911 4947 1125 5014 fugavit.
1180 4943 1459 5014 Posthhtec
1505 4946 1775 4998 Claudium

215 5016 578 5078 Unimannum,
611 5013 700 5079 H.,
730 5013 1155 5081 Unimammium,
1188 5015 1270 5066 alii
1300 5013 1627 5079 Unimanum,
1662 5032 1775 5068 cum

212 5092 343 5141 omni
370 5089 594 5142 exercitu
613 5088 887 5153 superavit.
918 5085 1140 5154 Denique
1155 5101 1268 5137 cum
1290 5086 1632 5152 interfectores
1662 5088 1773 5155 ejus

210 5163 473 5229 praemium
519 5174 552 5210 a
582 5156 818 5224 Ctepione
848 5156 1146 5229 (Eutronio_
1169 5157 1432 5229 Scipione)
1480 5173 1585 5229 cos.
1633 5166 1772 5224 pete-

212 5225 341 5290 rent,
361 5244 656 5298 responsum
687 5234 785 5291 est,
815 5243 1078 5298 nunquam
1108 5225 1347 5298 Romanis
1389 5227 1773 5298 placuisseint-

214 5296 461 5368 peratores
498 5316 530 5351 a
575 5302 678 5351 suis
724 5297 974 5368 militibus
1021 5298 1256 5364 interfici.
1292 5297 1437 5368 llaec,
1462 5297 1525 5349 ad
1559 5296 1775 5368 verbum

285 5386 346 5423 ne
369 5386 488 5425 cum
521 5367 771 5437 Eutropio
800 5369 1143 5431 conveniunt,
1175 5369 1272 5421 nisi
1304 5367 1443 5436 quod
1475 5368 1620 5435 plura
1645 5367 1771 5421 Mss.

254 5441 439 5496 abeant
467 5442 684 5504 inserta,
719 5448 774 5492 ut
798 5440 967 5507 vides,
998 5453 1158 5507 qiiam
1187 5438 1486 5503 Eutropius.
1521 5439 1697 5495 CANla.

219 5578 259 5634 Η
288 5515 313 5542 ⁸
343 5513 606 5634 ιΙίἓιίψιξι,
630 5525 793 5579 usque
823 5511 888 5565 ad
921 5513 1078 5565 verba
1116 5509 1285 5562 Roma’
1309 5525 1452 5580 puer,
1484 5509 1678 5564 absunt
1721 5509 1777 5566 in

268 5622 280 5634 .
312 5597 337 5634 e
390 5596 391 5599 ‘
455 5623 468 5634 .

268 5622 280 5634 .
312 5592 359 5636 et
390 5586 468 5638 Α.

286 5653 313 5693 δ
336 5654 453 5723 Haec
484 5668 603 5722 quae
624 5661 916 5723 sequuntur
933 5667 1100 5722 usque
1129 5650 1192 5706 ad
1210 5650 1393 5715 verba,
1428 5649 1777 5723 Tunc_Scipio

219 5719 472 5794 Tyresium
502 5719 902 5793 'lmnge'aliter,
958 5719 1271 5794 ct'Jirevius
1319 5722 1512 5794 habent
1556 5720 1777 5778 Codices

222 5792 340 5847 mss.
371 5796 434 5849 Η.
465 5803 520 5849 et
554 5792 729 5849 A.'his
766 5797 941 5850 verbis
975 5812 987 5848 :
1028 5792 1106 5847 Eo
1154 5805 1374 5862 tempore
1420 5793 1596 5847 Roma:
1647 5810 1773 5862 puer

221 5879 282 5919 es
303 5868 489 5922 ancilla
529 5874 681 5920 natus
719 5874 814 5933 est,
861 5867 1171 5937 quadrupes,
1202 5864 1585 5936 quadrimanus,
1618 5865 1777 5918 oculis

1807 4602 1863 4664 D

1869 617 2082 687 subegit.
2116 618 2194 669 Ad
2237 614 2439 669 Indiam
2479 630 2678 685 quoque
2717 626 2979 668 cruentum
3027 618 3248 669 extendit
3276 620 3441 688 impe-

1867 708 2023 761 rium.
2048 707 2361 761 Demetrium
2388 708 2560 774 ipsum
2580 717 2800 762 secundo
2821 709 2915 762 sibi
2938 709 3068 761 bello
3090 720 3440 765 occurrentem

1867 800 1984 852 vicit
2022 809 2069 851 et
2097 801 2246 866 cepit.
2284 798 2396 864 Quo
2426 809 2593 867 capto,
2632 797 2880 853 Diodotus
2907 802 3115 867 quidam
3155 816 3271 853 cum
3318 801 3440 855 Ale-

1868 890 2070 943 xandro
2100 890 2210 958 ﬁlio
2234 906 2441 961 regnum
2482 895 2591 962 ejus
2622 902 2670 945 et
2708 894 2900 963 regium
2940 909 3119 946 nomen
3148 894 3437 962 usurpavit.

1876 979 1975 1045 Qui
2003 990 2175 1050 postea
2199 982 2362 1048 ipsum
2384 983 2731 1037 Alexandrum
2758 985 2943 1054 filium,
2973 1003 3119 1057 quem
3141 987 3440 1056 participem

1871 1073 2083 1144 periculi
2108 1075 2159 1125 in
2190 1076 2505 1144 pervadendo
2530 1093 2688 1145 regno
2718 1077 2980 1142 habuerat,
3010 1095 3071 1131 ne
3092 1080 3144 1131 in
3173 1078 3444 1132 obtinendo

1870 1176 2149 1219 consortem
2192 1166 2416 1231 haberet,
2464 1169 2664 1221 occidit.
2713 1167 2790 1221 M.
2845 1167 3063 1222 .Emilio
3120 1168 3337 1239 Lepido.
3386 1168 3445 1223 C.

1871 1258 2095 1313 Hostilio
2135 1259 2379 1314 Mancino
2411 1259 2582 1325 Coss.,
2614 1261 2848 1330 prodigia
2890 1278 3177 1330 apparuere
3225 1263 3446 1329 diversa,

1870 1362 1916 1407 et
1944 1363 2190 1423 quantum
2231 1355 2284 1408 in
2316 1355 2441 1422 ipsis
2471 1357 2590 1423 fuit,
2631 1370 2694 1408 es:
2740 1371 2879 1409 more
2927 1365 3106 1408 curata
3152 1364 3308 1409 sunt:
3357 1355 3447 1409 sed

1872 1462 1972 1519 non
1997 1462 2192 1516 semper
2228 1446 2624 1511 aucupatoribus
2680 1458 2967 1511 eventuum,
3016 1457 3061 1499 et
3108 1447 3446 1500 structoribus
3486 1502 3497 1519 ,

1874 1518 2203 1615 ftzlluciarnni
2227 1538 2549 1603 aruspicibus
2598 1540 2873 1609 opportuni
2903 1555 3051 1592 casus
3074 1538 3447 1607 suffragantur.

1877 1622 2111 1693 Namque
2142 1623 2415 1678 Mancinus
2446 1640 2575 1688 cos.,
2622 1638 2884 1696 postquam
2926 1644 2957 1679 a
3015 1627 3262 1696 Pompeio
3307 1632 3447 1693 apud

1876 1718 2213 1772 Numantiam
2242 1718 2461 1786 suscepit
2484 1719 2781 1785 exercitum,
2807 1721 2935 1772 adeo
2962 1720 3233 1791 infeliciter
3269 1724 3448 1793 prtelia

1876 1818 2057 1863 cuncta
2081 1811 2251 1881 gessit,
2284 1820 2435 1879 atque
2470 1812 2592 1866 inid
2618 1829 2856 1882 suprema
2883 1814 3234 1884 desperatione
3265 1818 3450 1885 perdu-

1800 1886 1848 1947 Β
1874 1910 1984 1955 ctus
2008 1910 2106 1968 est,
2137 1910 2188 1954 ut
2217 1903 2571 1969 turpissimum
2604 1906 2764 1973 foedus
2785 1920 2899 1958 cum
2928 1904 3261 1961 Numantinis
3285 1912 3450 1977 facere

1836 2058 1837 2061 η
1877 2002 2138 2062 cogeretur
2156 2009 2175 2047 :
2197 1994 2423 2060 quamvis
2445 2002 2489 2047 et
2513 1993 2788 2064 Pompeius
2815 1996 2961 2050 aliud
2985 2013 3122 2065 atque
3146 2000 3337 2069 infame
3362 2001 3452 2069 fae-

1878 2086 1975 2139 dus
2003 2102 2117 2137 cum
2164 2087 2354 2138 eisdem
2406 2084 2741 2140 Numantinis
2789 2089 2942 2151 paulo
2990 2098 3108 2142 ante
3156 2092 3450 2161 pepigisset,

1878 2186 2082 2230 senatus
2123 2176 2330 2229 dissolvi
2371 2177 2556 2243 foedus.
2608 2187 2655 2230 et
2689 2176 2990 2231 Mancinum
3028 2181 3147 2233 dedi
3176 2182 3453 2236 Numanti-

1878 2272 1955 2325 nis
1985 2272 2243 2340 prtecepit.
2276 2270 2396 2337 Qui,
2441 2271 2630 2324 nudato
2678 2287 2906 2340 corpore,
2963 2274 3291 2343 manibusque
3340 2274 3451 2345 post

1879 2374 2072 2433 tergum
2098 2363 2349 2424 revinctis,
2376 2372 2492 2414 ante
2516 2372 2689 2432 portas
2718 2362 3157 2420 Numantinorum
3175 2371 3450 2437 expositus,

1876 2455 2041 2522 ibique
2070 2470 2226 2523 usque
2249 2456 2316 2506 ad
2357 2463 2551 2507 noctem
2580 2470 2880 2523 permanens
2924 2475 2953 2508 a
2980 2458 3082 2510 suis
3109 2460 3357 2526 desertus,
3388 2464 3450 2514 ab

1879 2546 2107 2600 hostibus
2154 2555 2320 2599 autem
2381 2563 2481 2598 non
2530 2555 2811 2614 susceptus,
2868 2548 3191 2618 locrymabile
3229 2553 3452 2622 utrisque

1878 2640 2220 2707 spectaculum
2251 2638 2488 2708 prtcbuit.
2540 2637 2594 2691 ls
2644 2650 2822 2691 contra
2870 2638 3219 2696 Numantinos
3268 2643 3452 2697 bellum

1880 2741 2114 2797 acturus,
2167 2731 2462 2799 Laviniique
2511 2730 2892 2797 sacrificaturus
2938 2748 3052 2784 cum
3098 2744 3241 2799 esset,
3290 2737 3452 2788 emisit

1880 2841 2028 2877 cavea
2053 2824 2304 2891 pullarius
2334 2822 2522 2892 pullos,
2564 2824 2651 2891 qui
2680 2825 2733 2875 in
2766 2824 2958 2893 sylvam
2991 2827 3331 2892 evolaverunt,
3365 2843 3454 2880 nec

1880 2917 2065 2981 reperti
2092 2926 2207 2969 sunt
2228 2916 2336 2979 diu,
2368 2915 2680 2982 multumque
2694 2916 2914 2981 qucesiti.
2944 2915 3452 2988 Navigaturusidem

1881 3025 1908 3062 e
1938 3018 2086 3075 portu
2116 3007 2373 3071 Herculis,
2406 3007 2512 3059 sine
2544 3015 2745 3059 auctore
2766 3008 2901 3059 vocis
2927 3008 3122 3061 audivit
3153 3024 3173 3064 .'
3214 3008 3453 3065 Mancine

1882 3115 2049 3153 mane.
2082 3096 2307 3165 Cumque
2333 3098 2575 3165 scapham
2611 3099 2999 3165 conscendisset,
3034 3100 3331 3157 immensum
3359 3118 3453 3155 αη-
3508 3156 3513 3161 ,

1884 3208 2027 3260 gnem
2056 3191 2163 3243 illic
2213 3189 2490 3244 exhorruit.
2528 3189 2708 3244 Tribus
2752 3191 2999 3262 prodigiis
3048 3194 3283 3246 nuntiata
3334 3204 3454 3249 sunt

1880 3284 2103 3353 infelicia
2126 3284 2246 3347 tria,
2275 3298 2465 3352 pugna,
2499 3282 2683 3351 ftedus,
2704 3283 2913 3337 deditio.
2948 3281 3153 3341 Interea
3182 3284 3373 3338 Brutus
3398 3286 3451 3339 iu

1880 3374 2120 3451 ulteriore
2176 3373 2423 3444 Hispania
2471 3389 2575 3427 ms
2618 3372 3001 3442 Galla’ciorum,
3054 3379 3141 3445 qui
3193 3377 3455 3433 Lusitanis

1880 3468 2074 3521 auxilio
2099 3477 2352 3528 emerant,
2392 3466 2669 3537 asperrimo
2702 3469 2850 3535 bello,
2894 3478 2942 3522 et
2970 3469 3187 3538 difﬁcili,
3219 3473 3448 3540 quamvis

1880 3560 2110 3612 incautos
2135 3560 2557 3621 circumvenisset,
2587 3560 2858 3626 Oppressit.
2898 3562 3126 3627 Quorum
3156 3564 3208 3615 in
3236 3580 3292 3617 eo
3323 3581 3455 3633 pra:-

1881 3653 1948 3705 lio
1981 3668 2049 3706 XL
2078 3652 2243 3705 millia
2273 3652 2456 3714 occisa,
2480 3668 2570 3705 sex
2593 3667 2625 3704 is
2645 3663 2793 3720 capta
2819 3655 3126 3721 referuntur,
3150 3658 3302 3726 pauci
3332 3662 3454 3728 fuga

1879 3757 2161 3800 evaserunt.
2194 3745 2259 3798 1η
2296 3746 2523 3799 citeriore
2546 3744 2796 3815 Hispania
2826 3745 3050 3814 Lepidus
3082 3764 3279 3815 procos.
3317 3748 3449 3802 Vac—

1881 3856 1990 3894 ceos
2036 3841 2299 3892 innoxium
2349 3847 2568 3909 gentem,
2615 3850 2661 3892 et
2718 3839 3017 3908 supplicem,
3071 3844 3224 3896 etiam
3278 3853 3456 3898 senatu

1880 3930 2191 4003 prohibente,
2224 3932 2542 4000 pertinaciter
2585 3945 2879 4000 expugnare
2931 3934 3157 3995 tentavit,
3206 3935 3296 3987 sed
3341 3950 3457 3988 mox

1881 4032 2087 4089 accepta
2113 4022 2255 4074 clade
2287 4022 2605 4090 gravissima,
2651 4022 2893 4090 improba:
2942 4024 3241 4092 pertinaciae.
3285 4042 3459 4093 poenas

1883 4117 1994 4169 luit.
2030 4115 2135 4169 Sex
2162 4117 2272 4169 mil.
2305 4116 2490 4185 quippe
2535 4115 2630 4169 Ro.
2680 4117 2731 4168 in
2777 4116 2870 4168 hoc
2913 4116 3108 4189 injuste
3133 4117 3262 4171 bello
3318 4119 3459 4190 prius

1882 4209 2121 4261 invictiss.
2170 4225 2300 4262 caesa
2356 4218 2503 4272 sunt;
2547 4209 2753 4277 reliqui,
2808 4212 2997 4263 exustis
3029 4212 3243 4279 icastris,
3302 4213 3458 4265 armis

1882 4301 2032 4353 etiam
2061 4300 2288 4367 perditis,
2322 4310 2600 4353 evaserunt.
2648 4298 2761 4353 Nec
2790 4302 2956 4355 minus
3011 4303 3175 4371 turpis
3219 4303 3326 4356 Ittec
3366 4304 3457 4356 sub

1885 4390 2092 4444 Metello
2121 4392 2311 4455 clades,
2362 4407 2512 4460 quam
2538 4391 2629 4444 sub
2676 4390 2915 4445 Mancino
2967 4394 3086 4460 fuit.
3133 4393 3249 4448 Ser.
3274 4393 3459 4448 Fulvio

1884 4485 2089 4551 Flacco,
2118 4486 2180 4551 ρ.
2209 4482 2500 4555 Caphurnio
2526 4483 2711 4539 Pisone
2739 4500 2893 4552 coss.,
2926 4485 3107 4540 Romae
3148 4500 3276 4556 puer
3318 4485 3343 4524 ¹³
3389 4501 3456 4544 ex

1884 4662 2348 4732 qttatuor,auribus
2377 4662 2603 4724 totidem,
2621 4670 2857 4715 naturam
2881 4662 3070 4717 virilem
3091 4664 3344 4730 duplicem
3359 4662 3454 4717 Ita-

1875 4735 2016 4788 bens.
2041 4734 2108 4787 In
2124 4734 2435 4791 Bononiensi
2464 4751 2585 4804 agro
2602 4736 2839 4803 frugestn
2870 4734 3134 4787 arboribus
3164 4743 3449 4789 nattesunt.

1878 4805 1946 4869 ρ.
1969 4805 2150 4873 Pomp.
2171 4804 2352 4858 deinde
2376 4821 2482 4857 cos.
2501 4822 2530 4855 α
2558 4804 2906 4861 Numantinis,
2927 4822 3041 4874 qua:
3058 4804 3455 4870 Ilispanitecivi-

1878 4890 1955 4932 tas
1985 4879 2078 4947 fuit
2111 4876 2510 4947 opulentissinm,
2543 4887 2829 4943 superatus,
2862 4892 3035 4943 pacem
3083 4877 3351 4944 ignobilem
3377 4878 3453 4943 fe-

1877 4953 1960 5003 cit.
1988 4946 2129 4999 Post
2156 4963 2270 4999 eum
2297 4947 2355 4999 (ζ.
2398 4946 2647 5000 Hostilius
2680 4947 2944 5000 Mancinus
2992 4963 3099 5000 eos.
3130 4947 3309 4998 iterum
3335 4960 3453 4997 cum

1880 5018 2216 5072 Numantinis
2249 5035 2418 5084 pacem
2464 5018 2579 5085 fecit
2609 5018 2872 5087 infamem,
2927 5034 3077 5084 quani
3124 5014 3377 5087 populus,
3406 5024 3454 5067 et

1877 5102 2079 5145 senatus
2095 5090 2248 5158 jussit
2273 5084 2502 5156 infringi,
2532 5084 2679 5157 atque
2708 5089 2875 5157 ipsum
2903 5087 3197 5139 Mancinum
3222 5084 3450 5158 hostibus

1880 5163 2038 5223 tradi,
2063 5157 2115 5211 ut
2159 5162 2209 5213 in
2252 5162 2362 5223 illo,
2409 5159 2553 5222 quasi
2577 5168 2832 5211 auctorem
2882 5159 3083 5226 faderis
3112 5157 3444 5226 vindicarent.

1879 5230 2100 5297 Cumque
2130 5246 2216 5296 per
2238 5231 2496 5283 continuos
2519 5246 2676 5281 annos
2716 5245 2800 5281 le
2840 5225 2944 5282 cas.
2980 5244 3031 5281 tv
3059 5227 3148 5296 (H.
3194 5241 3307 5278 cum
3329 5225 3452 5279 solis

1878 5316 1929 5355 tv
1956 5301 2194 5367 ηιὶίίώηδ)
2223 5318 2287 5353 x1.
2313 5302 2472 5353 millia
2504 5299 2649 5353 Rom.
2677 5299 3055 5368 protrivissent,
3104 5308 3214 5365 post
3241 5305 3447 5368 _tantam

1879 5373 2032 5443 igitur
2081 5366 2467 5443 igubminiam,
2495 5387 2592 5443 qua
2636 5366 2685 5443 av
2721 5368 3056 5443 Numantinis
3096 5366 3449 5443 _bis_Ii_omani

1879 5438 2131 5496 Exercitus
2162 5443 2363 5510 fuerant
2390 5441 2667 5511 subjugati,
2710 5438 2929 5511 Publius
2960 5439 3136 5507 Scipio
3176 5438 3451 5511 Africanus

1878 5529 1980 5567 sec.
2011 5509 2190 5566 consul
2215 5514 2376 5580 factus
2406 5509 2496 5575 est,
2548 5521 2594 5564 et
2635 5511 2703 5563 ad
2754 5510 3089 5562 Numantiam
3124 5509 3306 5562 missus
3354 5518 3446 5563 est.

1878 5581 1936 5637 Is
1975 5584 2193 5652 primum
2234 5582 2437 5635 militem
2479 5582 2712 5635 vitiosum
2766 5591 2812 5634 et
2858 5584 3123 5652 ignavum,
3171 5580 3450 5652 exercendo

1879 5649 2041 5725 magis
2078 5669 2230 5723 quant
2267 5652 2546 5725 puniendo,
2575 5652 2685 5703 sine
2708 5649 2887 5725 aliqua
2913 5649 3183 5725 acerbitate
3210 5650 3445 5725 correait.

1881 5720 2009 5850 filo};
2064 5720 2237 5794 pugna
2269 5720 2400 5777 cum
2467 5721 2797 5777 Numantinis
2849 5724 3154 5789 commissa,
3205 5720 3449 5775 exercitus

1935 5812 2060 5850 om..
2109 5804 2213 5850 etc.

1935 5812 2060 5865 om.,
2109 5804 2213 5851 etc.
