3920 6336
562 384 669 449 803

560 504 749 561 ancilla
782 512 957 572 natus,
988 504 1292 575 quadripes,
1344 508 1741 578 quadrimanus,
1797 508 1969 565 oculis
1997 524 2132 580 qua-

559 607 701 664 tuor,
726 598 939 653 auribus
972 598 1213 667 totidem,
1247 608 1430 654 natura
1460 601 1598 656 virili
1649 602 1863 674 duplex.
1897 601 1963 657 In
1996 604 2135 658 Sici-

558 691 632 747 lia
660 708 805 746 mons
832 688 995 746 Etna
1035 699 1206 747 vastos
1251 693 1392 765 ignes
1439 696 1703 761 eructavit,
1748 713 1807 750 ac
1858 697 2015 767 fudit,
2046 697 2135 767 qui

558 792 834 838 torrentum
861 783 1009 837 modo
1038 800 1127 854 per
1166 800 1331 854 prona
1365 787 1675 855 prtecipites,
1721 788 1961 859 proxima
1998 804 2134 860 qual-

556 890 660 945 que
725 874 1112 941 corripientibus
1164 892 1396 932 exussere
1446 880 1668 948 ﬂammis
1698 895 1717 934 :
1773 880 2133 952 longinquiora

554 972 724 1019 autem
752 964 938 1034 favillis
967 965 1149 1019 calidis
1178 982 1297 1019 cum
1333 984 1517 1036 vapore
1562 970 1705 1038 gravi
1732 970 1832 1025 late
1873 970 2132 1025 volitanti-

555 1055 644 1109 bus
673 1046 985 1112 torruerunt.
1039 1056 1186 1131 Quod
1216 1058 1414 1113 Sicilia:
1452 1076 1646 1129 semper
1682 1064 2002 1115 vernaculum
2040 1079 2131 1133 ge-

551 1161 651 1201 nus
695 1147 926 1214 monstri,
974 1165 1074 1201 non
1099 1150 1397 1218 portendere
1443 1152 1633 1205 malum
1680 1153 1884 1219 assolet,
1915 1154 2002 1207 sed
2046 1156 2129 1207 in-

554 1239 703 1310 ferre.
735 1236 802 1292 In
830 1238 1144 1295 Bononiensi
1196 1258 1318 1312 agro
1366 1245 1541 1315 fruges
1588 1243 1640 1296 in
1684 1244 1946 1311 arboribus
1995 1253 2129 1300 ualle

552 1339 688 1385 sunt.
720 1329 889 1402 Igitur
916 1332 969 1387 in
1002 1332 1186 1388 Sicilia
1224 1334 1412 1388 bellum
1441 1335 1619 1389 servile
1646 1344 1813 1389 ortum
1841 1346 1935 1401 est,
1982 1339 2120 1407 quod

553 1422 681 1475 adeo
737 1432 906 1492 atrox,
959 1432 1007 1477 et
1057 1440 1206 1493 grave
1252 1426 1579 1480 multitudine
1630 1442 1887 1481 servorum
1934 1429 2127 1483 instru-

550 1522 725 1580 ctum,
772 1515 1126 1585 magnitudine
1182 1516 1487 1586 copiarum,
1542 1527 1588 1571 et
1640 1518 1823 1573 virium
1874 1521 2012 1590 fuit,
2068 1527 2127 1575 ut

549 1619 651 1659 non
696 1605 864 1658 dicam
908 1614 1147 1679 prtetores
1191 1605 1471 1671 Romanos,
1526 1625 1651 1677 quos
1703 1611 1901 1678 penitus
1944 1612 2126 1685 profli-

548 1697 726 1767 gavit,
762 1698 850 1751 sed
895 1698 1126 1752 consules
1173 1716 1373 1769 quoque
1419 1703 1687 1768 terruerit;
1741 1720 1858 1757 nam
1911 1713 2125 1775 septua-

548 1786 690 1858 ginta
736 1788 900 1842 millia
947 1806 1208 1845 servorum
1257 1800 1377 1845 tunc
1424 1793 1479 1845 in
1523 1810 1667 1846 arma
1714 1795 2120 1861 conspirantium

548 1879 707 1950 fuisse
749 1882 1058 1948 referuntur,
1113 1894 1323 1951 excepta
1375 1884 1494 1937 urbe
1544 1884 1802 1949 Messana,
1854 1903 1967 1954 qute
2012 1903 2119 1941 ser-

543 1984 632 2025 uos
678 1972 950 2026 liberaliter
977 1973 1174 2028 habitos
1213 1976 1265 2028 in
1308 1992 1431 2044 pace
1467 1978 1737 2041 continuit.
1780 1977 2033 2031 Craterum
2066 1980 2123 2034 in

546 2062 642 2118 hoc
685 2065 796 2120 solo
847 2066 1029 2120 Sicilia
1076 2068 1345 2133 miserior,
1380 2070 1499 2139 quia
1548 2069 1738 2134 insula,
1768 2080 1813 2125 et
1862 2088 2123 2141 nunquam

543 2170 663 2225 erga
692 2163 893 2225 pactum
920 2157 1001 2210 sui
1020 2159 1157 2227 juris
1200 2159 1403 2224 idonea,
1434 2176 1566 2213 nunc
1598 2162 1832 2231 tyrannis
1874 2163 2120 2231 subjecta,

541 2260 681 2299 nunc
722 2248 870 2302 servis
900 2262 920 2302 :
949 2250 1026 2301 vel
1067 2248 1171 2302 illis
1218 2250 1477 2304 dominatu
1528 2253 1757 2320 improbo
1803 2254 2122 2323 exigentibus

541 2334 848 2397 servitutem,
870 2338 946 2389 vel
972 2336 1082 2391 istis
1108 2341 1498 2405 praesumptione
1526 2357 1759 2410 perversa
1797 2354 2114 2398 commutan-

541 2426 673 2480 tibus
720 2427 1026 2492 libertatem,
1056 2430 1273 2483 maxime
1308 2431 1429 2500 quia
1477 2433 1652 2485 clausa
1702 2436 1923 2505 undique
1964 2437 2114 2502 mari,

541 2530 741 2586 egerere
767 2518 907 2583 foras
935 2534 1036 2571 non
1065 2519 1215 2587 facile
1246 2531 1424 2589 potest.
1455 2522 1582 2589 Quae
1609 2525 1900 2579 intestinum
1921 2528 2118 2581 malum

462 2586 472 2597 ’
539 2606 818 2675 viperinam
860 2624 1054 2677 quoque
1095 2614 1468 2679 conceptionem
1499 2614 1795 2679 perditionis
1831 2632 1937 2670 sua:
1965 2616 2113 2685 aluit,

506 2702 507 2705 “
537 2711 635 2752 sua
676 2698 879 2753 libidine
924 2709 1140 2766 auctam,
1174 2718 1267 2756 sua
1295 2713 1454 2757 morte
1478 2706 1744 2760 victuram.
1796 2706 1862 2761 In
1886 2708 1981 2761 hoc
2015 2725 2111 2763 au-

538 2800 635 2846 tem
678 2793 873 2848 servilis
922 2796 1165 2850 tumultus
1206 2799 1479 2866 excitatio,
1507 2810 1695 2871 quanto
1738 2804 1905 2857 rarior
1952 2813 2117 2859 exstat

537 2884 770 2951 steteris,
817 2895 955 2941 tanto
1004 2888 1337 2944 truculentior
1378 2902 1473 2960 est,
1524 2896 1643 2964 quia
1693 2911 1793 2965 qua
1834 2896 2115 2953 intentione

532 2988 867 3033 commovetur
914 2981 1071 3035 libera
1116 2984 1427 3051 multitudo,
1456 2995 1514 3039 ut
1560 2989 1780 3058 patriam
1821 2998 2026 3059 augeat,
2054 3007 2116 3046 ea

532 3071 727 3126 servilis
751 3080 805 3125 ut
833 3073 1030 3142 perdat.
1061 3075 1204 3128 Anno
1224 3075 1285 3128 ab
1317 3075 1448 3130 Urbe
1472 3080 1676 3132 condita
1700 3080 1825 3144 69.0,
1856 3097 1970 3135 cum
1998 3099 2111 3137 ma-

533 3167 621 3241 jor
663 3180 786 3234 pene
829 3166 1043 3237 infamia
1083 3168 1221 3238 facta
1251 3170 1314 3223 de
1354 3170 1539 3239 findere
1585 3172 1724 3239 apud
1774 3171 2109 3228 Numantiam

538 3256 693 3325 facto,
720 3273 869 3323 quam
894 3258 1031 3325 apud
1074 3257 1330 3312 Caudinas
1356 3261 1612 3329 quondam
1645 3266 1874 3333 furculas
1893 3309 1905 3329 ,
1940 3266 2105 3336 pudo-

533 3360 640 3397 rem
672 3343 919 3399 Romana:
962 3348 1144 3415 frontis
1175 3360 1424 3415 oneraret,
1463 3352 1637 3413 Scipio
1670 3354 1943 3423 Africanus
1987 3372 2109 3409 con-

531 3451 682 3491 sensu
720 3440 945 3492 omnium
968 3440 1184 3492 tribuum
1230 3442 1446 3493 secundo
1488 3442 1666 3496 consul
1714 3453 1930 3513 creatus,
1962 3456 2109 3515 atque

531 3527 602 3583 ad
622 3531 1013 3600 Oppugnandam
1046 3530 1375 3587 Numantiam
1400 3550 1511 3587 cum
1543 3537 1766 3589 exercitu
1797 3540 1977 3592 missus
2007 3548 2103 3595 est;

534 3618 819 3674 Numantia
860 3631 1028 3674 autem
1075 3623 1320 3677 citerioris
1368 3623 1639 3693 Hispania:
1690 3629 1827 3681 haud
1870 3630 2105 3698 procula

541 3711 746 3767 Vacceis
792 3721 838 3765 et
881 3712 1145 3767 Cantabris
1184 3716 1235 3767 in
1282 3716 1446 3786 capite
1487 3716 1715 3773 Gallitia:
1760 3722 1893 3786 sita,
1925 3722 2105 3778 ultima

529 3803 889 3858 Celtiberorum
931 3807 1044 3876 fuit.
1100 3806 1223 3861 Hac
1247 3824 1335 3879 per
1364 3827 1525 3865 annos
1553 3817 1941 3881 quatuordecim
1988 3835 2102 3873 cum

527 3895 652 3950 solis
679 3906 895 3962 quatuor
916 3899 1136 3951 millibus
1166 3916 1396 3967 suorum,
1428 3905 1770 3975 quadraginta
1798 3907 1960 3961 millia
1994 3908 2104 3963 Ro-

526 4002 811 4056 snanorum,
843 4006 944 4043 non
974 3992 1135 4043 solum
1162 3992 1416 4057 sustinuit,
1443 3996 1531 4047 sed
1552 3997 1704 4050 etiam
1734 3999 1870 4065 vicit,
1898 4002 2097 4071 puden-

525 4083 703 4153 disque
722 4083 987 4151 fmderibus
1007 4083 1193 4149 affecit.
1216 4082 1337 4139 Post
1358 4095 1553 4139 tantam
1569 4089 1724 4159 igitur
1744 4091 2094 4161 ignominiam,

524 4191 625 4243 qua
651 4192 683 4227 a
719 4174 1045 4228 Numantinis
1094 4174 1309 4229 Romani
1347 4180 1592 4234 exercitus
1624 4183 1696 4235 bis
1726 4187 1929 4251 fuerant
1976 4186 2097 4240 sub-

524 4267 725 4336 iugati,
773 4265 838 4320 P.
893 4266 1068 4336 Scipio
1118 4269 1386 4336 Africanus
1446 4274 1513 4325 ad
1565 4277 2000 4345 expugnandam,
2042 4286 2097 4333 ut

525 4359 778 4421 diximus,
810 4357 1145 4411 Numantiam
1185 4361 1369 4414 missus
1418 4372 1511 4416 est.
1550 4362 1611 4417 In
1660 4365 1969 4437 Hispaniam
2009 4369 2093 4423 in-

522 4462 745 4517 gressus,
776 4462 873 4499 non
899 4463 953 4500 se
987 4444 1128 4501 illico
1155 4448 1363 4518 ingessit
1390 4452 1635 4518 hostibus,
1662 4466 1712 4508 ut
1743 4460 1890 4523 quasi
1916 4459 2093 4513 incau-

1455 393 1656 453 PAULI
1695 388 1966 453 DIACONI
2006 390 2161 451 OPP.
2193 393 2370 453 PARS
2408 397 2448 454 1.
2487 431 2557 445 -
2597 396 2971 460 ΗΙΞΤΟΒΙΟΔ.

3627 422 3699 483 804

2159 505 2215 568 Α
2237 526 2353 564 vero
2396 514 2674 570 submoveri
2693 518 2847 589 jussit
2884 518 3072 576 edicto.
3122 518 3336 593 Denique
3374 538 3606 603 scortorum
3627 544 3699 603 duo

2239 601 2403 656 millia
2431 619 2544 657 cum
2573 607 2692 660 lixis
2715 624 2742 662 e
2770 609 3031 677 procinctu
3059 610 3156 665 loci
3177 616 3279 685 ejus
3298 621 3443 688 ejecta
3466 601 3579 691 sunt.
3601 601 3703 691 Tan.

2238 697 2437 761 tumque
2464 694 2627 748 subito
2668 696 2758 750 sub
2787 698 3013 754 districto
3040 700 3166 756 duce
3191 709 3389 777 profecit
3424 719 3644 788 exercitus,
3665 734 3705 779 ιιι

2239 780 2571 839 Numantiam
2620 788 2708 842 diu
2757 792 3234 858 perniciosissimam
3284 798 3478 858 Romani
3502 807 3610 864 brevi
3628 780 3706 871 iolo

2235 887 2571 943 equuarent.
2605 877 2775 951 Igitur
2803 899 2915 936 cum
2941 897 3140 955 partem
3166 892 3366 957 astatis,
3392 902 3603 968 totamque
3623 904 3709 975 lnge.

2232 980 2382 1033 mem,
2410 985 2471 1023 ne
2498 969 2683 1039 adepta
2711 973 2914 1055 quidem
2944 994 3113 1049 pugna
3138 985 3464 1055 transegisset,
3483 991 3543 1045 sic
3560 969 3708 1066 quoque

2231 1075 2414 1154 Parum
2445 1066 2808 1154 propemodum
2847 1069 2952 1123 haec
2990 1073 3202 1143 profecit
3249 1077 3496 1137 industria.
3524 1074 3749 1154 ξΝαηιφιιὲ

2231 1149 2316 1203 ubi
2338 1153 2486 1222 c0pia
2513 1156 2774 1225 pugnandi
2800 1158 2935 1230 facta
2962 1170 3071 1229 est,
3101 1165 3357 1221 exercitus
3398 1149 3624 1231 Romanus

2229 1255 2443 1311 pressus
2472 1244 2669 1314 impetu
2695 1247 3156 1319 Numantinorum,
3191 1264 3330 1327 terga
3356 1268 3601 1320 convertlt.
3633 1244 3706 1324 Sed

2229 1333 2586 1404 increpatione
2615 1347 2669 1393 et
2719 1339 2875 1395 minis
2901 1342 3219 1413 objectantis
3249 1362 3304 1401 se
3332 1351 3558 1419 consulis,
3580 1370 3705 1412 maus-

2227 1443 2321 1494 que
2341 1430 2616 1495 retinentis,
2650 1433 2859 1489 tandem
2885 1435 3188 1505 indignatus
3218 1438 3268 1494 in
3297 1439 3490 1497 hostem
3514 1447 3652 1513 rediit,
3671 1457 3712 1505 et

2226 1532 2384 1585 quem
2432 1517 2686 1591 fugiebat,
2733 1523 2911 1594 lugere
2940 1535 2965 1562 ι
2989 1530 3263 1605 compulit.
3309 1531 3529 1602 Difﬁcilis
3566 1539 3709 1593 tuncitt

2225 1608 2386 1660 relatu
2428 1609 2572 1677 ﬁdes,
2604 1609 2948 1669 Numantinos
2994 1621 3168 1688 fugere
3190 1660 3205 1684 ,
3234 1630 3280 1674 et
3324 1622 3551 1692 fugientes
3593 1628 3713 1684 videre

2227 1698 2466 1754 Romani.
2506 1702 2653 1759 Unde
2676 1708 2914 1774 quamvis
2942 1708 3141 1778 Scipio,
3174 1719 3291 1780 quia
3320 1726 3489 1783 praeter
3517 1734 3628 1788 spem
3644 1736 3709 1774 ac-

2224 1790 2436 1860 ciderat,
2489 1793 2692 1850 laetatus
2716 1805 2769 1852 et
2795 1799 3047 1867 gloriatus
3087 1811 3261 1869 esset,
3291 1814 3455 1875 tamen
3492 1810 3608 1865 ultra
3628 1813 3710 1869 bel-

2152 1866 2201 1927 Β
2226 1884 2333 1938 Ιιιηι
2363 1886 2615 1943 adversus
2643 1903 2736 1945 eos
2762 1891 3062 1949 audendum
3111 1911 3216 1952 non
3244 1912 3361 1954 esse
3390 1900 3620 1969 professus
3640 1914 3711 1962 est.

2226 1976 2405 2046 itaque
2431 1980 2612 2034 urbem
2657 1982 2936 2041 obsidione
2964 1985 2990 2024 δ
3023 1989 3304 2055 conclusit,
3334 1993 3461 2061 fossa
3499 1996 3620 2049 etiam
3647 1998 3714 2050 cir-

2222 2069 2515 2133 cumdedit,
2546 2073 2692 2143 cujus
2735 2075 2953 2131 latitudo
2995 2079 3208 2147 pedibus
3247 2081 3432 2148 decem,
3462 2083 3640 2139 altitudo
3658 2088 3712 2139 ri-

2222 2159 2350 2228 ginti
2376 2162 2562 2228 pedum
2603 2165 2718 2232 fuit.
2767 2163 2949 2233 Ipsum
2988 2169 3174 2225 deinde
3210 2173 3395 2227 vallum
3420 2175 3599 2229 sudibus
3622 2191 3716 2245 pra-

2220 2256 2486 2317 structum,
2506 2254 2689 2307 crebris
2711 2257 2929 2310 turribus
2950 2263 3295 2316 communivit.
3323 2262 3579 2318 Numantia
3595 2260 3713 2319 autem

2218 2340 2271 2395 in
2300 2344 2495 2398 tumulo
2516 2347 2632 2409 sita,
2657 2346 2799 2401 haud
2822 2352 3001 2420 procul
3021 2369 3047 2406 e
3066 2354 3279 2422 ﬂumine
3305 2353 3477 2424 Durio,
3499 2358 3579 2410 tria
3603 2357 3717 2411 millia

2219 2450 2463 2502 passuum
2510 2438 2700 2493 ambitu
2745 2442 2878 2495 muri
2922 2445 3333 2513 amplexabatur,
3364 2450 3566 2517 quamvis
3602 2448 3717 2514 aliqui

2216 2537 2442 2580 asserant
2469 2545 2581 2583 eam
2608 2538 2654 2585 et
2700 2548 2853 2602 parvo
2888 2524 3007 2597 situ,
3056 2546 3102 2589 et
3133 2538 3243 2591 sine
3266 2553 3407 2591 muro
3432 2539 3587 2609 fuisse.
3613 2535 3718 2611 Unde

2220 2618 2456 2672 credibile
2480 2628 2572 2685 est,
2602 2623 2722 2687 quia
2750 2624 2845 2676 hoc
2871 2625 3093 2693 spatium
3124 2644 3251 2681 cura
3272 2629 3568 2693 alendorum,
3593 2638 3717 2683 custo-

2216 2710 2613 2781 diendorumque
2670 2730 2948 2785 pecorum,
2998 2719 3074 2772 vel
3135 2722 3290 2773 etiam
3352 2721 3587 2775 exercendi
3624 2720 3720 2773 ruris

2215 2804 2498 2869 commodo,
2526 2821 2637 2857 cum
2663 2804 2889 2861 Romano
2910 2808 3039 2863 bello
3068 2824 3442 2885 premerentur,
3463 2811 3719 2872 incluserint,

2212 2892 2311 2967 ipsi
2327 2908 2492 2946 arcem
2514 2911 2719 2963 parvam
2744 2906 2927 2952 natura
2949 2902 3205 2955 munitam
3236 2904 3501 2957 obtinentes
3521 2918 3536 2955 :
3553 2900 3719 2969 alioquin

2214 2986 2514 3053 paucitatem
2544 2987 2824 3055 hominum,
2854 2998 2956 3043 tam
2988 2994 3221 3063 amplum
3252 2995 3386 3048 muri
3427 2995 3622 3066 spatium
3648 3007 3719 3045 non

2214 3077 2413 3130 munire
2447 3080 2603 3149 magis
2648 3096 2802 3148 quam
2844 3084 3059 3153 prodere
3096 3088 3273 3154 potius
3318 3088 3575 3142 videbatur.
3600 3082 3721 3156 Igitur

2216 3169 2530 3223 conclusione
2557 3171 2645 3222 diu
2672 3171 2997 3243 Numantini,
3028 3186 3072 3230 et
3101 3177 3243 3247 fame
3275 3179 3524 3239 trucidati,
3549 3176 3719 3230 deditio-

2211 3274 2325 3312 nem
2367 3260 2447 3313 sui
2492 3260 2793 3326 obtulerunt,
2839 3266 2885 3318 si
2927 3267 3223 3321 tolerabilia
3263 3271 3570 3340 juberentur.
3611 3265 3721 3333 Sept

2207 3347 2341 3401 enim
2370 3358 2571 3403 orantes
2587 3354 2744 3424 justaz
2770 3370 2950 3424 pugna:
2975 3359 3300 3426 facultatem,
3328 3370 3382 3413 ut
3405 3371 3617 3430 tanquam
3637 3356 3722 3409 viris

2206 3440 2335 3492 mori
2364 3442 2549 3508 liceret,
2582 3444 2759 3499 ultima
2787 3462 2958 3503 omnes
2990 3452 3156 3505 subito
3198 3453 3401 3507 duabus
3426 3454 3573 3524 portis
3593 3463 3721 3503 erum-

2206 3540 2353 3599 punt,
2380 3532 2521 3603 larga
2545 3536 2687 3601 prius
2716 3538 2915 3604 potione
2957 3541 3057 3605 usi,
3085 3558 3191 3599 non
3242 3544 3365 3612 vini,
3397 3547 3538 3617 cujus
3558 3539 3721 3613 {erasit

2205 3621 2342 3676 locus
2385 3640 2485 3676 non
2532 3635 2625 3693 est,
2652 3630 2740 3681 sed
2787 3647 2937 3685 succo
2985 3634 3147 3688 tritici
3195 3652 3289 3707 per
3335 3647 3489 3692 artem
3529 3637 3720 3704 confecto,

2202 3731 2347 3784 quem
2376 3733 2582 3771 succum
2613 3738 2643 3773 a
2670 3723 3015 3793 calefacienda
3045 3728 3251 3782 caeliam
3274 3737 3470 3784 vocant.
3496 3727 3724 3783 Suscitatur

2200 3808 2335 3861 enim
2356 3810 2502 3879 ignea
2521 3813 2594 3864 vis
2615 3813 2705 3867 illa
2726 3816 2969 3883 germinis
2989 3819 3298 3889 madefacta:
3320 3821 3500 3892 frugis,
3518 3834 3573 3872 ac
3590 3813 3722 3870 deinde

2201 3898 2440 3968 siccatur,
2471 3910 2518 3956 et
2560 3915 2672 3971 post
2716 3906 2767 3960 in
2812 3908 3033 3978 farinam
3079 3913 3296 3967 redacta
3340 3913 3479 3967 melli
3513 3925 3639 3965 succo
3660 3904 3727 3958 ad-

2200 3993 2437 4047 miscetur
2462 4039 2478 4063 ,
2527 4011 2627 4063 quo
2676 4001 2918 4066 fermento
2967 4017 3122 4070 sapor
3168 4004 3500 4067 austeritatis,
3545 4009 3586 4054 et
3623 3994 3726 4049 calor

2199 4084 2453 4140 ebrietatis
2498 4089 2757 4159 adjicitur.
2811 4091 2921 4145 Hac
2967 4094 3128 4163 igitur
3174 4099 3387 4166 potione
3430 4106 3532 4164 post
3572 4095 3725 4160 longam

2198 4175 2382 4245 famem
2411 4181 2788 4247 recalescentes,
2824 4182 2953 4236 bello
2979 4201 3086 4238 sese
3134 4186 3450 4241 obtulerunt.
3494 4187 3636 4238 Atrox
3659 4176 3722 4231 diu

2196 4278 2486 4340 certamen,
2518 4281 2572 4326 et
2600 4288 2768 4347 usque
2797 4274 2863 4328 ad
2910 4276 3204 4346 periculum
3257 4279 3601 4335 Romanorum
3640 4269 3725 4324 fuit.

2195 4361 2494 4433 Iterumque
2534 4364 2781 4430 Romam,
2813 4381 3044 4438 pugnare
3074 4384 3134 4426 se
3163 4370 3453 4427 adversum
3504 4361 3723 4423 Numanti-

2195 4466 2293 4509 nos
2323 4453 2571 4525 fugiendo
2600 4459 2983 4527 probavissent,
3008 4462 3107 4516 nisi
3138 4463 3241 4519 sub
3270 4464 3522 4533 Scipione
3548 4467 3726 4529 pugna!-

524 4545 599 4591 tos
624 4538 997 4591 circumveniret
1022 4578 1038 4605 ,
1068 4539 1227 4592 sciens
1262 4558 1517 4610 nunquam
1542 4545 1596 4597 id
1637 4562 1792 4615 genus
1821 4547 2090 4604 hominum
2118 4584 2175 4647 Β
2197 4552 2335 4599 sent.
2367 4546 2692 4613 Numantini,
2716 4551 3009 4606 interfectis
3039 4569 3263 4609 suorum
3293 4554 3600 4618 fortissimis,
3622 4547 3726 4604 bello

520 4627 647 4682 adeo
684 4630 735 4681 in
779 4629 880 4682 otio
923 4638 1137 4698 torpere,
1178 4641 1329 4699 atque
1370 4636 1538 4687 animo
1585 4640 1882 4704 resolutum,
1908 4651 1961 4694 ut
1991 4658 2092 4697 non

521 4718 630 4788 ipsa
651 4720 892 4787 qualitate
916 4719 1229 4776 habitudinis
1258 4738 1364 4779 sua:
1390 4734 1671 4795 appara/us
1702 4729 1923 4784 aliorum
1954 4748 2088 4803 prte-

518 4811 736 4869 cellerst.
782 4812 886 4867 Sed
934 4813 1233 4883 aliquandiu
1282 4816 1489 4870 militem
1534 4834 1684 4873 suum
1743 4821 1977 4877 vitiosum
2002 4869 2015 4891 ,
2043 4835 2091 4880 et

515 4904 753 4973 ignavum
787 4908 1062 4962 exercendo
1102 4908 1265 4979 magis
1300 4927 1451 4980 quam
1497 4913 1752 4982 puniendo
1782 4916 1890 4970 sine
1914 4918 2088 4989 aliqua

516 4998 785 5051 acerbitate
810 5039 824 5065 ,
847 4999 899 5052 in
938 4999 1115 5057 castris:
1144 5001 1278 5053 velut
1305 5000 1357 5055 in
1386 5002 1570 5056 scholis
1615 5007 1861 5059 exercuit.
1896 5008 2089 5065 Deinde

517 5088 684 5147 omnia
703 5105 819 5159 quis
847 5090 1125 5159 voluptatis
1166 5106 1321 5147 causa
1350 5090 1653 5149 haberentur
1682 5096 1736 5150 in
1779 5100 1974 5164 castris,
2007 5118 2089 5157 se,-

591 5262 617 5291 ³
649 5258 770 5347 [rost
798 5260 1145 5347 compeditum
1171 5263 1259 5317 cit.
1293 5263 1417 5347 Mss.
1449 5268 1510 5319 Α.
1540 5275 1594 5347 et_
1621 5268 1709 5334 IL,
1732 5270 1881 5326 Unde
1903 5293 2086 5347 quam-

517 5328 611 5389 vis,
634 5340 766 5395 etc.,
792 5328 957 5391 omiss
984 5339 1129 5396 cash,
1156 5348 1275 5401 qua:
1304 5333 1512 5390 diverso
1549 5328 1849 5398 charactere
1881 5328 2086 5407 notari-

517 5412 589 5453 HN
595 5412 635 5449 IS
644 5436 653 5449 .

592 5465 617 5503 δ
645 5465 1064 5547 Ροθιηεοηεινεξι
1105 5472 1261 5547 iidem
1302 5475 1516 5547 legunt,
1547 5481 1680 5537 vallo
1728 5486 2079 5547 circumdedit.

515 5535 740 5633 Cumque
767 5538 855 5593 diu
897 5543 1126 5633 eouclus-i
1168 5545 1304 5633 fame
1347 5535 2079 5633 laborarent,—_pugna:quve'fa:

512 5608 751 5691 cuiquem
789 5624 1141 5699 exposcerent,
1168 5608 1228 5696 ut
1257 5618 1383 5670 mori
1415 5621 1496 5699 Iris
1534 5608 1687 5691 quasi.
1724 5608 1847 5682 viris

508 5678 780 5767 navisquae
801 5680 1113 5767 largdpri'us
1127 5688 1326 5767 potione
1346 5678 1626 5767 calefactis,
1652 5678 1761 5758 aute
1784 5678 2078 5767 managed;

512 5748 963 5843 “conjici
987 5748 1135 5822 solet,
1161 5758 1323 5814 subito
1347 5748 1498 5830 super
1527 5748 2076 5843 Romanos

511 5816 673 5881 Atrox
698 5822 806 5889 diu,
838 5816 942 5877 etc.

2198 4646 2223 4675 ο
2253 4638 2545 4708 recedunt,
2573 4643 2878 4711 compositis
2928 4654 3101 4700 tamen
3152 4648 3438 4707 ordinibus
3460 4688 3475 4711 .
3503 4658 3592 4703 nec
3626 4641 3728 4698 sicut

2192 4728 2457 4798 fugientes
2498 4731 2552 4786 in
2585 4734 2769 4789 urbem
2799 4744 3161 4795 revertuntur.
3190 4740 3437 4810 Corpora
3468 4734 3725 4794 interiecto-

2196 4838 2315 4878 rum
2343 4824 2409 4879 sd
2438 4828 2767 4895 sepulturam
2798 4831 2974 4884 oblata
3005 4833 3256 4902 accipere
3281 4833 3313 4874 ἀ
3336 4834 3621 4889 noluerunt.
3646 4824 3729 4882 No-

2140 4940 2143 4949 =
2190 4916 2395 4969 vissima
2436 4935 2523 4988 spe
2562 4921 2926 4991 desperationis
2956 4924 3008 4977 in
3048 4936 3275 4979 mortem
3317 4940 3490 4980 omnes
3514 4916 3727 4982 destinati,

2191 5006 2418 5064 clausam
2444 5016 2617 5067 urbem
2644 5014 2744 5081 ipsi
2773 5016 3052 5071 introrsum
3076 5019 3483 5085 succenderunt,
3506 5012 3730 5079 ωιιειίηιιι

2190 5104 2381 5172 pariter
2407 5105 2564 5174 ferro,
2587 5122 2796 5172 veneno,
2819 5120 2970 5182 atque
2993 5112 3108 5183 igne
3127 5116 3427 5186 consumpti
3445 5120 3575 5169 sunt.
3607 5117 3629 5147 ⁶
3647 5105 3731 5160 Βο-

2260 5300 2284 5331 c
2320 5288 2410 5345 A..
2438 5286 2641 5345 cedunt.

2158 5407 2166 5414 _
2261 5324 2288 5401 ξι
2318 5324 2753 5438 ἥόἒιηξᾶἷιὲτωιι
2792 5371 3013 5433 uterque
3061 5362 3267 5433 Codex,
3302 5369 3570 5438 ειωαφιι
3609 5355 3726 5418 υνδε*

2187 5427 2362 5506 cuncti
2387 5429 2597 5506 pariter,
2628 5437 2729 5506 etc.
3022 5505 3026 5506 ν
3251 5427 3263 5433 ’
3400 5427 3406 5431 ’
3492 5427 3504 5438 ”
3640 5500 3649 5506 _
3709 5493 3730 5506 Α

2260 5504 2299 5584 ι·⁸
2319 5495 2537 5550 Romani
2556 5517 2615 5553 ea.
2637 5500 2716 5583 his
2740 5503 3231 5584 nihilaliudguam
3254 5509 3572 5584 securitatem

2185 5578 2319 5649 sunt,
2350 5573 2960 5649 sequgmagisﬁevasisse
3005 5573 3390 5645 Numantinos,
3412 5596 3559 5649 quam
3586 5575 3731 5629 ι’ὶιὲεεο

2187 5639 2446 5711 dixerunt.
2482 5638 2651 5695 Unum
2692 5642 3065 5699 Numantinum
3090 5649 3302 5705 victoris
3344 5638 3521 5711 catena
3545 5663 3636 5703 nos
3670 5658 3730 5699 ιιι

2186 5710 2607 5798 ημίιητζυξᾴᾳαίάη
2624 5723 2733 5798 ςιρᾷ
2754 5716 3102 5798 conlernlirec,
3120 5719 3316 5798 lecto_r,
3334 5737 3455 5775 cum
3486 5715 3697 5798 Eutropif

2184 5789 2237 5839 et
2282 5782 2481 5861 ridebis
2523 5783 2647 5861 quid
2663 5784 3202 5861 ‘Paulus‘Diaconus
3239 5782 3524 5861 Eutropio,
3552 5782 3699 5860 ttth

2123 5849 2137 5857 ‘
2154 5863 2166 5893 η
2184 5859 2365 5905 auctor
2389 5849 2636 5907 Miscellae
2661 5853 2826 5911 Paulo
2854 5855 3086 5924 Diacono
3107 5849 3607 5920 addiderit.'Cims.
