3920 6336
153 383 246 459 ωδ

1188 371 2045 455 ῆῖξὶὄῑιῖῑῦίξῐῆιὶῗὶ
2074 380 2223 453 υθέ
2251 381 2344 453 tv;

1842 374 1895 383 ...η
1914 375 2045 388 κὴ..-

3306 397 3412 458 806

152 516 274 577 mani
318 512 455 571 nihil
506 526 574 569 ex
623 510 706 568 his
750 509 953 580 penitus
1006 508 1248 569 habuere
1294 513 1439 568 victis
1464 554 1480 580 ,
1527 520 1722 581 praeter
1746 513 1796 575 Α
1824 522 2067 585 ρηεεενεα
2088 515 2143 569 in
2170 531 2231 568 ea
2267 513 2510 570 seditione
2552 514 2842 595 interfecti,
2871 530 3142 590 eorumque
3187 534 3413 593 corpora

148 607 467 668 securitatem
508 618 681 658 suam.
732 602 913 674 Neque
951 617 1138 659 eversa
1186 603 1494 672 Numantia,
1526 603 1718 660 vicisse

151 713 204 757 se
234 697 397 769 magis
442 694 791 751 Numantinos
828 709 988 766 quam
1016 696 1251 752 evasisse
1279 695 1485 752 dixere.
1539 694 1718 751 Unum

148 788 512 850 Numantinum
543 788 764 844 victoris
792 798 983 844 catena
1014 804 1120 843 non
1152 788 1343 854 tenuit,
1376 788 1509 842 unde
1538 787 1718 841 trium—

152 887 295 959 phum
320 884 501 938 viderit
528 882 721 951 Roma,
744 882 999 954 quidquid
1048 882 1391 951 supellectilis
1421 881 1545 945 fuit,
1580 880 1718 949 ignis

144 974 444 1043 absumpsit.
494 972 666 1043 Igitur
702 988 764 1026 ea
806 980 1115 1043 tempestate,
1146 988 1259 1025 cum
1290 970 1399 1025 ha’c
1426 971 1567 1040 apud
1603 969 1719 1024 Nu-

147 1067 379 1122 mantiam
407 1072 549 1137 gesta
586 1072 723 1129 sunt,
753 1064 896 1133 apud
951 1062 1167 1117 Romam
1210 1062 1559 1119 Gracchorum
1585 1064 1720 1117 sedi-

146 1162 289 1216 tiones
315 1157 662 1229 agitabantur.
707 1155 857 1211 Tunc
897 1155 1077 1225 Scipio
1106 1155 1384 1227 Tyresinm
1429 1138 1716 1223 quemdam

142 1250 387 1308 Celticum
412 1248 706 1318 principem
738 1247 1028 1314 consuluit,
1057 1261 1159 1316 qua
1189 1247 1257 1301 de
1282 1260 1445 1300 causa
1477 1244 1716 1300 Numan-

142 1344 207 1401 tia
248 1344 397 1413 prius
449 1343 642 1396 invicta
688 1341 973 1407 durasset,
1001 1348 1056 1394 et
1101 1349 1221 1409 post
1268 1353 1452 1393 eversa
1512 1338 1754 1416 luisset.‘

142 1435 379 1506 Tyresius
422 1430 1060 1502 respondit:Concordia
1116 1430 1418 1497 victoriam,
1454 1428 1718 1484 discordia

142 1525 395 1581 excidium
427 1524 673 1593 praebuit.
710 1522 860 1589 Quod
906 1520 1127 1574 Romani
1160 1529 1398 1592 tanquam
1429 1520 1545 1583 sibi,
1570 1536 1630 1573 ac
1659 1520 1721 1573 de

140 1631 190 1674 se
223 1616 414 1670 dictum
439 1615 658 1685 exempli
689 1612 800 1667 loco
831 1620 1154 1681 acceperunt.
1199 1612 1402 1683 Quippe
1447 1611 1627 1681 quibus
1655 1611 1719 1662 de

140 1707 460 1765 seditionibus
482 1706 826 1761 discordantis
851 1707 1004 1759 totius
1037 1704 1189 1759 Urbis
1217 1703 1579 1757 nuntiabatur.
1608 1701 1720 1758 Hac

137 1807 450 1872 tempestate
493 1797 634 1868 apud
682 1795 918 1860 Judaeos,
972 1794 1155 1849 occiso
1202 1792 1336 1848 Juda
1394 1791 1719 1859 Machabzeo,

1821 606 1874 660 in
1902 605 2123 662 Tiberim
2154 610 2377 680 projecta
2410 615 2545 663 sunt.
2573 605 2746 676 Ipsius
2770 624 2967 680 quoque
3003 598 3227 666 Gracchi
3250 614 3411 668 inhu-

1823 709 2015 754 ntatum
2056 701 2267 756 cadauer
2296 701 2539 757 extabuit.
2571 688 2789 757 Interea.
2819 712 2931 759 orta
2974 705 3029 758 in
3075 706 3259 762 Sicilia
3288 708 3408 764 belli

1820 791 2014 845 servilis
2057 793 2319 862 contagio,
2351 793 2543 846 multas
2571 794 2672 847 late
2716 793 2893 865 infecit
2924 796 3234 867 provincias.
3272 797 3412 853 Nam

1822 889 1870 935 et
1900 880 2179 936 Minturnis
2197 883 2558 955 quadringenti
2581 885 2957 956 quinquaginta
2978 888 3105 942 serui
3126 890 3180 943 in
3204 906 3406 944 crucem

1820 975 1925 1029 acti
1955 990 1975 1029 :
2003 986 2050 1030 et
2080 975 2340 1032 Sinuessa:
2366 977 2433 1030 ad
2453 988 2643 1050 septem
2673 980 2836 1033 millia
2863 996 3123 1035 servorum
3143 998 3175 1036 α
3204 981 3270 1051 ρ.
3295 981 3405 1036 Με-

1822 1069 1959 1134 tello,
1985 1080 2032 1123 et
2061 1069 2153 1123 Cn.
2176 1068 2393 1125 Servilio
2420 1068 2637 1135 Cepione
2657 1073 2887 1141 Oppressi
2915 1082 3053 1128 sunt.
3079 1070 3146 1127 In
3172 1073 3405 1130 Metallis

1821 1175 2018 1230 quoque
2047 1160 2427 1215 Atheniensium
2468 1161 2599 1214 idem
2629 1164 2874 1217 tumultus
2913 1164 3114 1218 servilis
3139 1164 3202 1219 ab
3243 1164 3413 1222 Hera-

1823 1252 1942 1305 clito
1990 1262 2206 1320 praetore
2227 1252 2484 1307 discussus
2522 1262 2615 1307 est.
2665 1255 2817 1323 Apud
2874 1255 3035 1309 Delon
3082 1258 3236 1311 etiam
3278 1259 3411 1314 servi

1823 1362 1950 1401 novo
1987 1358 2127 1401 motu
2170 1349 2551 1403 intumescentes
2575 1391 2591 1413 ,
2626 1351 2900 1421 Oppidanis
2944 1353 3367 1420 prtevenientibus
3393 1393 3414 1424 ,

1826 1440 1984 1507 pressi
2024 1448 2138 1493 sunt
2161 1453 2180 1493 :
2202 1440 2391 1510 absque
2414 1440 2505 1494 illo
2534 1442 2701 1511 primo
2739 1442 3025 1498 Siciliensis
3054 1444 3177 1498 mali
3207 1445 3406 1516 fomite,

1824 1546 1858 1584 a
1885 1547 1985 1601 quo
2014 1531 2126 1586 ista!
2146 1532 2281 1585 velut
2314 1532 2552 1588 scintilla:
2576 1536 2838 1601 micantes,
2868 1538 3069 1592 diuersa
3100 1538 3207 1592 htec
3236 1539 3412 1593 incen-

1825 1621 1914 1675 dia
1942 1624 2339 1677 seminaverunt.
2387 1622 2452 1677 In
2482 1624 2669 1680 Sicilia
2704 1628 2835 1681 enim
2866 1638 2976 1699 post
3008 1626 3255 1683 Fulvium
3284 1646 3413 1685 con-

1826 1717 1987 1771 sulem
2018 1716 2141 1771 Piso
2189 1722 2367 1772 consul
2416 1717 2743 1773 Mamertium
2786 1722 3036 1791 oppidum
3079 1723 3413 1793 expugnavit,

1830 1808 1915 1861 ubi
1955 1818 2068 1863 octo
2093 1808 2255 1861 millia
2290 1810 2617 1881 fugitivorum
2648 1812 2935 1884 interfecit,
2966 1828 3094 1883 quos
3123 1823 3292 1867 autem
3323 1830 3414 1868 ca-

138 1893 294 1952 lrater
322 1892 441 1961 ejus
485 1888 749 1944 Jonathas
797 1885 1035 1957 pontifex
1086 1886 1338 1939 habetur.
1370 1885 1522 1939 Tunc
1562 1886 1720 1938 etiam

1839 1915 1945 1960 pere
1983 1902 2166 1967 potuit,
2224 1878 2450 1970 patibulo
2493 1902 2673 1972 a/ﬁxit.
2724 1878 2820 1958 Cui
2865 1878 2988 1957 cuni
3027 1904 3250 1963 Rutilius
3296 1903 3420 1963 Cos.

138 1986 324 2043 claruit
373 1983 515 2053 apud
582 1979 936 2036 Brundusium
995 1978 1255 2032 Pacuvius
1337 1976 1723 2046 tragoediarum

140 2078 381 2146 scriptor.
431 2074 594 2144 igitur
638 2071 821 2140 Scipio
868 2070 1061 2123 multas
1117 2068 1383 2139 Hispaniae
1437 2068 1722 2135 civitates,

145 2170 333 2242 partim
351 2168 514 2238 cepit,
529 2164 719 2235 partim
745 2165 794 2218 in
815 2162 1134 2217 deditionem
1149 2161 1725 2232 accepit.!Numantiam

150 2278 178 2319 a
205 2263 324 2318 solo
352 2260 561 2325 evertit,
588 2257 847 2327 reliquam
880 2254 1202 2325 provinciam
1234 2253 1286 2308 in
1318 2253 1474 2308 ﬁdem
1500 2254 1724 2322 accepit.

150 2331 350 2410 Eodem
379 2362 621 2421 tempore
648 2350 854 2403 Attalus
883 2362 973 2402 rex
997 2354 1021 2382 ⁸
1048 2346 1239 2417 Sgrire,
1272 2346 1436 2400 frater
1469 2344 1726 2399 Eumenis

152 2454 393 2501 mortuus
419 2450 523 2506 est,
553 2439 930 2507 haeredemque
982 2437 1231 2506 populum
1267 2435 1563 2489 Romanum
1595 2434 1726 2489 reli-

147 2534 276 2605 quit.
353 2533 426 2586 lta
472 2532 715 2586 Romano
762 2529 986 2598 imperio
1032 2542 1126 2597 per
1170 2536 1549 2582 testamentum
1600 2526 1726 2581 Asia

141 2625 387 2683 accessit.
416 2624 446 2663 δ
476 2622 646 2695 Igitur
694 2621 1003 2693 Carthagine
1026 2661 1041 2685 ,
1091 2620 1476 2689 Numantiaque
1516 2619 1684 2674 deleta
1709 2662 1726 2688 ,

141 2722 303 2775 oritur
330 2718 471 2789 apud
502 2716 759 2771 Romanos
804 2716 943 2769 utilis
982 2715 1043 2768 de
1083 2715 1368 2785 provisione
1412 2714 1644 2779 collatio,
1677 2720 1727 2768 et

143 2815 303 2870 oritur
340 2810 556 2880 infamis
598 2810 661 2862 de
703 2807 979 2862 ambitione
1009 2808 1281 2860 contentio.
1314 2805 1578 2860 Gracchus
1606 2805 1722 2860 trib.

143 2904 276 2977 pleb.
307 2905 475 2957 iratus
510 2901 798 2966 nobilitati,
829 2916 919 2953 our
966 2900 1095 2951 inter
1137 2907 1371 2952 auctores
1419 2898 1729 2952 Numantini

143 2995 347 3065 [uideris
372 3001 577 3047 notatus
603 3000 752 3056 esset,
781 3006 965 3060 agrum
994 3007 1025 3042 α
1052 2990 1263 3060 privatis
1292 2999 1502 3043 eatenus
1533 3005 1727 3057 posses-

132 3105 275 3157 sum,
300 3090 494 3157 papula
515 3085 675 3139 diuidi
715 3084 904 3139 statuit.
938 3081 1149 3136 Octauio
1177 3082 1294 3136 trib.
1318 3082 1449 3152 pleb.
1473 3081 1730 3136 obsistenti

134 3186 327 3241 ademit
354 3172 649 3251 imperium,
679 3193 725 3236 et
753 3193 1095 3234 successorem
1126 3176 1405 3231 Minutium
1431 3176 1590 3230 dedit.
1626 3175 1677 3229 II
1685 3176 1727 3230 is

1829 1992 2180 2056 successisset,
2218 1993 2355 2046 idem
2404 2010 2600 2063 quoque
2646 1993 3072 2061 Taurominium,
3100 2005 3147 2049 et
3196 1995 3419 2063 Ennam,

1831 2082 2125 2151 ﬁrmissima
2166 2081 2494 2152 fugitivorum
2522 2084 2743 2154 refugio,
2789 2084 2920 2139 bello
2948 2085 3135 2155 recepit
3158 2099 3178 2139 :
3198 2085 3420 2154 amplius

1830 2189 1983 2244 quem
2008 2173 2179 2244 viginti
2208 2174 2370 2227 millia
2394 2184 2512 2227 tunc
2534 2190 2791 2229 servorum
2815 2175 3070 2229 trucidata
3095 2178 3417 2245 referuntur.

1832 2262 2025 2318 Misera
2075 2267 2303 2334 profecto
2360 2265 2477 2318 talis
2531 2265 2691 2332 belli,
2740 2275 2790 2321 et
2844 2266 3211 2322 inextricabilis
3259 2283 3417 2324 causa

1830 2357 2072 2426 pereundi
2098 2356 2267 2424 utique
2293 2356 2514 2410 dominis
2545 2367 2671 2422 erat,
2699 2358 2798 2411 nisi
2826 2357 3236 2414 insolescentibus
3258 2360 3418 2414 servis

1831 2450 1969 2518 ferro
1995 2450 2190 2503 obviam
2235 2451 2409 2503 iretur.
2444 2448 2550 2505 Sed
2587 2458 2753 2504 tamen
2778 2451 2831 2504 in
2860 2451 2983 2519 ipsis
3018 2466 3216 2523 quoque
3242 2451 3417 2521 infeli-

1829 2541 2048 2596 cissimis
2070 2542 2270 2596 damnis
2302 2558 2506 2613 pugnar,
2531 2552 2576 2597 et
2597 2542 2973 2614 infelicioribus
2994 2542 3152 2597 lucris
3174 2543 3419 2614 victoria,

1829 2632 2010 2700 quanti
2059 2633 2246 2699 periere
2279 2633 2415 2695 victi,
2444 2642 2645 2686 tantum
2694 2633 2964 2702 perdidere
2992 2634 3228 2689 victores.
3271 2632 3422 2688 Anno

1829 2721 1894 2776 ab
1929 2721 2065 2777 Urbe
2105 2723 2310 2776 condita
2338 2722 2459 2777 6-22.
2497 2722 2696 2776 Motum
2741 2723 2953 2777 interim
2984 2723 3037 2777 in
3065 2722 3191 2777 Asia
3219 2721 3422 2779 bellum

1830 2822 1912 2871 est
1959 2813 2027 2869 ab
2070 2813 2371 2867 Aristonico
2413 2813 2665 2867 Eumenis
2698 2812 2826 2879 lilio,
2865 2812 2954 2882 qui
3002 2825 3068 2866 ex
3116 2812 3419 2867 concubina

1832 2915 2109 2975 susceptus
2132 2904 2319 2958 fuerat.
2355 2904 2472 2972 Ipse
2495 2909 2514 2931 θ
2538 2901 2811 2957 Eumentes
2835 2901 2998 2956 frater
3022 2901 3178 2956 Attali
3221 2899 3419 2957 fuerat.

1832 2996 1860 3037 ά
1888 2999 2079 3053 Missus
2103 3007 2183 3051 est
2210 2999 2451 3050 adversus
2479 3011 2595 3049 eum
2628 3011 2745 3048 cum
2772 2995 3160 3049 instructissimo
3186 2994 3416 3050 exercitu

1837 3090 1892 3145 P.
1946 3088 2176 3145 Licinius
2223 3088 2439 3142 Crassus
2487 3101 2590 3143 cos.
2644 3098 2691 3141 et
2718 3087 2947 3157 pontifex
2992 3103 3151 3153 mam,
3213 3086 3413 3144 habens

1835 3184 2044 3252 insuper
2074 3180 2277 3235 inﬁnita
2304 3195 2486 3247 regum
2535 3178 2752 3233 auxilia.
2786 3177 2915 3232 Nam
2946 3186 2999 3233 et
3028 3178 3293 3248 Bithyniae
3316 3192 3415 3235 rex

142 3277 311 3331 causis
355 3242 587 3329 senatum
622 3242 723 3337 ira,
753 3270 999 3342 populum
1027 3271 1263 3337 superbia
1305 3269 1508 3323 inuasit.
1562 3267 1729 3324 Grac-
1759 3242 1808 3308 θ
1835 3242 2155 3329 Nicomedes
2179 3242 2620 3339 Romatiosjuvit,
2640 3277 2696 3325 et
2723 3277 2745 3305 ³
2772 3268 3123 3336 Mithridates,
3142 3242 3236 3324 rex
3258 3267 3417 3324 Ponti

139 3372 267 3425 chus
315 3370 539 3441 gratiam
581 3367 757 3437 populi
802 3365 962 3431 pretio
1002 3372 1274 3435 appetens,
1307 3364 1531 3416 invidum
1561 3361 1721 3433 legem

143 3462 291 3528 tulit,
320 3462 397 3514 uti
441 3459 682 3529 pecunia,
714 3472 826 3527 qua:
872 3458 1051 3528 fuisset
1095 3456 1289 3521 Attali,
1320 3457 1510 3525 popqu
1553 3456 1731 3511 distri-

148 3557 402 3610 bueretur.
437 3554 721 3607 Obsistente
746 3550 964 3615 Nasica,
981 3551 1130 3605 etiam
1158 3548 1434 3620 Pompeius
1460 3551 1734 3621 sp0pondit

146 3662 195 3702 ss
220 3647 531 3711 Gracchum,
562 3661 677 3699 cum
704 3646 927 3716 primum
955 3643 1255 3712 magistratu
1281 3644 1490 3707 abisset,
1515 3660 1732 3698 accusa-

150 3745 339 3797 turum.
389 3737 693 3804 Gracchus,
739 3753 854 3791 cum
903 3737 1164 3802 niteretur,
1198 3744 1254 3788 ut
1294 3735 1403 3804 ipse
1443 3735 1562 3789 trib.
1597 3735 1733 3805 pleb.

148 3826 463 3895 Μαθηταὶ
508 3839 644 3877 anno
691 3830 1025 3892 permaneret,
1056 3821 1335 3890 pullarium
1362 3819 1506 3873 domi
1536 3836 1731 3875 consu-

152 3920 273 3985 luit,
296 3927 345 3973 et
370 3919 431 3973 ab
456 3934 515 3973 eo
545 3917 618 3969 ire
641 3917 695 3970 in
726 3930 967 3984 campum
1017 3913 1299 3984 prohibitus
1340 3920 1435 3966 est.
1485 3912 1591 3967 Sed
1619 3929 1732 3966 cum

152 4012 468 4084 pertinaciter
500 4017 761 4079 pergeret,
790 4008 866 4061 sic
894 4007 1042 4061 illisit
1071 4022 1191 4060 mox
1232 4016 1378 4060 extra
1396 4009 1616 4076 januam
1647 4021 1737 4075 pe-

156 4101 286 4168 dem,
309 4112 363 4158 ut
387 4104 499 4174 ejus
524 4100 836 4155 excideretur
860 4099 1131 4152 articulus.
1160 4096 1359 4150 Deinde
1388 4097 1654 4165 prodeunti
1682 4098 1731 4151 ei

158 4206 253 4255 tres
286 4202 419 4255 corvi
452 4216 566 4252 cum
602 4198 803 4251 vocibus
842 4197 1070 4250 adversis
1116 4195 1492 4259 involaverunt,
1524 4203 1570 4248 et
1599 4211 1740 4247 com-

160 4304 432 4363 pugnantes
462 4290 683 4363 tegulam
704 4298 825 4342 ante
855 4289 1003 4357 pedes
1025 4289 1136 4357 ejus
1162 4286 1478 4356 defecerunt.
1512 4285 1740 4353 Cumque

164 4382 216 4434 in
256 4383 501 4453 Capitolio
554 4382 871 4444 consuleret,
900 4379 1092 4433 similia
1140 4378 1371 4445 auspicia
1408 4376 1617 4429 audivit.
1671 4376 1738 4429 Et

168 4487 273 4526 sum
307 4474 621 4528 comitiorum
651 4473 733 4525 die
772 4472 1042 4526 seditiones
1088 4470 1265 4539 populi
1292 4469 1610 4533 accenderet,
1644 4485 1739 4521 au-

170 4576 295 4622 ctore
323 4568 513 4622 Nasica
555 4570 874 4635 inﬂammata
906 4565 1145 4619 nobilitas
1168 4608 1180 4629 ,
1208 4563 1505 4634 fragmentis
1532 4563 1735 4617 subsel-

175 4656 343 4713 liorum
368 4660 558 4729 plebem
587 4660 803 4730 fugavit.
848 4656 1110 4711 Gracchus
1138 4673 1228 4728 per
1269 4658 1475 4726 gradus,
1503 4658 1591 4726 qui
1620 4667 1738 4712 sunt

170 4760 314 4813 super
335 4749 703 4820 Calphurnium
730 4748 995 4817 fornicem,
1015 4750 1239 4801 detracto
1264 4749 1485 4801 amiculo
1513 4750 1734 4819 fugiens,

172 4834 291 4891 ictus
318 4841 592 4911 fragmento
621 4839 848 4893 subsellii
878 4842 1068 4893 corruit
1093 4856 1111 4892 :
1134 4857 1408 4907 rursusque
1436 4857 1731 4911 assurgens,

175 4927 267 4983 alio
290 4932 387 4985 ictu
412 4933 553 4987 clavi'
578 4932 776 4988 cerebro
808 4934 1016 5004 impacti
1044 4934 1366 4989 exanimatus
1397 4943 1492 4989 est.
1522 4934 1741 4993 Ducenti

239 5115 266 5144 ι
295 5110 693 5173 Ambrosianus,
718 5111 870 5164 Asia.

236 5175 263 5214 δ
293 5182 623 5252 Ambros.,ct
646 5180 870 5236 Hersiel.
895 5180 1018 5252 hinc
1047 5182 1266 5252 legunt:
1295 5181 1421 5236 Mox
1446 5183 1596 5239 etiam
1629 5183 1741 5239 De-

130 5245 277 5305 cius
316 5251 499 5306 Junius
539 5251 731 5306 Brutus
777 5252 840 5305 de
878 5245 1189 5306 Callecis'et
1245 5253 1504 5307 Lusitanis
1554 5271 1740 5309 manna

122 5318 328 5395 gloria
364 5323 722 5395 triumphavit,
751 5332 796 5375 et
826 5332 935 5391 post
977 5322 1154 5394 Scipio
1200 5322 1472 5395 Africanus
1517 5325 1583 5377 de
1623 5318 1741 5379 Nu-

136 5394 403 5466 minis
427 5394 709 5466 secundum
732 5395 1045 5460 triumphum
1075 5398 1173 5465 egit
1212 5412 1344 5450 anno
1378 5395 1442 5449 Μι
1474 5406 1739 5466 postquam

164 5454 249 5509 dae
269 5461 427 5529 Africa
453 5454 899 5535 egeratalnterea'
912 5467 965 5518 in
993 5454 1175 5521 Sicilia
1203 5466 1389 5520 bellum
1434 5454 1613 5521 servile
1638 5483 1742 5522 ea:-

180 5537 452 5608 ωιιιηινᾳε
488 5534 589 5604 per
631 5534 891 5602 Fulvium,
933 5545 981 5588 et
1027 5536 1274 5591 Rutilium
1318 5539 1540 5608 amplius
1587 5555 1740 5608 quam

182 5609 257 5649 3!
296 5606 450 5660 millia
489 5616 610 5660 tunc
654 5623 911 5660 servorum
967 5609 1221 5662 trucidata
1269 5617 1403 5661 sunt.
1458 5606 1739 5665 Minturnis

176 5675 335 5749 ml.
374 5678 501 5731 serui
528 5678 583 5730 in
624 5692 770 5732 cruce
795 5679 1041 5749 suspensi
1064 5690 1204 5749 sunt.
1251 5681 1400 5749 Apud
1446 5682 1744 5735 Sinuessam

174 5748 294 5818 κο
313 5762 358 5801 Iv
387 5749 552 5801 millia
578 5764 836 5803 seruorum
858 5766 890 5801 a
916 5749 980 5818 ρ.
1022 5748 1227 5805 Metello
1261 5748 1307 5804 et
1344 5749 1483 5807 Gneo
1528 5750 1747 5810 Servilio

443 5828 741 5892 narrantur.
765 5817 973 5892 dictum
995 5822 1222 5892 interim,
1248 5831 1354 5879 elo.

259 5887 282 5921 '
305 5890 550 5949 Ambros.
578 5890 731 5961 legit,
754 5888 1017 5957 Eumenis.

1835 3372 1882 3417 et
1925 3362 2205 3429 Armeniae,
2234 3375 2353 3415 cum
2397 3375 2506 3431 quo
2555 3360 2752 3417 bellum
2808 3368 2989 3428 postea
3038 3356 3418 3429 gravissimum

1837 3450 1969 3518 fuit,
2012 3460 2066 3506 et
2101 3453 2375 3506 Ariarates
2411 3449 2720 3519 Cappadox,
2751 3459 2805 3505 et
2834 3449 3147 3521 Pylemenes
3173 3446 3194 3487 ί
3214 3448 3422 3519 Paphu-

1839 3545 1992 3613 lsgon
2017 3584 2033 3609 ,
2080 3560 2351 3614 eorumque
2404 3544 2640 3597 maximis
2692 3543 2852 3612 copiis
2899 3543 3141 3613 adjutus,
3189 3552 3421 3598 conserto

1838 3645 2016 3693 tamen
2047 3636 2179 3690 bello
2205 3644 2232 3685 ε
2264 3637 2435 3692 victus
2458 3645 2531 3691 est
2553 3634 2773 3691 Crassus
2792 3677 2808 3703 ,
2838 3644 2892 3692 et
2919 3651 3034 3690 cum
3056 3640 3279 3691 exercitu
3306 3643 3423 3709 post

1838 3731 2114 3801 plurimam
2167 3730 2355 3783 aedem
2399 3730 2451 3783 in
2502 3733 2676 3800 fugam
2723 3736 2860 3796 acto,
2907 3728 3017 3799 ipse
3058 3729 3126 3784 ab
3176 3729 3420 3784 hostibus

1839 3829 2025 3889 captus
2053 3828 2134 3874 est
2160 3837 2171 3873 :
2197 3820 2285 3889 qui
2315 3819 2481 3890 magis
2510 3820 2646 3874 mori
2678 3818 2903 3888 eligens,
2937 3833 3098 3889 quam
3127 3833 3157 3873 a
3188 3817 3418 3875 barbaro

1839 3911 2053 3978 abduci,
2082 3913 2282 3981 virgam
2311 3953 2325 3979 ,
2354 3927 2456 3983 qua
2503 3926 2696 3982 equum
2744 3910 2998 3982 agitabat,
3030 3909 3083 3966 in
3121 3913 3331 3966 oculum
3360 3927 3419 3968 se

1842 4003 2067 4059 tenentis
2095 4000 2123 4040 ⁸
2148 4003 2348 4074 injecit.
2372 4004 2628 4058 Barbarus
2655 4013 2847 4068 autem,
2883 4018 3001 4056 cum
3036 4004 3115 4057 ira
3154 4011 3204 4057 et
3240 4003 3417 4058 dolore

1840 4095 2129 4160 exarsisset,
2161 4094 2294 4147 latus
2320 4092 2491 4147 Crassi
2526 4093 2697 4164 gladio
2724 4094 3158 4148 transverberavit.
3188 4092 3261 4148 Ita
3304 4094 3416 4161 ille,

1842 4188 2139 4257 excogitato
2164 4201 2359 4256 genere
2401 4187 2606 4249 mortis,
2652 4185 2835 4255 ell’ugit
2861 4200 2981 4240 cum
3015 4185 3275 4241 dedecore
3302 4200 3417 4241 ser-

1842 4280 2083 4333 vitutem.
2114 4277 2287 4348 Caput
2329 4279 2446 4348 ejus
2473 4279 2538 4331 ab
2580 4278 2886 4332 Aristonico
2909 4278 3196 4343 sublatum,
3229 4291 3423 4348 corpus

1842 4372 2082 4441 Smyrna
2129 4372 2392 4439 sepultum
2439 4380 2521 4427 cst
2552 4369 2595 4424 ί.
2641 4367 2749 4424 Iste
2775 4382 2878 4424 tam
2905 4371 3005 4425 cito
3042 4370 3215 4425 Grece
3243 4371 3297 4424 in
3327 4387 3419 4423 ca-

1842 4462 2120 4518 strensibus
2167 4460 2567 4533 expeditionibus
2608 4460 2820 4527 studuit,
2853 4471 2909 4515 ut
2955 4463 3104 4516 sociis
3141 4462 3420 4518 Aristonici

1846 4554 2019 4608 Graece
2043 4553 2181 4607 omni
2209 4563 2352 4623 parte
2379 4552 2521 4607 illius
2548 4554 2740 4623 lingua:
2766 4554 2879 4607 sine
2899 4554 3175 4625 interprete
3202 4571 3414 4625 respon-

1844 4650 2000 4703 deret.
2050 4648 2239 4707 Postea
2290 4648 2565 4717 Perpenna
2596 4663 2707 4704 cos.
2742 4649 3013 4707 Romanus
3037 4692 3053 4719 ,
3084 4654 3175 4723 qui
3223 4653 3418 4710 Crasso

1844 4759 2124 4800 successor
2170 4745 2439 4811 veniebat,
2472 4745 2646 4800 audita
2698 4746 2820 4801 belli
2869 4748 3081 4806 fortuna
3121 4751 3187 4806 ad
3231 4753 3413 4808 Asiam

1847 4834 1863 4885 i
1903 4836 2207 4904 properavit.
2260 4836 2601 4891 Aristonicum
2650 4840 2837 4893 recenti
2878 4841 3084 4896 victoria
3130 4843 3413 4913 feriatum,

1843 4927 2115 4999 improviso
2154 4928 2284 4983 bello
2326 4928 2557 4996 adortus,
2596 4930 2939 5001 nudatumque
2993 4934 3225 4987 omnibus
3252 4932 3415 5002 copiis

1913 5109 1941 5150 (ι
1968 5108 2127 5171 Idem,
2166 5104 2356 5161 Missus
2402 5116 2474 5161 est
2515 5117 2624 5175 post
2652 5125 2715 5161 λὺ.
2742 5106 2955 5164 Crassus
3005 5109 3193 5164 habens
3235 5108 3416 5180 inﬁni-

1841 5187 1912 5245 ta,
1941 5189 2043 5235 etc.

1915 5252 2053 5321 3A.,
2087 5250 2371 5321 Mitridates
2400 5248 2663 5317 Ponticus,
2698 5269 2813 5307 cum
2838 5268 2959 5321 quo,
2988 5260 3092 5309 etc.

1916 5318 1937 5359 ι
1970 5323 2243 5388 Ambros.,
2276 5320 2537 5377 Horsl‘eld.
2570 5336 2622 5379 et
2672 5318 2954 5395 Eutropius
3002 5323 3233 5392 habent,
3264 5319 3419 5378 Pole-

1840 5406 2030 5449 metres.

1917 5473 1942 5511 8
1976 5468 2037 5518 Α.
2063 5464 2275 5518 brevius
2313 5464 2472 5519 victus
2504 5475 2670 5521 tamen
2699 5466 2931 5527 Crassus,
2957 5473 3007 5519 ct
3024 5466 3107 5531 ab,
3131 5473 3237 5521 etc.

1913 5532 1943 5605 il
1974 5537 2037 5589 A.
2073 5545 2185 5601 post
2226 5536 2415 5605 injecit,
2450 5553 2665 5605 moxque
2691 5536 2754 5590 ab
2780 5554 2837 5591 eo
2866 5537 3129 5605 confossus
3153 5544 3244 5590 est.

1924 5604 1939 5642 ἱ
1975 5607 2190 5674 Reliqua
2218 5604 2445 5679 diverso
2473 5607 2782 5663 charactere
2827 5604 3006 5663 notata
3039 5623 3140 5663 non
3169 5608 3414 5679 leguntur

1847 5678 1902 5734 in
1931 5678 2173 5732 Ambros.
2202 5685 2255 5731 et
2290 5677 2459 5731 llersi’.

1922 5751 1940 5799 ι
1977 5750 2075 5823 A.,A
2107 5748 2426 5823 acceleravit,
2462 5758 2509 5802 et
2553 5749 2658 5804 acie
2688 5750 2869 5803 victum
2912 5751 3250 5823 Aristonicum
3278 5758 3419 5823 apud

1849 5821 2307 5897 Stratonicensium
2336 5821 2601 5897 civitatem,
2630 5837 2728 5891 quo
2765 5826 2987 5897 fugerat,
3015 5822 3150 5895 fame
3176 5822 3244 5876 ad
3272 5820 3405 5876 dedi-

1846 5895 2036 5951 “onem
2060 5892 2320 5963 compulit.
2349 5893 2683 5959 Aristonicus,
2707 5892 2841 5950 ctc.‘
2975 5892 2983 5897 “
3016 5892 3019 5895 “
3418 5922 3421 5925 ν

3880 348 3881 435 ψ

3883 912 3885 1043 l
