3920 6336
543 358 653 419 807

1419 349 1623 409 PAULI
1664 345 1939 408 DIACONI
1966 344 2121 403 OPP.
2160 341 2338 402 PARS
2375 341 2419 398 I.
2445 373 2516 387 -
2553 337 2940 400 HISTORICA.
3408 386 3413 389 ,
3644 358 3721 418 ωε

543 477 599 533 In
641 475 815 545 fugam
860 466 1121 526 convertit.
1168 465 1393 535 Cumque
1440 464 1790 521 Stratonicem
1838 463 2036 525 urbem,
2068 459 2135 512 ad
2161 457 2340 527 ληὺὶ
2384 457 2471 527 qui
2515 456 2718 527 longius
2764 463 2973 524 potuere
3006 450 3284 521 diffugere,
3312 455 3585 521 reciprocam
3606 470 3724 524 αηιιρ,

542 583 695 642 quam
732 565 818 620 ille
863 562 1181 633 confugerat,
1207 558 1467 613 obsidione
1514 557 1777 624 cinxisset,
1823 553 2135 607 trucidatum

542 662 679 735 fame
700 661 767 715 ad
795 657 1099 713 deditionem
1136 653 1320 723 coegit.
1370 650 1702 706 Aristonicus
1730 649 1881 717 jussu
1911 653 2132 700 senatus

544 757 600 812 in
627 766 843 811 carcere
869 747 1225 819 strangulatus
1266 750 1370 799 est.
1400 740 1740 808 Triumphari
1787 739 1928 793 enim
1956 736 2024 792 de
2068 749 2133 790 eo

544 864 655 905 non
702 853 937 916 poterat,
966 840 1089 912 quia
1139 839 1417 909 Perpenna
1461 850 1573 889 cos.
1628 833 1766 903 apud
1810 831 2129 901 Pergamum

544 939 766 995 Romam
808 933 1020 990 rediens
1048 931 1190 985 diem
1222 928 1450 983 obierat.
1492 934 1516 962 ἰ
1547 924 1741 978 Eodem
1770 938 1905 975 anno
1962 919 2136 976 Ptole-

544 1031 658 1085 mtei
689 1026 1150 1082 Alexandrinorum
1178 1021 1311 1091 regis
1337 1020 1522 1072 misera
1548 1017 1650 1069 vita
1680 1016 1990 1068 miseriorem
2016 1015 2129 1068 vita:

543 1124 735 1178 exitum
776 1119 934 1172 dedit.
971 1115 1027 1170 Is
1050 1115 1181 1169 enim
1209 1126 1436 1167 sororem
1464 1124 1610 1163 suam
1639 1115 1818 1176 stupro
1845 1105 2129 1174 cognitam,

543 1234 605 1273 ac
647 1215 828 1270 deinde
849 1214 903 1266 in
929 1207 1315 1264 matrimonium
1340 1211 1680 1274 assumptum,
1709 1200 1979 1254 novissime
2025 1209 2135 1250 tur-

545 1310 659 1380 pius
695 1319 847 1377 quam
891 1304 1056 1367 duxit,
1097 1299 1305 1370 abjecit.
1357 1295 1658 1367 Privignam
1687 1308 1804 1346 vero
1834 1308 2002 1355 suam,
2035 1291 2131 1343 hoc

545 1411 641 1466 est,
670 1398 832 1468 ﬁliam
855 1394 1067 1460 sororis,
1084 1401 1132 1446 et
1157 1389 1412 1463 conjugis,
1435 1389 1703 1460 conjugem
1724 1384 1903 1439 ascivit
1927 1400 1944 1437 :
1969 1383 2135 1451 ﬁlium

544 1510 713 1559 suum,
742 1509 889 1562 quem
909 1506 971 1545 ex
992 1504 1170 1543 sorore
1188 1493 1501 1555 susceperat,
1528 1499 1725 1537 necnon
1753 1491 1800 1536 et
1829 1480 1995 1550 filium
2020 1479 2136 1547 fra-

546 1588 637 1640 tris
666 1585 867 1639 occidit.
901 1583 1065 1650 Quam
1089 1579 1150 1633 ob
1175 1595 1281 1632 rem
1309 1578 1463 1630 tantis
1492 1576 1717 1641 incestis,
1742 1574 2131 1645 parricidiisque

544 1674 885 1738 exsecrabilis,
918 1675 983 1727 ab
1016 1670 1382 1726 Alexandrinis
1421 1684 1576 1738 regno
1605 1668 1782 1736 pulsus
1812 1673 1907 1720 est.
1942 1664 2135 1718 Iisdem

544 1766 847 1835 temporibus
873 1763 1150 1819 Antiochus
1180 1777 1281 1814 non
1322 1770 1588 1813 contentus
1630 1756 1916 1827 Babylonia
1935 1796 1950 1821 ,
1982 1767 2136 1825 atque

2240 554 2338 607 litu
2358 552 2517 605 calidi
2538 552 2687 615 aeris,
2707 552 2907 604 adustis
2930 550 3209 603 introrsum
3231 551 3465 625 vitalibus,
3488 552 3724 625 κηποι-αὓτη,
3812 594 3821 625 ε

2236 643 2317 699 Μ.
2343 643 2557 698 Plautio
2579 643 2811 713 Hypsea,
2846 642 2925 698 Μ.
2955 641 3142 695 Fulvio
3172 622 3353 698 Flacco
3393 620 3621 714 coss.,"vix
3640 620 3728 711 dimi

2237 736 2417 804 Africa
2473 752 2504 787 a
2548 734 2795 788 bellorum
2842 733 3054 786 excidiis
3103 732 3411 801 quiescente,
3458 739 3667 797 horribilis
3700 759 3730 800 et
3796 732 3829 763 q'

2242 827 2484 879 inusitata
2516 826 2733 891 perditio
2758 834 3028 879 consecuta
3069 833 3162 878 est.
3218 823 3351 879 Nam
3391 843 3493 882 cum
3528 848 3601 897 per
3618 844 3730 891 totast
3810 840 3821 877 ε

2242 916 2477 983 Africam
2522 917 2782 969 immensa:
2824 916 3137 969 locustarum
3163 918 3490 974 multitudines
3520 927 3733 979 convaluis-

2239 1015 2373 1069 sent,
2403 1016 2447 1059 et
2473 1024 2575 1062 non
2602 1008 2752 1060 modo
2772 1009 2887 1079 jam
2926 1016 3161 1061 cunctam
3206 1025 3340 1076 spem
3368 1011 3547 1081 frugum
3570 1016 3733 1069 abrasis-

2237 1108 2369 1162 sent,
2400 1098 2684 1166 herbasque
2704 1114 2879 1152 omnes
2909 1115 3025 1152 cum
3068 1110 3210 1169 parte
3234 1102 3473 1169 radicum,
3501 1105 3607 1172 folia
3625 1108 3735 1161 arbo-

2245 1209 2360 1246 rum
2384 1208 2501 1245 cum
2528 1193 2865 1248 teneritudine
2887 1210 3149 1247 ramorum
3180 1199 3594 1265 consumpsissent,
3615 1217 3736 1255 verum

2237 1284 2387 1339 etiam
2411 1300 2615 1338 amaras
2646 1286 2881 1351 cortices,
2914 1294 3067 1356 atque
3092 1287 3244 1339 arida
3296 1288 3433 1357 ligna
3453 1291 3738 1359 prteroderent,

2236 1377 2502 1443 repentino
2532 1384 2751 1445 arrepta:
2772 1384 2942 1442 vento,
2973 1386 3127 1447 atque
3172 1378 3227 1430 in
3255 1377 3423 1448 globos
3459 1391 3634 1446 coacta,
3657 1400 3739 1448 por-

2238 1476 2450 1536 tata'que
2480 1468 2572 1521 diu
2597 1483 2686 1536 per
2709 1483 2899 1535 aerem,
2927 1467 3176 1537 Africano
3218 1470 3393 1540 pelago
3418 1469 3630 1525 immersa
3642 1483 3740 1527 sunt.

2239 1559 2291 1613 Η
2299 1576 2447 1614 arum
2466 1577 2579 1613 cum
2600 1562 2873 1615 immensos
2895 1578 3121 1627 acervos,
3148 1562 3296 1632 longe
3321 1563 3464 1617 undis
3506 1566 3739 1635 urgentibus,

2239 1655 2428 1723 fluctus
2460 1670 2550 1725 per
2600 1663 2804 1708 extenta
2859 1655 2960 1708 late
3015 1656 3190 1708 littora
3232 1656 3570 1723 propulissent,
3613 1664 3743 1710 tetra:

2245 1744 2396 1798 nimis
2418 1753 2572 1815 atque
2605 1745 2738 1797 ultra
2761 1745 3047 1812 opinionem
3087 1748 3383 1815 pestiferum
3405 1748 3585 1800 odorem
3604 1748 3743 1813 tabida,

552 1855 880 1930 Egbathana,
912 1856 1160 1923 totiusque
1206 1852 1391 1905 Media:
1431 1850 1663 1921 imperio,
1689 1850 1931 1901 adversus
1961 1847 2135 1901 Pltra—
2167 1848 2214 1909 Β
2252 1847 2300 1891 et
2326 1841 2615 1908 putrefacta
2638 1839 2898 1908 congeries
2925 1839 3204 1893 exhalavit.
3228 1838 3377 1894 Unde
3397 1841 3743 1909 omniumpariter

546 1946 715 2001 hatem
760 1945 1074 1999 Parthorum
1101 1959 1269 2014 regem
1300 1957 1595 2012 congressus
1633 1950 1681 1994 et
1719 1940 1881 1993 victus
1910 1950 1982 1992 est
2006 1954 2025 1997 :
2046 1941 2133 2010 qui

545 2057 660 2094 cum
688 2040 741 2093 in
769 2041 988 2093 exercitu
1014 2054 1107 2091 suo
1134 2047 1331 2090 centum
1374 2036 1541 2088 millia
1588 2044 1904 2088 armatorum
1944 2035 2135 2087 habere

545 2133 818 2196 videretur,
843 2131 1058 2184 ducenta
1087 2129 1251 2182 millia
1293 2128 1515 2193 amplius
1556 2128 1793 2178 calonum
1827 2135 1973 2191 atque
2001 2126 2135 2178 lixa-

547 2241 665 2279 rum
710 2224 942 2276 immixta
973 2223 1149 2274 scortis
1189 2230 1234 2275 et
1289 2216 1621 2271 histrionibus
1665 2216 1919 2271 trahebat.
1954 2213 2137 2283 Itaque

546 2318 699 2387 facile
742 2333 858 2368 cum
887 2316 1122 2368 universo
1167 2312 1391 2363 exercitu
1439 2326 1530 2363 suo
1581 2309 1895 2360 Parthorum
1945 2307 2136 2362 viribus

548 2425 817 2478 Oppressus
846 2406 1057 2460 interiit.
1090 2403 1149 2459 C.
1183 2404 1485 2473 Sempronio
1516 2399 1802 2465 Tuditano,
1830 2410 1877 2453 et
1902 2398 1980 2452 Μ.
2013 2402 2132 2453 Aci-

552 2500 623 2554 lio
653 2516 805 2563 coss.,
837 2496 898 2550 P.
928 2497 1221 2566 Scipionem
1256 2495 1547 2560 Africanum
1589 2494 1752 2563 pridie
1782 2510 1872 2560 pro
1901 2494 2137 2547 concione

553 2592 618 2645 de
658 2589 882 2659 periculo
923 2586 1103 2640 salutis
1130 2601 1233 2640 sua:
1264 2594 1617 2647 contestatam,
1641 2583 1775 2650 quod
1799 2584 1894 2636 sibi
1917 2600 2011 2652 pro
2038 2599 2131 2652 pa-

558 2686 655 2738 tria
679 2682 932 2737 laboranti
954 2681 1016 2733 ab
1040 2680 1281 2748 improbis
1310 2690 1355 2733 et
1396 2680 1609 2749 ingratis
1639 2679 1927 2731 denuntiari
1948 2693 2135 2748 cogno-

552 2776 698 2829 visset
716 2816 731 2839 ,
764 2775 867 2826 alio
894 2772 974 2826 die
1002 2787 1149 2824 mane
1175 2771 1453 2823 exanimem
1495 2770 1546 2822 in
1578 2769 1808 2822 cubiculo
1836 2786 1929 2822 suo
1954 2785 2133 2839 reper-

547 2875 676 2933 tum,
706 2880 810 2920 non
854 2873 1036 2916 temere
1078 2865 1208 2915 inter
1237 2863 1461 2914 maxima
1492 2858 1844 2913 Romanorum
1873 2863 2015 2912 mala
2050 2876 2136 2912 re-

547 2958 828 3013 censuerim
848 2997 863 3022 ,
898 2957 1176 3024 praesertim
1203 2970 1317 3007 cum
1348 2963 1545 3007 tantum
1573 2954 1624 3007 in
1648 2970 1706 3007 ea
1749 2955 1868 3007 urbe
1903 2953 2139 3023 Africani

544 3050 685 3119 vigor
701 3057 745 3100 et
767 3047 1012 3099 modestia
1032 3047 1252 3110 valeret,
1286 3053 1339 3096 ut
1361 3043 1510 3113 facile
1530 3044 1637 3096 vivo
1654 3059 1734 3105 eo,
1764 3059 1923 3114 neque
1949 3043 2140 3096 sociale

549 3155 706 3210 neque
727 3138 870 3192 civile
900 3137 1085 3189 bellum
1110 3150 1255 3206 posse
1281 3137 1492 3189 existere
1513 3136 1825 3188 crederetur.
1852 3134 2005 3188 Ilunc
2028 3132 2141 3203 qui-

2238 1934 2741 1986 animantumstanta
2783 1933 3073 1996 pestilentia
3126 1942 3398 1987 consecuta
3439 1941 3524 1997 est,
3544 1942 3589 1986 ut
3611 1935 3743 1997 avium,

2238 2028 2515 2099 pecudum,
2542 2042 2601 2080 ac
2628 2027 2901 2080 bestiarum
2931 2029 3262 2098 corruptione
3290 2028 3418 2081 aeris
3446 2026 3745 2088 dissolutarsnt,

2242 2123 2535 2189 putrefacta
2563 2121 2755 2189 passim
2799 2121 3072 2185 cadavera,
3103 2121 3285 2173 vitium
3315 2120 3618 2189 corruptionis
3640 2133 3745 2185 attge-

2241 2225 2379 2269 rent.
2409 2216 2471 2268 At
2494 2232 2610 2269 vero
2635 2225 2825 2285 quanta
2852 2218 3006 2284 fuerit
3031 2219 3300 2269 hominum
3331 2217 3550 2285 lurs,ego
3567 2217 3652 2285 ipse
3666 2215 3747 2265 dum

2240 2310 2428 2375 refero,
2463 2316 2568 2359 toto
2599 2323 2809 2367 corpore
2841 2310 3197 2377 perhorresco.
3256 2308 3511 2377 Siquidem
3554 2308 3596 2359 in
3622 2304 3749 2357 Nunti-

2239 2401 2346 2461 dia,
2384 2403 2435 2453 in
2463 2418 2562 2468 qua
2613 2412 2732 2454 tunc
2780 2400 2999 2472 Micipsa
3041 2418 3131 2456 rea:
3180 2412 3325 2466 erat,
3369 2399 3616 2470 octinginta
3638 2398 3750 2450 millia

2239 2494 2498 2549 hominum
2524 2511 2542 2548 :
2567 2496 2702 2548 circa
2728 2512 2871 2549 oram
2920 2513 3036 2551 raro
3080 2498 3417 2556 maritimam,
3461 2508 3561 2562 qua
3597 2491 3751 2543 medim

2240 2584 2622 2655 Carthaginensi
2673 2594 2824 2651 atque
2857 2586 3085 2641 Uticensi
3113 2588 3278 2641 litton’
3309 2588 3519 2654 adjacct,
3556 2584 3753 2650 plusquam

2239 2678 2456 2730 ducenta
2485 2678 2595 2730 mill
2606 2683 2646 2729 "a
2675 2680 2884 2749 periisse
2927 2680 3172 2732 traditum
3210 2688 3305 2733 est.
3356 2677 3499 2748 Apud
3525 2677 3657 2743 ipsam
3678 2685 3753 2723 vero

2245 2768 2445 2824 Uticam
2478 2772 2730 2824 civitatem
2759 2773 2970 2842 triginta
3003 2772 3165 2826 millia
3222 2772 3561 2826 Romanorum
3576 2767 3753 2831 militum,

2242 2877 2357 2931 qua:
2407 2862 2475 2915 ad
2521 2863 2819 2932 prwsidium
2866 2866 3021 2917 totius
3072 2864 3273 2931 Africa:
3324 2860 3545 2917 ordinata
3585 2861 3756 2928 fuerant,

2242 2960 2488 3010 exstincta
2538 2964 2687 3024 atque
2734 2955 2916 3009 abrasa
2964 2966 3104 3008 sunt.
3150 2954 3291 3020 Qua'
3321 2954 3487 3007 clades
3513 2958 3601 3002 tam
3624 2960 3756 3015 repen-

2244 3048 2348 3100 tina
2396 3064 2456 3101 ac
2488 3056 2589 3099 tam
2629 3049 2847 3102 violenta
2870 3049 3071 3113 institit,
3101 3060 3155 3102 ut
3194 3059 3313 3102 tunc
3354 3048 3486 3115 apud
3511 3046 3644 3115 ipsam
3681 3038 3759 3093 Uti-

2244 3155 2354 3193 cam
2381 3139 2473 3194 sub
2500 3156 2604 3192 una
2623 3140 2706 3193 die
2732 3157 2820 3209 per
2844 3157 2999 3194 unam
3046 3150 3256 3211 portam
3295 3157 3358 3194 ex
3408 3140 3502 3193 illis
3539 3130 3758 3208 junioribus

548 3231 670 3283 dam
683 3231 855 3283 uxoris
876 3245 982 3282 sua:
1009 3227 1346 3295 Semproniaz,
1366 3226 1710 3280 Gracchorum
1729 3237 1897 3280 autem
1919 3217 2132 3290 sororis,
2158 3226 2207 3291 C
2241 3233 2508 3303 plusquam
2540 3233 2675 3287 mille
2702 3236 2998 3303 quingentos
3021 3244 3258 3289 mortuos
3275 3237 3434 3290 elatos
3464 3234 3601 3301 fuisse
3638 3240 3760 3281 narrt-

550 3324 670 3377 dolo
702 3336 931 3376 necatum
958 3322 1143 3389 ferunt,
1175 3337 1235 3374 ne
1255 3321 1520 3384 scelerata,
1551 3330 1602 3373 ut
1626 3321 1797 3383 credo,
1823 3320 2038 3389 familia,
2064 3321 2133 3372 ad

548 3413 826 3484 perniciem
865 3412 1049 3480 patria:
1092 3428 1198 3465 sua:
1246 3424 1406 3473 nata,
1451 3413 1582 3464 inter
1630 3412 1814 3478 impias
1863 3412 2132 3464 seditiones

548 3509 792 3571 uirorum,
820 3523 921 3560 non
943 3509 1094 3559 etiam
1138 3508 1456 3575 facinoribus
1485 3509 1755 3561 mulierum
1784 3517 1911 3560 esset
1952 3509 2134 3560 imma-

549 3600 683 3653 nior.
726 3597 895 3651 Causa
938 3608 1104 3651 autem
1149 3598 1379 3651 interitus
1422 3601 1531 3668 ejus
1573 3599 1679 3652 ha'c
1710 3599 1848 3668 fuit:
1874 3598 1935 3651 C.
1967 3597 2131 3653 Carbo

550 3691 667 3745 trib.
718 3690 850 3760 pleb.
902 3690 1108 3759 cupiens
1159 3706 1327 3744 necem
1377 3691 1633 3743 vindicare
1678 3688 2057 3753 Gracchorum;
2085 3699 2134 3743 et

551 3782 772 3837 excitare
792 3781 1091 3834 seditionem
1140 3780 1382 3849 sapitam,
1414 3777 1484 3833 P.
1509 3778 1805 3848 Scipionem
1834 3781 2133 3850 Africanum

550 3882 699 3927 eruta
746 3871 1048 3937 Numantia,
1076 3880 1399 3925 revertentem
1436 3871 1489 3922 in
1530 3870 1775 3924 concione
1806 3871 2133 3941 interrogavit

557 3967 680 4035 quid
720 3966 781 4020 de
813 3964 1032 4019 Gracchi
1081 3974 1239 4017 morte
1274 3963 1521 4017 sentiret?
1550 3961 1644 4016 Cui
1686 3962 1984 4029 Africanus,
2011 3964 2135 4031 jure

553 4077 740 4119 ctcsum
762 4060 919 4115 videri
945 4060 1099 4113 dixit.
1128 4057 1178 4111 Μ
1190 4056 1293 4111 ,κί’
1300 4058 1456 4122 milio,
1489 4056 1551 4110 L.
1577 4056 1752 4109 Oreste
1783 4071 1935 4117 coss.,
1968 4054 2135 4109 zEtna

545 4163 685 4208 vasto
710 4164 921 4207 tremore
940 4167 1183 4205 concussa
1208 4149 1481 4202 exundavit
1502 4148 1663 4217 igneis
1691 4148 1871 4219 globis.
1905 4146 2135 4201 Rursus-

548 4259 643 4311 que
669 4244 773 4297 alia
805 4243 887 4295 die
923 4241 1110 4311 Lipare
1142 4239 1333 4304 insula,
1357 4248 1401 4292 et
1431 4239 1651 4292 vicinum
1691 4240 1827 4291 circa
1852 4255 1963 4292 eam
1994 4254 2134 4294 mare

548 4338 599 4391 in
617 4346 812 4390 tantum
837 4335 1092 4404 efferbuit,
1118 4344 1171 4388 ut
1192 4333 1406 4387 adustas
1424 4348 1619 4403 quoque
1647 4347 1798 4401 rupes
1822 4333 2128 4399 dissolverit,

555 4428 780 4482 tabulata
809 4427 1013 4480 navium
1042 4425 1326 4494 liquefactis
1361 4428 1487 4477 ceris
1515 4426 1839 4489 extorruerit,
1873 4426 2135 4478 exanima-

548 4530 627 4575 tos
647 4522 829 4589 pisces,
856 4528 1340 4588 supernatantesque
1359 4520 1634 4571 excoxerit.
1662 4516 1713 4570 II
1720 4518 1910 4572 omines
1929 4534 2130 4588 quoque

2234 3336 2335 3379 tur.
2374 3326 2725 3379 Verumtamen
2755 3343 2895 3393 pace,
2922 3336 2969 3381 et
2992 3330 3160 3398 gratia
3193 3329 3543 3395 omnipotentis
3559 3323 3635 3377 Dei
3658 3322 3759 3373 diib-

2236 3417 2352 3484 rim,
2379 3417 2441 3470 de
2464 3419 2611 3488 cujus
2641 3412 3021 3488 misericordia,
3052 3428 3097 3474 et
3130 3421 3185 3473 in
3214 3424 3366 3491 cujus
3401 3420 3577 3487 ﬁducia
3598 3418 3681 3468 iure
3708 3412 3762 3464 le-

2234 3527 2383 3581 quor,
2416 3511 2643 3579 quamvis
2668 3520 2712 3564 et
2738 3512 3048 3579 temporibus
3066 3514 3263 3566 nostris
3281 3512 3567 3567 exoriuntur
3585 3508 3762 3574 aliqua”

2235 3601 2323 3661 do,
2359 3608 2405 3652 et
2433 3599 2531 3653 hoc
2558 3601 2770 3653 diversis
2798 3609 2947 3655 terra:
2965 3602 3203 3671 partibus
3226 3604 3457 3668 locustae,
3481 3612 3523 3655 et
3541 3601 3765 3671 plerumque

2188 3743 2195 3749 ,
2236 3690 2411 3758 etiam,
2447 3693 2539 3745 sed
2566 3691 2897 3745 tolerabiliter
2925 3693 3136 3760 ltedant,
3188 3711 3455 3766 nunquam
3503 3704 3645 3746 tamen
3679 3700 3765 3742 tuu-

2237 3782 2446 3853 poribus
2477 3780 2784 3837 Christianis
2813 3792 2954 3837 tanta
2981 3787 3055 3839 vis
3082 3787 3465 3841 inextricabilis
3490 3780 3764 3845 maliaccitlit,

2238 3882 2296 3926 ut
2320 3874 2568 3940 pernicies
2596 3875 2930 3942 locustarum,
2963 3893 3077 3946 qua:
3109 3880 3262 3934 nullo
3294 3880 3449 3933 modo
3473 3877 3585 3948 ferri
3604 3877 3689 3928 viva
3710 3885 3766 3941 po

2241 3966 2437 4030 luisset,
2486 3978 2686 4020 mortua
2738 3969 2854 4038 plus
2889 3981 3132 4025 noceret:
3155 3982 3205 4024 et
3236 3988 3343 4042 qua
3373 3974 3463 4025 diu
3494 3972 3655 4024 riterite
3690 3979 3769 4033 ptr-

2236 4058 2376 4113 itura
2405 4068 2546 4112 erant
2579 4063 2770 4127 omnia,
2793 4076 2854 4113 ea
2880 4062 3100 4128 perdita,
3129 4064 3465 4133 pereuntibus
3494 4060 3634 4130 magis
3654 4054 3768 4110 καθ’

2236 4150 2351 4213 bus,
2386 4154 2666 4221 optandum
2688 4153 2842 4221 fuerit
2862 4171 2924 4208 ne
2953 4156 3157 4222 periret.
3187 4158 3347 4210 Anno
3375 4158 3439 4209 ab
3476 4155 3599 4211 Urbe
3618 4151 3772 4205 condite

2236 4242 2363 4310 627,
2396 4244 2459 4297 L.
2516 4243 2734 4299 [Emilio
2760 4244 2973 4300 Cmcilio
3021 4247 3258 4317 Metello,
3294 4259 3351 4305 et
3390 4249 3452 4304 T.
3484 4246 3668 4315 Quintia
3690 4240 3768 4295 Fls-

2235 4336 2401 4391 minio
2422 4350 2568 4391 coss.
2600 4336 2869 4407 Carthago
2902 4339 2951 4392 in
2978 4338 3156 4395 Africa
3190 4345 3220 4384 ι»
3275 4343 3477 4397 restitui
3501 4346 3653 4413 jussu,
3677 4335 3770 4401 τίσι·

2237 4428 2365 4481 simo
2418 4428 2642 4481 secundo
2687 4430 2882 4482 demum
2933 4446 3087 4497 anno,
3136 4450 3295 4501 quam
3339 4438 3505 4505 fuerat
3529 4426 3771 4493 eversa,“

2235 4518 2399 4571 ductis
2422 4518 2605 4571 civium
2636 4516 2990 4574 Romanorum
3039 4524 3282 4592 familiis,
3332 4542 3451 4595 qua:
3496 4539 3597 4577 eam
3631 4516 3772 4573 intole-

619 4663 643 4691 ⁸
669 4662 915 4716 Ambros.
941 4669 995 4716 et
1027 4658 1201 4715 Ilersl.
1234 4660 1355 4711 hinc
1384 4658 1603 4723 legunt:
1636 4656 1728 4710 His
1773 4658 1947 4710 diebus
1975 4668 2116 4711 tanta
2146 4660 2198 4719 ι)
2223 4666 2337 4710 sunt
2368 4656 2496 4710 cives
2526 4656 2763 4710 Romani.
2806 4656 2955 4708 Anno
2986 4653 3099 4723 627,
3122 4656 3186 4709 ab
3225 4656 3296 4708 U.
3328 4656 3416 4722 (2.,
3445 4656 3590 4711 Caius
3616 4650 3771 4707 Cassius

546 4750 634 4805 per
673 4742 831 4786 totam
868 4732 1095 4805 Africam
1126 4732 1432 4805 locustarum
1448 4729 1739 4805 multitudo
1759 4730 2035 4792 convaluit,
2063 4737 2118 4781 ut

546 4800 698 4857 simul
727 4800 922 4875 fruges,
944 4801 1140 4875 herbas,
1170 4802 1407 4853 arborum
1436 4800 1585 4875 folia,
1614 4800 1921 4875 corticesque
1945 4815 2124 4851 corro-

545 4869 741 4937 tlerent,
778 4869 907 4943 qum,
940 4873 1198 4941 repentino
1226 4880 1370 4924 vento
1394 4870 1628 4933 sublata’,
1656 4869 1706 4920 in
1735 4871 1976 4943 Africano
2003 4880 2120 4923 sunt

544 4947 722 5017 pelago
768 4940 1023 4999 dentersre.
1068 4944 1172 5017 Sed
1210 4958 1324 4995 cum
1349 4954 1775 5017 earum_acervos_
1800 4940 1996 5006 fructus
2037 4957 2123 5008 per

548 5010 746 5070 extenta
776 5018 948 5069 littora
977 5014 1341 5085 pertulissent,
1373 5011 1667 5085 pestiferum
1712 5010 1917 5085 odorem
1951 5023 2124 5085 putre-

546 5091 683 5156 facta
710 5080 1263 5156 congeries'exhalarit.
1300 5081 1450 5156 Unde
1494 5081 1718 5156 omnium
1760 5080 2121 5156 animantium,

544 5151 736 5223 avium,
764 5151 1110 5225 picuduiitque
1143 5171 1203 5206 ac
1228 5155 1503 5207 bestiarum
1535 5151 1686 5225 pestis
1708 5151 1922 5225 existens
1944 5154 2125 5225 vitium

545 5220 887 5295 corruptionis
926 5220 1228 5293 ampliavit,
1274 5240 1379 5295 qua
1431 5223 1716 5295 pestilentia
1767 5224 1818 5273 in
1872 5220 2123 5295 Numidia

545 5289 891 5353 Dccc'millia
930 5289 1216 5357 hominum,
1238 5289 1374 5363 circa
1420 5289 1778 5363 Carthaginem
1825 5294 2121 5363 verorplus-

545 5385 699 5437 quam
728 5383 788 5422 cc
829 5366 992 5420 millia
1024 5367 1299 5434 perierunt.
1346 5362 1696 5437 Romanorum
1737 5378 1850 5417 vero
1876 5362 2120 5429 militum,

547 5433 634 5508 qui
662 5439 725 5489 ibi
740 5439 819 5508 ad
849 5433 1140 5508 prresidium
1185 5441 1336 5508 erant
1359 5448 1469 5508 χει
1486 5433 2118 5508 _millia_exstincta_sunt.

549 5502 706 5559 Lucio
731 5502 935 5561 Metello
967 5508 1170 5561 Ctecilio
1217 5514 1263 5559 et
1295 5503 1357 5558 T.
1384 5504 1450 5568 ρ.
1479 5502 1731 5558 Flaminio
1760 5519 1893 5559 coss.
1923 5503 2024 5573 (ll.
2052 5504 2118 5557 L.

548 5576 749 5647 Ctecilio
780 5578 1035 5647 Metello).
1106 5646 1115 5647 ί
1312 5646 1317 5647 γ
1496 5614 1497 5617 η

620 5645 645 5681 ι)
679 5650 744 5700 Α.
788 5655 843 5699 et
877 5645 1142 5701 Hersleld.
1173 5646 1353 5712 paucis
1377 5646 1814 5701 admodumiuter
1835 5660 1893 5701 se
1917 5645 2123 5700 discor-

553 5716 744 5772 dantes
785 5716 1019 5789 habent:
1052 5717 1305 5789 Carthago
1341 5719 1494 5788 jussu
1532 5728 1737 5771 senatus
1763 5726 1999 5789 reparata
2027 5725 2120 5781 est,

553 5803 667 5858 qua
691 5798 854 5842 manet
886 5788 1110 5856 (Herst‘.,
1158 5788 1290 5844 nunc
1315 5790 1504 5858 manet)
1544 5789 1692 5842 annis
1732 5788 1946 5858 duobus,
1978 5796 2025 5840 et
2053 5802 2121 5841 xx

552 5856 785 5931 evalutis,
832 5868 1099 5932 postquam
1142 5878 1173 5917 a
1222 5861 1463 5931 Scipione
1486 5856 1656 5931 fuerat
1680 5875 1872 5915 eversa.
1902 5856 2126 5919 Deducti

2230 4726 2510 4797 Longinus,
2541 4739 2586 4781 et
2612 4728 2737 4781 Sex.
2774 4725 3027 4779 Domitius
3071 4722 3322 4781 Calvinus
3355 4745 3487 4783 coss.
3523 4729 3626 4796 (H.,
3653 4722 3773 4790 Cslri)

2230 4797 2397 4853 Gallis
2446 4799 2778 4865 transalpinis
2818 4797 3007 4850 bellum
3056 4798 3366 4861 intulerunt,
3429 4810 3476 4851 et
3524 4801 3775 4851 .trbenorrnt

2232 4869 2349 4939 (II.,
2374 4868 2751 4936 Arbennorum)
2783 4877 2900 4921 tunc
2932 4867 3267 4923 nobilissima:
3304 4871 3520 4933 civitati,
3566 4878 3773 4939 atquch

2230 4936 2345 4992 rum
2374 4941 2493 4992 duci
2521 4939 2741 5003 Vituito,
2771 4940 3129 5007 infinitamque
3147 4942 3536 4993 multitudinem
3556 4942 3683 5010 juxta
3702 4936 3775 5010 llo-

2231 5010 2425 5063 danum
2471 5011 2680 5078 ﬂuvium
2731 5012 3112 5079 interfecerunt.
3171 5010 3412 5078 Denique
3468 5007 3574 5065 cum
3610 5007 3775 5079 νηπίω

2233 5077 2540 5146 paucitatem
2584 5077 2932 5133 Romanorum
2974 5081 3057 5132 vix
3081 5081 3149 5132 ad
3174 5077 3355 5135 escam
3379 5086 3601 5144 canibus,
3624 5077 3777 5147 quatis

2232 5154 2431 5222 agmine
2452 5151 2687 5212 habebat,
2714 5151 2950 5219 sufficere
2978 5166 3125 5220 posse
3146 5155 3409 5221 jactaret,
3453 5164 3499 5207 et
3528 5156 3621 5222 ipse
3643 5162 3775 5222 cur:

2228 5220 2395 5274 millia
2424 5232 2740 5275 armatorum
2770 5222 2994 5283 haberet,
3028 5220 3268 5294 conserta
3298 5240 3476 5294 pugna
3520 5220 3551 5275 n
3589 5220 3778 5294 limis

2230 5302 2499 5362 superatus
2523 5302 2617 5356 est,
2642 5309 2704 5346 ex
2725 5295 2876 5363 cujus
2905 5293 3127 5345 exercitu
3151 5290 3352 5361 partim
3375 5290 3429 5347 in
3471 5295 3611 5351 bello.
3635 5290 3777 5363 partit:

2231 5358 2476 5416 submersi
2511 5363 2622 5431 (IL,
2648 5358 2932 5435 submersa)
2961 5378 3076 5414 cum
3099 5358 3279 5433 ponte,
3317 5382 3468 5435 quem
3513 5364 3601 5435 sibi
3618 5358 3776 5435 junctit

2231 5434 2442 5487 navibus
2463 5449 2618 5497 supra
2637 5433 2915 5486 Rodanum
2956 5432 3342 5493 exstruxerant.
3376 5452 3442 5491 CL
3471 5432 3627 5489 millia
3650 5432 3779 5501 perit‘

2232 5513 2372 5575 runt.
2395 5504 2579 5575 Prwda
2607 5521 2669 5558 ex
2692 5506 2954 5575 torquibus
2981 5502 3257 5557 Gallorum
3278 5509 3461 5575 ingens
3484 5505 3674 5559 Romam
3692 5512 3777 5570 pc!-

2236 5571 2339 5648 latu
2367 5584 2460 5648 est.
2517 5573 2740 5629 I’ituitus
2768 5571 2820 5629 se
2850 5573 3079 5627 Domitio
3106 5574 3314 5629 dedidit
3339 5571 3461 5648 ’(Ηη
3491 5575 3640 5646 dedit)
3665 5582 3779 5648 atque

2230 5645 2292 5697 ab
2321 5662 2376 5698 eo
2400 5644 2610 5698 Romam
2639 5647 2886 5717 deductus
2908 5656 3002 5709 est,
3031 5661 3323 5717 magnaque
3343 5642 3508 5717 gloria
3527 5642 3645 5699 coss.
3664 5642 3779 5717 ain“

2231 5717 2682 5785 triumphaverunt.
2717 5715 2795 5769 Μ.
2828 5714 3256 5785 PortioCatone,
3292 5714 3438 5782 et'Q.
3474 5717 3643 5771 Morta
3674 5714 3780 5779 llege

2230 5787 2346 5856 (IL,
2377 5784 2588 5857 Martio)
2622 5788 2765 5843 Coss.
2795 5802 2929 5841 anno
2975 5784 3081 5841 633
3125 5788 3187 5840 ab
3246 5788 3321 5843 U.
3374 5789 3435 5842 C.
3487 5786 3778 5857 Narbonem

2231 5852 2402 5915 Gallia
2428 5852 2637 5915 colonia
2658 5860 2878 5915 deducta
2905 5866 3001 5927 est,
3027 5872 3268 5927 annoque
3297 5870 3463 5932 posta
3480 5859 3663 5915 Licinio
3679 5852 3775 5910 lto
