3920 6336
68 505 80 562 i

573 433 677 494 sis
1503 431 1703 490 mnu
1743 398 2014 488 piscosi
2060 395 2208 484 Opp.
2251 407 2427 483 vitas
2463 403 2507 482 i.
2535 455 2606 470 -
2643 403 3025 483 utsroutcs.
3655 435 3728 497 διο

571 545 766 608 animo,
794 560 948 612 quam
975 544 1016 597 si
1046 541 1294 607 vicissent,
1327 545 1628 598 consuluere
1655 561 1810 608 eoss.,
1836 554 1892 598 ut
1929 545 1972 598 si
2000 544 2159 597 invio-
2185 543 2238 603 Α
2265 539 2474 604 Ιίιιτυητ,
2518 557 2634 608 quae
2666 556 2756 608 se,
2802 555 3033 610 suosque
3071 539 3546 609 pamtlos'femineo
3581 547 3730 625 tum,

572 645 677 691 tata
706 638 938 689 castitate
967 636 1264 704 virginibus,
1309 637 1566 704 sacrisque
1603 639 1700 689 diis
1730 637 2045 689 serviendum
2074 652 2156 690 es-

571 739 669 790 set,
697 730 850 781 vitam
878 729 974 781 sibi
1000 739 1327 782 re.~ervarent.
1378 728 1557 798 Itaque
1588 746 1700 781 cum
1737 729 1887 793 petita
1918 743 2018 779 non
2061 727 2157 778 im-

571 823 926 889 petravissent,
980 823 1203 886 parvulis
1229 823 1332 873 suis
1365 823 1431 873 ad
1459 838 1584 875 saxa
1613 822 1803 874 collisis
1836 831 2030 874 cuncta:
2052 833 2158 872 sese

571 914 711 982 ferro
750 930 811 965 ac
863 914 1134 983 suspendio
1166 924 1474 981 premerunt.
1515 912 1638 966 Ila’c
1679 913 1742 964 de
1787 911 2060 981 Tygurinis
2107 920 2157 962 et

568 1005 915 1058 Ambronibus
972 1015 1108 1072 gesta
1163 1013 1300 1056 sunt.
1345 1001 1596 1055 Teutones
1641 1013 1841 1060 autem,
1884 1012 1930 1053 et
1969 1000 2158 1054 Cimbri

567 1098 780 1169 integris
809 1099 972 1163 capiis
1008 1098 1212 1166 Alpium
1249 1098 1383 1148 nives
1411 1097 1618 1162 emensi,
1655 1095 1824 1148 Italite
1852 1096 2008 1164 plana
2040 1109 2161 1162 per-

567 1199 805 1242 vascrunt
830 1205 848 1242 :
875 1205 1085 1255 quorum
1114 1191 1241 1242 adeo
1272 1189 1443 1255 feritas
1475 1199 1604 1251 erat,
1634 1190 1739 1240 lceti
1779 1189 1943 1251 perire
1968 1187 2022 1238 in
2054 1186 2158 1239 bel-

570 1284 639 1343 lo,
668 1284 718 1334 in
746 1282 921 1334 morbo
950 1298 1061 1333 cum
1088 1282 1341 1342 lamentis,
1368 1283 1552 1333 amisso
1584 1282 1709 1333 duce
1738 1280 1897 1333 vivere
1922 1279 2158 1330 illicitum

569 1376 639 1427 eis
666 1376 948 1428 videbatur.
998 1373 1164 1442 Igitur
1195 1392 1306 1427 cum
1340 1377 1492 1441 plana
1527 1373 1700 1426 Italico
1730 1374 2076 1441 pervasissent,
2110 1380 2158 1424 et

567 1467 638 1518 ibi
661 1483 776 1520 cum
803 1468 1020 1535 rigidum
1043 1484 1202 1537 genus
1233 1469 1319 1518 diu
1352 1467 1699 1518 blandioribus
1729 1466 1892 1528 auris,
1934 1463 2154 1529 poculis,

566 1560 690 1612 cibis
720 1576 780 1612 ac
809 1559 1025 1612 lavacris
1053 1560 1388 1620 emolliretur,
1441 1557 1642 1609 Marius
1670 1574 1696 1608 v
1727 1572 1831 1609 cos.
1864 1564 1909 1606 et
1965 1554 2028 1618 ρ.
2059 1551 2158 1605 Ca-

567 1651 705 1703 tulus
731 1651 809 1701 ad:
828 1666 966 1701 ersus
993 1666 1075 1702 eos
1098 1650 1239 1703 missi
1261 1660 1397 1702 sunt.
1427 1647 1521 1701 Die
1543 1650 1611 1702 ad
1640 1664 1884 1718 pugnam,
1908 1656 1952 1700 et
1976 1659 2158 1711 campo

567 1741 709 1801 dato,
746 1739 1010 1793 Annibalis
1038 1742 1193 1793 secuti
1224 1741 1512 1810 ingenium,
1559 1742 1609 1791 in
1655 1739 1838 1792 nebula
1867 1739 2160 1800 disposuere

567 1849 815 1903 pugnam,
845 1834 898 1884 iit
927 1835 1030 1885 sole
1061 1845 1372 1900 pugnarunt.
1408 1830 1587 1884 Prima
1618 1832 1866 1897 siquidem
1891 1833 2158 1897 perturba-

2261 633 2310 685 vi
2333 644 2502 687 autem
2521 633 2680 701 virili,
2715 643 3061 688 necaverunt.
3089 630 3116 670 ¹ι
3150 631 3197 685 Il
3205 638 3242 688 is
3265 634 3404 689 bellis
3430 638 3500 692 hic
3522 640 3598 695 fuit
3617 645 3730 700 linis:

2264 725 2560 791 triumphus
2607 725 2816 794 utrique
2856 725 3102 779 decretus
3144 734 3244 781 est.
3279 723 3293 762 ί
3325 724 3476 794 Igitur
3501 741 3592 795 post
3629 733 3736 788 talest

2262 813 2419 866 Marii
2453 815 2763 885 triumphum
2813 814 3198 882 Romanamque
3230 816 3487 880 victoriam,
3518 822 3736 881 incredibile

2262 905 2462 974 facinus
2516 917 2561 959 et
2593 923 2853 975 nunquam
2887 917 3036 959 antea
3064 908 3290 960 auditum
3326 909 3396 962 vel
3431 912 3642 978 cognitum
3666 914 3737 967 llo-

2260 1013 2355 1048 mte
2383 1006 2728 1066 perpetratum
2757 1009 2861 1063 est,
2905 999 3042 1063 quod
3083 1015 3275 1051 versum
3302 999 3352 1052 in
3389 1001 3632 1066 horrorem,
3655 1021 3740 1072 gas-

2258 1089 2399 1140 dium
2437 1090 2621 1141 intota
2669 1088 2804 1143 Urbe
2849 1091 3146 1159 funestavit.
3194 1090 3258 1146 Ρ.
3298 1091 3545 1147 Malleolus
3575 1097 3741 1162 quidem,

2259 1180 2416 1231 servis
2446 1179 2794 1234 annitentibus
2816 1223 2830 1246 ,
2868 1192 3080 1233 matrem
3123 1198 3269 1235 suam
3309 1182 3562 1251 interfecit,
3591 1186 3744 1240 datust

2259 1278 2435 1337 tusque
2463 1272 2760 1340 parricidii,
2796 1275 3088 1340 insutusqttc
3128 1273 3180 1326 in
3229 1273 3434 1334 culeum.
3462 1277 3510 1328 in
3533 1293 3644 1330 mare
3664 1295 3745 1348 pro-

2251 1363 2418 1432 jectus
2449 1374 2541 1416 est.
2585 1361 3038 1435 Intpleveruntque
3067 1363 3286 1419 Romani
3313 1377 3358 1420 et
3389 1368 3592 1438 facinus,
3617 1380 3653 1422 et
3674 1387 3744 1437 pa-

2260 1469 2376 1506 nam
2409 1470 2425 1506 :
2456 1456 2592 1509 unde
2621 1468 2664 1510 et
2699 1457 2859 1510 Solon
2895 1456 3214 1511 Atheniensis
3254 1460 3500 1512 decernere
3527 1477 3607 1512 non
3641 1477 3745 1514 ausus

2260 1547 2446 1614 fuerat,
2478 1549 2597 1599 dum
2625 1549 2735 1613 ﬁeri
2767 1563 2912 1618 posse
2935 1565 3033 1602 non
3055 1549 3270 1602 credidit
3298 1565 3316 1603 :
3342 1560 3384 1604 et
3416 1549 3618 1615 Romani,
3636 1555 3747 1619 quise

2259 1649 2395 1693 ortos
2421 1658 2452 1693 a
2483 1641 2699 1696 llomulo
2741 1645 2957 1709 scirent,
3000 1643 3155 1696 etiam
3201 1643 3296 1697 hoc
3339 1645 3442 1709 fieri
3479 1661 3598 1712 posse
3618 1647 3748 1700 intelli-

2261 1743 2458 1802 gentes,
2516 1733 2828 1802 supplicium
2880 1736 3142 1805 singulare
3192 1743 3477 1789 sanxerunt.
3527 1735 3644 1787 Anno
3676 1746 3750 1803 post

2264 1824 2448 1878 Urbem
2481 1829 2736 1880 conditam
2779 1827 2905 1892 645,
2937 1838 3047 1895 post
3073 1826 3378 1881 Cimbricum
3414 1837 3458 1880 et
3495 1826 3747 1881 Teutonicum

567 1901 934 1976 tio—Gallorum
981 1925 1101 1990 fuit,
1147 1926 1280 1990 quod
1316 1924 1597 1976 Romanam
1626 1924 1782 1975 aciem
1813 1923 1954 1991 prius
1991 1908 2152 1987 off'eti-
2182 1901 2229 1960 Β
2261 1919 2470 1980 bellum,
2502 1930 2548 1970 et
2578 1922 2810 1987 quintum
2839 1919 2995 1973 Marii
3024 1920 3342 1974 consulatum
3369 1935 3460 1988 quo
3483 1928 3618 1974 status
3639 1923 3749 1984 inspe-

566 2017 683 2068 dere
721 2017 1045 2077 dispos'tam,
1075 2031 1225 2082 quam
1253 2017 1432 2067 adesse
1456 2015 1699 2067 senserint
1727 2027 1745 2064 :
1769 2027 1982 2081 cumque
2010 2011 2150 2064 illico

565 2111 812 2162 vulnerati
865 2112 1050 2175 equites
1094 2119 1232 2162 retro
1280 2110 1332 2160 in
1375 2125 1490 2161 suos
1537 2118 1856 2177 cogerentur,
1896 2117 2152 2174 totamque

566 2202 945 2255 multitudinem
977 2203 1278 2267 indisposite
1307 2201 1476 2252 adhuc
1505 2203 1856 2252 adventantem
1881 2199 2150 2252 conturba-

566 2305 700 2354 rcnt,
725 2304 770 2342 et
803 2290 1012 2342 sulcum
1037 2300 1179 2342 vento
1205 2300 1346 2342 ortus
1385 2290 1690 2351 emicuisset,
1728 2305 1790 2340 ex
1836 2290 2048 2341 adverso
2081 2290 2152 2341 vi-

567 2395 652 2431 sus
702 2395 877 2432 eorum
919 2381 1079 2446 pulvis
1109 2380 1347 2448 opplevit,
1400 2389 1445 2432 et
1491 2379 1733 2440 splendor
1767 2378 2030 2431 hebetavit.
2067 2376 2152 2431 Ita

567 2469 758 2538 factum
786 2485 878 2534 est,
910 2479 964 2523 ut
995 2479 1159 2533 tanta,
1187 2486 1248 2522 ac
1280 2483 1383 2521 tam
1413 2470 1650 2523 terribilis
1675 2470 1968 2533 multitudo,
1997 2471 2151 2522 mini-

568 2575 652 2611 ma
688 2560 1034 2614 Romanorum
1078 2562 1246 2626 clade,
1293 2577 1386 2614 sua
1415 2571 1582 2613 autem
1611 2561 1790 2613 ultima
1814 2562 2154 2614 internecione

566 2654 878 2715 ctederetur;
912 2667 1017 2706 cst.
1046 2653 1211 2705 millia
1255 2668 1427 2705 eorum
1471 2662 1590 2704 tunc
1635 2653 1686 2704 in
1731 2652 1861 2704 bello
1897 2667 2045 2714 ctesa,
2099 2666 2151 2704 χι

570 2745 736 2798 millia
783 2756 930 2816 capta
980 2747 1240 2800 dicuntur.
1301 2746 1525 2799 Βοηωηί
1578 2745 1772 2798 milites
1815 2761 1878 2799 ex
1929 2757 2154 2813 utraque

570 2837 812 2891 exercitu
848 2839 1074 2892 trecenti
1123 2840 1348 2905 periere.
1403 2838 1521 2891 Tria
1570 2847 1623 2891 et
1666 2839 1876 2907 triginta
1924 2837 2155 2892 Cimbris

566 2926 718 2994 signa
747 2929 952 2982 sublata
981 2938 1127 2993 sunt,
1154 2946 1215 2983 ex
1252 2929 1333 2982 Itis
1364 2931 1631 2983 exercitus
1662 2927 1807 2982 Marii
1834 2931 1938 2983 duo
1968 2944 2155 2998 repor-

567 3021 719 3086 tavit,
753 3021 917 3076 Catuli
945 3023 1211 3077 exercitus
1236 3030 1262 3058 ·
1295 3036 1440 3074 xxxi.
1473 3020 1575 3075 Sed
1607 3022 1673 3075 ab
1700 3036 1882 3076 eorum
1917 3022 2155 3076 mulieri-

570 3112 668 3166 bus
697 3115 997 3181 graviuretn
1028 3128 1162 3181 pene
1192 3128 1348 3181 quam
1399 3115 1465 3164 ah
1498 3113 1624 3178 ipsis
1657 3127 1905 3179 pugnam,
1934 3109 2156 3166 Romani

569 3207 774 3272 experti
823 3217 965 3259 sunt.
1025 3206 1114 3259 "an
1155 3208 1350 3259 etenim
1402 3204 1647 3272 plaustris
1677 3207 1704 3246 δ
1739 3206 1787 3257 itt
1822 3207 2034 3258 modum
2065 3220 2147 3259 ca-

568 3307 798 3350 strorum
831 3299 1127 3364 dispositis,
1161 3298 1290 3363 ipsae
1322 3299 1551 3364 desuper
1594 3307 1910 3365 pugnantes,
1943 3299 2030 3350 diu
2057 3298 2152 3352 ob-

568 3391 754 3444 stitere
791 3389 1063 3443 Rntnanis.
1099 3390 1204 3444 Sed
1237 3405 1356 3441 cum
1386 3391 1451 3440 ali
1488 3390 1565 3442 eis
1595 3403 1733 3441 novo
1759 3388 1919 3441 aedis
1959 3405 2155 3457 genere

571 3493 898 3536 terrerentur
926 3502 935 3533 :
964 3482 1217 3535 abscssis
1257 3481 1399 3535 enim
1453 3497 1573 3534 cum
1625 3481 1774 3535 crine
1806 3491 1827 3517 ο
1859 3483 2148 3548 verticibus,

572 3575 853 3630 inhonesto
883 3579 1012 3629 satis
1048 3577 1270 3629 vulnere
1318 3588 1499 3642 turpes
1542 3576 1996 3639 relinquebantur,
2041 3575 2150 3630 ter-

571 3689 713 3740 rum,
748 3673 884 3740 quod
911 3672 960 3724 in
997 3672 1175 3723 ImSIes
1206 3681 1567 3738 sumpserant,
1596 3672 1645 3724 in
1687 3684 1746 3723 se
1774 3683 2004 3734 snnsuue
2034 3684 2155 3723 ver-

570 3775 706 3819 tere.
737 3763 996 3831 Nammte,
1031 3761 1056 3800 ά
1085 3763 1320 3831 qutvdam
1358 3776 1621 3814 concursu
1671 3771 1852 3813 mutuo
1873 3758 2152 3828 jugulalai,

566 3857 684 3910 alite
727 3854 1079 3924 apprehensis
1128 3854 1350 3905 iuvit-eiu
1400 3860 1423 3887 °
1477 3852 1716 3905 faucibus
1773 3851 2150 3918 strangulatae;

565 3952 682 4004 aliae
719 3947 737 3986 ί
773 3949 987 4002 intubus
1015 3963 1104 4016 per
1128 3963 1371 4015 equorum
1421 3962 1571 3998 crura
1620 3945 1882 4006 consertis,
1935 3944 2155 4011 ipsisque

566 4047 804 4096 continuo
847 4044 988 4111 cquis
1018 4041 1374 4104 exstimulans,
1424 4048 1687 4110 postquam
1718 4056 1836 4092 suas
1863 4038 2044 4092 iisdem
2074 4039 2155 4106 fu-

567 4136 736 4196 nibus,
767 4135 950 4201 quibus
975 4148 1218 4200 equorum
1248 4147 1397 4184 crura
1427 4140 1702 4182 nexuerant
1727 4130 1960 4183 indidere
1988 4129 2152 4181 cervi-

566 4241 666 4286 ces,
703 4232 975 4289 protracta:
1012 4232 1161 4291 atque
1211 4224 1516 4277 exanimata,
1543 4230 1693 4284 sunt;
1725 4220 1840 4273 alia:
1867 4219 2057 4286 laqueo
2088 4218 2154 4272 de

569 4319 832 4372 salirectis
887 4318 1240 4384 plaustrorum
1292 4314 1591 4369 temonibus
1640 4312 1956 4381 pependere.
1993 4321 2016 4358 8
2065 4309 2152 4362 ln-

565 4421 711 4460 tenta
735 4420 804 4461 est
836 4409 982 4459 etiam
1010 4408 1264 4474 qua’dam,
1313 4422 1426 4472 qua:
1456 4407 1582 4456 duos
1627 4405 1779 4471 filios,
1812 4407 2037 4475 trajectis
2068 4418 2156 4468 per

569 4499 704 4550 colla
750 4515 924 4551 eorum
970 4498 1179 4562 laqueis,
1225 4497 1290 4547 ad
1336 4512 1455 4548 suos
1485 4497 1633 4565 pedes
1665 4496 1902 4560 vinxerit,
1951 4504 1997 4546 et
2037 4509 2152 4546 cum

569 4589 732 4656 seipsa
773 4589 1044 4655 suspendio
1087 4587 1334 4638 moritura
1373 4586 1681 4648 dimisisset,
1728 4600 1897 4637 secum
1941 4583 2152 4636 traxerit
2178 4610 2230 4669 D

570 4680 888 4733 occidendos.
929 4677 1065 4730 Inter
1106 4682 1212 4730 Ittec
1241 4677 1398 4727 multa
1434 4687 1478 4730 et
1515 4675 1820 4728 miserabilia
1849 4675 2026 4726 mortis
2067 4690 2152 4743 ge-

570 4790 710 4835 nera,
749 4771 931 4840 Reguli
959 4786 1156 4839 quoque
1185 4770 1287 4822 duo
1325 4770 1517 4822 strictis
1555 4769 1607 4822 in
1636 4785 1689 4822 se
1727 4768 1911 4838 gladiis
1942 4784 2155 4820 concur-

569 4868 696 4921 risse
725 4866 1036 4932 referuntur.
1070 4860 1261 4915 Lucius
1299 4871 1342 4915 et
1384 4859 1598 4932 Bojoris
1626 4877 1766 4931 reges
1796 4861 1850 4914 in
1880 4862 1986 4914 acie
2023 4862 2152 4914 ceci-

570 4961 772 5013 derunt.
820 4954 1098 5008 Clondicus
1147 4966 1195 5008 et
1246 4954 1454 5008 Cesorix
1495 4954 1632 5020 capti
1686 4963 1821 5007 sunt.
1875 4954 1944 5004 Ita
1987 4954 2039 5005 in
2074 4952 2154 5007 his

569 5049 780 5104 duobus
811 5047 1006 5116 praeliis
1048 5061 1216 5102 cccxt.
1248 5046 1410 5100 millia
1453 5045 1726 5099 Gallorum
1757 5059 1892 5098 cazsa
1914 5087 1927 5108 ,
1973 5055 2023 5096 et
2054 5058 2154 5098 cxt.

572 5144 731 5196 nullis
757 5153 908 5211 capta
941 5147 1086 5204 sunt,
1122 5140 1322 5208 absque
1362 5141 1638 5193 innumera
1673 5136 2009 5190 multitudine
2041 5151 2157 5189 mu-

643 5310 668 5336 ⁸
703 5304 766 5354 Α.
797 5313 959 5354 xxx"
989 5314 1058 5351 nt.

646 5370 672 5408 δ
711 5372 831 5425 Iitee
860 5378 985 5422 sunt
1006 5370 1166 5421 etiam
1198 5366 1250 5418 in
1282 5365 1373 5419 Ms.
1408 5365 1795 5419 Hcrsleldensi.

646 5455 668 5480 ε
705 5445 767 5495 Α.
794 5451 847 5494 et
880 5442 1122 5504 Eutrop.,
1147 5437 1434 5490 cervicibus.

643 5516 671 5556 ἀ
697 5513 787 5575 Δ.,
819 5511 957 5563 alite.

699 5582 765 5637 Α.
799 5593 850 5634 et
882 5581 1126 5647 Eutrop.,
1162 5576 1402 5643 faciebas.

644 5653 667 5692 ¹
705 5657 794 5714 Δ..
826 5652 1028 5720 funibus
1052 5645 1129 5701 ad
1155 5664 1302 5701 suum
1335 5646 1522 5699 collum
1584 5645 1776 5714 ligatis,
1815 5655 2155 5711 equorumque

572 5723 803 5781 cruribus
833 5731 1102 5790 protracta:
1126 5721 1442 5790 interierunt.

2255 2012 2318 2064 rii
2353 2010 2572 2063 Romani
2595 2016 2718 2082 jure
2751 2023 3074 2067 conservatus
3087 2013 3380 2082 judicatur,
3404 2023 3529 2066 sexto
3553 2015 3748 2067 consulatu

2256 2105 2482 2175 ejusdem
2498 2104 2556 2156 (ἰ.
2578 2103 2736 2158 Marii
2756 2107 2827 2158 ita
2849 2107 3182 2174 labefactatus
3203 2118 3298 2170 est,
3315 2116 3365 2159 ut
3382 2123 3497 2174 pene
3511 2107 3692 2172 usquead
3701 2116 3755 2158 er

2259 2208 2469 2249 tremunt
2484 2198 2724 2250 intestina
2737 2198 2882 2250 clade
2895 2200 3190 2252 conciderit.
3211 2198 3444 2252 Evolvere
3463 2214 3515 2250 ac
3536 2213 3752 2267 percurras

2256 2290 2629 2340 discordiarum
2645 2290 2894 2358 ambages.
2923 2298 2968 2341 et
2988 2291 3366 2344 inextricabiles
3392 2291 3654 2344 seditionum
3674 2305 3756 2341 cst-

2255 2397 2340 2433 sas
2356 2382 2730 2434 incommodum
2745 2383 2899 2434 simul
2907 2423 2919 2442 ,
2939 2398 3000 2434 ac
3016 2381 3226 2451 longum
3256 2382 3466 2435 videtur.
3481 2380 3599 2436 Sane
3609 2380 3755 2433 breviter

2255 2487 2334 2524 me
2361 2472 2551 2524 dixisse
2579 2472 2837 2541 sufficiat;
2885 2474 3006 2540 quia
3039 2474 3240 2542 primus
3282 2470 3342 2526 L.
3385 2472 3600 2539 Apuleius
3623 2468 3756 2523 Satur-

2256 2561 2405 2613 ninus
2443 2562 2648 2615 excitati
2695 2563 2940 2614 tumultus
2984 2573 3166 2614 auctor
3219 2563 3478 2626 exstiterit,
3524 2561 3579 2627 ρ.
3610 2557 3758 2612 Metello

2259 2649 2559 2716 Numidico,
2594 2655 2700 2704 viro
2725 2670 2850 2705 sane
2879 2654 3148 2721 primario,
3183 2655 3456 2707 acerrimus
3482 2648 3759 2715 inimicus,qu

2255 2758 2367 2794 eum
2397 2758 2654 2795 censorem
2682 2755 2931 2808 creatum,
2962 2753 3282 2812 protractum
3311 2746 3458 2796 domo
3480 2753 3608 2811 atque
3628 2743 3668 2794 in
3689 2738 3757 2792 Cito

2257 2834 2490 2903 pitoliunt
2519 2835 2820 2906 fugientem,
2860 2844 3060 2887 armata
3092 2835 3426 2887 multitudine
3449 2832 3632 2886 obsedit.
3660 2827 3762 2883 Undt

2263 2923 2608 2978 Romanorum
2640 2926 2861 2991 equitum
2890 2926 3246 2994 indignatione
3267 2927 3480 2994 dejectus
3504 2932 3586 2987 est,
3601 2919 3760 2988 plurima

2257 3032 2375 3076 ante
2405 3022 2715 3089 Capitolium
2745 3021 2881 3076 ctede
2911 3022 3069 3086 facta.
3105 3022 3171 3074 Α.
3226 3018 3474 3074 Nuntium
3500 3017 3651 3070 deinde
3670 3028 3764 3065 cont-

2261 3115 2522 3182 petitorem
2553 3129 2702 3165 suum
2732 3111 3042 3168 Saturninus
3085 3121 3133 3165 et
3181 3111 3400 3166 Glaucia
3429 3108 3590 3178 fraude
3611 3105 3658 3160 C.
3681 3102 3762 3155 ila-

2272 3205 2337 3258 rii
2365 3222 2470 3260 cos.
2501 3205 2743 3258 occidere.
2785 3204 3119 3269 Subsequenti
3146 3220 3288 3257 anno
3321 3201 3512 3255 Marius
3541 3214 3586 3252 rt
3615 3212 3710 3262 cos.,
3735 3199 3765 3247 st

2260 3301 2478 3355 Glaucia
2513 3312 2717 3367 prator,
2761 3310 2808 3353 et
2851 3299 3167 3354 Saturninus
3208 3300 3326 3353 trib.
3371 3300 3494 3368 pleb.
3526 3293 3764 3362 conspirau-

2259 3405 2377 3449 ruut
2412 3394 2675 3449 Metellum
2719 3393 2766 3447 Ν
2778 3396 3051 3446 umidicum
3089 3395 3142 3448 in
3183 3395 3419 3449 exsilium
3455 3401 3714 3462 quacumque
3737 3379 3767 3434 εἰ

2256 3503 2425 3557 agere.
2460 3488 2554 3541 Die
2577 3488 2729 3551 dicta,
2761 3489 3037 3557 suppositis
3077 3488 3272 3542 eisdem
3293 3484 3542 3557 judicibus
3565 3474 3766 3551 persceltt

2255 3583 2496 3635 innocens
2546 3580 2784 3634 Metellus
2824 3583 3124 3644 damnatus,
3175 3581 3230 3633 in
3271 3578 3499 3632 exsilium
3536 3588 3631 3628 cunt
3665 3566 3768 3621 ιοιίιιι

2258 3676 2396 3726 urbis
2422 3674 2599 3727 dolore
2631 3675 2880 3726 discessit.
2934 3672 3075 3727 Ideni
3107 3673 3429 3728 Saturninus
3462 3667 3704 3722 Memmium
3722 3658 3768 3710 ri-

2257 3782 2368 3818 rum
2421 3782 2586 3817 acrem
2627 3780 2671 3816 et
2711 3767 2962 3834 integrum
3008 3766 3121 3832 fieri
3159 3783 3268 3820 cos.
3309 3767 3501 3824 timens,
3539 3767 3630 3814 orta
3658 3751 3770 3807 subita

2255 3856 2504 3907 seditione
2534 3855 2809 3925 fugientem
2846 3870 2932 3921 per
2971 3851 3037 3907 P.
3081 3854 3306 3910 Metium
3342 3857 3592 3910 satellitem
3621 3838 3768 3915 infit!“

2256 3944 2426 4011 stipite
2475 3947 2837 3996 comminutum
2895 3945 3167 4015 interfecit.
3222 3944 3496 4000 Fremeute
3543 3956 3620 4012 pro
3666 3931 3772 3988 ιαητίι

2260 4037 2409 4105 Reip.
2443 4040 2588 4092 malis
2616 4050 2791 4091 senatu
2813 4041 3095 4109 populoque
3133 4039 3262 4105 Βοη
3294 4037 3492 4092 Marius
3513 4051 3603 4088 cos.
3628 4038 3771 4081 accolit-

2256 4131 2461 4183 modato
2489 4133 2555 4182 ad
2589 4143 2783 4197 tempus
2805 4133 3027 4200 ingenio,
3056 4133 3336 4184 consensui
3366 4129 3591 4181 bonorum
3613 4115 3772 4174 καίη-

2256 4221 2486 4284 miscuit,
2532 4231 2936 4289 commotamque
2982 4220 3177 4287 plebem
3230 4220 3334 4273 leni
3377 4217 3588 4271 oratione
3617 4202 3770 4264 sedavit.

2258 4311 2570 4366 Saturninus
2600 4313 2876 4379 infamibus
2907 4311 3112 4365 ausibus
3139 4313 3443 4366 concionem
3471 4306 3596 4360 domi
3615 4315 3694 4355 sua?
3714 4296 3775 4346 ἡα-

2257 4403 2380 4470 buit,
2413 4405 2581 4473 ibique
2607 4406 2668 4456 ab
2695 4406 2812 4458 aliis
2833 4421 2942 4468 rex,
2975 4405 3036 4457 ab
3069 4404 3190 4457 aliis
3218 4406 3498 4472 imperator
3521 4411 3585 4452 est
3607 4389 3775 4458 appelln-

2256 4502 2355 4546 tus.
2398 4491 2595 4546 Marius
2646 4495 3001 4562 manipulatim
3053 4496 3200 4563 plebe
3246 4493 3531 4560 conscripta
3559 4485 3774 4538 aliumt‘OS-

2257 4602 2370 4638 cum
2393 4587 2643 4653 prtesidiis
2682 4585 2734 4638 in
2762 4586 2892 4638 colle
2919 4586 3196 4651 disposuit,
3228 4588 3342 4648 ipse
3363 4593 3531 4652 portas
3565 4566 3775 4630 commutti-

2259 4683 2343 4745 vit,
2378 4682 2428 4733 in
2455 4681 2570 4749 foro
2600 4680 2832 4747 praelium
2862 4681 3210 4730 commissum.
3257 4675 3561 4731 Saturninus
3581 4685 3608 4722 α
3640 4661 3777 4718 Maria-

2256 4775 2334 4824 nis
2358 4777 2470 4839 foro
2503 4771 2701 4836 pulsus,
2729 4771 2776 4821 in
2797 4769 3108 4835 Capitolium
3132 4767 3395 4837 confugit.
3422 4761 3602 4816 Marius
3616 4753 3774 4844 ﬁstlthtf.

2254 4863 2437 4932 quibus
2465 4877 2522 4914 eo
2552 4878 2686 4931 aqua
2716 4859 3084 4920 deducebatur,
3114 4858 3328 4910 incidit.
3371 4852 3560 4909 Bellum
3583 4841 3723 4900 deinde
3746 4841 3779 4886 il

2255 4956 2386 5008 atrio
2412 4953 2650 5023 Capitolii
2679 4956 2987 5006 horrentium
3017 4951 3142 5002 satis
3179 4959 3353 5001 actum
3382 4957 3472 5000 est.
3527 4940 3657 4995 Multi
3686 4933 3778 4983 sit“

2257 5054 2530 5122 Saufejum
2567 5059 2614 5101 et
2657 5047 2994 5103 Saturninum
3027 5045 3167 5097 ctrsi.
3207 5041 3522 5098 Saturninus
3550 5025 3780 5107 palantti'ﬂ'

2254 5144 2436 5195 mitans
2469 5139 2691 5193 Marium
2713 5152 2820 5188 esse
2841 5145 3098 5188 auctorem
3121 5134 3362 5186 omnium
3391 5127 3675 5183 molitionunt
3693 5126 3779 5166 ενα·

2254 5251 2368 5287 rum
2410 5238 2720 5286 contestatus
2757 5237 2848 5282 est.
2898 5226 3028 5281 Cum
3069 5235 3253 5279 autem
3292 5224 3406 5293 ipse
3444 5205 3779 5275 Saturninus.“

2233 5368 2383 5431 pedes
2407 5361 2585 5414 vinxit.
2612 5358 2719 5424 Ita,
2739 5370 2854 5431 etc.

2304 5431 2332 5470 ιι
2365 5436 2432 5488 Α.
2462 5433 2698 5496 brevius,
2724 5430 2778 5483 Is
2801 5428 2921 5484 belli
2947 5430 3066 5496 ﬁnis
3093 5430 3224 5498 fuit.

2310 5485 2430 5572 37.4..
2465 5503 2586 5556 hinc
2617 5485 2744 5572 tergit
2770 5521 2780 5554 :
2809 5485 3112 5556 Sexflulib
3146 5499 3396 5572 Quare,
3426 5507 3475 5572 et
3503 5493 3642 5548 Lucio
3667 5485 3772 5572 ἕως

2232 5575 2310 5628 cio
2338 5555 2581 5641 Philippo
2609 5555 2738 5626 co‘st.
2763 5589 2899 5625 anno
2923 5555 3026 5626 659
3048 5572 3110 5624 ab
3138 5570 3286 5625 Urbe
3321 5555 3543 5641 condita,
3562 5575 3655 5641 fle.

2231 5649 2425 5716 absunt
2450 5628 2589 5698 ΠίἸΙ.
2615 5659 2782 5711 usque
2808 5645 2873 5697 ad
2899 5645 3080 5708 verba,
3110 5646 3269 5696 Auno
3295 5647 3361 5696 ab
3386 5642 3449 5698 U.
3477 5628 3540 5693 C.
3558 5633 3662 5716 049-
3681 5628 3771 5716 Sf,

2231 5715 2412 5784 Julia,
2453 5733 2480 5770 a
2528 5731 2632 5783 quo
2671 5709 2787 5769 luco
2826 5716 3081 5769 convenit
3127 5716 3194 5767 Η.
3240 5731 3365 5767 cum
3411 5709 3672 5775 Eutropio.
3699 5709 3772 5784 "3,“

1545 5788 1758 5860 dum_se
1795 5784 2156 5860 suspendet“.
2227 5763 3518 5860 ,’tuiijleéitvilitti-opius,Quintia—demunt
3561 5763 3692 5833 ἆιιιιδ·
3726 5763 3772 5820 υτ

570 5870 705 5924 duos
910 5853 1154 5933 trajectis
1185 5853 1286 5930 per,
1305 5859 1436 5912 colla
1460 5873 1633 5911 eorum
1677 5856 1869 5924 laquei!
1888 5894 1904 5923 ο
1947 5853 2016 5908 αα
2041 5868 2161 5910 ut“
2231 5853 2783 5937 l'cgit,quiutodecimo
2806 5853 2943 5913 anno
2973 5859 3129 5925 ﬁnem
3159 5859 3388 5928 accepit.
