3920 6336
226 371 323 431 817

1273 364 1586 429 HISTORIA
1627 369 1981 429 MISCELLA.
2023 403 2092 417 --
2128 375 2263 436 LIB.
2303 358 2375 438 νζ

222 485 484 557 Saufejus,
512 493 559 540 et
591 484 863 550 Labienus,
892 496 1099 556 cogente
1136 484 1305 540 Mario
1343 488 1397 540 in
1430 488 1627 541 curiam
1669 503 1791 543 con-
1819 490 1868 549 Α
1894 488 2071 543 clausa
2095 491 2313 554 civitate,
2341 508 2512 548 omnes
2533 492 2791 549 Romanos
2826 495 2958 552 ciues
2978 495 3032 550 in
3059 495 3198 550 dicta
3224 497 3361 552 ctzde
3373 500 3468 569 ju-

218 580 493 649 fugissent,
532 592 622 642 per
645 577 835 645 equites
874 574 1133 632 Romanos
1161 576 1383 645 effractis
1413 579 1609 648 foribus
1639 579 1791 635 occisi

216 680 346 725 sunt.
379 668 438 723 C.
465 666 681 722 Glaucia
702 680 954 722 extractus
998 672 1059 723 de
1098 671 1249 724 domo
1280 670 1482 724 Claudii
1513 673 1790 726 trucidatus

213 774 300 817 est.
351 760 544 814 Furius
582 763 813 814 tribunus
854 762 985 828 pleb.
1032 764 1163 816 bona
1213 766 1442 818 omnium
1481 766 1789 837 publicanda

213 855 439 907 decrevit.
476 852 570 907 Cn.
606 851 870 907 Dolabella
901 854 1169 909 Saturnini
1196 861 1354 922 frater
1379 871 1469 928 per
1497 858 1664 923 forum
1694 858 1790 910 oli-

211 964 388 1004 ιορικηι
419 949 618 1017 fugiens
655 962 769 998 cum
798 945 863 999 ι.
898 946 1123 1013 Geganio
1153 947 1448 1017 interfectus
1483 958 1574 1002 est.
1610 945 1790 1016 Itaque

208 1042 498 1095 auctoribus
537 1048 694 1095 tanta?
733 1041 997 1093 seditionis
1025 1041 1234 1106 occisis,
1278 1042 1418 1110 quies
1450 1043 1639 1110 populo
1664 1042 1782 1109 fuit.

210 1132 347 1184 Tunc
378 1132 523 1193 Cato,
562 1143 711 1199 atque
740 1127 1012 1196 Pompeius
1044 1132 1358 1201 rogationem
1386 1131 1447 1184 de
1474 1133 1637 1185 reditu
1670 1130 1787 1185 Me-

203 1228 304 1279 le/ll
340 1225 612 1279 Numidici
649 1226 800 1279 totius
831 1224 983 1278 Urbis
1011 1226 1205 1295 gaudio
1234 1229 1643 1296 promulgarunt,
1673 1242 1787 1297 qua

201 1336 253 1371 ne
280 1319 628 1385 perficeretur,
657 1316 813 1371 Marii
833 1333 936 1371 cos.
971 1328 1015 1371 et
1050 1316 1200 1372 Furii
1222 1319 1409 1374 tribuni
1438 1319 1571 1387 pleb.
1601 1322 1787 1387 factio-

198 1416 340 1467 nibus
382 1415 714 1468 intercessum
749 1425 846 1470 est.
883 1415 1107 1469 Rutilius
1146 1417 1224 1470 uir
1260 1417 1611 1486 integerrimus
1654 1420 1783 1472 adeo

197 1507 311 1573 fidei
353 1516 505 1571 atque
549 1507 853 1561 innocentia
904 1510 1188 1562 constantia
1215 1524 1365 1570 usus,
1408 1519 1462 1563 ut
1490 1511 1574 1563 die
1597 1510 1694 1564 sibi
1719 1510 1781 1564 ab

193 1600 570 1652 accusatoribus
609 1599 767 1664 dicta,
810 1616 965 1670 usque
992 1601 1060 1655 ad
1093 1602 1451 1671 cognitionem,
1504 1620 1662 1670 neque
1692 1621 1779 1658 ca-

192 1691 394 1759 pillum,
435 1690 695 1745 (turbamve
729 1690 1005 1756 demiserit,
1049 1707 1206 1762 neque
1241 1693 1452 1746 sordida
1504 1704 1636 1748 ueste
1681 1695 1777 1748 hu-

194 1783 362 1835 ntilire
385 1781 562 1835 habitu
586 1781 954 1850 suffragatores
979 1783 1284 1849 conciliarit,
1308 1785 1537 1839 inimicos
1558 1787 1776 1852 permul—

1888 582 2148 654 gularunt.
2169 583 2417 640 Continuo
2437 586 2802 641 atrocissimam
2824 587 3091 657 perniciem
3111 589 3468 659 infandissima

1890 688 2188 739 prlecessere
2232 678 2483 746 prodigia.
2532 677 2768 748 Namque
2796 679 3030 732 omnium
3071 694 3325 748 generum
3353 680 3469 735 ani-

1892 768 2071 830 malia,
2100 783 2217 835 quae
2246 786 2429 824 manus
2457 770 2715 824 hominum
2754 771 2937 825 blande
2968 773 3160 842 perpeti
3195 781 3342 842 atque
3389 773 3469 827 in-

1892 867 1972 914 ter
2004 859 2245 916 homines
2278 864 2453 916 vivere
2480 863 2634 918 solita
2665 874 2833 929 emut,
2868 866 3069 920 relictis
3098 866 3341 933 stabulis,
3375 881 3469 934 pa-

1889 952 2156 1020 scuisque,
2197 968 2317 1007 cum
2369 954 2564 1017 balatu,
2615 954 2840 1022 hinnitu,
2892 959 3200 1028 mugituque
3246 959 3466 1013 misera-

1889 1043 2002 1109 bili,
2051 1045 2116 1098 ad
2167 1045 2330 1101 silvas
2379 1059 2691 1119 montesque
2723 1050 2983 1119 fugerunt.
3016 1052 3189 1104 Canes
3232 1065 3465 1120 quoque,

1888 1152 2109 1206 quorum
2146 1147 2329 1193 natura
2361 1149 2440 1193 cst
2484 1149 2631 1194 extra
2678 1140 2919 1195 homines
2966 1154 3086 1196 esse
3130 1156 3233 1194 non
3286 1154 3465 1208 posse.

1888 1229 2200 1301 lacrytnnsis
2223 1231 2506 1288 ululatibus
2537 1233 2654 1303 vagi
2684 1235 2923 1300 luporum
2975 1233 3079 1287 ritu
3123 1233 3463 1288 aberrarunt.

1886 1321 1994 1375 Net:
2041 1338 2225 1387 mora,
2277 1334 2396 1390 post
2444 1323 2556 1378 haec
2607 1334 2711 1378 tam
2757 1326 2933 1394 gravia
2986 1324 3241 1393 prodigia,
3288 1325 3465 1381 civilia

1877 1411 2029 1467 bella
2052 1424 2233 1467 secuta
2262 1423 2406 1469 sunt.
2440 1415 2515 1470 Ea
2559 1424 2871 1483 tempestate
2919 1414 3057 1485 apud
3096 1413 3313 1471 Iudaeos
3360 1415 3466 1483 pri-

1884 1519 2002 1559 mus
2032 1506 2364 1561 Aristobulus
2390 1515 2413 1543 ⁸
2447 1521 2537 1561 rex
2567 1514 2621 1561 et
2652 1508 2880 1571 mutiles
2924 1508 3122 1576 pariter
3149 1504 3463 1560 diadematis

1882 1596 2107 1665 sumpsit
2141 1594 2158 1635 ἲ
2196 1597 2427 1667 insigne.
2459 1596 2631 1667 Igitur
2668 1596 2763 1651 Cn.
2807 1594 3079 1665 Pompeius
3123 1606 3307 1666 prator
3348 1610 3462 1650 cum

1880 1685 2173 1742 Picentibus
2205 1690 2357 1758 jussu
2394 1701 2596 1744 senatus
2625 1691 2811 1744 bellum
2860 1692 3047 1760 gessit,
3090 1699 3137 1742 et
3178 1691 3337 1742 victus
3365 1695 3461 1743 est.

1879 1776 2008 1833 Post
2034 1796 2147 1849 qua:
2172 1779 2267 1833 sibi
2298 1779 2554 1836 Samnites
2590 1780 2806 1850 Pupium
2843 1779 2894 1833 Μ
2904 1781 3101 1833 utilium
3131 1780 3308 1833 ducem
3337 1793 3461 1844 prte-

192 1876 329 1937 serit,
379 1876 581 1945 judices
610 1876 888 1937 tentauerit,
934 1877 1217 1931 orationem
1255 1892 1451 1947 quoque
1490 1894 1524 1932 a
1560 1850 1777 1945 praetore
1810 1850 1847 1903 Β
1878 1870 2117 1939 fecerant.
2176 1870 2343 1926 Marsi
2392 1880 2562 1926 autem
2617 1876 3043 1942 Agamemnonem
3096 1872 3460 1939 archipiratam

189 1983 502 2030 concessam,
524 1969 685 2022 nihilo
710 1968 1034 2023 submissiore
1060 1970 1233 2023 animo
1259 1969 1513 2037 habuerit,
1537 1986 1654 2024 cum
1674 1971 1778 2025 evi-

187 2060 323 2110 denti
380 2069 760 2127 oppugnaretur
806 2060 1094 2129 calumnia,
1146 2069 1195 2114 et
1232 2062 1473 2131 opinione
1526 2062 1776 2115 bonorum

189 2153 420 2204 omnium
442 2153 563 2221 jure
602 2151 939 2206 absolvendus
967 2161 1254 2222 putaretur,
1286 2152 1515 2219 perjurio
1537 2150 1774 2223 judicum

189 2244 555 2297 condemnatus
584 2251 677 2298 est.
713 2243 813 2308 Qui
855 2243 1129 2315 Smyrnam
1168 2244 1531 2315 camnsigrans,
1575 2242 1771 2297 littera-

186 2353 290 2389 rum
316 2336 508 2390 studiis
537 2345 800 2391 contentus
819 2337 1102 2390 consenuit.

248 2432 410 2482 Anno
439 2429 506 2481 ab
541 2427 681 2483 Urbe
708 2428 918 2483 condita
957 2426 1082 2493 649,
1124 2426 1251 2484 Sex.
1275 2428 1417 2483 sulio
1460 2426 1675 2483 Caesare
1718 2435 1797 2487 et.

186 2520 240 2574 ι..
274 2520 475 2575 Martio
500 2519 744 2589 Philippo
770 2533 935 2585 coss.,
957 2535 1077 2575 cutu
1102 2534 1266 2590 prope
1292 2520 1393 2574 alia
1422 2520 1599 2575 omnia
1632 2520 1771 2575 bella

183 2624 207 2652 ⁸
232 2623 535 2681 cessarent,
569 2616 818 2670 intestinis
847 2617 1017 2671 causis
1038 2616 1223 2671 sociale
1244 2615 1433 2669 bellum
1461 2624 1620 2669 totam
1637 2631 1771 2669 com-

184 2707 332 2758 movit
365 2703 596 2757 Italiam.
628 2704 728 2771 Qui
767 2719 888 2761 cum
913 2707 1069 2760 annis
1110 2706 1413 2761 numerosis
1438 2706 1547 2775 jam
1578 2707 1771 2775 populo

183 2798 427 2852 Romano
456 2798 762 2864 obedireut,
791 2810 897 2855 tum
928 2798 1225 2856 libertatem
1263 2801 1363 2856 sibi
1392 2815 1596 2871 sequam
1624 2815 1772 2857 asse-

182 2906 299 2946 rere
338 2902 642 2957 casperunt,
690 2892 1047 2960 perniciosum
1094 2891 1379 2949 admodum
1426 2893 1527 2948 hoc
1570 2893 1766 2949 bellum

179 2982 289 3036 fuit.
318 2982 553 3036 Rutilius
579 2996 693 3037 cos.
734 2984 786 3036 in
822 2996 890 3038 eo
916 2982 1129 3039 occisus
1154 2992 1260 3049 est,
1291 2994 1346 3039 et
1386 2983 1550 3051 Cepio
1577 2984 1768 3039 nobilis

176 3071 404 3142 juvenis,
452 3085 516 3126 ac
561 3072 770 3127 Portius
796 3071 929 3128 Cato
965 3073 1102 3129 alius
1148 3088 1262 3129 cos.
1297 3074 1328 3114 δ
1356 3072 1557 3128 Interea
1598 3074 1767 3129 Liuius

180 3166 297 3216 trib.
326 3166 398 3228 pl.
427 3161 639 3217 Latinos
668 3178 837 3218 omnes
861 3179 953 3231 spe
975 3164 1222 3218 libertatis
1257 3164 1473 3229 illectos,
1516 3182 1629 3218 cum
1651 3168 1766 3235 pla-
1791 3202 1838 3265 ο

173 3255 331 3308 citum
360 3253 563 3324 explere
589 3271 690 3309 non
721 3266 904 3322 posset,
950 3258 1003 3309 in
1031 3271 1173 3309 arma
1208 3257 1464 3312 excitavit.
1492 3258 1513 3286 °
1543 3254 1624 3311 Eo
1666 3274 1752 3311 ac-

171 3348 342 3409 cessit,
369 3356 423 3399 ut
452 3355 679 3400 mastam
707 3348 880 3401 urbem
908 3347 1144 3418 prodigia
1180 3348 1296 3401 dira
1323 3357 1583 3403 terrerent.
1629 3348 1756 3403 Nam

172 3437 270 3489 sub
295 3446 421 3489 ortu
452 3436 581 3490 solis
602 3436 795 3507 globus
821 3437 1006 3506 igneus
1043 3452 1074 3491 a
1112 3439 1330 3509 regione
1367 3439 1757 3507 Septentriouis

169 3541 287 3580 cum
318 3526 566 3581 maximo
602 3529 810 3597 fragore
852 3528 972 3584 caeli
1003 3528 1237 3584 emicuit.
1288 3530 1440 3598 Apud
1485 3530 1755 3596 Aretinos,

168 3634 282 3670 cum
316 3634 476 3689 panes
522 3620 574 3671 in
625 3621 864 3675 convivio
912 3620 1287 3690 frangerentur,
1338 3637 1497 3677 cruor
1524 3637 1555 3677 e
1580 3623 1757 3678 mediis

171 3711 416 3777 panibus,
446 3709 597 3776 quasi
621 3724 653 3764 e
681 3710 990 3765 vulneribus
1016 3725 1302 3781 corporum
1325 3710 1497 3767 ﬂuxit.
1526 3711 1755 3767 Prester-

168 3818 224 3854 ea
278 3818 371 3870 per
410 3811 617 3869 septem
644 3803 926 3859 continuos
969 3803 1083 3859 dies
1123 3805 1327 3875 grando
1365 3806 1626 3874 lapidum,
1659 3807 1757 3860 im-

170 3896 343 3948 luisti;
390 3893 553 3949 etiam
596 3905 847 3951 testarum
897 3895 1212 3966 fragmentis
1253 3906 1450 3952 terram
1500 3898 1756 3954 latissime

172 3987 495 4044 verberavit.
556 3989 610 4043 In
667 3986 995 4045 Samnitibus
1049 3990 1350 4046 vastissimo
1402 3999 1557 4046 terra:
1610 3991 1755 4048 hiatu

171 4077 381 4130 llasnma
414 4079 688 4145 prorupit,
737 4086 791 4132 et
827 4093 993 4148 usque
1026 4080 1079 4132 in
1110 4080 1304 4134 caelum
1350 4081 1563 4135 extendi
1584 4079 1611 4118 ἀ
1641 4082 1752 4136 visa

168 4180 276 4223 est.
306 4169 599 4239 Complures
627 4180 870 4237 pretereo
896 4171 949 4224 in
973 4172 1149 4226 itinere
1184 4171 1350 4225 videre
1398 4170 1613 4226 Romani
1641 4175 1755 4244 glo-

170 4262 290 4312 bum
317 4263 498 4315 coloris
526 4263 668 4316 aurei
696 4265 758 4315 de
784 4261 908 4317 calo
936 4265 1004 4316 ad
1035 4275 1221 4317 terram
1242 4262 1457 4326 devolvi,
1484 4265 1754 4332 majorem-

166 4368 269 4419 que
291 4352 496 4418 factum,
527 4367 704 4407 rursus
726 4370 758 4407 a
781 4362 914 4407 terra
937 4354 1130 4407 oriente
1155 4355 1261 4407 sole
1280 4354 1335 4408 in
1360 4355 1573 4408 sublime
1606 4356 1750 4425 ferri,

167 4460 225 4494 ac
257 4444 605 4513 magnitudine
631 4460 725 4498 sua
747 4446 913 4512 ipsum
935 4445 1091 4500 solem
1113 4446 1380 4501 obtexisse.
1412 4445 1609 4500 Drusus
1637 4457 1754 4502 tan-

1879 1975 2307 2034 prteoptauerant,
2336 1964 2509 2019 Julius
2551 1964 2721 2020 Caesar
2748 1966 3058 2019 Samnitium
3088 1981 3260 2035 pugna
3300 1966 3459 2019 victus

1878 2069 2007 2107 ca'so
2033 2056 2162 2126 fugit
2190 2056 2432 2110 exercitu.
2469 2054 2691 2110 Rutilius
2731 2072 2837 2111 cos.
2872 2055 3094 2110 Marium
3121 2056 3460 2125 prapinquum

1874 2164 2021 2202 suum
2063 2153 2285 2220 legatum
2314 2150 2408 2205 sibi
2436 2150 2618 2221 elegit,
2664 2167 2810 2222 quem
2836 2152 3041 2203 assidue
3082 2149 3460 2205 submouentem

1873 2257 2069 2295 moram
2100 2243 2229 2298 bello
2266 2246 2443 2298 utilem
2487 2249 2615 2316 fore,
2660 2246 2919 2314 paulisper
2944 2246 2996 2298 in
3027 2245 3208 2299 castris
3236 2243 3460 2299 exerceri

1874 2333 2088 2387 militem
2118 2348 2347 2405 oportere
2372 2337 2607 2396 tironem.
2638 2335 2759 2390 dolo
2781 2337 2836 2390 id
2865 2352 3015 2406 agere
3041 2343 3205 2400 ratus,
3232 2346 3457 2390 contem-

1874 2425 1996 2493 psit,
2025 2444 2229 2498 seseque
2248 2429 2299 2481 in
2319 2428 2534 2483 insidias
2559 2427 2849 2483 Marsorum
2871 2446 2985 2483 cum
3007 2431 3235 2484 universo
3256 2430 3458 2501 agmine

1870 2517 2119 2570 exercitus
2150 2518 2230 2571 sui
2258 2520 2489 2573 incautus
2511 2520 2718 2590 injecit,
2760 2521 2844 2573 ubi
2871 2521 2978 2589 ipse
3003 2536 3106 2574 cos.
3140 2522 3332 2573 occisus
3353 2529 3450 2590 est,

1871 2614 1919 2658 et
1958 2606 2103 2660 multi
2132 2609 2325 2662 nobiles
2368 2610 2652 2677 interfecti,
2685 2620 2732 2665 et
2770 2622 2880 2665 octo
2906 2610 3070 2665 millia
3092 2613 3311 2664 militum
3343 2611 3451 2665 llo-

1870 2712 2141 2751 manorum
2168 2713 2298 2752 causa
2327 2710 2460 2754 sunt.
2494 2701 2647 2755 Arma
2671 2710 2718 2754 et
2746 2718 2959 2772 corpora
2989 2702 3367 2771 interfectorum
3397 2702 3453 2757 in

1870 2796 2139 2856 conspectu
2170 2787 2327 2841 Marii
2351 2790 2503 2859 legati
2545 2789 2766 2844 Telanus
2804 2793 2989 2860 fluvius
3018 2792 3257 2862 pertulit,
3302 2802 3454 2859 atque

1869 2877 1922 2931 in
1949 2879 2289 2933 testimonium
2315 2882 2478 2935 cladis
2507 2883 2687 2936 evexit.
2723 2881 2956 2951 Marius,
3006 2885 3166 2947 raptis
3207 2885 3452 2938 continuo

1868 2970 2047 3039 copiis,
2082 2974 2289 3024 uictores
2322 2973 2612 3038 insperatus
2633 2974 2903 3043 oppressit,
2944 2982 3053 3026 octo
3078 2972 3240 3026 millia
3268 2984 3313 3026 et
3342 2975 3451 3045 ipse

1872 3058 2165 3115 Marsorum
2196 3064 2466 3133 interfecit.
2500 3063 2657 3127 Cepio
2684 3074 2851 3117 autem
2876 3080 2908 3118 a
2939 3063 3157 3119 Vestinis
3186 3073 3233 3119 et
3266 3065 3450 3120 Marsis

1868 3151 2111 3205 deductus
2158 3152 2211 3205 in
2257 3154 2501 3221 insidias,
2531 3170 2644 3209 cum
2672 3157 2896 3209 exercitu
2925 3158 3204 3210 trucidatus
3243 3166 3334 3211 est.
3381 3156 3447 3213 L.

1867 3256 1981 3292 vero
2006 3238 2178 3294 Julius
2208 3239 2398 3309 Ctesar,
2422 3255 2681 3313 postquam
2711 3244 2849 3316 apud
2880 3244 3144 3299 Eseruiam
3172 3247 3330 3300 uictus
3358 3263 3450 3301 au-

1861 3328 2084 3399 fugerat,
2118 3334 2388 3385 contractis
2409 3334 2628 3403 undique
2651 3336 2810 3399 copiis
2830 3376 2845 3398 ,
2885 3336 3148 3390 adversum
3182 3335 3447 3392 Samnitas

1858 3429 1904 3474 et
1942 3419 2178 3477 Lucanos
2218 3424 2489 3492 dimicans,
2520 3428 2682 3480 multa
2712 3427 2873 3480 millia
2913 3429 3131 3481 hostium
3172 3428 3445 3496 interfecit.

1858 3510 2085 3585 Cumque
2106 3515 2169 3569 ab
2189 3518 2408 3570 exercitu
2434 3520 2707 3587 imperator
2725 3532 2849 3572 esset
2869 3518 3180 3588 appellatus,
3206 3520 3445 3575 Romam-

1855 3621 1951 3676 que
1980 3610 2183 3661 nuntios
2206 3608 2270 3661 de
2291 3608 2499 3662 victoria
2526 3610 2760 3673 misisset,
2795 3624 3000 3665 senatus
3031 3628 3155 3684 saga
3174 3655 3189 3679 ,
3215 3615 3310 3666 hoc
3344 3622 3439 3678 est,

1856 3708 2035 3754 vestem
2060 3701 2309 3768 maroris,
2328 3717 2483 3773 quam
2510 3711 2683 3756 exorto
2721 3704 2900 3757 sociali
2945 3704 3074 3758 bello
3118 3714 3401 3774 sumpserat
3422 3745 3441 3772 ,

1855 3791 1953 3845 hac
1975 3809 2062 3861 spe
2089 3794 2343 3849 arridente
2380 3795 2632 3865 deposuit,
2664 3806 2811 3863 atque
2840 3784 3100 3865 antiquum
3129 3805 3258 3865 toga:
3287 3800 3442 3850 deco-

1854 3902 1960 3939 rem
2004 3888 2335 3955 recuperavit.
2380 3886 2583 3941 Marius
2632 3889 2816 3941 deinde
2846 3903 2898 3940 vr
2939 3889 3102 3942 milia
3148 3888 3442 3945 Marsorum

1854 3978 2058 4045 occidit,
2085 3990 2273 4047 septem
2304 3979 2465 4033 millia
2494 3983 2650 4033 armis
2674 3981 2833 4034 exuit.
2861 3977 3007 4034 Idem
3031 3980 3227 4034 Marius
3248 3981 3439 4053 Syram

1854 4072 2115 4126 mulierem
2140 4074 2193 4126 in
2217 4073 2396 4125 castris
2424 4072 2635 4126 habebat
2662 4073 2985 4134 sacricolatn,
3009 4088 3071 4127 ea:
3091 4077 3236 4143 cujus
3263 4085 3440 4127 aucto-

1853 4166 2001 4219 ritate
2022 4168 2274 4219 asserebat
2305 4182 2355 4218 se
2379 4165 2550 4219 omnia
2579 4165 2808 4236 aggredi.
2841 4163 3047 4219 Interea
3079 4164 3138 4219 L.
3172 4164 3439 4222 Cornelius

1854 4253 2006 4326 Sylla
2034 4266 2224 4327 prmtor
2246 4273 2360 4309 cum
2388 4256 2561 4325 viginti
2599 4266 2820 4324 quatuor
2841 4256 3129 4311 cohortibus
3168 4255 3437 4313 Eserniam

1854 4347 2062 4413 missus,
2091 4348 2176 4400 ubi
2204 4349 2486 4401 arctissima
2516 4348 2774 4402 obsidione
2807 4348 3024 4402 Romani
3048 4351 3193 4413 cives,
3218 4352 3432 4405 milites-

1852 4455 1947 4511 que
1976 4441 2355 4509 premebantur,
2385 4439 2609 4493 maxime
2634 4438 2765 4493 bello
2783 4481 2798 4504 ,
2841 4452 2887 4495 et
2915 4440 3131 4509 plurima
3158 4443 3294 4496 aede
3336 4443 3432 4497 lto-

168 4539 231 4589 tis
262 4539 402 4591 malis
430 4540 616 4591 anx'us
641 4539 780 4593 domi
809 4554 935 4604 suae,
963 4540 1153 4594 incerto
1181 4540 1387 4609 quidem
1413 4550 1637 4605 auctore,
1663 4541 1747 4594 in-
1775 4562 1827 4622 Β
1852 4534 2020 4598 stium,
2046 4549 2079 4586 u
2109 4530 2219 4587 bern
2240 4534 2498 4602 sociosque
2518 4536 2749 4587 servavit.
2780 4533 2872 4587 Cn.
2902 4533 3178 4605 Pompeius
3197 4535 3434 4592 Picentes

169 4632 400 4697 terfectus
427 4638 521 4683 est.
558 4627 725 4699 Igitur
751 4628 1000 4695 Picentes,
1047 4629 1259 4692 Vestini,
1304 4629 1487 4696 Marsi,
1523 4629 1745 4702 Peligni,

171 4717 469 4786 Marsucini,
522 4717 797 4785 Samnites,
846 4719 1078 4785 Lucani,
1120 4737 1237 4774 cum
1281 4721 1453 4775 adhuc
1498 4725 1748 4777 occultam

167 4808 491 4875 defectionem
521 4811 900 4871 meditarentur,
939 4807 1000 4863 C.
1035 4809 1267 4865 Servium
1295 4820 1561 4880 prtetorem
1602 4813 1746 4884 lega-

169 4909 274 4950 tum
298 4902 360 4951 ad
386 4916 441 4953 se
464 4901 674 4955 missum
698 4901 839 4969 apud
864 4900 1109 4955 Asculum
1140 4904 1452 4970 occiderunt,
1478 4904 1748 4976 statimque

242 5055 263 5082 ⁸
296 5051 358 5104 Α.
393 5060 446 5121 et
477 5050 700 5117 Eutrop.
721 5048 1072 5121 :__Cessorent,
1102 5050 1152 5102 in
1196 5048 1351 5104 Italia
1395 5051 1744 5121 grauissimum

170 5120 343 5174 bellum
398 5120 631 5176 Picentes
658 5159 674 5185 ,
722 5118 920 5185 Marsi,
968 5120 1266 5193 l’elignique
1311 5118 1588 5175 mouerunt.
1642 5123 1745 5188 Qui

168 5206 295 5253 eum,
321 5204 423 5245 CIC.

240 5259 263 5295 δ
293 5262 353 5315 Α.
388 5271 508 5330 post
537 5262 745 5316 consul:
794 5260 962 5315 Duces
986 5273 1153 5316 autem
1196 5263 1435 5316 adversus
1482 5261 1633 5316 Rom.
1680 5282 1745 5319 ea:

175 5329 451 5386 Picentibus
492 5346 541 5389 et
588 5331 782 5385 Marsis
820 5330 1024 5400 fuerunt
1065 5332 1207 5386 Titus
1248 5331 1472 5397 Vectius,
1512 5332 1736 5395 Hierins.

172 5403 401 5467 Asianus,
431 5402 578 5457 Titus
604 5400 909 5474 Legennius,
944 5403 1098 5456 Alvus
1123 5402 1392 5457 Duentins.
1420 5408 1463 5456 Α
1498 5402 1743 5457 Romanis

168 5486 333 5525 cou‘ra
358 5490 442 5527 eos
467 5477 588 5526 bene
619 5484 902 5544 pugnatum
931 5488 1023 5531 est,
1064 5477 1104 5527 Α
1135 5474 1257 5527 Caio
1291 5473 1487 5538 Mario,
1528 5476 1612 5543 qui
1650 5491 1741 5529 se;

171 5558 268 5612 cos.
298 5554 482 5607 luerat,
510 5553 558 5596 et
580 5560 609 5595 a
641 5542 775 5596 Cneo
797 5542 1065 5612 Pompeio,
1089 5548 1311 5597 masime
1335 5555 1502 5596 tamen
1527 5542 1559 5597 a
1582 5546 1738 5598 Lucio

172 5610 394 5667 Cornelio
425 5614 599 5682 Sylla,
645 5616 732 5681 qui
759 5618 892 5667 inter
934 5610 1041 5667 alia
1085 5616 1304 5681 egregia,
1350 5617 1421 5667 ita
1468 5615 1738 5669 Duentium

172 5684 375 5739 hostium
416 5693 597 5737 ducem
641 5700 756 5737 cum
808 5685 1003 5751 magnis
1043 5685 1201 5750 copiis
1232 5686 1384 5754 fudit,
1434 5694 1487 5736 ut
1533 5702 1596 5739 ea:
1633 5687 1737 5740 suis

173 5768 312 5807 unum
340 5760 615 5810 amitteret.
642 5755 990 5822 Quadriennio
1019 5771 1132 5808 cum
1160 5759 1298 5825 gravi
1330 5767 1496 5809 tamen
1523 5758 1735 5810 calami-

174 5834 263 5880 tate
288 5829 382 5885 hoc
411 5826 600 5882 bellum
628 5836 842 5883 tractum
871 5835 980 5893 est,
1017 5828 1388 5901 quintadecimo
1415 5843 1553 5887 anno
1580 5827 1736 5898 finem

1848 4625 1991 4696 gravi
2037 4626 2212 4693 praelia
2242 4626 2412 4693 fudit,
2452 4642 2553 4693 qua
2601 4627 2809 4679 victoria
2854 4637 3058 4680 senatus
3098 4628 3359 4682 laticlauio
3386 4637 3433 4683 et

1848 4727 2033 4771 ctztera
2062 4718 2325 4788 dignitatis
2363 4719 2586 4788 insignia
2616 4720 2837 4784 recepit,
2888 4734 3002 4771 cum
3039 4729 3182 4791 togas
3210 4732 3431 4773 tantum-

1846 4808 1998 4862 modo
2046 4810 2254 4864 uictoria
2303 4808 2519 4864 Caesaris
2570 4812 2734 4879 primo
2784 4814 3064 4882 respirante
3113 4815 3427 4879 sumpsisset.

1846 4896 2057 4955 Portius
2082 4898 2209 4955 Cato
2239 4911 2427 4972 prtetor
2455 4898 2719 4969 Etruscos,
2748 4901 2942 4957 Plotius
2968 4904 3162 4975 legatus
3185 4902 3426 4975 Umbros,

1844 5058 2037 5129 accepit
2079 5073 2168 5126 per
2208 5056 2425 5111 Lucium
2479 5056 2773 5113 Cornelium
2804 5057 3005 5129 Syllam
3034 5075 3138 5113 cos.
3178 5074 3294 5113 cum
3323 5076 3420 5114 an-

1843 5136 1921 5179 tea
1948 5128 2002 5179 in
2024 5129 2200 5181 eodem
2230 5130 2359 5183 bello
2399 5129 2511 5195 ipse
2538 5132 2696 5182 multa
2721 5128 2941 5194 strenue,
2986 5129 3078 5183 sed
3108 5141 3295 5191 prator
3318 5147 3423 5195 ges-

1840 5196 2161 5319 sis;et.t£pso
2188 5200 2242 5253 in
2269 5209 2489 5269 ternpore
2533 5200 2647 5254 dira
2684 5200 2916 5271 prodigia
2953 5200 3056 5254 visa
3098 5211 3237 5255 sunt.
3281 5196 3421 5255 Nam

1840 5282 1898 5319 su
1936 5309 1951 5319 .
1981 5282 2011 5319 e
2070 5307 2085 5319 .

1840 5276 1951 5331 sub,
1981 5276 2085 5323 etc.

1916 5351 1938 5413 ε
1973 5340 2068 5392 ll.:
2102 5337 2228 5413 Ipso
2255 5341 2308 5393 in
2338 5350 2560 5411 tempore
2585 5341 2699 5396 dira
2720 5340 2956 5413 prodigia
2976 5342 3083 5395 uisa
3109 5348 3250 5395 sunt.
3277 5339 3422 5401 Nam

1840 5408 1931 5462 sub
1962 5420 2076 5461 artu
2100 5411 2240 5470 solis.
2273 5424 2376 5467 etc.

1912 5478 1939 5517 ἀ
1967 5480 2027 5533 Α.
2061 5490 2114 5533 et
2145 5481 2232 5545 IL,
2266 5492 2375 5545 post
2398 5482 2504 5536 visa
2531 5491 2625 5549 est,
2651 5482 2835 5537 omiss.
2857 5492 3001 5547 cret.,
3024 5481 3247 5538 habent:
3276 5482 3417 5540 Tuus

1840 5549 1989 5602 etiam
2018 5552 2242 5603 omnium
2270 5568 2506 5618 generant
2531 5570 2719 5619 amnt.,
2750 5564 2853 5609 etc.

1912 5629 1936 5692 ξ
1970 5622 2060 5692 Α..
2093 5636 2184 5675 rea:
2213 5622 2402 5692 pari'er
2428 5633 2475 5675 et
2506 5636 2651 5685 pont.
2680 5626 2929 5686 diadem.,
2956 5634 3059 5680 etc.

1915 5685 1936 5765 ξ
1962 5690 2030 5745 Α.
2060 5704 2113 5765 et
2144 5685 2399 5765 Il.',_»post
2437 5694 2654 5765 insigne,
2676 5685 3023 5753 continuant:
3076 5696 3225 5755 Anno
3254 5692 3323 5759 υ.
3346 5693 3409 5759 C.

1838 5757 1964 5829 662,
1992 5764 2217 5832 primum
2237 5757 2437 5821 Roma.
