3920 6336
1254 392 1572 451 HISTORIA
1613 392 1973 451 MISCELLA.
2013 423 2083 436 —
2122 394 2249 452 LIB.
2295 396 2378 455 Vl.

3334 400 3439 458 826

197 503 532 576 gravissimam
573 505 747 560 habuit
784 516 962 562 contra
1001 506 1336 574 Lamponium
1361 517 1406 560 et
1437 505 1755 562 Carrinatem
1781 508 1835 566 Α
1859 517 2159 568 armaretur.
2208 519 2256 562 et
2303 511 2578 575 velaretur,
2625 511 2761 565 visus
2805 521 2878 566 est
2924 513 3128 566 tandem
3176 513 3430 584 privatus.

194 595 332 649 duces
372 597 534 664 partis
581 595 832 650 Mariam:
869 599 935 650 ad
974 608 1171 666 portam
1219 599 1479 652 collinum.
1529 599 1756 667 Septua-

191 688 321 758 ginta
355 688 516 740 millia
548 689 774 742 hostium
814 689 867 742 in
899 705 966 744 eo
999 692 1179 756 prmlio
1204 702 1386 743 contra
1419 690 1619 760 Syllum
1648 698 1757 744 ste-

190 779 308 832 tisse
337 777 603 832 dicuntur.
632 777 916 834 Duodecim
949 782 1111 834 millia
1133 797 1190 834 se
1219 781 1376 850 Syllae
1405 781 1753 844 dediderunt;

187 873 356 924 caeteri
392 873 442 924 in
473 874 608 938 acie,
641 876 693 926 in
737 879 943 938 castris,
974 874 1024 927 in
1066 875 1204 945 luga,
1237 874 1518 928 insatiabili
1562 872 1637 926 ira
1683 872 1759 926 vi-

184 962 340 1015 cturis
366 963 665 1030 consumpti
696 972 839 1018 sunt.
883 964 978 1020 Cn.
1007 965 1279 1031 Pompeius
1321 964 1599 1020 Carbonem
1629 967 1755 1020 alte-

182 1067 289 1103 rum
319 1053 573 1104 consulem
611 1054 886 1123 fugientem
925 1055 987 1108 ab
1029 1057 1275 1122 Arimino,
1301 1067 1349 1110 et
1389 1060 1457 1110 ad
1484 1057 1755 1110 Cossuram

183 1143 406 1195 insulam
432 1145 607 1213 fugere
634 1155 895 1199 conantem
942 1150 1098 1216 cepit,
1125 1158 1172 1200 et
1209 1148 1262 1200 in
1309 1148 1541 1202 Siciliam
1585 1160 1755 1201 retra-

184 1245 335 1298 ctum,
365 1239 744 1306 compluresque
771 1253 885 1290 cum
913 1254 970 1292 eo
999 1239 1158 1291 socios
1190 1243 1300 1310 ejus
1331 1241 1546 1302 occidit;
1577 1237 1752 1307 Sylla,

179 1330 382 1398 cognita
417 1328 638 1396 Pompeii
671 1331 998 1385 adolescentis
1027 1335 1292 1388 industria.
1319 1351 1480 1388 annos
1507 1335 1679 1403 viginti
1706 1343 1751 1388 et

180 1436 336 1472 unum
364 1423 491 1488 nati,
517 1423 665 1475 tantis
688 1425 982 1476 exercitibus
1003 1427 1226 1494 prtefecil
1249 1442 1384 1489 eum,
1411 1435 1462 1477 ut
1490 1424 1754 1479 secundus

175 1527 202 1564 s
245 1512 396 1580 Sylla
448 1513 747 1569 haberetur.
800 1515 988 1571 Occiso
1034 1531 1161 1578 ergo
1212 1515 1473 1578 Carbone,
1513 1516 1747 1570 Siciliam

176 1599 465 1669 Pompeius
499 1611 523 1638 ι
550 1606 763 1671 reet-pit,
793 1614 840 1658 et
869 1607 920 1659 in
959 1605 1187 1673 Africam
1231 1619 1596 1676 transgressus,
1635 1623 1754 1660 eru-

175 1691 346 1757 ptione
373 1692 511 1759 facta
539 1695 672 1747 circa
712 1694 935 1760 Uticam,
970 1699 1139 1750 decem
1179 1707 1227 1750 et
1257 1708 1364 1751 octo
1395 1698 1557 1750 millia
1588 1697 1752 1750 homi-

171 1798 289 1833 num
344 1784 616 1854 interfecit.
667 1785 778 1851 Quo
824 1787 954 1840 bello
1002 1787 1256 1842 Domitius
1303 1793 1412 1841 dua:
1457 1787 1752 1850 Marianas,

1859 595 2049 652 Creatis
2076 599 2242 664 itaque
2286 598 2352 654 P.
2387 600 2603 656 Servilio
2632 612 2678 656 et
2722 603 2886 672 Appio
2917 602 3130 662 Claudio
3159 621 3316 674 coss.,
3342 608 3438 661 ltoc

1857 687 1959 754 ﬁne
2002 688 2240 741 conclusa
2286 701 2402 743 sunt
2445 692 2550 744 dno
2592 692 2726 744 bella
2769 694 3157 759 funestissima,
3191 706 3213 733 ο
3242 700 3438 752 sociale

1863 779 2116 843 Italicum,
2149 790 2202 834 et
2229 782 2382 836 civile
2415 781 2710 852 Syllanam.
2761 785 2883 838 llaec
2923 800 3016 853 per
3052 800 3223 840 annos
3250 786 3434 843 decem

1860 879 2022 923 tracta
2080 881 2222 926 sunt.
2283 870 2738 940 Consumpseruut
2789 886 2963 931 autem
3026 876 3163 931 ultra
3223 887 3437 932 centum

1857 960 2235 1030 quinquaginta
2276 964 2442 1018 tuillia
2475 972 2497 1008 d
2526 965 2910 1032 Romanorum,
2942 969 3083 1022 viros
3124 970 3434 1024 consulares

1863 1060 1885 1086 ε
1911 1051 2120 1118 triginta
2149 1063 2275 1119 tres,
2303 1057 2582 1121 praetorios
2608 1067 2833 1124 septem,
2858 1058 2979 1111 aidil
3008 1061 3106 1112 tios
3135 1061 3436 1129 sexaginta,

1856 1153 2134 1196 senatores
2173 1140 2495 1207 'dncentos,
2527 1147 2730 1213 absque
2763 1148 3054 1202 innumeris
3088 1148 3247 1204 Italiae
3279 1151 3440 1206 t0tit'ts

1859 1234 2084 1301 pupulis,
2136 1234 2224 1302 qui
2277 1235 2392 1288 sine
2435 1238 2863 1292 consideratione
2908 1238 3068 1294 deleti
3117 1249 3261 1293 sunt.
3314 1241 3440 1296 Post

1858 1325 1971 1381 haec
2018 1335 2216 1388 tamen,
2247 1327 2393 1397 Sylla
2441 1339 2668 1390 mortuo,
2701 1330 2932 1397 Lepidus
2981 1331 3228 1386 Mariana:
3270 1334 3433 1400 partis

1857 1425 2092 1469 assertor
2138 1417 2393 1469 adversus
2441 1413 2684 1470 Catulum
2735 1418 3013 1488 Syllanum
3056 1420 3245 1476 ducem
3277 1430 3302 1468 ι
3329 1437 3439 1475 sur-

1856 1522 1997 1575 gens,
2041 1508 2284 1559 redivivos
2328 1505 2579 1559 bellorum
2626 1508 2819 1561 cineres
2859 1510 3139 1565 suscitavit.
3184 1511 3267 1565 Bis
3319 1522 3438 1567 tunc

1856 1597 1971 1650 acie
1997 1606 2350 1650 concertatutn
2381 1608 2482 1661 est,
2511 1598 2720 1666 plurimi
2745 1595 2772 1635 ὕ
2800 1598 3157 1655 Romanorum
3190 1603 3300 1672 ipsa
3319 1610 3435 1674 jam

1856 1691 2109 1756 paucitate
2140 1690 2459 1752 miserorum,
2485 1700 2530 1743 et
2556 1689 2723 1742 adhuc
2751 1692 2840 1745 illo
2871 1695 3044 1761 furore
3073 1693 3435 1748 insanientium

1857 1782 1974 1834 caesi
2021 1791 2160 1834 sunt.
2210 1784 2535 1835 Albanorum
2602 1785 2812 1848 civitas,
2860 1800 2957 1854 pro
3005 1799 3070 1840 eo
3125 1787 3264 1856 quod
3314 1788 3438 1843 illuc

171 1874 287 1923 dum
321 1875 452 1926 inter
479 1877 724 1944 primores
751 1888 966 1945 pugnat,
993 1880 1185 1931 occisus
1207 1889 1298 1932 εει.
1326 1879 1571 1948 Idemque
1601 1878 1754 1931 Pom-
1786 1879 1831 1938 Β
1859 1872 2034 1940 Scipio
2065 1873 2246 1942 Lepidi
2281 1873 2415 1927 lilins
2437 1876 2784 1944 confugisset,
2809 1876 3066 1932 obsidione
3096 1876 3109 1915 ί
3145 1889 3438 1952 Oppugnata

173 1966 312 2031 peius
343 1963 556 2018 Jarbam
603 1965 864 2020 Numidia:
889 1984 1056 2038 regem
1087 1979 1376 2040 persecutus
1419 1971 1693 2041 fugientem
1722 1989 1753 2023 a

177 2051 391 2123 Bogude
423 2054 611 2109 Bocchi
653 2055 954 2110 Maurorum
977 2061 1110 2130 regis
1142 2061 1249 2123 ﬁlio
1273 2061 1483 2128 spoliari
1523 2063 1754 2114 omnibus

172 2146 334 2208 copiis
372 2145 513 2212 fecit.
547 2146 705 2210 Quem
734 2151 968 2200 continuo
999 2148 1200 2202 Bullam
1249 2165 1520 2214 reversum,
1567 2151 1754 2203 tradito

174 2232 265 2286 sibi
299 2235 519 2304 Oppido,
552 2237 827 2307 interfecit.
866 2239 988 2292 Post
1029 2241 1139 2293 liaac
1177 2240 1319 2312 Sylla
1362 2242 1427 2294 de
1457 2241 1756 2296 Mithridate

173 2326 376 2395 ingenti
437 2329 605 2396 gloria
663 2329 1023 2400 triumphavit.
1077 2331 1175 2385 Cn.
1222 2333 1383 2386 etiam
1441 2332 1752 2398 Pompeius,

171 2417 318 2486 quod
365 2419 494 2471 nulli
539 2418 898 2475 Romanorum
945 2424 1196 2477 tributum
1243 2434 1380 2487 erat,
1410 2434 1654 2490 quartum
1702 2434 1757 2480 et

175 2511 494 2578 vigesimum
543 2525 738 2566 annum
801 2529 963 2582 agens
1013 2515 1079 2568 de
1126 2516 1298 2569 Africa
1329 2513 1353 2551 δ
1390 2515 1751 2582 triumphavit.

183 2602 340 2672 Sylla
385 2604 603 2656 dictator
633 2615 826 2660 creatus
849 2616 938 2669 est,
979 2618 1032 2660 ut
1061 2608 1422 2662 dominationis
1454 2617 1498 2660 et
1529 2608 1753 2661 crudeli-

189 2695 307 2747 tatis
345 2693 528 2760 libido,
560 2695 757 2751 honesti
781 2707 828 2751 et
865 2701 1105 2768 prtecipui
1133 2700 1349 2753 nominis
1385 2701 1681 2764 reverentia,
1709 2711 1756 2753 et

236 2831 264 2859 ⁸
299 2826 393 2898 A_.,
429 2828 772 2898 postrecepit
802 2843 820 2880 :
849 2827 1213 2897 Transgressus
1255 2831 1373 2883 inde
1417 2830 1484 2882 ad
1531 2830 1756 2898 Africam

174 2891 474 2969 gomiciuin
525 2891 779 2969 Marianae
819 2902 978 2967 partis
1015 2891 1224 2963 'ducem,
1253 2910 1301 2954 et
1335 2903 1546 2953 Jerdam
1578 2891 1755 2969 regem

171 2960 528 3036 Mauritunite,
555 2969 640 3033 qui
671 2960 900 3022 Domitio
929 2973 1176 3024 auxilium
1209 2960 1418 3036 ferebat,
1444 2973 1646 3024 occidit.

169 3104 201 3155 Δ
233 3034 260 3070 b
310 3039 409 3155 Αἱ,
465 3051 579 3104 post
631 3040 958 3107 triumphavit
1006 3057 1024 3096 :
1075 3034 1226 3094 Hunc
1277 3034 1431 3110 finem
1476 3042 1755 3095 habuerunt

203 3121 294 3155 uo.
325 3122 354 3155 e
377 3121 430 3155 c.

203 3121 294 3165 αο,
325 3117 430 3159 εις.

241 3177 265 3204 °
303 3180 348 3230 Α
373 3195 385 3227 :
421 3175 679 3244 Italicum,
703 3181 841 3248 quod
866 3191 914 3235 et
943 3182 1147 3236 Sociale
1173 3182 1362 3236 dictum
1385 3191 1479 3248 est,
1501 3191 1548 3236 el
1574 3180 1751 3245 Civile,

169 3261 288 3313 quae
319 3252 458 3301 ambo
489 3260 649 3302 tracta
674 3262 788 3304 sunt
818 3269 906 3320 per
931 3268 1093 3307 annos
1129 3269 1180 3306 κ.

1779 3250 1826 3312 C

1858 1976 1953 2029 est,
1986 1979 2133 2035 atque
2161 1968 2449 2021 excruciata
2491 1971 2643 2036 fame,
2689 1971 2867 2022 ultima
2913 1971 3274 2024 miserabilinm
3317 1973 3436 2027 reli-

1857 2060 2092 2124 quiarum
2141 2059 2396 2112 deditione
2426 2069 2622 2112 servata
2665 2069 2758 2112 est.
2796 2061 2985 2114 Brutus
3026 2063 3076 2116 in
3117 2061 3436 2129 Cisalpinam

1858 2148 2083 2202 Galliam
2125 2148 2347 2216 fugiens,
2387 2162 2709 2219 persequente
2737 2149 3000 2220 Pompeio,
3031 2154 3166 2218 apud
3215 2153 3436 2225 Regium

1861 2239 2165 2294 interfectus
2196 2250 2298 2294 est.
2331 2237 2417 2292 Ita
2458 2241 2550 2292 hoc
2592 2241 2778 2294 bellum
2813 2243 2957 2295 civile
3002 2258 3101 2296 non
3147 2245 3309 2315 magis
3338 2248 3438 2300 cle-

1859 2331 2045 2383 mentia
2067 2329 2235 2383 Catuli
2260 2346 2414 2398 quam
2438 2332 2590 2384 ttedio
2615 2330 2846 2400 Syllana:
2866 2334 3200 2398 crudelitatis,
3225 2345 3280 2386 ut
3305 2335 3438 2404 ignis

1859 2425 1912 2477 in
1942 2425 2153 2491 stipula,
2184 2424 2360 2476 eadem
2399 2425 2656 2476 celeritate
2702 2441 2801 2491 qua
2847 2435 3073 2478 exortum
3115 2436 3186 2479 est
3215 2431 3436 2482 evanuit.

1861 2516 1971 2570 lloc
2005 2528 2239 2584 tempore
2278 2514 2626 2586 .Ierosolymis
2657 2515 2954 2570 Alexandra
2987 2531 3118 2569 uxor
3144 2518 3428 2572 Alexandri

1857 2609 2139 2677 regnabat,
2167 2621 2233 2659 ex
2265 2607 2415 2675 cujus
2442 2616 2598 2661 aetate
2640 2607 2852 2663 ludatis
2881 2623 3059 2663 rerum
3101 2612 3340 2666 conlusio
3378 2620 3434 2668 et

1857 2697 2018 2750 variae
2045 2711 2358 2766 Oppressere
2385 2698 2584 2751 clades.

2059 2868 2074 2891 ,
2107 2829 2387 2883 hominum.

2040 2941 2079 2963 .,
2108 2915 2254 2953 mit.

2062 3013 2076 3036 ,
2110 2971 2229 3039 fere.

2042 3081 2077 3106 .,
2109 3057 2415 3110 consurgens
2447 3041 2631 3094 bellum
2660 3043 2934 3110 reparavit-

2037 3151 2075 3173 .,
2111 3112 2257 3164 Ilom.
2287 3115 2540 3165 εωδιίηειὶ.

2041 3223 2078 3249 .,
2111 3193 2416 3250 expuanata,
2446 3193 2492 3236 et
2519 3195 2668 3252 capta
2697 3193 2787 3238 csl.

165 3388 3411 3422 W

1383 3527 1682 3618 LIBER
1739 3523 2151 3602 SEXTUS.

231 3778 259 3806 ⁸
289 3768 473 3824 Marco
506 3767 724 3824 Emilio
753 3766 974 3836 Lepido,
1017 3769 1081 3835 ρ.
1127 3767 1314 3824 Catulo
1352 3769 1380 3811 b
1413 3783 1578 3835 coss.,
1618 3785 1754 3823 anno

162 3862 220 3914 ab
254 3859 395 3916 Urbe
421 3861 625 3912 condita
662 3858 787 3922 673,
834 3862 1130 3915 sonantibus
1158 3863 1382 3931 undique
1428 3864 1566 3916 novis
1597 3861 1754 3914 bello-

159 3968 271 4003 rum
298 3949 607 4018 fragoribus,
631 3965 850 4020 quorum
875 3968 1036 4006 unum
1069 3955 1118 4005 in
1167 3951 1413 4020 Hispania
1456 3961 1584 4016 erat,
1614 3953 1752 4006 aliud

167 4044 214 4095 in
257 4040 572 4112 Pamphylia
603 4083 616 4103 ,
661 4051 716 4097 et
752 4041 935 4096 Cilicia
971 4084 986 4106 ,
1026 4045 1238 4098 tertium
1289 4045 1342 4098 in
1404 4046 1708 4099 Macedonia
1735 4085 1750 4111 ,

167 4147 420 4202 quartum
460 4134 511 4187 in
543 4135 817 4188 Dalmatia.
844 4135 971 4188 Nam
1006 4148 1026 4174 ε
1059 4138 1437 4198 Sertoritts,vir
1459 4137 1576 4189 dolo
1604 4148 1754 4206 atque

167 4228 386 4280 audacia
427 4237 604 4293 potens
629 4268 643 4292 ,
684 4241 799 4280 cum
860 4227 1080 4294 partium
1122 4225 1474 4280 Marianarum
1535 4230 1748 4296 fuisset,

167 4326 364 4376 timens
397 4320 660 4374 fortunam
685 4331 1023 4384 ceterorum,
1065 4323 1153 4389 qui
1183 4321 1480 4389 interempti
1512 4318 1539 4358 σι
1577 4331 1748 4385 erant,

164 4416 368 4485 fugiens
395 4430 458 4468 ex
490 4414 687 4483 Africa,
721 4415 956 4481 delapsus
987 4416 1041 4467 in
1082 4413 1382 4483 Hispanias.
1425 4414 1751 4468 bellicosissi-

163 4523 268 4560 mas
308 4515 486 4578 gentes
531 4506 798 4572 llispanite
846 4507 898 4558 in
957 4523 1100 4560 arma
1159 4511 1413 4560 excitavit.
1474 4508 1750 4560 Adversum

162 4598 316 4661 hunc,
350 4608 402 4650 ut
432 4596 642 4649 breviter
669 4597 932 4663 deﬁniam,
956 4599 1056 4651 duo
1083 4597 1232 4649 duces
1269 4597 1442 4649 missi:
1469 4597 1534 4662 Ο.
1584 4606 1608 4633 ⁶
1638 4597 1750 4649 Cai-

161 4692 314 4742 cilins
373 4689 649 4751 Metellus,
695 4688 831 4742 filius
888 4688 1004 4756 ejus
1033 4730 1048 4752 ,
1094 4691 1180 4757 qui
1220 4687 1528 4756 Jugurtltarn
1571 4702 1746 4756 regem

161 4784 321 4850 vicit,
355 4793 405 4837 et
440 4784 502 4837 L.
535 4781 792 4836 Domitius
840 4778 862 4816 ί
897 4791 1114 4849 praetor.
1149 4780 1377 4845 Quorum
1408 4778 1660 4834 Domitius
1687 4778 1749 4831 ab

162 4872 421 4927 Hirtuleio
474 4873 690 4929 Sertorii
735 4875 862 4927 duce
899 4890 1015 4927 cum
1066 4873 1288 4926 exercitu
1333 4888 1606 4942 oppressus
1654 4881 1745 4926 est.

161 4963 388 5018 Manlius
435 4982 635 5035 procos.
660 4983 686 5018 e
714 4964 886 5018 Gallia
925 4965 978 5018 in
1013 4963 1318 5030 Hispaniam
1348 4981 1460 5016 cum
1489 4965 1647 5017 tribus
1679 4965 1746 5018 le-

1859 3768 2059 3824 castris.
2103 3767 2358 3836 copiisque
2396 3766 2637 3828 nudatus,
2669 3764 2722 3819 in
2744 3766 2986 3834 oppidum
3020 3767 3282 3827 ﬁilerdam
3309 3791 3434 3843 pene

1857 3859 1995 3912 solus
2016 3860 2229 3928 refugit.
2259 3856 2442 3910 Postea
2467 3873 2581 3910 cum
2627 3858 2791 3921 impar
2832 3874 3015 3927 pugna:
3039 3864 3176 3915 solus
3199 3863 3434 3924 Metellus

1858 3961 2104 4020 pugnaret
2137 3991 2152 4013 ,
2193 3949 2289 4006 Cn.
2324 3949 2599 4020 Pompeius
2637 3951 2705 4002 ad
2747 3948 3052 4020 Hispaniam
3106 3955 3288 4009 missus
3339 3971 3432 4014 est.

1857 4040 2091 4096 Metellus
2129 4043 2297 4095 multis
2337 4043 2527 4109 prteliis
2565 4041 2828 4111 fatigatus,
2871 4059 2961 4113 per
2999 4044 3143 4098 deria
3172 4047 3432 4119 oberrans,

1855 4133 2049 4185 hostem
2078 4149 2219 4186 mora
2243 4137 2317 4202 fat
2337 4133 2508 4202 gabat,
2555 4135 2712 4186 donec
2736 4132 2835 4187 Cn.
2883 4132 3115 4202 Pompeii
3151 4144 3330 4194 castris
3352 4158 3434 4196 so.

1854 4225 2090 4276 ciaretur.
2121 4223 2200 4276 lla
2225 4225 2420 4276 duobus
2443 4225 2654 4276 ducirus
2674 4226 2919 4289 adversis,
2949 4225 3204 4282 Sertorius
3225 4232 3434 4297 fortuna

1853 4321 1992 4370 varia
2017 4333 2150 4387 swpe
2180 4318 2439 4386 pugnavit.
2483 4313 2774 4384 Pompeius,
2801 4328 3055 4370 contracto
3079 4321 3216 4388 apud
3243 4319 3431 4378 Palen-

1857 4412 1976 4462 tiant
2006 4410 2252 4474 exercitu,
2277 4409 2565 4462 Lauronem
2596 4409 2810 4462 obtinuit
2836 4411 3104 4476 civitatem,
3128 4429 3281 4482 quam
3313 4426 3432 4472 tunc

1855 4500 2136 4566 Sertorius,
2175 4510 2412 4568 superato
2477 4505 2748 4570 fugatoque
2808 4499 3052 4569 Pompeio
3080 4541 3095 4566 ,
3145 4515 3343 4574 captam
3387 4511 3434 4564 vi

1853 4596 2200 4649 cruentissime
2239 4593 2576 4663 depopulatus
2615 4602 2707 4646 est.
2747 4593 3012 4661 Reliquum
3035 4610 3216 4665 agmen
3244 4596 3436 4654 Lauro-

1853 4689 2104 4748 nensium,
2145 4689 2282 4756 quod
2312 4687 2532 4740 aedibus
2563 4689 2901 4753 superfuerat,
2928 4688 3206 4742 miserabili
3233 4694 3436 4758 captivi-

1853 4790 1955 4833 tate
1999 4781 2050 4833 in
2083 4779 2402 4833 Lusitaniam
2446 4779 2760 4832 transduxit.
2794 4776 3093 4848 Pompeium
3122 4793 3308 4850 autem,
3339 4786 3435 4838 hoc

1853 4880 1924 4924 est
1946 4871 2091 4923 illum
2116 4869 2462 4924 Romanorum
2489 4873 2668 4923 ducem
2689 4887 2719 4922 a
2741 4885 2792 4922 se
2813 4870 2995 4922 rictum
3017 4872 3172 4947 fuisse
3187 4873 3434 4943 gloriatus

1852 4973 1945 5028 est,
1989 4981 2136 5033 quem
2177 4980 2360 5034 magna
2398 4963 2664 5034 praditum
2693 4963 2880 5030 ﬁducia
2903 4964 2971 5015 ad
2998 4965 3094 5018 hoc
3118 4965 3302 5017 bellum
3332 4982 3432 5020 non

160 5057 393 5126 gionibus
423 5098 438 5122 ,
480 5067 526 5109 et
566 5054 706 5108 mille
741 5057 1030 5126 quingentis
1067 5054 1316 5123 equitibus
1356 5064 1697 5124 transgressus
1726 5097 1741 5121 ,
1777 5071 1828 5131 ι)
1853 5073 1944 5126 pro
1965 5058 2192 5122 consule,
2221 5057 2309 5110 sed
2329 5073 2420 5125 pro
2448 5055 2738 5110 consulibus
2783 5055 2944 5109 Roma
2969 5056 3205 5109 misisset.
3248 5054 3434 5112 Fuisse

159 5149 388 5218 iniquam
452 5165 570 5202 cum
613 5147 870 5201 Hirtuleio
934 5163 1156 5217 pugnant
1215 5146 1486 5202 conseruit.
1553 5148 1594 5199 A
1639 5163 1740 5216 quo

237 5282 259 5308 ⁸
289 5277 675 5336 llersl'eldensis
709 5279 772 5331 ad
807 5277 1026 5331 verbum
1059 5275 1304 5330 convenit
1334 5289 1452 5328 cum
1479 5274 1734 5344 Eutropio

161 5349 232 5401 ab
259 5352 426 5417 initio,
459 5367 626 5421 usque
647 5350 711 5403 ad
744 5349 834 5402 fol.
863 5347 948 5401 58.
977 5348 1457 5421 _v_ers._gladiatores
1480 5347 1646 5421 enim:
1678 5355 1734 5421 et

159 5415 485 5475 easteraain
539 5415 750 5488 nuituis,
802 5429 856 5474 et
907 5434 934 5470 a
976 5415 1205 5470 Miseella
1251 5426 1305 5470 et
1351 5417 1418 5488 ab
1480 5416 1732 5488 Eutropio

163 5503 346 5545 variat.
377 5493 484 5548 Sed
511 5487 686 5545 statim
731 5493 918 5544 iterum
950 5488 1106 5555 redit,
1133 5498 1186 5540 et
1211 5505 1329 5542 cunt
1378 5487 1634 5552 Eutropio
1662 5487 1728 5540 ad

160 5563 376 5617 verbum
405 5563 656 5618 convenit
681 5577 845 5631 usque
875 5561 941 5613 ad
975 5558 1269 5612 Danubium
1299 5563 1596 5626 penetravit.

236 5658 258 5694 δ
291 5667 374 5728 A.,
426 5661 570 5716 Coss.
614 5679 727 5714 cum
782 5660 916 5714 Silla
956 5659 1312 5728 rempublicam
1359 5658 1738 5728 composuisset,

162 5729 292 5786 bella
312 5750 436 5787 novo
459 5743 778 5788 exarserunt.

280 5827 370 5894 Δ..
392 5823 675 5893 Sertorius,
702 5826 786 5895 qui
816 5824 1041 5896 partium
1075 5821 1431 5878 Marianarum
1453 5823 1639 5892 fuerat.

1844 5157 1967 5202 tunc
2010 5146 2244 5218 Pompeii
2297 5148 2495 5219 triginti
2553 5145 2717 5200 millia
2754 5147 2983 5214 peditum
3013 5186 3029 5212 ,
3071 5147 3210 5200 mille
3243 5151 3432 5218 equites

1913 5278 1940 5315 α
1972 5281 2059 5342 A.,
2077 5289 2240 5342 erant,
2263 5280 2330 5332 ad
2355 5277 2537 5333 bellum
2557 5280 2818 5333 commovit
2836 5277 3136 5347 Hispanias.
3153 5275 3432 5333 Missisunt

1839 5361 2015 5402 contra
2041 5366 2148 5404 eum
2177 5353 2328 5403 duces
2362 5352 2450 5416 ο..
2471 5361 2576 5404 etc.

1913 5428 1935 5457 ⁸
1961 5425 2050 5486 A.,
2071 5420 2322 5480 Cruci/ius,
2351 5433 2398 5473 et
2424 5419 2691 5483 Met.,elc.

1915 5488 1933 5525 τ
1967 5496 2058 5555 A.,
2083 5487 2286 5545 Prmor
2312 5508 2341 5543 a
2368 5492 2579 5545 Sertorii
2611 5496 2736 5543 duce
2768 5489 3021 5544 Hirtuleio
3050 5491 3300 5544 dormiens
3340 5508 3428 5544 oc-

1848 5561 1979 5613 cisus
2001 5568 2094 5613 est.
2133 5559 2364 5613 Metellus
2407 5567 2544 5613 vario
2573 5578 2801 5614 successu
2832 5572 3004 5613 contra
3039 5565 3314 5616 Sertorium
3347 5562 3428 5615 di-

1848 5632 2070 5684 micavit.
2110 5633 2290 5684 Postea
2320 5648 2429 5684 cum
2455 5633 2621 5684 impar
2640 5649 2822 5700 pugna:
2848 5634 2984 5685 solus
3021 5631 3254 5686 Me:ellus
3283 5643 3429 5699 puta-

1848 5716 2007 5766 retur,
2057 5702 2148 5754 Cn.
2180 5700 2363 5770 Pomp.
2393 5705 2461 5754 ad
2487 5701 2770 5766 Hispanias
2799 5705 2978 5756 missus
3003 5714 3095 5756 est.
3124 5701 3204 5756 Ita
3232 5703 3430 5758 duobus

1850 5773 2060 5844 ducibus
2080 5773 2304 5826 adversis
2337 5773 2594 5828 Sertorius
2619 5775 2824 5842 fortuna
2846 5775 2986 5827 varia
3002 5791 3140 5840 sirpe
3162 5776 3404 5844 pugnavit

1853 5842 2043 5900 Octavo
2069 5845 2264 5901 decimo
2288 5861 2425 5905 anno
2451 5861 2540 5917 per
2566 5862 2686 5902 suos
2712 5845 2906 5902 occisus
2921 5858 3016 5917 est,
3032 5856 3078 5901 et
3093 5842 3354 5918 unum
