  <div class='ocr_page' id='page_1' title='image "/cluster/home/n/w/nwhite01/storage/ocr_20150623/95/hvd.32044010719722/439.png"; bbox 0 0 3920 6336; ppageno 0'>
   <div class='ocr_carea' id='block_1_1' title="bbox 1373 351 2904 419">
    <p class='ocr_par' dir='ltr' id='par_1_1' title="bbox 1373 351 2904 419">
     <span class='ocr_line' id='line_1_1' title="bbox 1373 351 2904 419; baseline 0.003 -5"><span class='ocrx_word' id='word_1_1' title='bbox 1373 356 1575 415; x_wconf 81' lang='lat' dir='ltr'>PAULI</span> <span class='ocrx_word' id='word_1_2' title='bbox 1614 354 1886 412; x_wconf 81' lang='lat' dir='ltr'><strong><em>DlACONl</em></strong></span> <span class='ocrx_word' id='word_1_3' title='bbox 1923 352 2073 409; x_wconf 86' lang='lat' dir='ltr'><strong><em>UPP.</em></strong></span> <span class='ocrx_word' id='word_1_4' title='bbox 2115 351 2293 409; x_wconf 81' lang='lat' dir='ltr'><strong><em>PARS</em></strong></span> <span class='ocrx_word' id='word_1_5' title='bbox 2333 353 2373 408; x_wconf 88' lang='grc' dir='ltr'><strong>Ι.</strong></span> <span class='ocrx_word' id='word_1_6' title='bbox 2415 383 2482 396; x_wconf 88' lang='lat'><strong>-</strong></span> <span class='ocrx_word' id='word_1_7' title='bbox 2524 355 2904 419; x_wconf 80' lang='lat' dir='ltr'><strong><em>HISTORICA.</em></strong></span> 
     </span>
    </p>
   </div>
   <div class='ocr_carea' id='block_1_2' title="bbox 471 471 3656 556">
    <p class='ocr_par' dir='ltr' id='par_1_2' title="bbox 471 471 3656 556">
     <span class='ocr_line' id='line_1_2' title="bbox 471 471 3656 556; baseline -0.002 -15"><span class='ocrx_word' id='word_1_8' title='bbox 471 486 711 542; x_wconf 81' lang='lat' dir='ltr'><strong><em>intestina</em></strong></span> <span class='ocrx_word' id='word_1_9' title='bbox 738 481 885 536; x_wconf 84' lang='lat' dir='ltr'><strong><em>clade</em></strong></span> <span class='ocrx_word' id='word_1_10' title='bbox 907 488 1193 551; x_wconf 82' lang='lat' dir='ltr'><strong><em>permotus,</em></strong></span> <span class='ocrx_word' id='word_1_11' title='bbox 1226 477 1374 532; x_wconf 79' lang='lat' dir='ltr'><strong><em>celeri</em></strong></span> <span class='ocrx_word' id='word_1_12' title='bbox 1401 491 1613 528; x_wconf 89' lang='lat' dir='ltr'><strong><em>occursu</em></strong></span> <span class='ocrx_word' id='word_1_13' title='bbox 1657 472 1936 525; x_wconf 74' lang='lat' dir='ltr'><strong><em>immissum</em></strong></span> <span class='ocrx_word' id='word_1_14' title='bbox 1961 485 2036 523; x_wconf 85' lang='lat' dir='ltr'><strong><em>re-</em></strong></span> <span class='ocrx_word' id='word_1_15' title='bbox 2073 471 2124 529; x_wconf 75' lang='grc' dir='ltr'><strong>Α</strong></span> <span class='ocrx_word' id='word_1_16' title='bbox 2150 481 2292 524; x_wconf 84' lang='lat' dir='ltr'><strong><em>erant</em></strong></span> <span class='ocrx_word' id='word_1_17' title='bbox 2319 473 2659 542; x_wconf 71' lang='lat' dir='ltr'><strong><em>circumfusae,</em></strong></span> <span class='ocrx_word' id='word_1_18' title='bbox 2693 491 2819 544; x_wconf 88' lang='lat' dir='ltr'><strong><em>quas</em></strong></span> <span class='ocrx_word' id='word_1_19' title='bbox 2851 475 3094 531; x_wconf 82' lang='lat' dir='ltr'><strong><em>Claudius</em></strong></span> <span class='ocrx_word' id='word_1_20' title='bbox 3118 479 3231 546; x_wconf 86' lang='lat' dir='ltr'><strong><em>jam</em></strong></span> <span class='ocrx_word' id='word_1_21' title='bbox 3261 478 3542 539; x_wconf 75' lang='lat' dir='ltr'><strong><em>Macedonia:</em></strong></span> <span class='ocrx_word' id='word_1_22' title='bbox 3564 489 3656 556; x_wconf 75' lang='lat' dir='ltr'><strong><em>ﬁni.</em></strong></span> 
     </span>
    </p>
   </div>
   <div class='ocr_carea' id='block_1_3' title="bbox 471 563 2043 632">
    <p class='ocr_par' dir='ltr' id='par_1_3' title="bbox 471 563 2043 632">
     <span class='ocr_line' id='line_1_3' title="bbox 471 563 2043 632; baseline -0.011 -1"><span class='ocrx_word' id='word_1_23' title='bbox 471 576 646 632; x_wconf 70' lang='lat' dir='ltr'><strong><em>struxit</em></strong></span> <span class='ocrx_word' id='word_1_24' title='bbox 670 574 978 627; x_wconf 77' lang='lat' dir='ltr'><strong><em>incendium.</em></strong></span> <span class='ocrx_word' id='word_1_25' title='bbox 998 571 1077 624; x_wconf 87' lang='lat' dir='ltr'><strong><em>Ita</em></strong></span> <span class='ocrx_word' id='word_1_26' title='bbox 1092 572 1280 623; x_wconf 84' lang='lat' dir='ltr'><strong><em>misera</em></strong></span> <span class='ocrx_word' id='word_1_27' title='bbox 1300 569 1491 630; x_wconf 84' lang='lat' dir='ltr'><strong><em>civitas,</em></strong></span> <span class='ocrx_word' id='word_1_28' title='bbox 1516 581 1656 618; x_wconf 78' lang='lat' dir='ltr'><strong><em>versa</em></strong></span> <span class='ocrx_word' id='word_1_29' title='bbox 1680 565 1784 616; x_wconf 90' lang='lat' dir='ltr'><strong><em>vice</em></strong></span> <span class='ocrx_word' id='word_1_30' title='bbox 1807 563 2043 623; x_wconf 86' lang='lat' dir='ltr'><strong><em>hostium,</em></strong></span> 
     </span>
    </p>
   </div>
   <div class='ocr_carea' id='block_1_4' title="bbox 470 657 2048 735">
    <p class='ocr_par' dir='ltr' id='par_1_4' title="bbox 470 657 2048 735">
     <span class='ocr_line' id='line_1_4' title="bbox 470 657 2048 735; baseline -0.01 -12"><span class='ocrx_word' id='word_1_31' title='bbox 470 671 841 735; x_wconf 80' lang='lat' dir='ltr'><strong><em>sociorumque,</em></strong></span> <span class='ocrx_word' id='word_1_32' title='bbox 869 664 1002 716; x_wconf 83' lang='lat' dir='ltr'><strong><em>unde</em></strong></span> <span class='ocrx_word' id='word_1_33' title='bbox 1025 663 1361 731; x_wconf 80' lang='lat' dir='ltr'><strong><em>defendenda,</em></strong></span> <span class='ocrx_word' id='word_1_34' title='bbox 1384 659 1680 728; x_wconf 84' lang='lat' dir='ltr'><strong><em>disperdita,</em></strong></span> <span class='ocrx_word' id='word_1_35' title='bbox 1713 666 1757 709; x_wconf 91' lang='lat' dir='ltr'><strong><em>et</em></strong></span> <span class='ocrx_word' id='word_1_36' title='bbox 1785 658 1916 708; x_wconf 88' lang='lat' dir='ltr'><strong><em>unde</em></strong></span> <span class='ocrx_word' id='word_1_37' title='bbox 1939 657 2048 708; x_wconf 88' lang='lat' dir='ltr'><strong><em>dis-</em></strong></span> 
     </span>
    </p>
   </div>
   <div class='ocr_carea' id='block_1_5' title="bbox 473 751 2046 831">
    <p class='ocr_par' dir='ltr' id='par_1_5' title="bbox 473 751 2046 831">
     <span class='ocr_line' id='line_1_5' title="bbox 473 751 2046 831; baseline -0.009 -16"><span class='ocrx_word' id='word_1_38' title='bbox 473 761 750 831; x_wconf 82' lang='lat' dir='ltr'><strong><em>perdenda.</em></strong></span> <span class='ocrx_word' id='word_1_39' title='bbox 793 766 988 812; x_wconf 87' lang='lat' dir='ltr'><strong><em>servata</em></strong></span> <span class='ocrx_word' id='word_1_40' title='bbox 1031 766 1121 809; x_wconf 89' lang='lat' dir='ltr'><strong><em>est.</em></strong></span> <span class='ocrx_word' id='word_1_41' title='bbox 1153 754 1407 808; x_wconf 73' lang='lat' dir='ltr'><strong><em>Praterea</em></strong></span> <span class='ocrx_word' id='word_1_42' title='bbox 1433 751 1678 805; x_wconf 81' lang='lat' dir='ltr'><strong><em>Lucullus</em></strong></span> <span class='ocrx_word' id='word_1_43' title='bbox 1706 760 2046 816; x_wconf 86' lang='lat' dir='ltr'><strong><em>transgressus</em></strong></span> 
     </span>
    </p>
   </div>
   <div class='ocr_carea' id='block_1_6' title="bbox 480 844 2050 915">
    <p class='ocr_par' dir='ltr' id='par_1_6' title="bbox 480 844 2050 915">
     <span class='ocr_line' id='line_1_6' title="bbox 480 844 2050 915; baseline -0.005 -12"><span class='ocrx_word' id='word_1_44' title='bbox 480 850 774 915; x_wconf 71' lang='lat' dir='ltr'><strong><em>Euphraten</em></strong></span> <span class='ocrx_word' id='word_1_45' title='bbox 807 861 853 902; x_wconf 87' lang='lat' dir='ltr'><strong><em>et</em></strong></span> <span class='ocrx_word' id='word_1_46' title='bbox 887 847 1105 915; x_wconf 77' lang='lat' dir='ltr'><strong><em>Tigrim,</em></strong></span> <span class='ocrx_word' id='word_1_47' title='bbox 1146 846 1378 900; x_wconf 86' lang='lat' dir='ltr'><strong><em>secundo</em></strong></span> <span class='ocrx_word' id='word_1_48' title='bbox 1433 847 1614 911; x_wconf 65' lang='lat' dir='ltr'><strong><em>praelia</em></strong></span> <span class='ocrx_word' id='word_1_49' title='bbox 1654 844 1843 914; x_wconf 81' lang='lat' dir='ltr'><strong><em>apud&quot;</em></strong></span> <span class='ocrx_word' id='word_1_50' title='bbox 1867 844 2050 898; x_wconf 81' lang='lat' dir='ltr'><strong><em>Cabiro</em></strong></span> 
     </span>
    </p>
   </div>
   <div class='ocr_carea' id='block_1_7' title="bbox 478 921 2046 1007">
    <p class='ocr_par' dir='ltr' id='par_1_7' title="bbox 478 921 2046 1007">
     <span class='ocr_line' id='line_1_7' title="bbox 478 921 2046 1007; baseline -0.006 -12"><span class='ocrx_word' id='word_1_51' title='bbox 478 921 743 995; x_wconf 72' lang='lat' dir='ltr'><strong><em>civitatem</em></strong></span> <span class='ocrx_word' id='word_1_52' title='bbox 780 940 1033 1005; x_wconf 80' lang='lat' dir='ltr'><strong><em>Tigranis,</em></strong></span> <span class='ocrx_word' id='word_1_53' title='bbox 1069 954 1172 1002; x_wconf 79' lang='lat' dir='ltr'><strong><em>quo</em></strong></span> <span class='ocrx_word' id='word_1_54' title='bbox 1202 941 1442 1007; x_wconf 73' lang='lat' dir='ltr'><strong><em>ingentes</em></strong></span> <span class='ocrx_word' id='word_1_55' title='bbox 1471 937 1648 1003; x_wconf 88' lang='lat' dir='ltr'><strong><em>c0pias</em></strong></span> <span class='ocrx_word' id='word_1_56' title='bbox 1691 951 1754 988; x_wconf 82' lang='lat' dir='ltr'><strong><em>ex</em></strong></span> <span class='ocrx_word' id='word_1_57' title='bbox 1785 934 1928 987; x_wconf 92' lang='lat' dir='ltr'><strong><em>omni</em></strong></span> <span class='ocrx_word' id='word_1_58' title='bbox 1959 948 2046 987; x_wconf 86' lang='lat' dir='ltr'><strong><em>re-</em></strong></span> 
     </span>
    </p>
   </div>
   <div class='ocr_carea' id='block_1_8' title="bbox 477 1025 2044 1101">
    <p class='ocr_par' dir='ltr' id='par_1_8' title="bbox 477 1025 2044 1101">
     <span class='ocr_line' id='line_1_8' title="bbox 477 1025 2044 1101; baseline -0.003 -17"><span class='ocrx_word' id='word_1_59' title='bbox 477 1049 579 1101; x_wconf 85' lang='lat' dir='ltr'><strong><em>gno</em></strong></span> <span class='ocrx_word' id='word_1_60' title='bbox 604 1031 892 1084; x_wconf 79' lang='lat' dir='ltr'><strong><em>adduxerat</em></strong></span> <span class='ocrx_word' id='word_1_61' title='bbox 927 1038 954 1076; x_wconf 86' lang='lat' dir='ltr'><strong><em>b</em></strong></span> <span class='ocrx_word' id='word_1_62' title='bbox 987 1030 1314 1084; x_wconf 77' lang='lat' dir='ltr'><strong><em>M.tlirulates</em></strong></span> <span class='ocrx_word' id='word_1_63' title='bbox 1335 1070 1348 1089; x_wconf 89' lang='lat'><strong><em>,</em></strong></span> <span class='ocrx_word' id='word_1_64' title='bbox 1389 1045 1504 1080; x_wconf 91' lang='lat' dir='ltr'><strong><em>cum</em></strong></span> <span class='ocrx_word' id='word_1_65' title='bbox 1536 1027 1831 1080; x_wconf 85' lang='lat' dir='ltr'><strong><em>Mithridate</em></strong></span> <span class='ocrx_word' id='word_1_66' title='bbox 1871 1038 1915 1079; x_wconf 89' lang='lat' dir='ltr'><strong><em>et</em></strong></span> <span class='ocrx_word' id='word_1_67' title='bbox 1960 1025 2044 1080; x_wconf 86' lang='lat' dir='ltr'><strong><em>Ti-</em></strong></span> 
     </span>
    </p>
   </div>
   <div class='ocr_carea' id='block_1_9' title="bbox 475 1120 2047 1192">
    <p class='ocr_par' dir='ltr' id='par_1_9' title="bbox 475 1120 2047 1192">
     <span class='ocr_line' id='line_1_9' title="bbox 475 1120 2047 1192; baseline -0.005 -15"><span class='ocrx_word' id='word_1_68' title='bbox 475 1140 632 1192; x_wconf 86' lang='lat' dir='ltr'><strong><em>grane</em></strong></span> <span class='ocrx_word' id='word_1_69' title='bbox 667 1139 959 1192; x_wconf 89' lang='lat' dir='ltr'><strong><em>congressus</em></strong></span> <span class='ocrx_word' id='word_1_70' title='bbox 1001 1120 1297 1186; x_wconf 86' lang='lat' dir='ltr'><strong><em>parvissima</em></strong></span> <span class='ocrx_word' id='word_1_71' title='bbox 1344 1134 1551 1172; x_wconf 88' lang='lat' dir='ltr'><strong><em>suorum</em></strong></span> <span class='ocrx_word' id='word_1_72' title='bbox 1602 1133 1755 1170; x_wconf 88' lang='lat' dir='ltr'><strong><em>manu</em></strong></span> <span class='ocrx_word' id='word_1_73' title='bbox 1804 1133 2047 1186; x_wconf 89' lang='lat' dir='ltr'><strong><em>magnum</em></strong></span> 
     </span>
    </p>
   </div>
   <div class='ocr_carea' id='block_1_10' title="bbox 473 1209 2048 1280">
    <p class='ocr_par' dir='ltr' id='par_1_10' title="bbox 473 1209 2048 1280">
     <span class='ocr_line' id='line_1_10' title="bbox 473 1209 2048 1280; baseline -0.004 -12"><span class='ocrx_word' id='word_1_74' title='bbox 473 1216 696 1269; x_wconf 80' lang='lat' dir='ltr'><strong><em>hostium</em></strong></span> <span class='ocrx_word' id='word_1_75' title='bbox 727 1231 986 1267; x_wconf 83' lang='lat' dir='ltr'><strong><em>numerum</em></strong></span> <span class='ocrx_word' id='word_1_76' title='bbox 1008 1215 1203 1266; x_wconf 84' lang='lat' dir='ltr'><strong><em>occidit.</em></strong></span> <span class='ocrx_word' id='word_1_77' title='bbox 1225 1211 1363 1266; x_wconf 88' lang='lat' dir='ltr'><strong><em>Nam</em></strong></span> <span class='ocrx_word' id='word_1_78' title='bbox 1384 1212 1589 1280; x_wconf 91' lang='lat' dir='ltr'><strong><em>triginta</em></strong></span> <span class='ocrx_word' id='word_1_79' title='bbox 1606 1210 1767 1262; x_wconf 90' lang='lat' dir='ltr'><strong><em>millia</em></strong></span> <span class='ocrx_word' id='word_1_80' title='bbox 1786 1209 2048 1262; x_wconf 80' lang='lat' dir='ltr'><strong><em>hominum</em></strong></span> 
     </span>
    </p>
   </div>
   <div class='ocr_carea' id='block_1_11' title="bbox 475 1301 2050 1374">
    <p class='ocr_par' dir='ltr' id='par_1_11' title="bbox 475 1301 2050 1374">
     <span class='ocr_line' id='line_1_11' title="bbox 475 1301 2050 1374; baseline -0.004 -14"><span class='ocrx_word' id='word_1_81' title='bbox 475 1324 530 1360; x_wconf 87' lang='lat' dir='ltr'><strong><em>eo</em></strong></span> <span class='ocrx_word' id='word_1_82' title='bbox 572 1307 701 1359; x_wconf 90' lang='lat' dir='ltr'><strong><em>bello</em></strong></span> <span class='ocrx_word' id='word_1_83' title='bbox 728 1305 997 1374; x_wconf 65' lang='lat' dir='ltr'><strong><em>interfecit.</em></strong></span> <span class='ocrx_word' id='word_1_84' title='bbox 1040 1303 1362 1357; x_wconf 70' lang='lat' dir='ltr'><strong><em>Mithridates</em></strong></span> <span class='ocrx_word' id='word_1_85' title='bbox 1401 1303 1485 1356; x_wconf 82' lang='lat' dir='ltr'><strong><em>via:</em></strong></span> <span class='ocrx_word' id='word_1_86' title='bbox 1524 1303 1770 1356; x_wconf 68' lang='lat' dir='ltr'><strong><em>sexcentis</em></strong></span> <span class='ocrx_word' id='word_1_87' title='bbox 1799 1301 2050 1370; x_wconf 87' lang='lat' dir='ltr'><strong><em>equitibus</em></strong></span> 
     </span>
    </p>
   </div>
   <div class='ocr_carea' id='block_1_12' title="bbox 475 1394 2052 1467">
    <p class='ocr_par' dir='ltr' id='par_1_12' title="bbox 475 1394 2052 1467">
     <span class='ocr_line' id='line_1_12' title="bbox 475 1394 2052 1467; baseline -0.003 -16"><span class='ocrx_word' id='word_1_88' title='bbox 475 1401 738 1451; x_wconf 82' lang='lat' dir='ltr'><strong><em>comitatus</em></strong></span> <span class='ocrx_word' id='word_1_89' title='bbox 775 1399 994 1467; x_wconf 82' lang='lat' dir='ltr'><strong><em>aufugit.</em></strong></span> <span class='ocrx_word' id='word_1_90' title='bbox 1029 1394 1213 1451; x_wconf 80' lang='lat' dir='ltr'><strong><em>Castra</em></strong></span> <span class='ocrx_word' id='word_1_91' title='bbox 1241 1395 1355 1464; x_wconf 84' lang='lat' dir='ltr'><strong><em>ejus</em></strong></span> <span class='ocrx_word' id='word_1_92' title='bbox 1381 1395 1620 1462; x_wconf 80' lang='lat' dir='ltr'><strong><em>direpta,</em></strong></span> <span class='ocrx_word' id='word_1_93' title='bbox 1673 1395 1955 1449; x_wconf 86' lang='lat' dir='ltr'><strong><em>diademate</em></strong></span> <span class='ocrx_word' id='word_1_94' title='bbox 2005 1403 2052 1448; x_wconf 91' lang='lat' dir='ltr'><strong><em>et</em></strong></span> 
     </span>
    </p>
   </div>
   <div class='ocr_carea' id='block_1_13' title="bbox 476 1485 2052 1559">
    <p class='ocr_par' dir='ltr' id='par_1_13' title="bbox 476 1485 2052 1559">
     <span class='ocr_line' id='line_1_13' title="bbox 476 1485 2052 1559; baseline -0.001 -18"><span class='ocrx_word' id='word_1_95' title='bbox 476 1491 663 1552; x_wconf 88' lang='lat' dir='ltr'><strong><em>thiara,</em></strong></span> <span class='ocrx_word' id='word_1_96' title='bbox 696 1505 759 1542; x_wconf 87' lang='lat' dir='ltr'><strong><em>ne</em></strong></span> <span class='ocrx_word' id='word_1_97' title='bbox 783 1499 1157 1559; x_wconf 89' lang='lat' dir='ltr'><strong><em>agnosceretur,</em></strong></span> <span class='ocrx_word' id='word_1_98' title='bbox 1186 1487 1413 1556; x_wconf 86' lang='lat' dir='ltr'><strong><em>objectis.</em></strong></span> <span class='ocrx_word' id='word_1_99' title='bbox 1441 1485 1686 1540; x_wconf 89' lang='lat' dir='ltr'><strong><em>Armenia</em></strong></span> <span class='ocrx_word' id='word_1_100' title='bbox 1715 1499 1924 1555; x_wconf 86' lang='lat' dir='ltr'><strong><em>quoque</em></strong></span> <span class='ocrx_word' id='word_1_101' title='bbox 1954 1486 2052 1540; x_wconf 87' lang='lat' dir='ltr'><strong><em>mi-</em></strong></span> 
     </span>
    </p>
   </div>
   <div class='ocr_carea' id='block_1_14' title="bbox 475 1578 2051 1650">
    <p class='ocr_par' dir='ltr' id='par_1_14' title="bbox 475 1578 2051 1650">
     <span class='ocr_line' id='line_1_14' title="bbox 475 1578 2051 1650; baseline -0.003 -15"><span class='ocrx_word' id='word_1_102' title='bbox 475 1595 596 1644; x_wconf 89' lang='lat' dir='ltr'><strong><em>nor,</em></strong></span> <span class='ocrx_word' id='word_1_103' title='bbox 621 1596 776 1650; x_wconf 86' lang='lat' dir='ltr'><strong><em>quam</em></strong></span> <span class='ocrx_word' id='word_1_104' title='bbox 825 1592 1084 1644; x_wconf 87' lang='lat' dir='ltr'><strong><em>tenuerat,</em></strong></span> <span class='ocrx_word' id='word_1_105' title='bbox 1133 1581 1304 1636; x_wconf 86' lang='lat' dir='ltr'><strong><em>eidem</em></strong></span> <span class='ocrx_word' id='word_1_106' title='bbox 1353 1579 1558 1634; x_wconf 90' lang='lat' dir='ltr'><strong><em>sublata</em></strong></span> <span class='ocrx_word' id='word_1_107' title='bbox 1606 1588 1708 1632; x_wconf 88' lang='lat' dir='ltr'><strong><em>est.</em></strong></span> <span class='ocrx_word' id='word_1_108' title='bbox 1751 1578 2051 1648; x_wconf 77' lang='lat' dir='ltr'><strong><em>Susceptus</em></strong></span> 
     </span>
    </p>
   </div>
   <div class='ocr_carea' id='block_1_15' title="bbox 474 1668 2050 1741">
    <p class='ocr_par' dir='ltr' id='par_1_15' title="bbox 474 1668 2050 1741">
     <span class='ocr_line' id='line_1_15' title="bbox 474 1668 2050 1741; baseline -0.002 -16"><span class='ocrx_word' id='word_1_109' title='bbox 474 1680 649 1726; x_wconf 89' lang='lat' dir='ltr'><strong><em>tamen</em></strong></span> <span class='ocrx_word' id='word_1_110' title='bbox 679 1681 760 1726; x_wconf 85' lang='lat' dir='ltr'><strong><em>est</em></strong></span> <span class='ocrx_word' id='word_1_111' title='bbox 789 1671 1121 1726; x_wconf 81' lang='lat' dir='ltr'><strong><em>Mithridates</em></strong></span> <span class='ocrx_word' id='word_1_112' title='bbox 1144 1680 1262 1741; x_wconf 90' lang='lat' dir='ltr'><strong><em>post</em></strong></span> <span class='ocrx_word' id='word_1_113' title='bbox 1287 1672 1458 1738; x_wconf 85' lang='lat' dir='ltr'><strong><em>lugam</em></strong></span> <span class='ocrx_word' id='word_1_114' title='bbox 1483 1686 1513 1724; x_wconf 88' lang='lat' dir='ltr'><strong><em>a</em></strong></span> <span class='ocrx_word' id='word_1_115' title='bbox 1540 1668 1766 1738; x_wconf 77' lang='lat' dir='ltr'><strong><em>Tigrane</em></strong></span> <span class='ocrx_word' id='word_1_116' title='bbox 1791 1685 1919 1738; x_wconf 87' lang='lat' dir='ltr'><strong><em>rege</em></strong></span> <span class='ocrx_word' id='word_1_117' title='bbox 1949 1671 2050 1724; x_wconf 87' lang='lat' dir='ltr'><strong><em>Ar-</em></strong></span> 
     </span>
    </p>
   </div>
   <div class='ocr_carea' id='block_1_16' title="bbox 479 1760 2051 1834">
    <p class='ocr_par' dir='ltr' id='par_1_16' title="bbox 479 1760 2051 1834">
     <span class='ocr_line' id='line_1_16' title="bbox 479 1760 2051 1834; baseline -0.003 -16"><span class='ocrx_word' id='word_1_118' title='bbox 479 1765 691 1826; x_wconf 71' lang='lat' dir='ltr'><strong><em>meniae,</em></strong></span> <span class='ocrx_word' id='word_1_119' title='bbox 714 1766 804 1834; x_wconf 86' lang='lat' dir='ltr'><strong><em>qui</em></strong></span> <span class='ocrx_word' id='word_1_120' title='bbox 830 1775 955 1818; x_wconf 90' lang='lat' dir='ltr'><strong><em>tunc</em></strong></span> <span class='ocrx_word' id='word_1_121' title='bbox 984 1764 1181 1832; x_wconf 91' lang='lat' dir='ltr'><strong><em>ingenti</em></strong></span> <span class='ocrx_word' id='word_1_122' title='bbox 1221 1763 1384 1831; x_wconf 79' lang='lat' dir='ltr'><strong>gloria</strong></span> <span class='ocrx_word' id='word_1_123' title='bbox 1427 1761 1742 1829; x_wconf 73' lang='lat' dir='ltr'><strong><em>imperabat,</em></strong></span> <span class='ocrx_word' id='word_1_124' title='bbox 1776 1769 1830 1814; x_wconf 89' lang='lat' dir='ltr'><strong><em>et</em></strong></span> <span class='ocrx_word' id='word_1_125' title='bbox 1863 1760 2051 1815; x_wconf 81' lang='lat' dir='ltr'><strong><em>Persas</em></strong></span> 
     </span>
    </p>
   </div>
   <div class='ocr_carea' id='block_1_17' title="bbox 2151 561 3654 645">
    <p class='ocr_par' dir='ltr' id='par_1_17' title="bbox 2151 561 3654 645">
     <span class='ocr_line' id='line_1_17' title="bbox 2151 561 3654 645; baseline 0.013 -31"><span class='ocrx_word' id='word_1_126' title='bbox 2151 561 2243 614; x_wconf 88' lang='lat' dir='ltr'><strong><em>bus</em></strong></span> <span class='ocrx_word' id='word_1_127' title='bbox 2264 562 2449 631; x_wconf 79' lang='lat' dir='ltr'><strong><em>pellere</em></strong></span> <span class='ocrx_word' id='word_1_128' title='bbox 2472 567 2681 630; x_wconf 85' lang='lat' dir='ltr'><strong><em>putavit.</em></strong></span> <span class='ocrx_word' id='word_1_129' title='bbox 2710 565 2836 620; x_wconf 90' lang='lat' dir='ltr'><strong><em>Inde</em></strong></span> <span class='ocrx_word' id='word_1_130' title='bbox 2859 568 3053 621; x_wconf 86' lang='lat' dir='ltr'><strong><em>multas</em></strong></span> <span class='ocrx_word' id='word_1_131' title='bbox 3083 583 3241 635; x_wconf 82' lang='lat' dir='ltr'><strong><em>supra</em></strong></span> <span class='ocrx_word' id='word_1_132' title='bbox 3267 569 3468 626; x_wconf 88' lang='lat' dir='ltr'><strong><em>Pontum</em></strong></span> <span class='ocrx_word' id='word_1_133' title='bbox 3497 582 3654 645; x_wconf 79' lang='lat' dir='ltr'><strong><em>positas</em></strong></span> 
     </span>
    </p>
   </div>
   <div class='ocr_carea' id='block_1_18' title="bbox 2151 657 3658 735">
    <p class='ocr_par' dir='ltr' id='par_1_18' title="bbox 2151 657 3658 735">
     <span class='ocr_line' id='line_1_18' title="bbox 2151 657 3658 735; baseline 0.011 -27"><span class='ocrx_word' id='word_1_134' title='bbox 2151 657 2392 710; x_wconf 82' lang='lat' dir='ltr'><strong><em>civitates</em></strong></span> <span class='ocrx_word' id='word_1_135' title='bbox 2419 672 2699 727; x_wconf 76' lang='lat' dir='ltr'><strong><em>aggressus</em></strong></span> <span class='ocrx_word' id='word_1_136' title='bbox 2729 671 2827 714; x_wconf 86' lang='lat' dir='ltr'><strong><em>est.</em></strong></span> <span class='ocrx_word' id='word_1_137' title='bbox 2858 659 2970 714; x_wconf 93' lang='lat' dir='ltr'><strong><em>Illic</em></strong></span> <span class='ocrx_word' id='word_1_138' title='bbox 2993 663 3315 730; x_wconf 78' lang='lat' dir='ltr'><strong><em>Apolloniam</em></strong></span> <span class='ocrx_word' id='word_1_139' title='bbox 3339 675 3526 735; x_wconf 60' lang='lat' dir='ltr'><strong><em>evertit,</em></strong></span> <span class='ocrx_word' id='word_1_140' title='bbox 3547 670 3567 709; x_wconf 70' lang='grc'><strong><em>1³</em></strong></span> <span class='ocrx_word' id='word_1_141' title='bbox 3584 673 3658 728; x_wconf 88' lang='lat' dir='ltr'><strong><em>Ca-</em></strong></span> 
     </span>
    </p>
   </div>
   <div class='ocr_carea' id='block_1_19' title="bbox 2154 753 3655 823">
    <p class='ocr_par' dir='ltr' id='par_1_19' title="bbox 2154 753 3655 823">
     <span class='ocr_line' id='line_1_19' title="bbox 2154 753 3655 823; baseline 0.013 -19"><span class='ocrx_word' id='word_1_142' title='bbox 2154 753 2298 815; x_wconf 92' lang='lat' dir='ltr'><strong><em>latin,</em></strong></span> <span class='ocrx_word' id='word_1_143' title='bbox 2322 753 3070 823; x_wconf 67' lang='lat' dir='ltr'><strong><em>Parthenopolim.&quot;l‘liomos,</em></strong></span> <span class='ocrx_word' id='word_1_144' title='bbox 3101 759 3329 822; x_wconf 77' lang='lat' dir='ltr'><strong><em>Istrum,l</em></strong></span> <span class='ocrx_word' id='word_1_145' title='bbox 3363 761 3655 823; x_wconf 67' lang='lat' dir='ltr'><strong><em>Burchoovem</em></strong></span> 
     </span>
    </p>
   </div>
   <div class='ocr_carea' id='block_1_20' title="bbox 2153 842 3658 918">
    <p class='ocr_par' dir='ltr' id='par_1_20' title="bbox 2153 842 3658 918">
     <span class='ocr_line' id='line_1_20' title="bbox 2153 842 3658 918; baseline 0.013 -24"><span class='ocrx_word' id='word_1_146' title='bbox 2153 842 2312 906; x_wconf 83' lang='lat' dir='ltr'><strong><em>cepit,</em></strong></span> <span class='ocrx_word' id='word_1_147' title='bbox 2346 843 2590 911; x_wconf 86' lang='lat' dir='ltr'><strong><em>belloque</em></strong></span> <span class='ocrx_word' id='word_1_148' title='bbox 2616 848 2860 900; x_wconf 87' lang='lat' dir='ltr'><strong><em>conlecto</em></strong></span> <span class='ocrx_word' id='word_1_149' title='bbox 2884 889 2899 910; x_wconf 88' lang='lat'><strong><em>,</em></strong></span> <span class='ocrx_word' id='word_1_150' title='bbox 2932 847 3150 902; x_wconf 77' lang='lat' dir='ltr'><strong><em>Romam</em></strong></span> <span class='ocrx_word' id='word_1_151' title='bbox 3187 853 3361 908; x_wconf 82' lang='lat' dir='ltr'><strong><em>rediit.</em></strong></span> <span class='ocrx_word' id='word_1_152' title='bbox 3389 857 3534 910; x_wconf 76' lang='lat' dir='ltr'><strong><em>Ambo</em></strong></span> <span class='ocrx_word' id='word_1_153' title='bbox 3557 875 3658 918; x_wconf 76' lang='lat' dir='ltr'><strong><em>eost.</em></strong></span> 
     </span>
    </p>
   </div>
   <div class='ocr_carea' id='block_1_21' title="bbox 2155 933 3662 1008">
    <p class='ocr_par' dir='ltr' id='par_1_21' title="bbox 2155 933 3662 1008">
     <span class='ocr_line' id='line_1_21' title="bbox 2155 933 3662 1008; baseline 0.014 -26"><span class='ocrx_word' id='word_1_154' title='bbox 2155 933 2424 1000; x_wconf 79' lang='lat' dir='ltr'><strong><em>magniﬁce</em></strong></span> <span class='ocrx_word' id='word_1_155' title='bbox 2460 935 2941 998; x_wconf 83' lang='lat' dir='ltr'><strong><em>triumphaverunt.</em></strong></span> <span class='ocrx_word' id='word_1_156' title='bbox 2980 938 3228 994; x_wconf 86' lang='lat' dir='ltr'><strong><em>Lucollus</em></strong></span> <span class='ocrx_word' id='word_1_157' title='bbox 3249 981 3266 1005; x_wconf 91' lang='lat'><strong><em>,</em></strong></span> <span class='ocrx_word' id='word_1_158' title='bbox 3299 944 3380 1008; x_wconf 79' lang='lat' dir='ltr'><strong><em>qui</em></strong></span> <span class='ocrx_word' id='word_1_159' title='bbox 3410 957 3565 999; x_wconf 82' lang='lat' dir='ltr'><strong><em>centra</em></strong></span> <span class='ocrx_word' id='word_1_160' title='bbox 3593 952 3662 1002; x_wconf 75' lang='grc' dir='ltr'><strong><em>Μὶ-</em></strong></span> 
     </span>
    </p>
   </div>
   <div class='ocr_carea' id='block_1_22' title="bbox 2156 1023 3660 1099">
    <p class='ocr_par' dir='ltr' id='par_1_22' title="bbox 2156 1023 3660 1099">
     <span class='ocr_line' id='line_1_22' title="bbox 2156 1023 3660 1099; baseline 0.012 -23"><span class='ocrx_word' id='word_1_161' title='bbox 2156 1023 2439 1077; x_wconf 76' lang='lat' dir='ltr'><strong><em>thridatem</em></strong></span> <span class='ocrx_word' id='word_1_162' title='bbox 2472 1039 2818 1095; x_wconf 78' lang='lat' dir='ltr'><strong><em>pugnaverat,</em></strong></span> <span class='ocrx_word' id='word_1_163' title='bbox 2852 1029 3053 1098; x_wconf 83' lang='lat' dir='ltr'><strong><em>majore</em></strong></span> <span class='ocrx_word' id='word_1_164' title='bbox 3074 1033 3268 1099; x_wconf 85' lang='lat' dir='ltr'><strong><em>gloria,</em></strong></span> <span class='ocrx_word' id='word_1_165' title='bbox 3299 1049 3411 1087; x_wconf 91' lang='lat' dir='ltr'><strong><em>cum</em></strong></span> <span class='ocrx_word' id='word_1_166' title='bbox 3451 1046 3660 1094; x_wconf 84' lang='lat' dir='ltr'><strong><em>tantorum</em></strong></span> 
     </span>
    </p>
   </div>
   <div class='ocr_carea' id='block_1_23' title="bbox 2156 1117 3659 1195">
    <p class='ocr_par' dir='ltr' id='par_1_23' title="bbox 2156 1117 3659 1195">
     <span class='ocr_line' id='line_1_23' title="bbox 2156 1117 3659 1195; baseline 0.011 -29"><span class='ocrx_word' id='word_1_167' title='bbox 2156 1128 2438 1182; x_wconf 87' lang='lat' dir='ltr'><strong><em>regnorum</em></strong></span> <span class='ocrx_word' id='word_1_168' title='bbox 2458 1118 2622 1170; x_wconf 87' lang='lat' dir='ltr'><strong><em>victor</em></strong></span> <span class='ocrx_word' id='word_1_169' title='bbox 2644 1117 2907 1173; x_wconf 74' lang='lat' dir='ltr'><strong><em>redite-et.</em></strong></span> <span class='ocrx_word' id='word_1_170' title='bbox 2933 1119 3186 1175; x_wconf 88' lang='lat' dir='ltr'><strong><em>Conlecto</em></strong></span> <span class='ocrx_word' id='word_1_171' title='bbox 3209 1124 3348 1178; x_wconf 91' lang='lat' dir='ltr'><strong><em>bello</em></strong></span> <span class='ocrx_word' id='word_1_172' title='bbox 3368 1127 3659 1195; x_wconf 70' lang='lat' dir='ltr'><strong><em>Mareulonico,</em></strong></span> 
     </span>
    </p>
   </div>
   <div class='ocr_carea' id='block_1_24' title="bbox 2156 1207 3662 1286">
    <p class='ocr_par' dir='ltr' id='par_1_24' title="bbox 2156 1207 3662 1286">
     <span class='ocr_line' id='line_1_24' title="bbox 2156 1207 3662 1286; baseline 0.013 -29"><span class='ocrx_word' id='word_1_173' title='bbox 2156 1216 2404 1260; x_wconf 89' lang='lat' dir='ltr'><strong><em>manente</em></strong></span> <span class='ocrx_word' id='word_1_174' title='bbox 2432 1207 2812 1276; x_wconf 82' lang='lat' dir='ltr'><strong><em>Mithridatico,</em></strong></span> <span class='ocrx_word' id='word_1_175' title='bbox 2840 1213 3000 1278; x_wconf 87' lang='lat' dir='ltr'><strong><em>quod.</em></strong></span> <span class='ocrx_word' id='word_1_176' title='bbox 3036 1215 3317 1270; x_wconf 87' lang='lat' dir='ltr'><strong><em>recedente</em></strong></span> <span class='ocrx_word' id='word_1_177' title='bbox 3354 1216 3573 1286; x_wconf 87' lang='lat' dir='ltr'><strong><em>Lucullo,</em></strong></span> <span class='ocrx_word' id='word_1_178' title='bbox 3594 1239 3662 1277; x_wconf 79' lang='lat' dir='ltr'><strong><em>rex</em></strong></span> 
     </span>
    </p>
   </div>
   <div class='ocr_carea' id='block_1_25' title="bbox 2155 1297 3662 1368">
    <p class='ocr_par' dir='ltr' id='par_1_25' title="bbox 2155 1297 3662 1368">
     <span class='ocr_line' id='line_1_25' title="bbox 2155 1297 3662 1368; baseline 0.013 -20"><span class='ocrx_word' id='word_1_179' title='bbox 2155 1297 2397 1351; x_wconf 78' lang='lat' dir='ltr'><strong><em>collectis</em></strong></span> <span class='ocrx_word' id='word_1_180' title='bbox 2418 1299 2630 1352; x_wconf 77' lang='lat' dir='ltr'><strong><em>auxiliis</em></strong></span> <span class='ocrx_word' id='word_1_181' title='bbox 2653 1313 3020 1368; x_wconf 84' lang='lat' dir='ltr'><strong><em>reparaverat.</em></strong></span> <span class='ocrx_word' id='word_1_182' title='bbox 3044 1305 3239 1360; x_wconf 87' lang='lat' dir='ltr'><strong><em>bellum</em></strong></span> <span class='ocrx_word' id='word_1_183' title='bbox 3262 1309 3509 1364; x_wconf 79' lang='lat' dir='ltr'><strong><em>Creticum</em></strong></span> <span class='ocrx_word' id='word_1_184' title='bbox 3528 1327 3662 1367; x_wconf 88' lang='lat' dir='ltr'><strong><em>ortum</em></strong></span> 
     </span>
    </p>
   </div>
   <div class='ocr_carea' id='block_1_26' title="bbox 2157 1387 3664 1471">
    <p class='ocr_par' dir='ltr' id='par_1_26' title="bbox 2157 1387 3664 1471">
     <span class='ocr_line' id='line_1_26' title="bbox 2157 1387 3664 1471; baseline 0.014 -33"><span class='ocrx_word' id='word_1_185' title='bbox 2157 1395 2258 1439; x_wconf 83' lang='lat' dir='ltr'><strong><em>est.</em></strong></span> <span class='ocrx_word' id='word_1_186' title='bbox 2292 1387 2370 1440; x_wconf 91' lang='lat' dir='ltr'><strong><em>Ad</em></strong></span> <span class='ocrx_word' id='word_1_187' title='bbox 2393 1389 2442 1442; x_wconf 89' lang='lat' dir='ltr'><strong><em>id</em></strong></span> <span class='ocrx_word' id='word_1_188' title='bbox 2467 1390 2660 1444; x_wconf 89' lang='lat' dir='ltr'><strong><em>missus</em></strong></span> <span class='ocrx_word' id='word_1_189' title='bbox 2689 1389 2938 1447; x_wconf 68' lang='lat' dir='ltr'><strong><em>Caecilius</em></strong></span> <span class='ocrx_word' id='word_1_190' title='bbox 2967 1395 3207 1452; x_wconf 80' lang='lat' dir='ltr'><strong><em>Metellus</em></strong></span> <span class='ocrx_word' id='word_1_191' title='bbox 3230 1438 3244 1463; x_wconf 93' lang='lat'><strong><em>,</em></strong></span> <span class='ocrx_word' id='word_1_192' title='bbox 3275 1399 3548 1470; x_wconf 83' lang='lat' dir='ltr'><strong><em>ingentibus</em></strong></span> <span class='ocrx_word' id='word_1_193' title='bbox 3567 1420 3664 1471; x_wconf 74' lang='lat' dir='ltr'><strong><em>pra-</em></strong></span> 
     </span>
    </p>
   </div>
   <div class='ocr_carea' id='block_1_27' title="bbox 2158 1477 3669 1568">
    <p class='ocr_par' dir='ltr' id='par_1_27' title="bbox 2158 1477 3669 1568">
     <span class='ocr_line' id='line_1_27' title="bbox 2158 1477 3669 1568; baseline 0.016 -37"><span class='ocrx_word' id='word_1_194' title='bbox 2158 1477 2261 1542; x_wconf 89' lang='lat' dir='ltr'><strong><em>liis,</em></strong></span> <span class='ocrx_word' id='word_1_195' title='bbox 2297 1481 2430 1534; x_wconf 90' lang='lat' dir='ltr'><strong><em>intra</em></strong></span> <span class='ocrx_word' id='word_1_196' title='bbox 2464 1483 2745 1540; x_wconf 81' lang='lat' dir='ltr'><strong><em>triennium</em></strong></span> <span class='ocrx_word' id='word_1_197' title='bbox 2773 1485 2796 1524; x_wconf 63' lang='grc' dir='ltr'>ι</span> <span class='ocrx_word' id='word_1_198' title='bbox 2825 1497 2983 1542; x_wconf 88' lang='lat' dir='ltr'><strong><em>totam</em></strong></span> <span class='ocrx_word' id='word_1_199' title='bbox 3011 1491 3234 1544; x_wconf 90' lang='lat' dir='ltr'><strong><em>insulam</em></strong></span> <span class='ocrx_word' id='word_1_200' title='bbox 3268 1499 3420 1562; x_wconf 81' lang='lat' dir='ltr'><strong><em>cepit,</em></strong></span> <span class='ocrx_word' id='word_1_201' title='bbox 3451 1492 3669 1568; x_wconf 66' lang='lat' dir='ltr'><strong><em>llegesque</em></strong></span> 
     </span>
    </p>
   </div>
   <div class='ocr_carea' id='block_1_28' title="bbox 2159 1569 3670 1660">
    <p class='ocr_par' dir='ltr' id='par_1_28' title="bbox 2159 1569 3670 1660">
     <span class='ocr_line' id='line_1_28' title="bbox 2159 1569 3670 1660; baseline 0.017 -38"><span class='ocrx_word' id='word_1_202' title='bbox 2159 1569 2351 1626; x_wconf 84' lang='lat' dir='ltr'><strong><em>Minois</em></strong></span> <span class='ocrx_word' id='word_1_203' title='bbox 2380 1571 2628 1630; x_wconf 84' lang='lat' dir='ltr'><strong><em>Romanis</em></strong></span> <span class='ocrx_word' id='word_1_204' title='bbox 2657 1579 2848 1647; x_wconf 88' lang='lat' dir='ltr'><strong><em>legibus</em></strong></span> <span class='ocrx_word' id='word_1_205' title='bbox 2873 1584 3200 1646; x_wconf 79' lang='lat' dir='ltr'><strong><em>permutavit,</em></strong></span> <span class='ocrx_word' id='word_1_206' title='bbox 3229 1587 3588 1660; x_wconf 81' lang='lat' dir='ltr'><strong><em>appellatusque</em></strong></span> <span class='ocrx_word' id='word_1_207' title='bbox 3611 1605 3670 1648; x_wconf 87' lang='lat' dir='ltr'><strong><em>est</em></strong></span> 
     </span>
    </p>
   </div>
   <div class='ocr_carea' id='block_1_29' title="bbox 2159 1661 3671 1747">
    <p class='ocr_par' dir='ltr' id='par_1_29' title="bbox 2159 1661 3671 1747">
     <span class='ocr_line' id='line_1_29' title="bbox 2159 1661 3671 1747; baseline 0.016 -33"><span class='ocrx_word' id='word_1_208' title='bbox 2159 1661 2421 1729; x_wconf 85' lang='lat' dir='ltr'><strong><em>Creticus,</em></strong></span> <span class='ocrx_word' id='word_1_209' title='bbox 2453 1677 2611 1736; x_wconf 80' lang='lat' dir='ltr'><strong><em>atque</em></strong></span> <span class='ocrx_word' id='word_1_210' title='bbox 2630 1683 2695 1722; x_wconf 83' lang='lat' dir='ltr'><strong><em>ex</em></strong></span> <span class='ocrx_word' id='word_1_211' title='bbox 2720 1670 2888 1724; x_wconf 90' lang='lat' dir='ltr'><strong><em>insula</em></strong></span> <span class='ocrx_word' id='word_1_212' title='bbox 2912 1671 3055 1726; x_wconf 86' lang='lat' dir='ltr'><strong><em>Crete</em></strong></span> <span class='ocrx_word' id='word_1_213' title='bbox 3078 1675 3436 1747; x_wconf 84' lang='lat' dir='ltr'><strong><em>triumphavit.</em></strong></span> <span class='ocrx_word' id='word_1_214' title='bbox 3459 1684 3555 1747; x_wconf 83' lang='lat' dir='ltr'><strong><em>Quo</em></strong></span> <span class='ocrx_word' id='word_1_215' title='bbox 3574 1695 3671 1738; x_wconf 85' lang='lat' dir='ltr'><strong><em>tem-</em></strong></span> 
     </span>
    </p>
   </div>
   <div class='ocr_carea' id='block_1_30' title="bbox 2166 1755 3672 1838">
    <p class='ocr_par' dir='ltr' id='par_1_30' title="bbox 2166 1755 3672 1838">
     <span class='ocr_line' id='line_1_30' title="bbox 2166 1755 3672 1838; baseline 0.016 -33"><span class='ocrx_word' id='word_1_216' title='bbox 2166 1767 2292 1820; x_wconf 88' lang='lat' dir='ltr'><strong><em>pore</em></strong></span> <span class='ocrx_word' id='word_1_217' title='bbox 2335 1755 2500 1827; x_wconf 84' lang='lat' dir='ltr'><strong><em>Libya</em></strong></span> <span class='ocrx_word' id='word_1_218' title='bbox 2543 1774 2755 1829; x_wconf 84' lang='lat' dir='ltr'><strong><em>quoque</em></strong></span> <span class='ocrx_word' id='word_1_219' title='bbox 2787 1761 3024 1817; x_wconf 78' lang='lat' dir='ltr'><strong><em>Romano</em></strong></span> <span class='ocrx_word' id='word_1_220' title='bbox 3064 1766 3295 1835; x_wconf 86' lang='lat' dir='ltr'><strong><em>imperio</em></strong></span> <span class='ocrx_word' id='word_1_221' title='bbox 3333 1786 3422 1838; x_wconf 87' lang='lat' dir='ltr'><strong><em>per</em></strong></span> <span class='ocrx_word' id='word_1_222' title='bbox 3448 1782 3672 1829; x_wconf 85' lang='lat' dir='ltr'><strong><em>testamen-</em></strong></span> 
     </span>
    </p>
   </div>
   <div class='ocr_carea' id='block_1_31' title="bbox 473 1825 3673 1934">
    <p class='ocr_par' dir='ltr' id='par_1_31' title="bbox 473 1825 3673 1934">
     <span class='ocr_line' id='line_1_31' title="bbox 473 1825 3673 1934; baseline 0.003 -24"><span class='ocrx_word' id='word_1_223' title='bbox 473 1871 615 1922; x_wconf 70' lang='lat' dir='ltr'><strong><em>stepe</em></strong></span> <span class='ocrx_word' id='word_1_224' title='bbox 636 1856 853 1917; x_wconf 83' lang='lat' dir='ltr'><strong><em>vicerat,</em></strong></span> <span class='ocrx_word' id='word_1_225' title='bbox 880 1856 1337 1922; x_wconf 80' lang='lat' dir='ltr'><strong><em>Mesopotamiam,</em></strong></span> <span class='ocrx_word' id='word_1_226' title='bbox 1363 1865 1415 1909; x_wconf 90' lang='lat' dir='ltr'><strong><em>et</em></strong></span> <span class='ocrx_word' id='word_1_227' title='bbox 1441 1854 1669 1924; x_wconf 89' lang='lat' dir='ltr'><strong><em>Syriam,</em></strong></span> <span class='ocrx_word' id='word_1_228' title='bbox 1701 1862 1754 1907; x_wconf 92' lang='lat' dir='ltr'><strong><em>et</em></strong></span> <span class='ocrx_word' id='word_1_229' title='bbox 1782 1852 2054 1908; x_wconf 64' lang='lat' dir='ltr'><strong><em>Phoenicis</em></strong></span> <span class='ocrx_word' id='word_1_230' title='bbox 2094 1825 2142 1885; x_wconf 75' lang='grc' dir='ltr'><strong>Β</strong></span> <span class='ocrx_word' id='word_1_231' title='bbox 2171 1858 2280 1901; x_wconf 84' lang='lat' dir='ltr'><strong><em>tum</em></strong></span> <span class='ocrx_word' id='word_1_232' title='bbox 2307 1850 2564 1917; x_wconf 77' lang='lat' dir='ltr'><strong><em>Appianis</em></strong></span> <span class='ocrx_word' id='word_1_233' title='bbox 2584 1896 2599 1918; x_wconf 93' lang='lat'><strong><em>,</em></strong></span> <span class='ocrx_word' id='word_1_234' title='bbox 2633 1855 2722 1924; x_wconf 91' lang='lat' dir='ltr'><strong><em>qui</em></strong></span> <span class='ocrx_word' id='word_1_235' title='bbox 2756 1872 2844 1908; x_wconf 79' lang='lat' dir='ltr'><strong><em>rex</em></strong></span> <span class='ocrx_word' id='word_1_236' title='bbox 2878 1857 2996 1926; x_wconf 83' lang='lat' dir='ltr'><strong><em>ejus</em></strong></span> <span class='ocrx_word' id='word_1_237' title='bbox 3028 1825 3234 1927; x_wconf 69' lang='lat' dir='ltr'><strong><em>fuerat,</em></strong></span> <span class='ocrx_word' id='word_1_238' title='bbox 3267 1825 3509 1928; x_wconf 75' lang='lat' dir='ltr'><strong><em>accessit,</em></strong></span> <span class='ocrx_word' id='word_1_239' title='bbox 3535 1865 3574 1920; x_wconf 90' lang='lat' dir='ltr'><strong><em>in</em></strong></span> <span class='ocrx_word' id='word_1_240' title='bbox 3599 1883 3673 1934; x_wconf 80' lang='lat' dir='ltr'><strong><em>qua</em></strong></span> 
     </span>
    </p>
   </div>
   <div class='ocr_carea' id='block_1_32' title="bbox 476 1945 2054 2016">
    <p class='ocr_par' dir='ltr' id='par_1_32' title="bbox 476 1945 2054 2016">
     <span class='ocr_line' id='line_1_32' title="bbox 476 1945 2054 2016; baseline -0.002 -17"><span class='ocrx_word' id='word_1_241' title='bbox 476 1957 677 2016; x_wconf 83' lang='lat' dir='ltr'><strong><em>partem</em></strong></span> <span class='ocrx_word' id='word_1_242' title='bbox 705 1955 1079 2014; x_wconf 78' lang='lat' dir='ltr'><strong><em>occupaverat.</em></strong></span> <span class='ocrx_word' id='word_1_243' title='bbox 1107 1946 1248 2016; x_wconf 87' lang='lat' dir='ltr'><strong><em>Ergo</em></strong></span> <span class='ocrx_word' id='word_1_244' title='bbox 1280 1945 1538 2000; x_wconf 85' lang='lat' dir='ltr'><strong><em>Lucullus</em></strong></span> <span class='ocrx_word' id='word_1_245' title='bbox 1569 1954 1819 2013; x_wconf 89' lang='lat' dir='ltr'><strong><em>repetens</em></strong></span> <span class='ocrx_word' id='word_1_246' title='bbox 1848 1946 2054 1997; x_wconf 86' lang='lat' dir='ltr'><strong><em>hostem</em></strong></span> 
     </span>
    </p>
   </div>
   <div class='ocr_carea' id='block_1_33' title="bbox 475 2036 2055 2107">
    <p class='ocr_par' dir='ltr' id='par_1_33' title="bbox 475 2036 2055 2107">
     <span class='ocr_line' id='line_1_33' title="bbox 475 2036 2055 2107; baseline -0.002 -16"><span class='ocrx_word' id='word_1_247' title='bbox 475 2039 737 2107; x_wconf 82' lang='lat' dir='ltr'><strong><em>iugatum,</em></strong></span> <span class='ocrx_word' id='word_1_248' title='bbox 767 2040 1059 2092; x_wconf 87' lang='lat' dir='ltr'><strong><em>imminente</em></strong></span> <span class='ocrx_word' id='word_1_249' title='bbox 1103 2037 1291 2102; x_wconf 87' lang='lat' dir='ltr'><strong><em>hieme,</em></strong></span> <span class='ocrx_word' id='word_1_250' title='bbox 1329 2037 1489 2092; x_wconf 90' lang='lat' dir='ltr'><strong><em>etiam</em></strong></span> <span class='ocrx_word' id='word_1_251' title='bbox 1529 2051 1747 2105; x_wconf 86' lang='lat' dir='ltr'><strong><em>regnum</em></strong></span> <span class='ocrx_word' id='word_1_252' title='bbox 1779 2036 2055 2103; x_wconf 85' lang='lat' dir='ltr'><strong><em>Tigranis,</em></strong></span> 
     </span>
    </p>
   </div>
   <div class='ocr_carea' id='block_1_34' title="bbox 472 2126 2059 2200">
    <p class='ocr_par' dir='ltr' id='par_1_34' title="bbox 472 2126 2059 2200">
     <span class='ocr_line' id='line_1_34' title="bbox 472 2126 2059 2200; baseline -0.001 -18"><span class='ocrx_word' id='word_1_253' title='bbox 472 2131 562 2200; x_wconf 89' lang='lat' dir='ltr'><strong><em>qui</em></strong></span> <span class='ocrx_word' id='word_1_254' title='bbox 587 2131 853 2185; x_wconf 80' lang='lat' dir='ltr'><strong><em>Armeniis</em></strong></span> <span class='ocrx_word' id='word_1_255' title='bbox 878 2131 1194 2196; x_wconf 86' lang='lat' dir='ltr'><strong><em>imperabat,</em></strong></span> <span class='ocrx_word' id='word_1_256' title='bbox 1219 2130 1488 2200; x_wconf 84' lang='lat' dir='ltr'><strong><em>ingressus</em></strong></span> <span class='ocrx_word' id='word_1_257' title='bbox 1512 2139 1613 2193; x_wconf 82' lang='lat' dir='ltr'><strong><em>est,</em></strong></span> <span class='ocrx_word' id='word_1_258' title='bbox 1642 2126 2059 2197; x_wconf 82' lang='lat' dir='ltr'><strong><em>Tigranocertam</em></strong></span> 
     </span>
    </p>
   </div>
   <div class='ocr_carea' id='block_1_35' title="bbox 473 2224 2061 2292">
    <p class='ocr_par' dir='ltr' id='par_1_35' title="bbox 473 2224 2061 2292">
     <span class='ocr_line' id='line_1_35' title="bbox 473 2224 2061 2292; baseline -0.003 -10"><span class='ocrx_word' id='word_1_259' title='bbox 473 2228 742 2282; x_wconf 88' lang='lat' dir='ltr'><strong><em>civitatem</em></strong></span> <span class='ocrx_word' id='word_1_260' title='bbox 769 2237 791 2265; x_wconf 77' lang='grc' dir='ltr'><strong><em>ο</em></strong></span> <span class='ocrx_word' id='word_1_261' title='bbox 823 2228 1059 2280; x_wconf 78' lang='lat' dir='ltr'><strong><em>Arsiana:</em></strong></span> <span class='ocrx_word' id='word_1_262' title='bbox 1089 2227 1474 2280; x_wconf 79' lang='lat' dir='ltr'><strong><em>nobilissimam</em></strong></span> <span class='ocrx_word' id='word_1_263' title='bbox 1514 2228 1660 2292; x_wconf 86' lang='lat' dir='ltr'><strong><em>regni</em></strong></span> <span class='ocrx_word' id='word_1_264' title='bbox 1697 2224 1930 2278; x_wconf 83' lang='lat' dir='ltr'><strong><em>Armenii</em></strong></span> <span class='ocrx_word' id='word_1_265' title='bbox 1970 2239 2061 2277; x_wconf 86' lang='lat' dir='ltr'><strong><em>ce-</em></strong></span> 
     </span>
    </p>
   </div>
   <div class='ocr_carea' id='block_1_36' title="bbox 478 2317 2060 2390">
    <p class='ocr_par' dir='ltr' id='par_1_36' title="bbox 478 2317 2060 2390">
     <span class='ocr_line' id='line_1_36' title="bbox 478 2317 2060 2390; baseline -0.002 -16"><span class='ocrx_word' id='word_1_266' title='bbox 478 2319 575 2390; x_wconf 87' lang='lat' dir='ltr'><strong><em>pit.</em></strong></span> <span class='ocrx_word' id='word_1_267' title='bbox 621 2320 795 2390; x_wconf 90' lang='lat' dir='ltr'><strong><em>Ipsum</em></strong></span> <span class='ocrx_word' id='word_1_268' title='bbox 842 2334 1025 2389; x_wconf 86' lang='lat' dir='ltr'><strong><em>regem</em></strong></span> <span class='ocrx_word' id='word_1_269' title='bbox 1070 2335 1189 2373; x_wconf 80' lang='lat' dir='ltr'><strong><em>cum</em></strong></span> <span class='ocrx_word' id='word_1_270' title='bbox 1233 2329 1436 2386; x_wconf 88' lang='lat' dir='ltr'><strong><em>septem</em></strong></span> <span class='ocrx_word' id='word_1_271' title='bbox 1476 2317 1713 2371; x_wconf 82' lang='lat' dir='ltr'><strong><em>millibus</em></strong></span> <span class='ocrx_word' id='word_1_272' title='bbox 1759 2317 2060 2385; x_wconf 86' lang='lat' dir='ltr'><strong><em>quingentis</em></strong></span> 
     </span>
    </p>
   </div>
   <div class='ocr_carea' id='block_1_37' title="bbox 475 2409 2064 2478">
    <p class='ocr_par' dir='ltr' id='par_1_37' title="bbox 475 2409 2064 2478">
     <span class='ocr_line' id='line_1_37' title="bbox 475 2409 2064 2478; baseline -0.004 -12"><span class='ocrx_word' id='word_1_273' title='bbox 475 2410 800 2476; x_wconf 87' lang='lat' dir='ltr'><strong><em>clibanariis,</em></strong></span> <span class='ocrx_word' id='word_1_274' title='bbox 835 2421 888 2465; x_wconf 91' lang='lat' dir='ltr'><strong><em>et</em></strong></span> <span class='ocrx_word' id='word_1_275' title='bbox 915 2420 1128 2464; x_wconf 89' lang='lat' dir='ltr'><strong><em>centum</em></strong></span> <span class='ocrx_word' id='word_1_276' title='bbox 1160 2410 1393 2464; x_wconf 87' lang='lat' dir='ltr'><strong><em>millibus</em></strong></span> <span class='ocrx_word' id='word_1_277' title='bbox 1447 2409 1839 2478; x_wconf 82' lang='lat' dir='ltr'><strong><em>sagittariorum</em></strong></span> <span class='ocrx_word' id='word_1_278' title='bbox 1877 2417 1930 2461; x_wconf 91' lang='lat' dir='ltr'><strong><em>et</em></strong></span> <span class='ocrx_word' id='word_1_279' title='bbox 1977 2423 2064 2461; x_wconf 80' lang='lat' dir='ltr'><strong><em>ar-</em></strong></span> 
     </span>
    </p>
   </div>
   <div class='ocr_carea' id='block_1_38' title="bbox 480 2500 2060 2564">
    <p class='ocr_par' dir='ltr' id='par_1_38' title="bbox 480 2500 2060 2564">
     <span class='ocr_line' id='line_1_38' title="bbox 480 2500 2060 2564; baseline 0 -10"><span class='ocrx_word' id='word_1_280' title='bbox 480 2511 742 2554; x_wconf 88' lang='lat' dir='ltr'><strong><em>matorum</em></strong></span> <span class='ocrx_word' id='word_1_281' title='bbox 795 2503 1134 2564; x_wconf 84' lang='lat' dir='ltr'><strong><em>venientem,</em></strong></span> <span class='ocrx_word' id='word_1_282' title='bbox 1168 2517 1289 2555; x_wconf 88' lang='lat' dir='ltr'><strong><em>cum</em></strong></span> <span class='ocrx_word' id='word_1_283' title='bbox 1334 2501 1519 2556; x_wconf 71' lang='lat' dir='ltr'><strong><em>ducem</em></strong></span> <span class='ocrx_word' id='word_1_284' title='bbox 1567 2511 1622 2555; x_wconf 89' lang='lat' dir='ltr'><strong><em>et</em></strong></span> <span class='ocrx_word' id='word_1_285' title='bbox 1669 2511 1791 2556; x_wconf 90' lang='lat' dir='ltr'><strong><em>octo</em></strong></span> <span class='ocrx_word' id='word_1_286' title='bbox 1821 2500 2060 2554; x_wconf 87' lang='lat' dir='ltr'><strong><em>millibus</em></strong></span> 
     </span>
    </p>
   </div>
   <div class='ocr_carea' id='block_1_39' title="bbox 478 2592 2060 2663">
    <p class='ocr_par' dir='ltr' id='par_1_39' title="bbox 478 2592 2060 2663">
     <span class='ocr_line' id='line_1_39' title="bbox 478 2592 2060 2663; baseline 0 -15"><span class='ocrx_word' id='word_1_287' title='bbox 478 2592 700 2648; x_wconf 87' lang='lat' dir='ltr'><strong><em>militum</em></strong></span> <span class='ocrx_word' id='word_1_288' title='bbox 749 2594 894 2661; x_wconf 86' lang='lat' dir='ltr'><strong><em>vicit,</em></strong></span> <span class='ocrx_word' id='word_1_289' title='bbox 946 2594 1014 2648; x_wconf 89' lang='lat' dir='ltr'><strong><em>ita</em></strong></span> <span class='ocrx_word' id='word_1_290' title='bbox 1061 2602 1115 2647; x_wconf 93' lang='lat' dir='ltr'><strong><em>ut</em></strong></span> <span class='ocrx_word' id='word_1_291' title='bbox 1167 2608 1408 2662; x_wconf 87' lang='lat' dir='ltr'><strong><em>magnam</em></strong></span> <span class='ocrx_word' id='word_1_292' title='bbox 1440 2605 1642 2663; x_wconf 86' lang='lat' dir='ltr'><strong><em>partem</em></strong></span> <span class='ocrx_word' id='word_1_293' title='bbox 1686 2595 2060 2648; x_wconf 88' lang='lat' dir='ltr'><strong><em>Armeniorum</em></strong></span> 
     </span>
    </p>
   </div>
   <div class='ocr_carea' id='block_1_40' title="bbox 478 2683 2062 2754">
    <p class='ocr_par' dir='ltr' id='par_1_40' title="bbox 478 2683 2062 2754">
     <span class='ocr_line' id='line_1_40' title="bbox 478 2683 2062 2754; baseline -0.001 -16"><span class='ocrx_word' id='word_1_294' title='bbox 478 2683 757 2740; x_wconf 88' lang='lat' dir='ltr'><strong><em>deleverit.</em></strong></span> <span class='ocrx_word' id='word_1_295' title='bbox 789 2683 917 2738; x_wconf 89' lang='lat' dir='ltr'><strong><em>lude</em></strong></span> <span class='ocrx_word' id='word_1_296' title='bbox 945 2685 1142 2739; x_wconf 77' lang='lat' dir='ltr'><strong><em>Nisibin</em></strong></span> <span class='ocrx_word' id='word_1_297' title='bbox 1175 2684 1464 2751; x_wconf 84' lang='lat' dir='ltr'><strong><em>prolectus,</em></strong></span> <span class='ocrx_word' id='word_1_298' title='bbox 1491 2699 1608 2738; x_wconf 88' lang='lat' dir='ltr'><strong><em>eam</em></strong></span> <span class='ocrx_word' id='word_1_299' title='bbox 1635 2700 1846 2754; x_wconf 88' lang='lat' dir='ltr'><strong><em>quoque</em></strong></span> <span class='ocrx_word' id='word_1_300' title='bbox 1871 2687 2062 2738; x_wconf 83' lang='lat' dir='ltr'><strong><em>civita-</em></strong></span> 
     </span>
    </p>
   </div>
   <div class='ocr_carea' id='block_1_41' title="bbox 482 2775 2062 2846">
    <p class='ocr_par' dir='ltr' id='par_1_41' title="bbox 482 2775 2062 2846">
     <span class='ocr_line' id='line_1_41' title="bbox 482 2775 2062 2846; baseline 0.003 -20"><span class='ocrx_word' id='word_1_301' title='bbox 482 2781 586 2827; x_wconf 89' lang='lat' dir='ltr'><strong><em>tem</em></strong></span> <span class='ocrx_word' id='word_1_302' title='bbox 621 2789 738 2828; x_wconf 89' lang='lat' dir='ltr'><strong><em>cum</em></strong></span> <span class='ocrx_word' id='word_1_303' title='bbox 783 2778 923 2846; x_wconf 86' lang='lat' dir='ltr'><strong><em>regis</em></strong></span> <span class='ocrx_word' id='word_1_304' title='bbox 951 2775 1110 2830; x_wconf 78' lang='lat' dir='ltr'><strong><em>fratre</em></strong></span> <span class='ocrx_word' id='word_1_305' title='bbox 1137 2777 1302 2843; x_wconf 86' lang='lat' dir='ltr'><strong><em>cepit.</em></strong></span> <span class='ocrx_word' id='word_1_306' title='bbox 1347 2776 1450 2831; x_wconf 86' lang='lat' dir='ltr'><strong><em>Sed</em></strong></span> <span class='ocrx_word' id='word_1_307' title='bbox 1497 2776 1588 2841; x_wconf 91' lang='lat' dir='ltr'><strong><em>hi,</em></strong></span> <span class='ocrx_word' id='word_1_308' title='bbox 1630 2790 1764 2845; x_wconf 89' lang='lat' dir='ltr'><strong><em>quos</em></strong></span> <span class='ocrx_word' id='word_1_309' title='bbox 1805 2776 1857 2831; x_wconf 90' lang='lat' dir='ltr'><strong><em>in</em></strong></span> <span class='ocrx_word' id='word_1_310' title='bbox 1894 2776 2062 2830; x_wconf 89' lang='lat' dir='ltr'><strong><em>Ponto</em></strong></span> 
     </span>
    </p>
   </div>
   <div class='ocr_carea' id='block_1_42' title="bbox 483 2862 2062 2936">
    <p class='ocr_par' dir='ltr' id='par_1_42' title="bbox 483 2862 2062 2936">
     <span class='ocr_line' id='line_1_42' title="bbox 483 2862 2062 2936; baseline 0.003 -18"><span class='ocrx_word' id='word_1_311' title='bbox 483 2862 738 2918; x_wconf 86' lang='lat' dir='ltr'><strong><em>Lucullus</em></strong></span> <span class='ocrx_word' id='word_1_312' title='bbox 769 2865 1053 2933; x_wconf 85' lang='lat' dir='ltr'><strong><em>reliquerat</em></strong></span> <span class='ocrx_word' id='word_1_313' title='bbox 1081 2879 1201 2919; x_wconf 91' lang='lat' dir='ltr'><strong><em>cum</em></strong></span> <span class='ocrx_word' id='word_1_314' title='bbox 1229 2868 1494 2920; x_wconf 80' lang='lat' dir='ltr'><strong><em>exercitus</em></strong></span> <span class='ocrx_word' id='word_1_315' title='bbox 1536 2876 1704 2933; x_wconf 88' lang='lat' dir='ltr'><strong><em>parte,</em></strong></span> <span class='ocrx_word' id='word_1_316' title='bbox 1733 2876 1786 2920; x_wconf 92' lang='lat' dir='ltr'><strong><em>ut</em></strong></span> <span class='ocrx_word' id='word_1_317' title='bbox 1816 2871 2062 2936; x_wconf 82' lang='lat' dir='ltr'><strong><em>regiones</em></strong></span> 
     </span>
    </p>
   </div>
   <div class='ocr_carea' id='block_1_43' title="bbox 481 2954 2062 3026">
    <p class='ocr_par' dir='ltr' id='par_1_43' title="bbox 481 2954 2062 3026">
     <span class='ocr_line' id='line_1_43' title="bbox 481 2954 2062 3026; baseline 0.003 -19"><span class='ocrx_word' id='word_1_318' title='bbox 481 2954 646 3009; x_wconf 83' lang='lat' dir='ltr'><strong><em>victas</em></strong></span> <span class='ocrx_word' id='word_1_319' title='bbox 674 2955 1039 3010; x_wconf 79' lang='lat' dir='ltr'><strong><em>Romanorum</em></strong></span> <span class='ocrx_word' id='word_1_320' title='bbox 1069 2966 1366 3021; x_wconf 88' lang='lat' dir='ltr'><strong><em>tuerentur,</em></strong></span> <span class='ocrx_word' id='word_1_321' title='bbox 1391 2957 1722 3026; x_wconf 81' lang='lat' dir='ltr'><strong><em>negligenter</em></strong></span> <span class='ocrx_word' id='word_1_322' title='bbox 1747 2967 1802 3010; x_wconf 89' lang='lat' dir='ltr'><strong><em>et</em></strong></span> <span class='ocrx_word' id='word_1_323' title='bbox 1823 2971 1981 3011; x_wconf 85' lang='lat' dir='ltr'><strong><em>avare</em></strong></span> <span class='ocrx_word' id='word_1_324' title='bbox 2003 2970 2062 3010; x_wconf 86' lang='lat' dir='ltr'><strong><em>se</em></strong></span> 
     </span>
    </p>
   </div>
   <div class='ocr_carea' id='block_1_44' title="bbox 477 3047 2060 3114">
    <p class='ocr_par' dir='ltr' id='par_1_44' title="bbox 477 3047 2060 3114">
     <span class='ocr_line' id='line_1_44' title="bbox 477 3047 2060 3114; baseline -0.001 -15"><span class='ocrx_word' id='word_1_325' title='bbox 477 3056 732 3114; x_wconf 82' lang='lat' dir='ltr'><strong><em>agentes,</em></strong></span> <span class='ocrx_word' id='word_1_326' title='bbox 779 3049 1115 3102; x_wconf 88' lang='lat' dir='ltr'><strong><em>occasionem</em></strong></span> <span class='ocrx_word' id='word_1_327' title='bbox 1167 3047 1360 3102; x_wconf 88' lang='lat' dir='ltr'><strong><em>iterum</em></strong></span> <span class='ocrx_word' id='word_1_328' title='bbox 1409 3047 1697 3101; x_wconf 86' lang='lat' dir='ltr'><strong><em>Mithridati</em></strong></span> <span class='ocrx_word' id='word_1_329' title='bbox 1739 3049 1789 3100; x_wconf 92' lang='lat' dir='ltr'><strong><em>in</em></strong></span> <span class='ocrx_word' id='word_1_330' title='bbox 1837 3047 2060 3101; x_wconf 90' lang='lat' dir='ltr'><strong><em>Pontum</em></strong></span> 
     </span>
    </p>
   </div>
   <div class='ocr_carea' id='block_1_45' title="bbox 477 3139 2058 3210">
    <p class='ocr_par' dir='ltr' id='par_1_45' title="bbox 477 3139 2058 3210">
     <span class='ocr_line' id='line_1_45' title="bbox 477 3139 2058 3210; baseline -0.001 -16"><span class='ocrx_word' id='word_1_331' title='bbox 477 3139 805 3210; x_wconf 86' lang='lat' dir='ltr'><strong><em>irrumpendi</em></strong></span> <span class='ocrx_word' id='word_1_332' title='bbox 846 3141 1132 3195; x_wconf 87' lang='lat' dir='ltr'><strong><em>dederunt.</em></strong></span> <span class='ocrx_word' id='word_1_333' title='bbox 1164 3144 1337 3208; x_wconf 81' lang='lat' dir='ltr'><strong><em>Atque</em></strong></span> <span class='ocrx_word' id='word_1_334' title='bbox 1377 3141 1446 3194; x_wconf 87' lang='lat' dir='ltr'><strong><em>ita</em></strong></span> <span class='ocrx_word' id='word_1_335' title='bbox 1492 3141 1692 3194; x_wconf 81' lang='lat' dir='ltr'><strong><em>bellum</em></strong></span> <span class='ocrx_word' id='word_1_336' title='bbox 1743 3152 2058 3194; x_wconf 83' lang='lat' dir='ltr'><strong><em>renovatum</em></strong></span> 
     </span>
    </p>
   </div>
   <div class='ocr_carea' id='block_1_46' title="bbox 2164 1939 3670 2027">
    <p class='ocr_par' dir='ltr' id='par_1_46' title="bbox 2164 1939 3670 2027">
     <span class='ocr_line' id='line_1_46' title="bbox 2164 1939 3670 2027; baseline 0.015 -35"><span class='ocrx_word' id='word_1_337' title='bbox 2164 1939 2375 2010; x_wconf 71' lang='lat' dir='ltr'><strong><em>inclyta:</em></strong></span> <span class='ocrx_word' id='word_1_338' title='bbox 2410 1945 2566 1998; x_wconf 86' lang='lat' dir='ltr'><strong><em>nrbes</em></strong></span> <span class='ocrx_word' id='word_1_339' title='bbox 2590 1957 2760 2011; x_wconf 87' lang='lat' dir='ltr'><strong><em>erant,</em></strong></span> <span class='ocrx_word' id='word_1_340' title='bbox 2780 1956 2818 1984; x_wconf 76' lang='grc' dir='ltr'>ω</span> <span class='ocrx_word' id='word_1_341' title='bbox 2837 1946 3094 2016; x_wconf 81' lang='lat' dir='ltr'><strong><em>Berenice,</em></strong></span> <span class='ocrx_word' id='word_1_342' title='bbox 3125 1953 3420 2019; x_wconf 65' lang='lat' dir='ltr'><strong><em>Ptolemais,</em></strong></span> <span class='ocrx_word' id='word_1_343' title='bbox 3436 1966 3483 2009; x_wconf 90' lang='lat' dir='ltr'><strong><em>et</em></strong></span> <span class='ocrx_word' id='word_1_344' title='bbox 3501 1959 3670 2027; x_wconf 78' lang='lat' dir='ltr'><strong><em>Cyrene.</em></strong></span> 
     </span>
    </p>
   </div>
   <div class='ocr_carea' id='block_1_47' title="bbox 2167 2031 3670 2117">
    <p class='ocr_par' dir='ltr' id='par_1_47' title="bbox 2167 2031 3670 2117">
     <span class='ocr_line' id='line_1_47' title="bbox 2167 2031 3670 2117; baseline 0.011 -33"><span class='ocrx_word' id='word_1_345' title='bbox 2167 2031 2302 2084; x_wconf 86' lang='lat' dir='ltr'><strong><em>Dum</em></strong></span> <span class='ocrx_word' id='word_1_346' title='bbox 2337 2036 2447 2087; x_wconf 63' lang='lat' dir='ltr'><strong><em>haec</em></strong></span> <span class='ocrx_word' id='word_1_347' title='bbox 2471 2048 2722 2105; x_wconf 84' lang='lat' dir='ltr'><strong><em>aguntur,</em></strong></span> <span class='ocrx_word' id='word_1_348' title='bbox 2753 2043 2938 2107; x_wconf 75' lang='lat' dir='ltr'><strong><em>piratze</em></strong></span> <span class='ocrx_word' id='word_1_349' title='bbox 2972 2060 3060 2110; x_wconf 89' lang='lat' dir='ltr'><strong><em>per</em></strong></span> <span class='ocrx_word' id='word_1_350' title='bbox 3084 2052 3110 2080; x_wconf 73' lang='grc' dir='ltr'><strong><em>υ</em></strong></span> <span class='ocrx_word' id='word_1_351' title='bbox 3145 2048 3322 2100; x_wconf 76' lang='lat' dir='ltr'><strong><em>ouinia</em></strong></span> <span class='ocrx_word' id='word_1_352' title='bbox 3351 2049 3501 2117; x_wconf 88' lang='lat' dir='ltr'><strong><em>sparsi</em></strong></span> <span class='ocrx_word' id='word_1_353' title='bbox 3526 2052 3670 2114; x_wconf 82' lang='lat' dir='ltr'><strong><em>maria,</em></strong></span> 
     </span>
    </p>
   </div>
   <div class='ocr_carea' id='block_1_48' title="bbox 2163 2128 3674 2202">
    <p class='ocr_par' dir='ltr' id='par_1_48' title="bbox 2163 2128 3674 2202">
     <span class='ocr_line' id='line_1_48' title="bbox 2163 2128 3674 2202; baseline 0.012 -26"><span class='ocrx_word' id='word_1_354' title='bbox 2163 2136 2208 2177; x_wconf 85' lang='lat' dir='ltr'><strong><em>et</em></strong></span> <span class='ocrx_word' id='word_1_355' title='bbox 2228 2129 2355 2202; x_wconf 87' lang='lat' dir='ltr'><strong><em>jam_</em></strong></span> <span class='ocrx_word' id='word_1_356' title='bbox 2382 2128 2756 2195; x_wconf 86' lang='lat' dir='ltr'><strong><em>intercipientes</em></strong></span> <span class='ocrx_word' id='word_1_357' title='bbox 2796 2135 2998 2185; x_wconf 88' lang='lat' dir='ltr'><strong><em>navium</em></strong></span> <span class='ocrx_word' id='word_1_358' title='bbox 3050 2148 3360 2192; x_wconf 86' lang='lat' dir='ltr'><strong><em>commeatus</em></strong></span> <span class='ocrx_word' id='word_1_359' title='bbox 3386 2178 3400 2202; x_wconf 92' lang='lat'><strong><em>,</em></strong></span> <span class='ocrx_word' id='word_1_360' title='bbox 3448 2140 3524 2192; x_wconf 87' lang='lat' dir='ltr'><strong><em>sed</em></strong></span> <span class='ocrx_word' id='word_1_361' title='bbox 3561 2128 3674 2194; x_wconf 84' lang='lat' dir='ltr'><strong><em>etiam</em></strong></span> 
     </span>
    </p>
   </div>
   <div class='ocr_carea' id='block_1_49' title="bbox 2164 2215 3673 2293">
    <p class='ocr_par' dir='ltr' id='par_1_49' title="bbox 2164 2215 3673 2293">
     <span class='ocr_line' id='line_1_49' title="bbox 2164 2215 3673 2293; baseline 0.009 -25"><span class='ocrx_word' id='word_1_362' title='bbox 2164 2215 2357 2269; x_wconf 88' lang='lat' dir='ltr'><strong><em>insulas</em></strong></span> <span class='ocrx_word' id='word_1_363' title='bbox 2422 2219 2806 2289; x_wconf 82' lang='lat' dir='ltr'><strong><em>provinciasque</em></strong></span> <span class='ocrx_word' id='word_1_364' title='bbox 2865 2233 3120 2277; x_wconf 83' lang='lat' dir='ltr'><strong><em>vastantes</em></strong></span> <span class='ocrx_word' id='word_1_365' title='bbox 3146 2266 3161 2290; x_wconf 93' lang='lat'><strong><em>,</em></strong></span> <span class='ocrx_word' id='word_1_366' title='bbox 3230 2227 3511 2293; x_wconf 85' lang='lat' dir='ltr'><strong><em>impunitate</em></strong></span> <span class='ocrx_word' id='word_1_367' title='bbox 3557 2231 3673 2282; x_wconf 78' lang='lat' dir='ltr'><strong><em>scele-</em></strong></span> 
     </span>
    </p>
   </div>
   <div class='ocr_carea' id='block_1_50' title="bbox 2164 2312 3674 2385">
    <p class='ocr_par' dir='ltr' id='par_1_50' title="bbox 2164 2312 3674 2385">
     <span class='ocr_line' id='line_1_50' title="bbox 2164 2312 3674 2385; baseline 0.007 -24"><span class='ocrx_word' id='word_1_368' title='bbox 2164 2325 2278 2361; x_wconf 87' lang='lat' dir='ltr'><strong><em>rum</em></strong></span> <span class='ocrx_word' id='word_1_369' title='bbox 2319 2319 2366 2362; x_wconf 90' lang='lat' dir='ltr'><strong><em>et</em></strong></span> <span class='ocrx_word' id='word_1_370' title='bbox 2402 2312 2672 2379; x_wconf 89' lang='lat' dir='ltr'><strong><em>cupiditate</em></strong></span> <span class='ocrx_word' id='word_1_371' title='bbox 2711 2315 2898 2380; x_wconf 67' lang='lat' dir='ltr'><strong><em>praeda:</em></strong></span> <span class='ocrx_word' id='word_1_372' title='bbox 2934 2318 3082 2385; x_wconf 86' lang='lat' dir='ltr'><strong><em>vulgo</em></strong></span> <span class='ocrx_word' id='word_1_373' title='bbox 3111 2333 3221 2370; x_wconf 87' lang='lat' dir='ltr'><strong><em>sese</em></strong></span> <span class='ocrx_word' id='word_1_374' title='bbox 3263 2319 3616 2384; x_wconf 84' lang='lat' dir='ltr'><strong><em>associantibus,</em></strong></span> <span class='ocrx_word' id='word_1_375' title='bbox 3639 2320 3674 2371; x_wconf 77' lang='lat' dir='ltr'><strong><em>in</em></strong></span> 
     </span>
    </p>
   </div>
   <div class='ocr_carea' id='block_1_51' title="bbox 2163 2401 3673 2476">
    <p class='ocr_par' dir='ltr' id='par_1_51' title="bbox 2163 2401 3673 2476">
     <span class='ocr_line' id='line_1_51' title="bbox 2163 2401 3673 2476; baseline 0.007 -25"><span class='ocrx_word' id='word_1_376' title='bbox 2163 2401 2463 2453; x_wconf 83' lang='lat' dir='ltr'><strong><em>immensum</em></strong></span> <span class='ocrx_word' id='word_1_377' title='bbox 2484 2405 2817 2472; x_wconf 81' lang='lat' dir='ltr'><strong><em>augebantur.</em></strong></span> <span class='ocrx_word' id='word_1_378' title='bbox 2842 2404 3016 2472; x_wconf 85' lang='lat' dir='ltr'><strong><em>Quare</em></strong></span> <span class='ocrx_word' id='word_1_379' title='bbox 3054 2407 3106 2461; x_wconf 90' lang='lat' dir='ltr'><strong><em>id</em></strong></span> <span class='ocrx_word' id='word_1_380' title='bbox 3140 2408 3333 2462; x_wconf 86' lang='lat' dir='ltr'><strong><em>bellum</em></strong></span> <span class='ocrx_word' id='word_1_381' title='bbox 3362 2411 3447 2463; x_wconf 84' lang='lat' dir='ltr'><strong><em>Cn.</em></strong></span> <span class='ocrx_word' id='word_1_382' title='bbox 3480 2409 3673 2476; x_wconf 84' lang='lat' dir='ltr'><strong><em>Pompeio</em></strong></span> 
     </span>
    </p>
   </div>
   <div class='ocr_carea' id='block_1_52' title="bbox 2165 2493 3674 2568">
    <p class='ocr_par' dir='ltr' id='par_1_52' title="bbox 2165 2493 3674 2568">
     <span class='ocr_line' id='line_1_52' title="bbox 2165 2493 3674 2568; baseline 0.005 -24"><span class='ocrx_word' id='word_1_383' title='bbox 2165 2493 2440 2547; x_wconf 88' lang='lat' dir='ltr'><strong><em>decretum</em></strong></span> <span class='ocrx_word' id='word_1_384' title='bbox 2472 2504 2577 2556; x_wconf 88' lang='lat' dir='ltr'><strong><em>est,</em></strong></span> <span class='ocrx_word' id='word_1_385' title='bbox 2609 2496 2696 2562; x_wconf 87' lang='lat' dir='ltr'><strong><em>qui</em></strong></span> <span class='ocrx_word' id='word_1_386' title='bbox 2734 2497 2780 2548; x_wconf 91' lang='lat' dir='ltr'><strong><em>id</em></strong></span> <span class='ocrx_word' id='word_1_387' title='bbox 2812 2508 2925 2567; x_wconf 85' lang='lat' dir='ltr'><strong><em>post</em></strong></span> <span class='ocrx_word' id='word_1_388' title='bbox 2956 2500 3171 2554; x_wconf 88' lang='lat' dir='ltr'><strong><em>multam</em></strong></span> <span class='ocrx_word' id='word_1_389' title='bbox 3210 2503 3540 2566; x_wconf 80' lang='lat' dir='ltr'><strong><em>vastationem,</em></strong></span> <span class='ocrx_word' id='word_1_390' title='bbox 3564 2516 3674 2568; x_wconf 82' lang='lat' dir='ltr'><strong><em>quam</em></strong></span> 
     </span>
    </p>
   </div>
   <div class='ocr_carea' id='block_1_53' title="bbox 2164 2586 3675 2668">
    <p class='ocr_par' dir='ltr' id='par_1_53' title="bbox 2164 2586 3675 2664">
     <span class='ocr_line' id='line_1_53' title="bbox 2164 2586 3675 2664; baseline 0.006 -29"><span class='ocrx_word' id='word_1_391' title='bbox 2164 2594 2301 2636; x_wconf 86' lang='lat' dir='ltr'><strong><em>terra</em></strong></span> <span class='ocrx_word' id='word_1_392' title='bbox 2342 2587 2569 2653; x_wconf 87' lang='lat' dir='ltr'><strong><em>marique</em></strong></span> <span class='ocrx_word' id='word_1_393' title='bbox 2597 2586 2686 2640; x_wconf 86' lang='lat' dir='ltr'><strong><em>diu</em></strong></span> <span class='ocrx_word' id='word_1_394' title='bbox 2710 2598 2945 2657; x_wconf 87' lang='lat' dir='ltr'><strong><em>egerant,</em></strong></span> <span class='ocrx_word' id='word_1_395' title='bbox 2978 2591 3112 2644; x_wconf 89' lang='lat' dir='ltr'><strong><em>intra</em></strong></span> <span class='ocrx_word' id='word_1_396' title='bbox 3171 2607 3362 2664; x_wconf 87' lang='lat' dir='ltr'><strong><em>paucos</em></strong></span> <span class='ocrx_word' id='word_1_397' title='bbox 3400 2607 3580 2646; x_wconf 86' lang='lat' dir='ltr'><strong><em>menses</em></strong></span> <span class='ocrx_word' id='word_1_398' title='bbox 3618 2594 3675 2644; x_wconf 83' lang='lat' dir='ltr'><strong><em>in-</em></strong></span> 
     </span>
    </p>
   </div>
   <div class='ocr_carea' id='block_1_54' title="bbox 2163 2674 3676 2743">
    <p class='ocr_par' dir='ltr' id='par_1_54' title="bbox 2163 2674 3676 2743">
     <span class='ocr_line' id='line_1_54' title="bbox 2163 2674 3676 2743; baseline 0.006 -16"><span class='ocrx_word' id='word_1_399' title='bbox 2163 2674 2306 2743; x_wconf 81' lang='lat' dir='ltr'><strong><em>genti</em></strong></span> <span class='ocrx_word' id='word_1_400' title='bbox 2354 2676 2602 2730; x_wconf 82' lang='lat' dir='ltr'><strong><em>felicitate</em></strong></span> <span class='ocrx_word' id='word_1_401' title='bbox 2648 2688 2701 2731; x_wconf 90' lang='lat' dir='ltr'><strong><em>et</em></strong></span> <span class='ocrx_word' id='word_1_402' title='bbox 2746 2682 2875 2732; x_wconf 87' lang='lat' dir='ltr'><strong><em>mira</em></strong></span> <span class='ocrx_word' id='word_1_403' title='bbox 2918 2680 3242 2736; x_wconf 70' lang='lat' dir='ltr'><strong><em>celeritate0</em></strong></span> <span class='ocrx_word' id='word_1_404' title='bbox 3273 2683 3503 2738; x_wconf 87' lang='lat' dir='ltr'><strong><em>coniecit.</em></strong></span> <span class='ocrx_word' id='word_1_405' title='bbox 3538 2680 3676 2736; x_wconf 79' lang='lat' dir='ltr'><strong><em>Postea</em></strong></span> 
     </span>
    </p>
   </div>
   <div class='ocr_carea' id='block_1_55' title="bbox 2169 2767 3679 2846">
    <p class='ocr_par' dir='ltr' id='par_1_55' title="bbox 2169 2767 3679 2846">
     <span class='ocr_line' id='line_1_55' title="bbox 2169 2767 3679 2846; baseline 0.006 -27"><span class='ocrx_word' id='word_1_406' title='bbox 2169 2783 2431 2821; x_wconf 81' lang='lat' dir='ltr'><strong><em>successor</em></strong></span> <span class='ocrx_word' id='word_1_407' title='bbox 2455 2767 2658 2822; x_wconf 86' lang='lat' dir='ltr'><strong><em>Luculli</em></strong></span> <span class='ocrx_word' id='word_1_408' title='bbox 2681 2770 2863 2839; x_wconf 78' lang='lat' dir='ltr'><strong><em>factus,</em></strong></span> <span class='ocrx_word' id='word_1_409' title='bbox 2893 2773 2945 2826; x_wconf 88' lang='lat' dir='ltr'><strong><em>in</em></strong></span> <span class='ocrx_word' id='word_1_410' title='bbox 2970 2774 3164 2827; x_wconf 86' lang='lat' dir='ltr'><strong><em>minore</em></strong></span> <span class='ocrx_word' id='word_1_411' title='bbox 3186 2777 3557 2846; x_wconf 67' lang='lat' dir='ltr'><strong><em>Armeniajuxta</em></strong></span> <span class='ocrx_word' id='word_1_412' title='bbox 3573 2789 3679 2828; x_wconf 75' lang='lat' dir='ltr'><strong><em>mon-</em></strong></span> 
     </span>
    </p>
   </div>
   <div class='ocr_carea' id='block_1_56' title="bbox 2167 2860 3676 2921">
    <p class='ocr_par' dir='ltr' id='par_1_56' title="bbox 2167 2860 3676 2921">
     <span class='ocr_line' id='line_1_56' title="bbox 2167 2860 3676 2921; baseline 0.003 -10"><span class='ocrx_word' id='word_1_413' title='bbox 2167 2868 2267 2912; x_wconf 92' lang='lat' dir='ltr'><strong><em>tem</em></strong></span> <span class='ocrx_word' id='word_1_414' title='bbox 2301 2860 2624 2921; x_wconf 83' lang='lat' dir='ltr'><strong><em>Dastracum,</em></strong></span> <span class='ocrx_word' id='word_1_415' title='bbox 2658 2875 2826 2916; x_wconf 89' lang='lat' dir='ltr'><strong><em>castra</em></strong></span> <span class='ocrx_word' id='word_1_416' title='bbox 2851 2863 3169 2919; x_wconf 83' lang='lat' dir='ltr'><strong><em>Mithridatis</em></strong></span> <span class='ocrx_word' id='word_1_417' title='bbox 3200 2869 3451 2921; x_wconf 86' lang='lat' dir='ltr'><strong><em>obsidione</em></strong></span> <span class='ocrx_word' id='word_1_418' title='bbox 3469 2867 3676 2920; x_wconf 72' lang='lat' dir='ltr'><strong><em>conclusit.</em></strong></span> 
     </span>
    </p>
   </div>
   <div class='ocr_carea' id='block_1_57' title="bbox 2170 2952 3677 3028">
    <p class='ocr_par' dir='ltr' id='par_1_57' title="bbox 2170 2952 3677 3028">
     <span class='ocr_line' id='line_1_57' title="bbox 2170 2952 3677 3028; baseline 0.003 -23"><span class='ocrx_word' id='word_1_419' title='bbox 2170 2952 2281 3006; x_wconf 80' lang='lat' dir='ltr'><strong><em>Rea:</em></strong></span> <span class='ocrx_word' id='word_1_420' title='bbox 2307 2970 2418 3006; x_wconf 90' lang='lat' dir='ltr'><strong><em>cum</em></strong></span> <span class='ocrx_word' id='word_1_421' title='bbox 2446 2957 2677 3008; x_wconf 89' lang='lat' dir='ltr'><strong><em>omnibus</em></strong></span> <span class='ocrx_word' id='word_1_422' title='bbox 2707 2957 2864 3025; x_wconf 84' lang='lat' dir='ltr'><strong><em>capiis</em></strong></span> <span class='ocrx_word' id='word_1_423' title='bbox 2889 2997 2905 3021; x_wconf 94' lang='lat'><strong><em>,</em></strong></span> <span class='ocrx_word' id='word_1_424' title='bbox 2937 2960 3201 3027; x_wconf 87' lang='lat' dir='ltr'><strong><em>eruptione</em></strong></span> <span class='ocrx_word' id='word_1_425' title='bbox 3229 2977 3317 3026; x_wconf 86' lang='lat' dir='ltr'><strong><em>per</em></strong></span> <span class='ocrx_word' id='word_1_426' title='bbox 3354 2970 3527 3014; x_wconf 83' lang='lat' dir='ltr'><strong><em>noctem</em></strong></span> <span class='ocrx_word' id='word_1_427' title='bbox 3549 2961 3677 3028; x_wconf 75' lang='lat' dir='ltr'><strong><em>facta,</em></strong></span> 
     </span>
    </p>
   </div>
   <div class='ocr_carea' id='block_1_58' title="bbox 2170 3045 3681 3117">
    <p class='ocr_par' dir='ltr' id='par_1_58' title="bbox 2170 3045 3681 3117">
     <span class='ocr_line' id='line_1_58' title="bbox 2170 3045 3681 3117; baseline 0.005 -20"><span class='ocrx_word' id='word_1_428' title='bbox 2170 3045 2380 3114; x_wconf 83' lang='lat' dir='ltr'><strong><em>insuper</em></strong></span> <span class='ocrx_word' id='word_1_429' title='bbox 2407 3047 2559 3098; x_wconf 89' lang='lat' dir='ltr'><strong><em>etiam</em></strong></span> <span class='ocrx_word' id='word_1_430' title='bbox 2585 3058 2959 3116; x_wconf 82' lang='lat' dir='ltr'><strong><em>persequentem</em></strong></span> <span class='ocrx_word' id='word_1_431' title='bbox 2989 3049 3120 3102; x_wconf 92' lang='lat' dir='ltr'><strong><em>bello</em></strong></span> <span class='ocrx_word' id='word_1_432' title='bbox 3149 3051 3390 3117; x_wconf 87' lang='lat' dir='ltr'><strong><em>repellere</em></strong></span> <span class='ocrx_word' id='word_1_433' title='bbox 3415 3051 3595 3114; x_wconf 83' lang='lat' dir='ltr'><strong><em>statuit,</em></strong></span> <span class='ocrx_word' id='word_1_434' title='bbox 3618 3048 3681 3104; x_wconf 65' lang='lat' dir='ltr'><strong><em>sed</em></strong></span> 
     </span>
    </p>
   </div>
   <div class='ocr_carea' id='block_1_59' title="bbox 2176 3136 3681 3210">
    <p class='ocr_par' dir='ltr' id='par_1_59' title="bbox 2176 3136 3681 3210">
     <span class='ocr_line' id='line_1_59' title="bbox 2176 3136 3681 3210; baseline 0.004 -22"><span class='ocrx_word' id='word_1_435' title='bbox 2176 3136 2454 3205; x_wconf 87' lang='lat' dir='ltr'><strong><em>Pompeius</em></strong></span> <span class='ocrx_word' id='word_1_436' title='bbox 2497 3141 2770 3208; x_wconf 74' lang='lat' dir='ltr'><strong><em>fugientem</em></strong></span> <span class='ocrx_word' id='word_1_437' title='bbox 2814 3141 3045 3210; x_wconf 84' lang='lat' dir='ltr'><strong><em>persequi</em></strong></span> <span class='ocrx_word' id='word_1_438' title='bbox 3073 3143 3312 3196; x_wconf 86' lang='lat' dir='ltr'><strong><em>intendit.</em></strong></span> <span class='ocrx_word' id='word_1_439' title='bbox 3353 3141 3518 3207; x_wconf 84' lang='lat' dir='ltr'><strong><em>Itaque</em></strong></span> <span class='ocrx_word' id='word_1_440' title='bbox 3541 3140 3681 3195; x_wconf 73' lang='lat' dir='ltr'><strong><em>bellum</em></strong></span> 
     </span>
    </p>
   </div>
   <div class='ocr_carea' id='block_1_60' title="bbox 476 3200 3681 3304">
    <p class='ocr_par' dir='ltr' id='par_1_60' title="bbox 476 3200 3681 3304">
     <span class='ocr_line' id='line_1_60' title="bbox 476 3200 3681 3304; baseline 0 -18"><span class='ocrx_word' id='word_1_441' title='bbox 476 3243 577 3286; x_wconf 82' lang='lat' dir='ltr'><strong><em>est.</em></strong></span> <span class='ocrx_word' id='word_1_442' title='bbox 613 3231 833 3286; x_wconf 87' lang='lat' dir='ltr'><strong><em>Lucullo</em></strong></span> <span class='ocrx_word' id='word_1_443' title='bbox 865 3232 1069 3298; x_wconf 84' lang='lat' dir='ltr'><strong><em>paranti</em></strong></span> <span class='ocrx_word' id='word_1_444' title='bbox 1100 3239 1220 3298; x_wconf 88' lang='lat' dir='ltr'><strong><em>post</em></strong></span> <span class='ocrx_word' id='word_1_445' title='bbox 1249 3239 1454 3300; x_wconf 86' lang='lat' dir='ltr'><strong><em>captam</em></strong></span> <span class='ocrx_word' id='word_1_446' title='bbox 1478 3231 1683 3286; x_wconf 69' lang='lat' dir='ltr'><strong><em>Dii-ibin</em></strong></span> <span class='ocrx_word' id='word_1_447' title='bbox 1709 3240 1892 3284; x_wconf 81' lang='lat' dir='ltr'><strong><em>contra</em></strong></span> <span class='ocrx_word' id='word_1_448' title='bbox 1927 3229 2058 3285; x_wconf 72' lang='lat' dir='ltr'><strong><em>Pero</em></strong></span> <span class='ocrx_word' id='word_1_449' title='bbox 2093 3200 2140 3263; x_wconf 65' lang='grc' dir='ltr'>ο</span> <span class='ocrx_word' id='word_1_450' title='bbox 2172 3238 2314 3280; x_wconf 88' lang='lat' dir='ltr'><strong><em>nocte</em></strong></span> <span class='ocrx_word' id='word_1_451' title='bbox 2343 3230 2663 3282; x_wconf 85' lang='lat' dir='ltr'><strong><em>commissum</em></strong></span> <span class='ocrx_word' id='word_1_452' title='bbox 2693 3239 2786 3283; x_wconf 88' lang='lat' dir='ltr'><strong><em>est.</em></strong></span> <span class='ocrx_word' id='word_1_453' title='bbox 2817 3231 2964 3283; x_wconf 80' lang='lat' dir='ltr'><strong><em>Luna</em></strong></span> <span class='ocrx_word' id='word_1_454' title='bbox 2996 3241 3118 3284; x_wconf 89' lang='lat' dir='ltr'><strong><em>tunc</em></strong></span> <span class='ocrx_word' id='word_1_455' title='bbox 3149 3243 3262 3285; x_wconf 91' lang='lat' dir='ltr'><strong><em>orta</em></strong></span> <span class='ocrx_word' id='word_1_456' title='bbox 3291 3250 3321 3286; x_wconf 89' lang='lat' dir='ltr'><strong><em>a</em></strong></span> <span class='ocrx_word' id='word_1_457' title='bbox 3347 3243 3475 3304; x_wconf 86' lang='lat' dir='ltr'><strong><em>tergo</em></strong></span> <span class='ocrx_word' id='word_1_458' title='bbox 3495 3230 3681 3285; x_wconf 53' lang='lat' dir='ltr'><strong><em>Romam}</em></strong></span> 
     </span>
    </p>
   </div>
   <div class='ocr_carea' id='block_1_61' title="bbox 482 3323 2060 3393">
    <p class='ocr_par' dir='ltr' id='par_1_61' title="bbox 482 3323 2060 3393">
     <span class='ocr_line' id='line_1_61' title="bbox 482 3323 2060 3393; baseline -0.003 -13"><span class='ocrx_word' id='word_1_459' title='bbox 482 3341 570 3380; x_wconf 87' lang='lat' dir='ltr'><strong><em>sas</em></strong></span> <span class='ocrx_word' id='word_1_460' title='bbox 616 3325 1041 3393; x_wconf 78' lang='lat' dir='ltr'><strong><em>expeditionem,</em></strong></span> <span class='ocrx_word' id='word_1_461' title='bbox 1090 3339 1372 3380; x_wconf 89' lang='lat' dir='ltr'><strong><em>successor</em></strong></span> <span class='ocrx_word' id='word_1_462' title='bbox 1418 3336 1498 3379; x_wconf 91' lang='lat' dir='ltr'><strong><em>est</em></strong></span> <span class='ocrx_word' id='word_1_463' title='bbox 1537 3323 1565 3363; x_wconf 74' lang='grc' dir='ltr'><strong><em>(ι</em></strong></span> <span class='ocrx_word' id='word_1_464' title='bbox 1605 3327 1817 3378; x_wconf 86' lang='lat' dir='ltr'><strong><em>missus.</em></strong></span> <span class='ocrx_word' id='word_1_465' title='bbox 1863 3324 2060 3377; x_wconf 86' lang='lat' dir='ltr'><strong><em>Eodem</em></strong></span> 
     </span>
    </p>
   </div>
   <div class='ocr_carea' id='block_1_62' title="bbox 478 3414 2062 3486">
    <p class='ocr_par' dir='ltr' id='par_1_62' title="bbox 478 3414 2062 3486">
     <span class='ocr_line' id='line_1_62' title="bbox 478 3414 2062 3486; baseline -0.003 -16"><span class='ocrx_word' id='word_1_466' title='bbox 478 3424 702 3486; x_wconf 78' lang='lat' dir='ltr'><strong><em>tempore</em></strong></span> <span class='ocrx_word' id='word_1_467' title='bbox 733 3414 980 3469; x_wconf 74' lang='lat' dir='ltr'><strong><em>Metellus</em></strong></span> <span class='ocrx_word' id='word_1_468' title='bbox 1011 3415 1208 3470; x_wconf 74' lang='lat' dir='ltr'><strong><em>Sicilia:</em></strong></span> <span class='ocrx_word' id='word_1_469' title='bbox 1245 3426 1453 3486; x_wconf 80' lang='lat' dir='ltr'><strong><em>prtetor,</em></strong></span> <span class='ocrx_word' id='word_1_470' title='bbox 1495 3433 1608 3469; x_wconf 88' lang='lat' dir='ltr'><strong><em>cum</em></strong></span> <span class='ocrx_word' id='word_1_471' title='bbox 1648 3416 1929 3486; x_wconf 78' lang='lat' dir='ltr'><strong><em>ftedissima</em></strong></span> <span class='ocrx_word' id='word_1_472' title='bbox 1971 3415 2062 3468; x_wconf 84' lang='lat' dir='ltr'><strong><em>illa</em></strong></span> 
     </span>
    </p>
   </div>
   <div class='ocr_carea' id='block_1_63' title="bbox 479 3485 2063 3578">
    <p class='ocr_par' dir='ltr' id='par_1_63' title="bbox 479 3485 2063 3578">
     <span class='ocr_line' id='line_1_63' title="bbox 479 3485 2063 3578; baseline -0.001 -16"><span class='ocrx_word' id='word_1_473' title='bbox 479 3505 539 3562; x_wconf 91' lang='lat' dir='ltr'><strong><em>C.</em></strong></span> <span class='ocrx_word' id='word_1_474' title='bbox 577 3485 744 3560; x_wconf 54' lang='lat' dir='ltr'><strong><em>Verris</em></strong></span> <span class='ocrx_word' id='word_1_475' title='bbox 771 3517 995 3574; x_wconf 69' lang='lat' dir='ltr'><strong><em>pratum</em></strong></span> <span class='ocrx_word' id='word_1_476' title='bbox 1013 3485 1251 3561; x_wconf 87' lang='lat' dir='ltr'><strong><em>Siciliam</em></strong></span> <span class='ocrx_word' id='word_1_477' title='bbox 1269 3508 1505 3578; x_wconf 71' lang='lat' dir='ltr'><strong><em>afflictam</em></strong></span> <span class='ocrx_word' id='word_1_478' title='bbox 1529 3485 1817 3572; x_wconf 83' lang='lat' dir='ltr'><strong><em>invenisset,</em></strong></span> <span class='ocrx_word' id='word_1_479' title='bbox 1839 3509 2063 3560; x_wconf 74' lang='lat' dir='ltr'><strong><em>maxime</em></strong></span> 
     </span>
    </p>
   </div>
   <div class='ocr_carea' id='block_1_64' title="bbox 481 3597 2062 3669">
    <p class='ocr_par' dir='ltr' id='par_1_64' title="bbox 481 3597 2062 3669">
     <span class='ocr_line' id='line_1_64' title="bbox 481 3597 2062 3669; baseline -0.001 -17"><span class='ocrx_word' id='word_1_480' title='bbox 481 3597 846 3668; x_wconf 81' lang='lat' dir='ltr'><strong><em>Pirganioncnt</em></strong></span> <span class='ocrx_word' id='word_1_481' title='bbox 891 3599 1254 3669; x_wconf 83' lang='lat' dir='ltr'><strong><em>archipiratam</em></strong></span> <span class='ocrx_word' id='word_1_482' title='bbox 1301 3602 1512 3669; x_wconf 75' lang='lat' dir='ltr'><strong><em>nefariis</em></strong></span> <span class='ocrx_word' id='word_1_483' title='bbox 1556 3602 1778 3652; x_wconf 67' lang='lat' dir='ltr'><strong><em>cordibus</em></strong></span> <span class='ocrx_word' id='word_1_484' title='bbox 1828 3600 2062 3652; x_wconf 68' lang='lat' dir='ltr'><strong><em>laceran-</em></strong></span> 
     </span>
    </p>
   </div>
   <div class='ocr_carea' id='block_1_65' title="bbox 479 3688 2067 3762">
    <p class='ocr_par' dir='ltr' id='par_1_65' title="bbox 479 3688 2067 3762">
     <span class='ocr_line' id='line_1_65' title="bbox 479 3688 2067 3762; baseline -0.001 -18"><span class='ocrx_word' id='word_1_485' title='bbox 479 3699 614 3754; x_wconf 82' lang='lat' dir='ltr'><strong><em>tem,</em></strong></span> <span class='ocrx_word' id='word_1_486' title='bbox 656 3691 742 3757; x_wconf 85' lang='lat' dir='ltr'><strong><em>qui</em></strong></span> <span class='ocrx_word' id='word_1_487' title='bbox 787 3691 932 3758; x_wconf 86' lang='lat' dir='ltr'><strong><em>pulsa</em></strong></span> <span class='ocrx_word' id='word_1_488' title='bbox 961 3690 1121 3745; x_wconf 85' lang='lat' dir='ltr'><strong><em>classe</em></strong></span> <span class='ocrx_word' id='word_1_489' title='bbox 1165 3688 1399 3745; x_wconf 81' lang='lat' dir='ltr'><strong><em>Romana</em></strong></span> <span class='ocrx_word' id='word_1_490' title='bbox 1445 3690 1831 3762; x_wconf 85' lang='lat' dir='ltr'><strong><em>Syracusanum</em></strong></span> <span class='ocrx_word' id='word_1_491' title='bbox 1865 3702 2067 3756; x_wconf 86' lang='lat' dir='ltr'><strong><em>portum</em></strong></span> 
     </span>
    </p>
   </div>
   <div class='ocr_carea' id='block_1_66' title="bbox 479 3783 2066 3852">
    <p class='ocr_par' dir='ltr' id='par_1_66' title="bbox 479 3783 2066 3852">
     <span class='ocr_line' id='line_1_66' title="bbox 479 3783 2066 3852; baseline -0.001 -17"><span class='ocrx_word' id='word_1_492' title='bbox 479 3783 794 3846; x_wconf 83' lang='lat' dir='ltr'><strong><em>obtinuerat,</em></strong></span> <span class='ocrx_word' id='word_1_493' title='bbox 825 3798 945 3835; x_wconf 67' lang='lat' dir='ltr'><strong><em>mox</em></strong></span> <span class='ocrx_word' id='word_1_494' title='bbox 985 3800 1099 3837; x_wconf 89' lang='lat' dir='ltr'><strong><em>eum</em></strong></span> <span class='ocrx_word' id='word_1_495' title='bbox 1139 3784 1308 3836; x_wconf 84' lang='lat' dir='ltr'><strong><em>navali</em></strong></span> <span class='ocrx_word' id='word_1_496' title='bbox 1338 3785 1656 3851; x_wconf 78' lang='lat' dir='ltr'><strong><em>pedestrique</em></strong></span> <span class='ocrx_word' id='word_1_497' title='bbox 1710 3783 1886 3852; x_wconf 80' lang='lat' dir='ltr'><strong><em>prtelio</em></strong></span> <span class='ocrx_word' id='word_1_498' title='bbox 1925 3797 2066 3834; x_wconf 84' lang='lat' dir='ltr'><strong><em>com-</em></strong></span> 
     </span>
    </p>
   </div>
   <div class='ocr_carea' id='block_1_67' title="bbox 481 3872 2071 3943">
    <p class='ocr_par' dir='ltr' id='par_1_67' title="bbox 481 3872 2071 3943">
     <span class='ocr_line' id='line_1_67' title="bbox 481 3872 2071 3943; baseline -0.001 -16"><span class='ocrx_word' id='word_1_499' title='bbox 481 3874 731 3927; x_wconf 85' lang='lat' dir='ltr'><strong><em>minutum</em></strong></span> <span class='ocrx_word' id='word_1_500' title='bbox 759 3873 939 3927; x_wconf 80' lang='lat' dir='ltr'><strong><em>Sit-ilia</em></strong></span> <span class='ocrx_word' id='word_1_501' title='bbox 964 3874 1205 3928; x_wconf 82' lang='lat' dir='ltr'><strong><em>decedere</em></strong></span> <span class='ocrx_word' id='word_1_502' title='bbox 1229 3874 1490 3943; x_wconf 86' lang='lat' dir='ltr'><strong><em>compulit.</em></strong></span> <span class='ocrx_word' id='word_1_503' title='bbox 1520 3874 1669 3928; x_wconf 84' lang='lat' dir='ltr'><strong><em>Alter</em></strong></span> <span class='ocrx_word' id='word_1_504' title='bbox 1697 3888 1871 3926; x_wconf 75' lang='lat' dir='ltr'><strong><em>autem</em></strong></span> <span class='ocrx_word' id='word_1_505' title='bbox 1903 3880 1926 3910; x_wconf 77' lang='grc' dir='ltr'><strong>ο</strong></span> <span class='ocrx_word' id='word_1_506' title='bbox 1955 3872 2071 3926; x_wconf 89' lang='lat' dir='ltr'><strong><em>Lu-</em></strong></span> 
     </span>
    </p>
   </div>
   <div class='ocr_carea' id='block_1_68' title="bbox 489 3963 2069 4034">
    <p class='ocr_par' dir='ltr' id='par_1_68' title="bbox 489 3963 2069 4034">
     <span class='ocr_line' id='line_1_68' title="bbox 489 3963 2069 4034; baseline 0 -17"><span class='ocrx_word' id='word_1_507' title='bbox 489 3964 682 4029; x_wconf 87' lang='lat' dir='ltr'><strong><em>cullus,</em></strong></span> <span class='ocrx_word' id='word_1_508' title='bbox 709 3966 796 4034; x_wconf 89' lang='lat' dir='ltr'><strong><em>qui</em></strong></span> <span class='ocrx_word' id='word_1_509' title='bbox 825 3964 1036 4019; x_wconf 77' lang='lat' dir='ltr'><strong><em>Curioni</em></strong></span> <span class='ocrx_word' id='word_1_510' title='bbox 1065 3977 1402 4027; x_wconf 85' lang='lat' dir='ltr'><strong><em>successerat,</em></strong></span> <span class='ocrx_word' id='word_1_511' title='bbox 1438 3967 1612 4019; x_wconf 85' lang='lat' dir='ltr'><strong><em>Bessis</em></strong></span> <span class='ocrx_word' id='word_1_512' title='bbox 1643 3966 1841 4032; x_wconf 88' lang='lat' dir='ltr'><strong><em>primus</em></strong></span> <span class='ocrx_word' id='word_1_513' title='bbox 1872 3963 2069 4017; x_wconf 82' lang='lat' dir='ltr'><strong><em>Roma-</em></strong></span> 
     </span>
    </p>
   </div>
   <div class='ocr_carea' id='block_1_69' title="bbox 490 4055 2068 4126">
    <p class='ocr_par' dir='ltr' id='par_1_69' title="bbox 490 4055 2068 4126">
     <span class='ocr_line' id='line_1_69' title="bbox 490 4055 2068 4126; baseline -0.001 -16"><span class='ocrx_word' id='word_1_514' title='bbox 490 4069 678 4110; x_wconf 85' lang='lat' dir='ltr'><strong><em>norum</em></strong></span> <span class='ocrx_word' id='word_1_515' title='bbox 722 4056 898 4110; x_wconf 87' lang='lat' dir='ltr'><strong><em>intulit</em></strong></span> <span class='ocrx_word' id='word_1_516' title='bbox 937 4057 1134 4110; x_wconf 87' lang='lat' dir='ltr'><strong><em>bellum</em></strong></span> <span class='ocrx_word' id='word_1_517' title='bbox 1168 4097 1183 4120; x_wconf 92' lang='lat'><strong><em>,</em></strong></span> <span class='ocrx_word' id='word_1_518' title='bbox 1224 4067 1384 4124; x_wconf 81' lang='lat' dir='ltr'><strong><em>atque</em></strong></span> <span class='ocrx_word' id='word_1_519' title='bbox 1422 4072 1515 4112; x_wconf 87' lang='lat' dir='ltr'><strong><em>eos</em></strong></span> <span class='ocrx_word' id='word_1_520' title='bbox 1559 4057 1757 4126; x_wconf 87' lang='lat' dir='ltr'><strong><em>ingenti</em></strong></span> <span class='ocrx_word' id='word_1_521' title='bbox 1801 4057 1981 4125; x_wconf 67' lang='lat' dir='ltr'><strong><em>proelio</em></strong></span> <span class='ocrx_word' id='word_1_522' title='bbox 2015 4055 2068 4109; x_wconf 92' lang='lat' dir='ltr'><strong><em>in</em></strong></span> 
     </span>
    </p>
   </div>
   <div class='ocr_carea' id='block_1_70' title="bbox 491 4148 2071 4219">
    <p class='ocr_par' dir='ltr' id='par_1_70' title="bbox 491 4148 2071 4219">
     <span class='ocr_line' id='line_1_70' title="bbox 491 4148 2071 4219; baseline 0 -16"><span class='ocrx_word' id='word_1_523' title='bbox 491 4159 671 4204; x_wconf 91' lang='lat' dir='ltr'><strong><em>monte</em></strong></span> <span class='ocrx_word' id='word_1_524' title='bbox 699 4149 884 4203; x_wconf 68' lang='lat' dir='ltr'><strong><em>Haemo</em></strong></span> <span class='ocrx_word' id='word_1_525' title='bbox 912 4151 1198 4218; x_wconf 71' lang='lat' dir='ltr'><strong><em>superavit,</em></strong></span> <span class='ocrx_word' id='word_1_526' title='bbox 1223 4150 1476 4219; x_wconf 81' lang='lat' dir='ltr'><strong><em>oppidum</em></strong></span> <span class='ocrx_word' id='word_1_527' title='bbox 1506 4150 1524 4190; x_wconf 74' lang='grc' dir='ltr'>ί</span> <span class='ocrx_word' id='word_1_528' title='bbox 1561 4151 1912 4205; x_wconf 87' lang='lat' dir='ltr'><strong><em>Uscudamam</em></strong></span> <span class='ocrx_word' id='word_1_529' title='bbox 1931 4148 2071 4218; x_wconf 84' lang='lat' dir='ltr'><strong><em>quod</em></strong></span> 
     </span>
    </p>
   </div>
   <div class='ocr_carea' id='block_1_71' title="bbox 493 4239 2077 4312">
    <p class='ocr_par' dir='ltr' id='par_1_71' title="bbox 493 4239 2077 4312">
     <span class='ocr_line' id='line_1_71' title="bbox 493 4239 2077 4312; baseline -0.001 -18"><span class='ocrx_word' id='word_1_530' title='bbox 493 4239 640 4294; x_wconf 82' lang='lat' dir='ltr'><strong><em>Bessi</em></strong></span> <span class='ocrx_word' id='word_1_531' title='bbox 673 4241 1038 4295; x_wconf 84' lang='lat' dir='ltr'><strong><em>inhabitabant</em></strong></span> <span class='ocrx_word' id='word_1_532' title='bbox 1061 4281 1076 4306; x_wconf 90' lang='lat'><strong><em>,</em></strong></span> <span class='ocrx_word' id='word_1_533' title='bbox 1105 4242 1292 4296; x_wconf 88' lang='lat' dir='ltr'><strong><em>eodem</em></strong></span> <span class='ocrx_word' id='word_1_534' title='bbox 1324 4243 1409 4295; x_wconf 91' lang='lat' dir='ltr'><strong><em>die</em></strong></span> <span class='ocrx_word' id='word_1_535' title='bbox 1439 4258 1543 4310; x_wconf 83' lang='lat' dir='ltr'><strong><em>quo</em></strong></span> <span class='ocrx_word' id='word_1_536' title='bbox 1571 4257 1856 4312; x_wconf 86' lang='lat' dir='ltr'><strong><em>aggressus</em></strong></span> <span class='ocrx_word' id='word_1_537' title='bbox 1893 4251 1975 4296; x_wconf 81' lang='lat' dir='ltr'><strong><em>est</em></strong></span> <span class='ocrx_word' id='word_1_538' title='bbox 2005 4243 2077 4294; x_wconf 84' lang='lat' dir='ltr'><strong><em>vi-</em></strong></span> 
     </span>
    </p>
   </div>
   <div class='ocr_carea' id='block_1_72' title="bbox 493 4332 2072 4402">
    <p class='ocr_par' dir='ltr' id='par_1_72' title="bbox 493 4332 2072 4402">
     <span class='ocr_line' id='line_1_72' title="bbox 493 4332 2072 4402; baseline -0.001 -17"><span class='ocrx_word' id='word_1_539' title='bbox 493 4332 586 4386; x_wconf 92' lang='lat' dir='ltr'><strong><em>cit.</em></strong></span> <span class='ocrx_word' id='word_1_540' title='bbox 619 4332 853 4386; x_wconf 79' lang='lat' dir='ltr'><strong><em>Cahulen</em></strong></span> <span class='ocrx_word' id='word_1_541' title='bbox 885 4332 1048 4402; x_wconf 90' lang='lat' dir='ltr'><strong><em>cepit,</em></strong></span> <span class='ocrx_word' id='word_1_542' title='bbox 1079 4343 1131 4386; x_wconf 92' lang='lat' dir='ltr'><strong><em>et</em></strong></span> <span class='ocrx_word' id='word_1_543' title='bbox 1159 4349 1323 4402; x_wconf 81' lang='lat' dir='ltr'><strong><em>usque</em></strong></span> <span class='ocrx_word' id='word_1_544' title='bbox 1343 4335 1408 4387; x_wconf 88' lang='lat' dir='ltr'><strong><em>ad</em></strong></span> <span class='ocrx_word' id='word_1_545' title='bbox 1433 4333 1729 4388; x_wconf 79' lang='lat' dir='ltr'><strong><em>Danubium</em></strong></span> <span class='ocrx_word' id='word_1_546' title='bbox 1758 4332 2072 4399; x_wconf 78' lang='lat' dir='ltr'><strong><em>penetravit.</em></strong></span> 
     </span>
    </p>
   </div>
   <div class='ocr_carea' id='block_1_73' title="bbox 491 4423 2077 4495">
    <p class='ocr_par' dir='ltr' id='par_1_73' title="bbox 491 4423 2077 4495">
     <span class='ocr_line' id='line_1_73' title="bbox 491 4423 2077 4495; baseline -0.001 -17"><span class='ocrx_word' id='word_1_547' title='bbox 491 4423 824 4492; x_wconf 79' lang='lat' dir='ltr'><strong><em>Expugnavit</em></strong></span> <span class='ocrx_word' id='word_1_548' title='bbox 865 4424 1022 4478; x_wconf 90' lang='lat' dir='ltr'><strong><em>etiam</em></strong></span> <span class='ocrx_word' id='word_1_549' title='bbox 1051 4436 1235 4495; x_wconf 88' lang='lat' dir='ltr'><strong><em>gentes</em></strong></span> <span class='ocrx_word' id='word_1_550' title='bbox 1261 4441 1378 4494; x_wconf 73' lang='lat' dir='ltr'><strong><em>qua:</em></strong></span> <span class='ocrx_word' id='word_1_551' title='bbox 1410 4427 1712 4494; x_wconf 72' lang='lat' dir='ltr'><strong><em>lthodopcis</em></strong></span> <span class='ocrx_word' id='word_1_552' title='bbox 1750 4434 1774 4472; x_wconf 75' lang='grc' dir='ltr'>ι</span> <span class='ocrx_word' id='word_1_553' title='bbox 1806 4424 2077 4480; x_wconf 88' lang='lat' dir='ltr'><strong><em>montibus</em></strong></span> 
     </span>
    </p>
   </div>
   <div class='ocr_carea' id='block_1_74' title="bbox 560 4559 1902 4628">
    <p class='ocr_par' dir='ltr' id='par_1_74' title="bbox 560 4559 1902 4628">
     <span class='ocr_line' id='line_1_74' title="bbox 560 4559 1902 4628; baseline 0.001 -15"><span class='ocrx_word' id='word_1_554' title='bbox 560 4559 587 4628; x_wconf 80' lang='lat'><strong><em>_‘</em></strong></span> <span class='ocrx_word' id='word_1_555' title='bbox 619 4559 710 4623; x_wconf 88' lang='lat' dir='ltr'><strong><em>A.,</em></strong></span> <span class='ocrx_word' id='word_1_556' title='bbox 741 4559 1009 4613; x_wconf 81' lang='lat' dir='ltr'><strong><em>Gaveram.</em></strong></span> <span class='ocrx_word' id='word_1_557' title='bbox 1046 4561 1132 4625; x_wconf 84' lang='lat' dir='ltr'><strong><em>H.,</em></strong></span> <span class='ocrx_word' id='word_1_558' title='bbox 1166 4561 1382 4616; x_wconf 81' lang='lat' dir='ltr'><strong><em>Gavera.</em></strong></span> <span class='ocrx_word' id='word_1_559' title='bbox 1418 4562 1662 4628; x_wconf 86' lang='lat' dir='ltr'><strong><em>Entrop.,</em></strong></span> <span class='ocrx_word' id='word_1_560' title='bbox 1695 4561 1902 4615; x_wconf 80' lang='lat' dir='ltr'><strong><em>Gabira.</em></strong></span> 
     </span>
    </p>
   </div>
   <div class='ocr_carea' id='block_1_75' title="bbox 560 4623 2072 4700">
    <p class='ocr_par' dir='ltr' id='par_1_75' title="bbox 560 4623 2072 4700">
     <span class='ocr_line' id='line_1_75' title="bbox 560 4623 2072 4700; baseline 0.001 -19"><span class='ocrx_word' id='word_1_561' title='bbox 560 4623 584 4662; x_wconf 66' lang='grc' dir='ltr'><strong><em>ι’</em></strong></span> <span class='ocrx_word' id='word_1_562' title='bbox 619 4631 722 4700; x_wconf 77' lang='lat' dir='ltr'><strong><em>A.:</em></strong></span> <span class='ocrx_word' id='word_1_563' title='bbox 759 4628 1082 4700; x_wconf 70' lang='lat' dir='ltr'><strong><em>Mithridates</em></strong></span> <span class='ocrx_word' id='word_1_564' title='bbox 1111 4623 1225 4685; x_wconf 84' lang='lat' dir='ltr'><strong><em>cum</em></strong></span> <span class='ocrx_word' id='word_1_565' title='bbox 1258 4649 1361 4686; x_wconf 71' lang='lat' dir='ltr'><strong><em>xxx</em></strong></span> <span class='ocrx_word' id='word_1_566' title='bbox 1395 4623 1660 4686; x_wconf 62' lang='lat' dir='ltr'><strong><em>latissima</em></strong></span> <span class='ocrx_word' id='word_1_567' title='bbox 1679 4635 1809 4699; x_wconf 89' lang='lat' dir='ltr'><strong><em>regis</em></strong></span> <span class='ocrx_word' id='word_1_568' title='bbox 1849 4650 1880 4683; x_wconf 89' lang='lat' dir='ltr'><strong><em>a</em></strong></span> <span class='ocrx_word' id='word_1_569' title='bbox 1919 4632 2072 4700; x_wconf 87' lang='lat' dir='ltr'><strong><em>quin-</em></strong></span> 
     </span>
    </p>
   </div>
   <div class='ocr_carea' id='block_1_76' title="bbox 489 4699 2078 4772">
    <p class='ocr_par' dir='ltr' id='par_1_76' title="bbox 489 4699 2078 4772">
     <span class='ocr_line' id='line_1_76' title="bbox 489 4699 2078 4772; baseline 0.001 -20"><span class='ocrx_word' id='word_1_570' title='bbox 489 4714 584 4768; x_wconf 89' lang='lat' dir='ltr'><strong><em>que</em></strong></span> <span class='ocrx_word' id='word_1_571' title='bbox 614 4699 723 4751; x_wconf 90' lang='lat' dir='ltr'><strong><em>mil.</em></strong></span> <span class='ocrx_word' id='word_1_572' title='bbox 764 4699 1106 4754; x_wconf 81' lang='lat' dir='ltr'><strong><em>Romanorum</em></strong></span> <span class='ocrx_word' id='word_1_573' title='bbox 1139 4714 1328 4755; x_wconf 81' lang='lat' dir='ltr'><strong><em>vastata</em></strong></span> <span class='ocrx_word' id='word_1_574' title='bbox 1358 4715 1538 4757; x_wconf 87' lang='lat' dir='ltr'><strong><em>essent.</em></strong></span> <span class='ocrx_word' id='word_1_575' title='bbox 1571 4704 1893 4755; x_wconf 78' lang='lat' dir='ltr'><strong><em>Mithridates</em></strong></span> <span class='ocrx_word' id='word_1_576' title='bbox 1924 4699 2078 4772; x_wconf 77' lang='lat' dir='ltr'><strong><em>fuga-</em></strong></span> 
     </span>
    </p>
   </div>
   <div class='ocr_carea' id='block_1_77' title="bbox 490 4772 1876 4842">
    <p class='ocr_par' dir='ltr' id='par_1_77' title="bbox 490 4772 1876 4842">
     <span class='ocr_line' id='line_1_77' title="bbox 490 4772 1876 4842; baseline 0.001 -18"><span class='ocrx_word' id='word_1_577' title='bbox 490 4779 591 4830; x_wconf 84' lang='lat' dir='ltr'><strong><em>tus.</em></strong></span> <span class='ocrx_word' id='word_1_578' title='bbox 623 4780 673 4842; x_wconf 80' lang='lat' dir='ltr'><strong><em>et</em></strong></span> <span class='ocrx_word' id='word_1_579' title='bbox 696 4779 863 4823; x_wconf 85' lang='lat' dir='ltr'><strong><em>castra</em></strong></span> <span class='ocrx_word' id='word_1_580' title='bbox 885 4772 995 4840; x_wconf 81' lang='lat' dir='ltr'><strong><em>ejus</em></strong></span> <span class='ocrx_word' id='word_1_581' title='bbox 1023 4774 1238 4842; x_wconf 84' lang='lat' dir='ltr'><strong><em>direpta.</em></strong></span> <span class='ocrx_word' id='word_1_582' title='bbox 1269 4775 1506 4827; x_wconf 81' lang='lat' dir='ltr'><strong><em>Armenia</em></strong></span> <span class='ocrx_word' id='word_1_583' title='bbox 1526 4789 1741 4842; x_wconf 86' lang='lat' dir='ltr'><strong><em>quoque,</em></strong></span> <span class='ocrx_word' id='word_1_584' title='bbox 1774 4783 1876 4826; x_wconf 89' lang='lat' dir='ltr'><strong><em>etc.</em></strong></span> 
     </span>
    </p>
   </div>
   <div class='ocr_carea' id='block_1_78' title="bbox 567 4837 2074 4915">
    <p class='ocr_par' dir='ltr' id='par_1_78' title="bbox 567 4837 2074 4915">
     <span class='ocr_line' id='line_1_78' title="bbox 567 4837 2074 4915; baseline 0.001 -22"><span class='ocrx_word' id='word_1_585' title='bbox 567 4855 588 4878; x_wconf 70' lang='grc' dir='ltr'><em>ε</em></span> <span class='ocrx_word' id='word_1_586' title='bbox 624 4837 714 4903; x_wconf 84' lang='grc' dir='ltr'><strong><em>Α.,</em></strong></span> <span class='ocrx_word' id='word_1_587' title='bbox 749 4837 1021 4915; x_wconf 75' lang='lat' dir='ltr'><strong><em>Arsianen.</em></strong></span> <span class='ocrx_word' id='word_1_588' title='bbox 1059 4837 1276 4912; x_wconf 72' lang='lat' dir='ltr'><strong><em>Eutrop.</em></strong></span> <span class='ocrx_word' id='word_1_589' title='bbox 1309 4862 1320 4898; x_wconf 90' lang='lat'>:</span> <span class='ocrx_word' id='word_1_590' title='bbox 1353 4837 1776 4915; x_wconf 60' lang='lat' dir='ltr'><strong><em>Tigranocertam</em></strong></span> <span class='ocrx_word' id='word_1_591' title='bbox 1823 4845 2074 4896; x_wconf 87' lang='lat' dir='ltr'><strong><em>civitatem</em></strong></span> 
     </span>
    </p>
   </div>
   <div class='ocr_carea' id='block_1_79' title="bbox 495 4912 2079 4984">
    <p class='ocr_par' dir='ltr' id='par_1_79' title="bbox 495 4912 2079 4984">
     <span class='ocr_line' id='line_1_79' title="bbox 495 4912 2079 4984; baseline 0.001 -19"><span class='ocrx_word' id='word_1_592' title='bbox 495 4913 744 4984; x_wconf 70' lang='lat' dir='ltr'><strong><em>Armenia:</em></strong></span> <span class='ocrx_word' id='word_1_593' title='bbox 773 4912 1139 4984; x_wconf 79' lang='lat' dir='ltr'><strong><em>nobilissimam</em></strong></span> <span class='ocrx_word' id='word_1_594' title='bbox 1188 4917 1334 4984; x_wconf 87' lang='lat' dir='ltr'><strong><em>cepit.</em></strong></span> <span class='ocrx_word' id='word_1_595' title='bbox 1371 4912 1434 4968; x_wconf 62' lang='lat' dir='ltr'><strong><em>ll;</em></strong></span> <span class='ocrx_word' id='word_1_596' title='bbox 1461 4932 1474 4969; x_wconf 87' lang='lat'><strong>:</strong></span> <span class='ocrx_word' id='word_1_597' title='bbox 1503 4913 1923 4984; x_wconf 81' lang='lat' dir='ltr'><strong><em>Tigranocertam</em></strong></span> <span class='ocrx_word' id='word_1_598' title='bbox 1954 4915 2079 4967; x_wconf 85' lang='lat' dir='ltr'><strong><em>civi-</em></strong></span> 
     </span>
    </p>
   </div>
   <div class='ocr_carea' id='block_1_80' title="bbox 493 4981 2078 5056">
    <p class='ocr_par' dir='ltr' id='par_1_80' title="bbox 493 4981 2078 5056">
     <span class='ocr_line' id='line_1_80' title="bbox 493 4981 2078 5056; baseline 0.002 -22"><span class='ocrx_word' id='word_1_599' title='bbox 493 4992 644 5034; x_wconf 75' lang='lat' dir='ltr'><strong><em>tatem</em></strong></span> <span class='ocrx_word' id='word_1_600' title='bbox 675 4981 975 5036; x_wconf 75' lang='lat' dir='ltr'><strong><em>Yrsianente</em></strong></span> <span class='ocrx_word' id='word_1_601' title='bbox 1005 4981 1371 5038; x_wconf 74' lang='lat' dir='ltr'><strong><em>nobilissimam</em></strong></span> <span class='ocrx_word' id='word_1_602' title='bbox 1416 4981 1794 5056; x_wconf 49' lang='lat' dir='ltr'><strong><em>regui&#39;Armeni</em></strong></span> <span class='ocrx_word' id='word_1_603' title='bbox 1843 4986 2037 5054; x_wconf 88' lang='lat' dir='ltr'><strong><em>accepit</em></strong></span> <span class='ocrx_word' id='word_1_604' title='bbox 2059 5023 2078 5051; x_wconf 90' lang='lat'><strong><em>,</em></strong></span> 
     </span>
    </p>
   </div>
   <div class='ocr_carea' id='block_1_81' title="bbox 494 5055 1515 5125">
    <p class='ocr_par' dir='ltr' id='par_1_81' title="bbox 494 5055 1515 5125">
     <span class='ocr_line' id='line_1_81' title="bbox 494 5055 1515 5125; baseline 0.005 -22"><span class='ocrx_word' id='word_1_605' title='bbox 494 5055 659 5125; x_wconf 81' lang='lat' dir='ltr'><strong><em>ipsum</em></strong></span> <span class='ocrx_word' id='word_1_606' title='bbox 687 5068 856 5122; x_wconf 82' lang='lat' dir='ltr'><strong><em>regem</em></strong></span> <span class='ocrx_word' id='word_1_607' title='bbox 885 5069 998 5106; x_wconf 87' lang='lat' dir='ltr'><strong><em>cum</em></strong></span> <span class='ocrx_word' id='word_1_608' title='bbox 1024 5069 1167 5107; x_wconf 74' lang='lat' dir='ltr'><strong><em>mnu</em></strong></span> <span class='ocrx_word' id='word_1_609' title='bbox 1196 5055 1515 5125; x_wconf 79' lang='lat' dir='ltr'><strong><em>gltbanarits.</em></strong></span> 
     </span>
    </p>
   </div>
   <div class='ocr_carea' id='block_1_82' title="bbox 565 5123 1596 5192">
    <p class='ocr_par' dir='ltr' id='par_1_82' title="bbox 565 5123 1596 5192">
     <span class='ocr_line' id='line_1_82' title="bbox 565 5123 1596 5192; baseline 0.003 -16"><span class='ocrx_word' id='word_1_610' title='bbox 565 5123 591 5161; x_wconf 71' lang='grc' dir='ltr'>ά</span> <span class='ocrx_word' id='word_1_611' title='bbox 623 5125 715 5187; x_wconf 87' lang='lat' dir='ltr'><strong><em>A.,</em></strong></span> <span class='ocrx_word' id='word_1_612' title='bbox 750 5137 866 5190; x_wconf 82' lang='lat' dir='ltr'><strong><em>post</em></strong></span> <span class='ocrx_word' id='word_1_613' title='bbox 891 5126 1098 5189; x_wconf 86' lang='lat' dir='ltr'><strong><em>missus,</em></strong></span> <span class='ocrx_word' id='word_1_614' title='bbox 1121 5123 1236 5192; x_wconf 65' lang='lat' dir='ltr'><strong><em>seti.</em></strong></span> <span class='ocrx_word' id='word_1_615' title='bbox 1265 5145 1277 5180; x_wconf 91' lang='lat'>:</span> <span class='ocrx_word' id='word_1_616' title='bbox 1302 5127 1464 5189; x_wconf 80' lang='lat' dir='ltr'><strong><em>Alter,</em></strong></span> <span class='ocrx_word' id='word_1_617' title='bbox 1491 5137 1596 5180; x_wconf 88' lang='lat' dir='ltr'><strong><em>etc.</em></strong></span> 
     </span>
    </p>
   </div>
   <div class='ocr_carea' id='block_1_83' title="bbox 572 5194 2079 5267">
    <p class='ocr_par' dir='ltr' id='par_1_83' title="bbox 572 5194 2079 5267">
     <span class='ocr_line' id='line_1_83' title="bbox 572 5194 2079 5267; baseline 0.005 -21"><span class='ocrx_word' id='word_1_618' title='bbox 572 5203 595 5229; x_wconf 77' lang='grc' dir='ltr'><strong>ε</strong></span> <span class='ocrx_word' id='word_1_619' title='bbox 627 5194 716 5267; x_wconf 84' lang='lat' dir='ltr'><strong><em>A.,</em></strong></span> <span class='ocrx_word' id='word_1_620' title='bbox 743 5205 861 5264; x_wconf 83' lang='lat' dir='ltr'><strong><em>post</em></strong></span> <span class='ocrx_word' id='word_1_621' title='bbox 885 5195 1152 5262; x_wconf 81' lang='lat' dir='ltr'><strong><em>Lucullus,</em></strong></span> <span class='ocrx_word' id='word_1_622' title='bbox 1178 5199 1265 5267; x_wconf 90' lang='lat' dir='ltr'><strong><em>qui</em></strong></span> <span class='ocrx_word' id='word_1_623' title='bbox 1286 5197 1645 5252; x_wconf 77' lang='lat' dir='ltr'><strong><em>Macedoniam</em></strong></span> <span class='ocrx_word' id='word_1_624' title='bbox 1665 5197 2079 5266; x_wconf 83' lang='lat' dir='ltr'><strong><em>administrabat,</em></strong></span> 
     </span>
    </p>
   </div>
   <div class='ocr_carea' id='block_1_84' title="bbox 497 5263 810 5325">
    <p class='ocr_par' dir='ltr' id='par_1_84' title="bbox 497 5263 810 5325">
     <span class='ocr_line' id='line_1_84' title="bbox 497 5263 810 5325; baseline 0.01 -8"><span class='ocrx_word' id='word_1_625' title='bbox 497 5263 683 5325; x_wconf 83' lang='lat' dir='ltr'><strong><em>Bessis.</em></strong></span> <span class='ocrx_word' id='word_1_626' title='bbox 707 5263 810 5320; x_wconf 84' lang='lat' dir='ltr'><strong><em>etc.</em></strong></span> 
     </span>
    </p>
   </div>
   <div class='ocr_carea' id='block_1_85' title="bbox 573 5334 1130 5399">
    <p class='ocr_par' dir='ltr' id='par_1_85' title="bbox 573 5334 1130 5399">
     <span class='ocr_line' id='line_1_85' title="bbox 573 5334 1130 5399; baseline 0.007 -11"><span class='ocrx_word' id='word_1_627' title='bbox 573 5334 592 5374; x_wconf 72' lang='grc' dir='ltr'>ί</span> <span class='ocrx_word' id='word_1_628' title='bbox 626 5337 738 5399; x_wconf 87' lang='lat' dir='ltr'><strong><em>A|.,</em></strong></span> <span class='ocrx_word' id='word_1_629' title='bbox 769 5335 1130 5392; x_wconf 78' lang='lat' dir='ltr'><strong><em>Muscumada.</em></strong></span> 
     </span>
    </p>
   </div>
   <div class='ocr_carea' id='block_1_86' title="bbox 577 5407 2086 5479">
    <p class='ocr_par' dir='ltr' id='par_1_86' title="bbox 577 5407 2086 5479">
     <span class='ocr_line' id='line_1_86' title="bbox 577 5407 2086 5479; baseline 0.005 -20"><span class='ocrx_word' id='word_1_630' title='bbox 577 5410 600 5445; x_wconf 70' lang='grc'>⁸</span> <span class='ocrx_word' id='word_1_631' title='bbox 629 5407 691 5459; x_wconf 74' lang='lat' dir='ltr'><strong><em>A.</em></strong></span> <span class='ocrx_word' id='word_1_632' title='bbox 721 5425 734 5459; x_wconf 89' lang='lat'><strong>:</strong></span> <span class='ocrx_word' id='word_1_633' title='bbox 769 5407 1031 5462; x_wconf 81' lang='lat' dir='ltr'><strong><em>Montibus</em></strong></span> <span class='ocrx_word' id='word_1_634' title='bbox 1062 5410 1420 5479; x_wconf 68' lang='lat' dir='ltr'><strong><em>circumfugat,</em></strong></span> <span class='ocrx_word' id='word_1_635' title='bbox 1452 5411 1583 5464; x_wconf 84' lang='lat' dir='ltr'><strong><em>inter</em></strong></span> <span class='ocrx_word' id='word_1_636' title='bbox 1617 5422 1798 5466; x_wconf 68' lang='lat' dir='ltr'><strong><em>caetera</em></strong></span> <span class='ocrx_word' id='word_1_637' title='bbox 1826 5414 1962 5466; x_wconf 86' lang='lat' dir='ltr'><strong><em>dictu</em></strong></span> <span class='ocrx_word' id='word_1_638' title='bbox 1991 5429 2086 5466; x_wconf 84' lang='lat' dir='ltr'><strong><em>au-</em></strong></span> 
     </span>
    </p>
   </div>
   <div class='ocr_carea' id='block_1_87' title="bbox 501 5479 2086 5551">
    <p class='ocr_par' dir='ltr' id='par_1_87' title="bbox 501 5479 2086 5551">
     <span class='ocr_line' id='line_1_87' title="bbox 501 5479 2086 5551; baseline 0.006 -23"><span class='ocrx_word' id='word_1_639' title='bbox 501 5479 709 5551; x_wconf 82' lang='lat' dir='ltr'><strong><em>dituque</em></strong></span> <span class='ocrx_word' id='word_1_640' title='bbox 733 5479 962 5540; x_wconf 65' lang='lat' dir='ltr'><strong><em>horrida,</em></strong></span> <span class='ocrx_word' id='word_1_641' title='bbox 994 5496 1105 5549; x_wconf 73' lang='lat' dir='ltr'><strong><em>qua:</em></strong></span> <span class='ocrx_word' id='word_1_642' title='bbox 1132 5484 1182 5532; x_wconf 89' lang='lat' dir='ltr'><strong><em>in</em></strong></span> <span class='ocrx_word' id='word_1_643' title='bbox 1225 5483 1446 5551; x_wconf 73' lang='lat' dir='ltr'><strong><em>captivos</em></strong></span> <span class='ocrx_word' id='word_1_644' title='bbox 1470 5482 1682 5549; x_wconf 82' lang='lat' dir='ltr'><strong><em>agebant</em></strong></span> <span class='ocrx_word' id='word_1_645' title='bbox 1703 5527 1714 5541; x_wconf 79' lang='grc'>,</span> <span class='ocrx_word' id='word_1_646' title='bbox 1742 5484 1903 5548; x_wconf 71' lang='grc' dir='ltr'><strong><em>τηρείδ</em></strong></span> <span class='ocrx_word' id='word_1_647' title='bbox 1925 5528 1937 5546; x_wconf 83' lang='grc'><em>,</em></span> <span class='ocrx_word' id='word_1_648' title='bbox 1971 5500 2086 5538; x_wconf 87' lang='lat' dir='ltr'><strong><em>cum</em></strong></span> 
     </span>
    </p>
   </div>
   <div class='ocr_carea' id='block_1_88' title="bbox 503 5547 2086 5619">
    <p class='ocr_par' dir='ltr' id='par_1_88' title="bbox 503 5547 2086 5619">
     <span class='ocr_line' id='line_1_88' title="bbox 503 5547 2086 5619; baseline 0.008 -23"><span class='ocrx_word' id='word_1_649' title='bbox 503 5547 688 5614; x_wconf 63' lang='lat' dir='ltr'><strong><em>putilth</em></strong></span> <span class='ocrx_word' id='word_1_650' title='bbox 704 5564 833 5619; x_wconf 85' lang='lat' dir='ltr'><strong><em>opus</em></strong></span> <span class='ocrx_word' id='word_1_651' title='bbox 855 5547 1372 5610; x_wconf 35' lang='lat' dir='ltr'><strong><em>essen—humanorum</em></strong></span> <span class='ocrx_word' id='word_1_652' title='bbox 1398 5547 1619 5619; x_wconf 76' lang='lat' dir='ltr'><strong><em>capitum</em></strong></span> <span class='ocrx_word' id='word_1_653' title='bbox 1657 5547 1871 5619; x_wconf 83' lang='lat' dir='ltr'><strong><em>assibus,</em></strong></span> <span class='ocrx_word' id='word_1_654' title='bbox 1899 5571 2086 5608; x_wconf 88' lang='lat' dir='ltr'><strong><em>cruen-</em></strong></span> 
     </span>
    </p>
   </div>
   <div class='ocr_carea' id='block_1_89' title="bbox 506 5618 2090 5693">
    <p class='ocr_par' dir='ltr' id='par_1_89' title="bbox 506 5618 2090 5693">
     <span class='ocr_line' id='line_1_89' title="bbox 506 5618 2090 5693; baseline 0.005 -22"><span class='ocrx_word' id='word_1_655' title='bbox 506 5618 948 5693; x_wconf 61' lang='lat' dir='ltr'><strong><em>tiscapiltatisque</em></strong></span> <span class='ocrx_word' id='word_1_656' title='bbox 971 5623 1166 5693; x_wconf 75' lang='lat' dir='ltr'><strong><em>adhuc,</em></strong></span> <span class='ocrx_word' id='word_1_657' title='bbox 1195 5640 1253 5676; x_wconf 87' lang='lat' dir='ltr'><strong><em>ac</em></strong></span> <span class='ocrx_word' id='word_1_658' title='bbox 1283 5640 1368 5693; x_wconf 89' lang='lat' dir='ltr'><strong><em>per</em></strong></span> <span class='ocrx_word' id='word_1_659' title='bbox 1397 5618 1658 5678; x_wconf 73' lang='lat' dir='ltr'><strong><em>inet-iores</em></strong></span> <span class='ocrx_word' id='word_1_660' title='bbox 1683 5641 1923 5682; x_wconf 86' lang='lat' dir='ltr'><strong><em>cavernas</em></strong></span> <span class='ocrx_word' id='word_1_661' title='bbox 1958 5626 2090 5679; x_wconf 86' lang='lat' dir='ltr'><strong><em>male</em></strong></span> 
     </span>
    </p>
   </div>
   <div class='ocr_carea' id='block_1_90' title="bbox 507 5689 2090 5765">
    <p class='ocr_par' dir='ltr' id='par_1_90' title="bbox 507 5689 2090 5765">
     <span class='ocr_line' id='line_1_90' title="bbox 507 5689 2090 5765; baseline 0.005 -23"><span class='ocrx_word' id='word_1_662' title='bbox 507 5689 689 5765; x_wconf 76' lang='lat' dir='ltr'><strong><em>eﬂ&#39;osso</em></strong></span> <span class='ocrx_word' id='word_1_663' title='bbox 733 5694 934 5765; x_wconf 75' lang='lat' dir='ltr'><strong><em>cerebro</em></strong></span> <span class='ocrx_word' id='word_1_664' title='bbox 965 5691 1133 5745; x_wconf 81' lang='lat' dir='ltr'><strong><em>oblitis</em></strong></span> <span class='ocrx_word' id='word_1_665' title='bbox 1156 5736 1168 5753; x_wconf 87' lang='lat'><strong><em>,</em></strong></span> <span class='ocrx_word' id='word_1_666' title='bbox 1198 5689 1344 5748; x_wconf 73' lang='lat' dir='ltr'><strong><em>avnte</em></strong></span> <span class='ocrx_word' id='word_1_667' title='bbox 1363 5738 1375 5758; x_wconf 88' lang='lat'><strong><em>,</em></strong></span> <span class='ocrx_word' id='word_1_668' title='bbox 1402 5713 1462 5750; x_wconf 91' lang='lat' dir='ltr'><strong><em>ac</em></strong></span> <span class='ocrx_word' id='word_1_669' title='bbox 1482 5696 1587 5750; x_wconf 86' lang='lat' dir='ltr'><strong><em>sine</em></strong></span> <span class='ocrx_word' id='word_1_670' title='bbox 1607 5697 1819 5751; x_wconf 83' lang='lat' dir='ltr'><strong><em>horrore</em></strong></span> <span class='ocrx_word' id='word_1_671' title='bbox 1849 5709 2090 5765; x_wconf 90' lang='lat' dir='ltr'><strong><em>tanquam</em></strong></span> 
     </span>
    </p>
   </div>
   <div class='ocr_carea' id='block_1_91' title="bbox 506 5761 2092 5839">
    <p class='ocr_par' dir='ltr' id='par_1_91' title="bbox 506 5761 2092 5839">
     <span class='ocr_line' id='line_1_91' title="bbox 506 5761 2092 5839; baseline 0.008 -27"><span class='ocrx_word' id='word_1_672' title='bbox 506 5762 636 5839; x_wconf 73' lang='lat' dir='ltr'><strong><em>veris</em></strong></span> <span class='ocrx_word' id='word_1_673' title='bbox 667 5761 1200 5839; x_wconf 68' lang='lat' dir='ltr'><strong><em>poculis,_ut_ebuntur.</em></strong></span> <span class='ocrx_word' id='word_1_674' title='bbox 1233 5765 1492 5830; x_wconf 84' lang='lat' dir='ltr'><strong><em>lnde,etc.</em></strong></span> <span class='ocrx_word' id='word_1_675' title='bbox 1525 5768 1592 5825; x_wconf 82' lang='lat' dir='ltr'><strong><em>ﬂ.</em></strong></span> <span class='ocrx_word' id='word_1_676' title='bbox 1615 5782 1737 5826; x_wconf 86' lang='lat' dir='ltr'><strong><em>cum</em></strong></span> <span class='ocrx_word' id='word_1_677' title='bbox 1763 5761 1966 5839; x_wconf 78' lang='lat' dir='ltr'><strong><em>A.,sed</em></strong></span> <span class='ocrx_word' id='word_1_678' title='bbox 1997 5782 2092 5839; x_wconf 83' lang='lat' dir='ltr'><strong><em>pro</em></strong></span> 
     </span>
    </p>
   </div>
   <div class='ocr_carea' id='block_1_92' title="bbox 491 5831 1414 5908">
    <p class='ocr_par' dir='ltr' id='par_1_92' title="bbox 491 5831 1414 5908">
     <span class='ocr_line' id='line_1_92' title="bbox 491 5831 1414 5908; baseline 0.008 -21"><span class='ocrx_word' id='word_1_679' title='bbox 491 5831 862 5903; x_wconf 72' lang='lat' dir='ltr'><strong><em>circumfugc,</em></strong></span> <span class='ocrx_word' id='word_1_680' title='bbox 890 5833 1050 5890; x_wconf 75' lang='lat' dir='ltr'><strong><em>habet</em></strong></span> <span class='ocrx_word' id='word_1_681' title='bbox 1075 5836 1414 5908; x_wconf 74' lang='lat' dir='ltr'><strong><em>circumfusa.</em></strong></span> 
     </span>
    </p>
   </div>
   <div class='ocr_carea' id='block_1_93' title="bbox 2165 3321 3682 3394">
    <p class='ocr_par' dir='ltr' id='par_1_93' title="bbox 2165 3321 3682 3394">
     <span class='ocr_line' id='line_1_93' title="bbox 2165 3321 3682 3394; baseline 0.002 -21"><span class='ocrx_word' id='word_1_682' title='bbox 2165 3330 2296 3384; x_wconf 89' lang='lat' dir='ltr'><strong><em>erat,</em></strong></span> <span class='ocrx_word' id='word_1_683' title='bbox 2318 3331 2362 3373; x_wconf 90' lang='lat' dir='ltr'><strong><em>et</em></strong></span> <span class='ocrx_word' id='word_1_684' title='bbox 2382 3323 2564 3375; x_wconf 87' lang='lat' dir='ltr'><strong><em>milites</em></strong></span> <span class='ocrx_word' id='word_1_685' title='bbox 2590 3321 2903 3377; x_wconf 77' lang='lat' dir='ltr'><strong><em>Mithridatis</em></strong></span> <span class='ocrx_word' id='word_1_686' title='bbox 2924 3325 3247 3394; x_wconf 88' lang='lat' dir='ltr'><strong><em>longitudine</em></strong></span> <span class='ocrx_word' id='word_1_687' title='bbox 3271 3327 3539 3378; x_wconf 86' lang='lat' dir='ltr'><strong><em>umbrarum</em></strong></span> <span class='ocrx_word' id='word_1_688' title='bbox 3556 3323 3682 3393; x_wconf 74' lang='lat' dir='ltr'><strong><em>prasi-</em></strong></span> 
     </span>
    </p>
   </div>
   <div class='ocr_carea' id='block_1_94' title="bbox 2169 3413 3682 3483">
    <p class='ocr_par' dir='ltr' id='par_1_94' title="bbox 2169 3413 3682 3483">
     <span class='ocr_line' id='line_1_94' title="bbox 2169 3413 3682 3483; baseline 0.001 -19"><span class='ocrx_word' id='word_1_689' title='bbox 2169 3414 2392 3464; x_wconf 88' lang='lat' dir='ltr'><strong><em>mitatem</em></strong></span> <span class='ocrx_word' id='word_1_690' title='bbox 2422 3413 2643 3465; x_wconf 82' lang='lat' dir='ltr'><strong><em>hostium</em></strong></span> <span class='ocrx_word' id='word_1_691' title='bbox 2687 3417 2805 3478; x_wconf 87' lang='lat' dir='ltr'><strong><em>rati,</em></strong></span> <span class='ocrx_word' id='word_1_692' title='bbox 2837 3426 3021 3468; x_wconf 89' lang='lat' dir='ltr'><strong><em>cuncta</em></strong></span> <span class='ocrx_word' id='word_1_693' title='bbox 3069 3417 3120 3469; x_wconf 90' lang='lat' dir='ltr'><strong><em>in</em></strong></span> <span class='ocrx_word' id='word_1_694' title='bbox 3168 3419 3367 3470; x_wconf 86' lang='lat' dir='ltr'><strong><em>irritum</em></strong></span> <span class='ocrx_word' id='word_1_695' title='bbox 3411 3418 3502 3469; x_wconf 88' lang='lat' dir='ltr'><strong><em>tela</em></strong></span> <span class='ocrx_word' id='word_1_696' title='bbox 3536 3417 3682 3483; x_wconf 69' lang='lat' dir='ltr'><strong><em>fudere.</em></strong></span> 
     </span>
    </p>
   </div>
   <div class='ocr_carea' id='block_1_95' title="bbox 2171 3503 3682 3577">
    <p class='ocr_par' dir='ltr' id='par_1_95' title="bbox 2171 3503 3682 3577">
     <span class='ocr_line' id='line_1_95' title="bbox 2171 3503 3682 3577; baseline 0 -22"><span class='ocrx_word' id='word_1_697' title='bbox 2171 3503 2392 3558; x_wconf 76' lang='lat' dir='ltr'><strong><em>Romani</em></strong></span> <span class='ocrx_word' id='word_1_698' title='bbox 2426 3507 2555 3558; x_wconf 82' lang='lat' dir='ltr'><strong><em>velut</em></strong></span> <span class='ocrx_word' id='word_1_699' title='bbox 2583 3507 2798 3558; x_wconf 84' lang='lat' dir='ltr'><strong><em>inermes</em></strong></span> <span class='ocrx_word' id='word_1_700' title='bbox 2828 3515 3002 3574; x_wconf 86' lang='lat' dir='ltr'><strong><em>postea</em></strong></span> <span class='ocrx_word' id='word_1_701' title='bbox 3022 3511 3249 3577; x_wconf 84' lang='lat' dir='ltr'><strong><em>aggressi</em></strong></span> <span class='ocrx_word' id='word_1_702' title='bbox 3268 3509 3409 3573; x_wconf 48' lang='lat' dir='ltr'><strong><em>,pine</em></strong></span> <span class='ocrx_word' id='word_1_703' title='bbox 3430 3507 3574 3560; x_wconf 85' lang='lat' dir='ltr'><strong><em>labore</em></strong></span> <span class='ocrx_word' id='word_1_704' title='bbox 3589 3505 3682 3556; x_wconf 75' lang='lat' dir='ltr'><strong><em>viss-</em></strong></span> 
     </span>
    </p>
   </div>
   <div class='ocr_carea' id='block_1_96' title="bbox 2174 3592 3680 3668">
    <p class='ocr_par' dir='ltr' id='par_1_96' title="bbox 2174 3592 3680 3668">
     <span class='ocr_line' id='line_1_96' title="bbox 2174 3592 3680 3668; baseline 0 -20"><span class='ocrx_word' id='word_1_705' title='bbox 2174 3606 2312 3658; x_wconf 88' lang='lat' dir='ltr'><strong><em>runt,</em></strong></span> <span class='ocrx_word' id='word_1_706' title='bbox 2346 3606 2610 3662; x_wconf 88' lang='lat' dir='ltr'><strong><em>castraque</em></strong></span> <span class='ocrx_word' id='word_1_707' title='bbox 2637 3606 2897 3666; x_wconf 81' lang='lat' dir='ltr'><strong><em>ceperunt.</em></strong></span> <span class='ocrx_word' id='word_1_708' title='bbox 2941 3596 3183 3668; x_wconf 84' lang='lat' dir='ltr'><strong><em>Namque</em></strong></span> <span class='ocrx_word' id='word_1_709' title='bbox 3207 3601 3270 3652; x_wconf 90' lang='lat' dir='ltr'><strong><em>de</em></strong></span> <span class='ocrx_word' id='word_1_710' title='bbox 3292 3601 3497 3654; x_wconf 65' lang='lat' dir='ltr'><strong><em>exercitu</em></strong></span> <span class='ocrx_word' id='word_1_711' title='bbox 3530 3592 3680 3650; x_wconf 75' lang='lat' dir='ltr'><strong><em>Mithri-</em></strong></span> 
     </span>
    </p>
   </div>
   <div class='ocr_carea' id='block_1_97' title="bbox 2174 3682 3684 3760">
    <p class='ocr_par' dir='ltr' id='par_1_97' title="bbox 2174 3682 3684 3760">
     <span class='ocr_line' id='line_1_97' title="bbox 2174 3682 3684 3760; baseline -0.001 -22"><span class='ocrx_word' id='word_1_712' title='bbox 2174 3687 2305 3739; x_wconf 90' lang='lat' dir='ltr'><strong><em>datis</em></strong></span> <span class='ocrx_word' id='word_1_713' title='bbox 2333 3689 2670 3757; x_wconf 85' lang='lat' dir='ltr'><strong><em>quadraginta</em></strong></span> <span class='ocrx_word' id='word_1_714' title='bbox 2700 3688 2865 3741; x_wconf 86' lang='lat' dir='ltr'><strong><em>millia</em></strong></span> <span class='ocrx_word' id='word_1_715' title='bbox 2903 3705 3032 3743; x_wconf 80' lang='lat' dir='ltr'><strong><em>ctesa</em></strong></span> <span class='ocrx_word' id='word_1_716' title='bbox 3071 3692 3150 3744; x_wconf 88' lang='lat' dir='ltr'><strong><em>vel</em></strong></span> <span class='ocrx_word' id='word_1_717' title='bbox 3188 3701 3339 3760; x_wconf 83' lang='lat' dir='ltr'><strong><em>capta</em></strong></span> <span class='ocrx_word' id='word_1_718' title='bbox 3367 3700 3492 3743; x_wconf 86' lang='lat' dir='ltr'><strong><em>sunt.</em></strong></span> <span class='ocrx_word' id='word_1_719' title='bbox 3522 3682 3684 3741; x_wconf 71' lang='lat' dir='ltr'><strong><em>Romani</em></strong></span> 
     </span>
    </p>
   </div>
   <div class='ocr_carea' id='block_1_98' title="bbox 2171 3780 3684 3857">
    <p class='ocr_par' dir='ltr' id='par_1_98' title="bbox 2171 3780 3684 3857">
     <span class='ocr_line' id='line_1_98' title="bbox 2171 3780 3684 3857; baseline -0.001 -25"><span class='ocrx_word' id='word_1_720' title='bbox 2171 3780 2311 3834; x_wconf 89' lang='lat' dir='ltr'><strong><em>mille</em></strong></span> <span class='ocrx_word' id='word_1_721' title='bbox 2336 3781 2601 3845; x_wconf 81' lang='lat' dir='ltr'><strong><em>vulnerati,</em></strong></span> <span class='ocrx_word' id='word_1_722' title='bbox 2627 3784 2710 3836; x_wconf 79' lang='lat' dir='ltr'><strong><em>ria:</em></strong></span> <span class='ocrx_word' id='word_1_723' title='bbox 2736 3793 2902 3837; x_wconf 90' lang='lat' dir='ltr'><strong><em>autem</em></strong></span> <span class='ocrx_word' id='word_1_724' title='bbox 2929 3787 3274 3857; x_wconf 76' lang='lat' dir='ltr'><strong><em>quadragr&#39;nta</em></strong></span> <span class='ocrx_word' id='word_1_725' title='bbox 3294 3785 3541 3854; x_wconf 77' lang='lat' dir='ltr'><strong><em>interfecti,</em></strong></span> <span class='ocrx_word' id='word_1_726' title='bbox 3559 3792 3595 3835; x_wconf 84' lang='lat' dir='ltr'><strong><em>et</em></strong></span> <span class='ocrx_word' id='word_1_727' title='bbox 3613 3781 3684 3831; x_wconf 79' lang='lat' dir='ltr'><strong><em>duo</em></strong></span> 
     </span>
    </p>
   </div>
   <div class='ocr_carea' id='block_1_99' title="bbox 2171 3873 3684 3940">
    <p class='ocr_par' dir='ltr' id='par_1_99' title="bbox 2171 3873 3684 3940">
     <span class='ocr_line' id='line_1_99' title="bbox 2171 3873 3684 3940; baseline -0.003 -14"><span class='ocrx_word' id='word_1_728' title='bbox 2171 3875 2517 3928; x_wconf 85' lang='lat' dir='ltr'><strong><em>centuriones.</em></strong></span> <span class='ocrx_word' id='word_1_729' title='bbox 2569 3873 2896 3930; x_wconf 79' lang='lat' dir='ltr'><strong><em>Mithridates</em></strong></span> <span class='ocrx_word' id='word_1_730' title='bbox 2954 3877 3086 3930; x_wconf 91' lang='lat' dir='ltr'><strong><em>inter</em></strong></span> <span class='ocrx_word' id='word_1_731' title='bbox 3153 3881 3397 3931; x_wconf 88' lang='lat' dir='ltr'><strong><em>tumultus</em></strong></span> <span class='ocrx_word' id='word_1_732' title='bbox 3452 3876 3551 3928; x_wconf 85' lang='lat' dir='ltr'><strong><em>belli</em></strong></span> <span class='ocrx_word' id='word_1_733' title='bbox 3599 3876 3684 3940; x_wconf 77' lang='lat' dir='ltr'><strong><em>fuga</em></strong></span> 
     </span>
    </p>
   </div>
   <div class='ocr_carea' id='block_1_100' title="bbox 2175 3958 3682 4033">
    <p class='ocr_par' dir='ltr' id='par_1_100' title="bbox 2175 3958 3682 4033">
     <span class='ocr_line' id='line_1_100' title="bbox 2175 3958 3682 4033; baseline -0.005 -15"><span class='ocrx_word' id='word_1_734' title='bbox 2175 3966 2375 4031; x_wconf 85' lang='lat' dir='ltr'><strong><em>lapsus,</em></strong></span> <span class='ocrx_word' id='word_1_735' title='bbox 2401 3965 2609 4032; x_wconf 84' lang='lat' dir='ltr'><strong><em>adjutus</em></strong></span> <span class='ocrx_word' id='word_1_736' title='bbox 2634 3967 2784 4018; x_wconf 91' lang='lat' dir='ltr'><strong><em>etiam</em></strong></span> <span class='ocrx_word' id='word_1_737' title='bbox 2802 3966 3041 4033; x_wconf 87' lang='lat' dir='ltr'><strong><em>beneﬁcio</em></strong></span> <span class='ocrx_word' id='word_1_738' title='bbox 3068 3965 3343 4020; x_wconf 86' lang='lat' dir='ltr'><strong><em>sublustris</em></strong></span> <span class='ocrx_word' id='word_1_739' title='bbox 3370 3967 3530 4026; x_wconf 87' lang='lat' dir='ltr'><strong><em>noctis,</em></strong></span> <span class='ocrx_word' id='word_1_740' title='bbox 3555 3958 3682 4014; x_wconf 68' lang='lat' dir='ltr'><strong><em>evasit.</em></strong></span> 
     </span>
    </p>
   </div>
   <div class='ocr_carea' id='block_1_101' title="bbox 2177 4047 3686 4124">
    <p class='ocr_par' dir='ltr' id='par_1_101' title="bbox 2177 4047 3686 4124">
     <span class='ocr_line' id='line_1_101' title="bbox 2177 4047 3686 4124; baseline -0.007 -16"><span class='ocrx_word' id='word_1_741' title='bbox 2177 4055 2505 4121; x_wconf 86' lang='lat' dir='ltr'><strong><em>Relictusque</em></strong></span> <span class='ocrx_word' id='word_1_742' title='bbox 2534 4055 2595 4108; x_wconf 89' lang='lat' dir='ltr'><strong><em>ab</em></strong></span> <span class='ocrx_word' id='word_1_743' title='bbox 2622 4057 2854 4108; x_wconf 90' lang='lat' dir='ltr'><strong><em>omnibus</em></strong></span> <span class='ocrx_word' id='word_1_744' title='bbox 2881 4057 3078 4121; x_wconf 87' lang='lat' dir='ltr'><strong><em>amicis,</em></strong></span> <span class='ocrx_word' id='word_1_745' title='bbox 3113 4057 3460 4124; x_wconf 77' lang='lat' dir='ltr'><strong><em>philosophis,</em></strong></span> <span class='ocrx_word' id='word_1_746' title='bbox 3488 4047 3686 4114; x_wconf 81' lang='lat' dir='ltr'><strong><em>scriptori-</em></strong></span> 
     </span>
    </p>
   </div>
   <div class='ocr_carea' id='block_1_102' title="bbox 2179 4139 3684 4212">
    <p class='ocr_par' dir='ltr' id='par_1_102' title="bbox 2179 4139 3684 4212">
     <span class='ocr_line' id='line_1_102' title="bbox 2179 4139 3684 4212; baseline -0.001 -12"><span class='ocrx_word' id='word_1_747' title='bbox 2179 4148 2271 4200; x_wconf 89' lang='lat' dir='ltr'><strong><em>bus</em></strong></span> <span class='ocrx_word' id='word_1_748' title='bbox 2296 4163 2484 4208; x_wconf 87' lang='lat' dir='ltr'><strong><em>rerum,</em></strong></span> <span class='ocrx_word' id='word_1_749' title='bbox 2517 4147 2592 4199; x_wconf 88' lang='lat' dir='ltr'><strong><em>vel</em></strong></span> <span class='ocrx_word' id='word_1_750' title='bbox 2621 4148 2924 4210; x_wconf 84' lang='lat' dir='ltr'><strong><em>carminum,</em></strong></span> <span class='ocrx_word' id='word_1_751' title='bbox 2950 4162 3011 4198; x_wconf 91' lang='lat' dir='ltr'><strong><em>ac</em></strong></span> <span class='ocrx_word' id='word_1_752' title='bbox 3043 4147 3254 4200; x_wconf 86' lang='lat' dir='ltr'><strong><em>medicis</em></strong></span> <span class='ocrx_word' id='word_1_753' title='bbox 3273 4189 3286 4211; x_wconf 92' lang='lat'><strong><em>,</em></strong></span> <span class='ocrx_word' id='word_1_754' title='bbox 3315 4146 3446 4199; x_wconf 89' lang='lat' dir='ltr'><strong><em>solus</em></strong></span> <span class='ocrx_word' id='word_1_755' title='bbox 3471 4159 3546 4212; x_wconf 84' lang='lat' dir='ltr'><strong><em>per</em></strong></span> <span class='ocrx_word' id='word_1_756' title='bbox 3567 4139 3684 4199; x_wconf 68' lang='lat' dir='ltr'><strong><em>deris.</em></strong></span> 
     </span>
    </p>
   </div>
   <div class='ocr_carea' id='block_1_103' title="bbox 2176 4228 3686 4307">
    <p class='ocr_par' dir='ltr' id='par_1_103' title="bbox 2176 4228 3686 4307">
     <span class='ocr_line' id='line_1_103' title="bbox 2176 4228 3686 4307; baseline -0.006 -15"><span class='ocrx_word' id='word_1_757' title='bbox 2176 4253 2360 4306; x_wconf 87' lang='lat' dir='ltr'><strong><em>equum</em></strong></span> <span class='ocrx_word' id='word_1_758' title='bbox 2389 4253 2543 4290; x_wconf 88' lang='lat' dir='ltr'><strong><em>manu</em></strong></span> <span class='ocrx_word' id='word_1_759' title='bbox 2569 4239 2792 4304; x_wconf 85' lang='lat' dir='ltr'><strong><em>trahens,</em></strong></span> <span class='ocrx_word' id='word_1_760' title='bbox 2817 4248 2967 4307; x_wconf 86' lang='lat' dir='ltr'><strong><em>atque</em></strong></span> <span class='ocrx_word' id='word_1_761' title='bbox 2987 4241 3056 4292; x_wconf 87' lang='lat' dir='ltr'><strong><em>ad</em></strong></span> <span class='ocrx_word' id='word_1_762' title='bbox 3085 4255 3261 4292; x_wconf 87' lang='lat' dir='ltr'><strong><em>omnes</em></strong></span> <span class='ocrx_word' id='word_1_763' title='bbox 3287 4250 3538 4291; x_wconf 84' lang='lat' dir='ltr'><strong><em>nocturnos</em></strong></span> <span class='ocrx_word' id='word_1_764' title='bbox 3555 4228 3686 4297; x_wconf 77' lang='lat' dir='ltr'><strong><em>strepi-</em></strong></span> 
     </span>
    </p>
   </div>
   <div class='ocr_carea' id='block_1_104' title="bbox 2181 4317 3684 4399">
    <p class='ocr_par' dir='ltr' id='par_1_104' title="bbox 2181 4317 3684 4399">
     <span class='ocr_line' id='line_1_104' title="bbox 2181 4317 3684 4399; baseline -0.007 -16"><span class='ocrx_word' id='word_1_765' title='bbox 2181 4341 2261 4384; x_wconf 88' lang='lat' dir='ltr'><strong><em>tus</em></strong></span> <span class='ocrx_word' id='word_1_766' title='bbox 2293 4331 2575 4399; x_wconf 83' lang='lat' dir='ltr'><strong><em>trepidans,</em></strong></span> <span class='ocrx_word' id='word_1_767' title='bbox 2601 4330 2652 4381; x_wconf 89' lang='lat' dir='ltr'><strong><em>in</em></strong></span> <span class='ocrx_word' id='word_1_768' title='bbox 2677 4331 2936 4398; x_wconf 89' lang='lat' dir='ltr'><strong><em>quoddam</em></strong></span> <span class='ocrx_word' id='word_1_769' title='bbox 2961 4331 3227 4383; x_wconf 81' lang='lat' dir='ltr'><strong><em>castellum</em></strong></span> <span class='ocrx_word' id='word_1_770' title='bbox 3263 4331 3480 4390; x_wconf 84' lang='lat' dir='ltr'><strong><em>divertit,</em></strong></span> <span class='ocrx_word' id='word_1_771' title='bbox 3506 4334 3623 4390; x_wconf 73' lang='lat' dir='ltr'><strong><em>atque</em></strong></span> <span class='ocrx_word' id='word_1_772' title='bbox 3648 4317 3684 4368; x_wconf 75' lang='grc' dir='ltr'><strong><em>ἱιι</em></strong></span> 
     </span>
    </p>
   </div>
   <div class='ocr_carea' id='block_1_105' title="bbox 2182 4413 3684 4493">
    <p class='ocr_par' dir='ltr' id='par_1_105' title="bbox 2182 4413 3684 4493">
     <span class='ocr_line' id='line_1_105' title="bbox 2182 4413 3684 4493; baseline -0.007 -18"><span class='ocrx_word' id='word_1_773' title='bbox 2182 4422 2471 4475; x_wconf 82' lang='lat' dir='ltr'><strong><em>Armeniam</em></strong></span> <span class='ocrx_word' id='word_1_774' title='bbox 2499 4423 2618 4475; x_wconf 87' lang='lat' dir='ltr'><strong><em>inde</em></strong></span> <span class='ocrx_word' id='word_1_775' title='bbox 2647 4425 2885 4490; x_wconf 73' lang='lat' dir='ltr'><strong><em>perrexit.</em></strong></span> <span class='ocrx_word' id='word_1_776' title='bbox 2919 4421 3197 4493; x_wconf 87' lang='lat' dir='ltr'><strong><em>Pompeius</em></strong></span> <span class='ocrx_word' id='word_1_777' title='bbox 3229 4421 3556 4477; x_wconf 79' lang='lat' dir='ltr'><strong><em>Mithridatem</em></strong></span> <span class='ocrx_word' id='word_1_778' title='bbox 3589 4413 3684 4466; x_wconf 80' lang='lat' dir='ltr'><strong><em>inst-</em></strong></span> 
     </span>
    </p>
   </div>
   <div class='ocr_carea' id='block_1_106' title="bbox 2098 4555 2743 4624">
    <p class='ocr_par' dir='ltr' id='par_1_106' title="bbox 2098 4555 2743 4624">
     <span class='ocr_line' id='line_1_106' title="bbox 2098 4555 2743 4624; baseline -0.003 -9"><span class='ocrx_word' id='word_1_779' title='bbox 2098 4555 2152 4615; x_wconf 84' lang='lat' dir='ltr'><strong>D</strong></span> <span class='ocrx_word' id='word_1_780' title='bbox 2250 4559 2278 4597; x_wconf 70' lang='grc' dir='ltr'>δ</span> <span class='ocrx_word' id='word_1_781' title='bbox 2310 4564 2398 4624; x_wconf 79' lang='lat' dir='ltr'><strong><em>A.,</em></strong></span> <span class='ocrx_word' id='word_1_782' title='bbox 2427 4559 2743 4615; x_wconf 80' lang='lat' dir='ltr'><strong><em>Galathiam.</em></strong></span> 
     </span>
    </p>
   </div>
   <div class='ocr_carea' id='block_1_107' title="bbox 2258 4631 2624 4698">
    <p class='ocr_par' dir='ltr' id='par_1_107' title="bbox 2258 4631 2624 4698">
     <span class='ocr_line' id='line_1_107' title="bbox 2258 4631 2624 4698; baseline 0.003 -14"><span class='ocrx_word' id='word_1_783' title='bbox 2258 4631 2276 4668; x_wconf 71' lang='grc' dir='ltr'>ί</span> <span class='ocrx_word' id='word_1_784' title='bbox 2313 4633 2400 4698; x_wconf 83' lang='grc' dir='ltr'><strong><em>Η.,</em></strong></span> <span class='ocrx_word' id='word_1_785' title='bbox 2434 4633 2624 4686; x_wconf 77' lang='lat' dir='ltr'><strong><em>Tatios.</em></strong></span> 
     </span>
    </p>
   </div>
   <div class='ocr_carea' id='block_1_108' title="bbox 2253 4701 3298 4768">
    <p class='ocr_par' dir='ltr' id='par_1_108' title="bbox 2253 4701 3298 4768">
     <span class='ocr_line' id='line_1_108' title="bbox 2253 4701 3298 4768; baseline 0.004 -14"><span class='ocrx_word' id='word_1_786' title='bbox 2253 4703 2267 4754; x_wconf 84' lang='lat' dir='ltr'><strong><em>i</em></strong></span> <span class='ocrx_word' id='word_1_787' title='bbox 2307 4705 2399 4765; x_wconf 88' lang='lat' dir='ltr'><strong><em>A.,</em></strong></span> <span class='ocrx_word' id='word_1_788' title='bbox 2433 4702 2791 4756; x_wconf 79' lang='lat' dir='ltr'><strong><em>Bnrziaonem.</em></strong></span> <span class='ocrx_word' id='word_1_789' title='bbox 2827 4703 2916 4768; x_wconf 91' lang='lat' dir='ltr'><strong><em>H.,</em></strong></span> <span class='ocrx_word' id='word_1_790' title='bbox 2951 4701 3298 4758; x_wconf 78' lang='lat' dir='ltr'><strong><em>Burtiaonsm.</em></strong></span> 
     </span>
    </p>
   </div>
   <div class='ocr_carea' id='block_1_109' title="bbox 2251 4773 2982 4840">
    <p class='ocr_par' dir='ltr' id='par_1_109' title="bbox 2251 4773 2982 4840">
     <span class='ocr_line' id='line_1_109' title="bbox 2251 4773 2982 4840; baseline 0 -12"><span class='ocrx_word' id='word_1_791' title='bbox 2251 4773 2276 4811; x_wconf 62' lang='grc' dir='ltr'><em>κ</em></span> <span class='ocrx_word' id='word_1_792' title='bbox 2309 4777 2395 4838; x_wconf 87' lang='lat' dir='ltr'><strong><em>A.,</em></strong></span> <span class='ocrx_word' id='word_1_793' title='bbox 2425 4791 2623 4827; x_wconf 85' lang='lat' dir='ltr'><strong><em>amnem</em></strong></span> <span class='ocrx_word' id='word_1_794' title='bbox 2654 4775 2982 4840; x_wconf 83' lang='lat' dir='ltr'><strong><em>provinciam.</em></strong></span> 
     </span>
    </p>
   </div>
   <div class='ocr_carea' id='block_1_110' title="bbox 2255 4834 3680 4916">
    <p class='ocr_par' dir='ltr' id='par_1_110' title="bbox 2255 4834 3680 4916">
     <span class='ocr_line' id='line_1_110' title="bbox 2255 4834 3680 4916; baseline -0.005 -16"><span class='ocrx_word' id='word_1_795' title='bbox 2255 4841 2273 4881; x_wconf 76' lang='grc' dir='ltr'>ι</span> <span class='ocrx_word' id='word_1_796' title='bbox 2303 4834 2526 4911; x_wconf 67' lang='lat' dir='ltr'><strong><em>Cauerat,</em></strong></span> <span class='ocrx_word' id='word_1_797' title='bbox 2554 4834 2722 4916; x_wconf 69' lang='lat' dir='ltr'><strong><em>usque</em></strong></span> <span class='ocrx_word' id='word_1_798' title='bbox 2741 4846 2806 4898; x_wconf 87' lang='lat' dir='ltr'><strong><em>ad</em></strong></span> <span class='ocrx_word' id='word_1_799' title='bbox 2831 4849 3046 4901; x_wconf 87' lang='lat' dir='ltr'><strong><em>verbum</em></strong></span> <span class='ocrx_word' id='word_1_800' title='bbox 3077 4847 3474 4916; x_wconf 85' lang='lat' dir='ltr'><strong><em>appellatusque,</em></strong></span> <span class='ocrx_word' id='word_1_801' title='bbox 3502 4853 3587 4896; x_wconf 90' lang='lat' dir='ltr'><strong><em>non</em></strong></span> <span class='ocrx_word' id='word_1_802' title='bbox 3606 4834 3680 4903; x_wconf 70' lang='lat' dir='ltr'><strong><em>les-</em></strong></span> 
     </span>
    </p>
   </div>
   <div class='ocr_carea' id='block_1_111' title="bbox 2181 4917 2490 4972">
    <p class='ocr_par' dir='ltr' id='par_1_111' title="bbox 2181 4917 2490 4972">
     <span class='ocr_line' id='line_1_111' title="bbox 2181 4917 2490 4972; baseline -0.019 0"><span class='ocrx_word' id='word_1_803' title='bbox 2181 4918 2232 4972; x_wconf 89' lang='lat' dir='ltr'><strong><em>ilI</em></strong></span> <span class='ocrx_word' id='word_1_804' title='bbox 2260 4919 2321 4969; x_wconf 85' lang='lat' dir='ltr'><strong><em>A.</em></strong></span> <span class='ocrx_word' id='word_1_805' title='bbox 2354 4925 2405 4969; x_wconf 84' lang='lat' dir='ltr'><strong><em>cl</em></strong></span> <span class='ocrx_word' id='word_1_806' title='bbox 2430 4917 2490 4970; x_wconf 88' lang='grc' dir='ltr'><strong>ΙΙ.</strong></span> 
     </span>
    </p>
   </div>
   <div class='ocr_carea' id='block_1_112' title="bbox 2251 4985 3669 5056">
    <p class='ocr_par' dir='ltr' id='par_1_112' title="bbox 2251 4985 3669 5056">
     <span class='ocr_line' id='line_1_112' title="bbox 2251 4985 3669 5056; baseline 0.002 -16"><span class='ocrx_word' id='word_1_807' title='bbox 2251 4996 2291 5023; x_wconf 76' lang='grc' dir='ltr'>ω</span> <span class='ocrx_word' id='word_1_808' title='bbox 2309 4987 2397 5048; x_wconf 80' lang='grc' dir='ltr'><strong>Α..</strong></span> <span class='ocrx_word' id='word_1_809' title='bbox 2439 4985 2674 5042; x_wconf 84' lang='lat' dir='ltr'><strong><em>Vernica.</em></strong></span> <span class='ocrx_word' id='word_1_810' title='bbox 3511 5055 3530 5056; x_wconf 22' lang='grc' dir='ltr'>ί</span> <span class='ocrx_word' id='word_1_811' title='bbox 3661 5046 3669 5056; x_wconf 65' lang='grc'><strong><em>,</em></strong></span> 
     </span>
    </p>
   </div>
   <div class='ocr_carea' id='block_1_113' title="bbox 2253 5055 3688 5129">
    <p class='ocr_par' dir='ltr' id='par_1_113' title="bbox 2253 5055 3688 5129">
     <span class='ocr_line' id='line_1_113' title="bbox 2253 5055 3688 5129; baseline -0.003 -18"><span class='ocrx_word' id='word_1_812' title='bbox 2253 5067 2278 5094; x_wconf 75' lang='grc' dir='ltr'><strong><em>ιι</em></strong></span> <span class='ocrx_word' id='word_1_813' title='bbox 2311 5059 2410 5111; x_wconf 92' lang='lat' dir='ltr'><strong><em>A.:</em></strong></span> <span class='ocrx_word' id='word_1_814' title='bbox 2443 5058 2630 5111; x_wconf 85' lang='lat' dir='ltr'><strong><em>Omnia</em></strong></span> <span class='ocrx_word' id='word_1_815' title='bbox 2682 5075 2842 5112; x_wconf 84' lang='lat' dir='ltr'><strong><em>maria</em></strong></span> <span class='ocrx_word' id='word_1_816' title='bbox 2889 5061 3195 5129; x_wconf 82' lang='lat' dir='ltr'><strong><em>infestabant</em></strong></span> <span class='ocrx_word' id='word_1_817' title='bbox 3225 5103 3238 5124; x_wconf 94' lang='lat'><strong><em>,</em></strong></span> <span class='ocrx_word' id='word_1_818' title='bbox 3285 5061 3356 5114; x_wconf 87' lang='lat' dir='ltr'><strong><em>ita</em></strong></span> <span class='ocrx_word' id='word_1_819' title='bbox 3408 5066 3458 5110; x_wconf 84' lang='lat' dir='ltr'><strong><em>ut</em></strong></span> <span class='ocrx_word' id='word_1_820' title='bbox 3503 5055 3688 5129; x_wconf 64' lang='lat' dir='ltr'><strong><em>Bottth</em></strong></span> 
     </span>
    </p>
   </div>
   <div class='ocr_carea' id='block_1_114' title="bbox 2181 5121 3688 5204">
    <p class='ocr_par' dir='ltr' id='par_1_114' title="bbox 2181 5121 3688 5204">
     <span class='ocr_line' id='line_1_114' title="bbox 2181 5121 3688 5204; baseline -0.001 -18"><span class='ocrx_word' id='word_1_821' title='bbox 2181 5142 2286 5186; x_wconf 87' lang='lat' dir='ltr'><strong><em>toto</em></strong></span> <span class='ocrx_word' id='word_1_822' title='bbox 2309 5129 2427 5183; x_wconf 90' lang='lat' dir='ltr'><strong><em>orbe</em></strong></span> <span class='ocrx_word' id='word_1_823' title='bbox 2451 5129 2739 5195; x_wconf 87' lang='lat' dir='ltr'><strong><em>victoribus,</em></strong></span> <span class='ocrx_word' id='word_1_824' title='bbox 2765 5133 2878 5185; x_wconf 85' lang='lat' dir='ltr'><strong><em>sola</em></strong></span> <span class='ocrx_word' id='word_1_825' title='bbox 2909 5121 3162 5204; x_wconf 76' lang='lat' dir='ltr'><strong><em>navigatio</em></strong></span> <span class='ocrx_word' id='word_1_826' title='bbox 3190 5121 3297 5186; x_wconf 83' lang='lat' dir='ltr'><strong><em>tuta</em></strong></span> <span class='ocrx_word' id='word_1_827' title='bbox 3326 5146 3422 5183; x_wconf 86' lang='lat' dir='ltr'><strong><em>non</em></strong></span> <span class='ocrx_word' id='word_1_828' title='bbox 3443 5134 3566 5182; x_wconf 85' lang='lat' dir='ltr'><strong><em>esset.</em></strong></span> <span class='ocrx_word' id='word_1_829' title='bbox 3585 5121 3688 5184; x_wconf 71' lang='grc'><strong><em>01⁸⁸</em></strong></span> 
     </span>
    </p>
   </div>
   <div class='ocr_carea' id='block_1_115' title="bbox 2182 5213 2386 5266">
    <p class='ocr_par' dir='ltr' id='par_1_115' title="bbox 2182 5213 2386 5266">
     <span class='ocr_line' id='line_1_115' title="bbox 2182 5213 2386 5266; baseline -0.015 -10"><span class='ocrx_word' id='word_1_830' title='bbox 2182 5219 2257 5266; x_wconf 89' lang='lat' dir='ltr'><strong><em>re,</em></strong></span> <span class='ocrx_word' id='word_1_831' title='bbox 2283 5213 2386 5256; x_wconf 90' lang='lat' dir='ltr'><strong><em>etc.</em></strong></span> 
     </span>
    </p>
   </div>
   <div class='ocr_carea' id='block_1_116' title="bbox 2257 5262 3687 5341">
    <p class='ocr_par' dir='ltr' id='par_1_116' title="bbox 2257 5262 3687 5341">
     <span class='ocr_line' id='line_1_116' title="bbox 2257 5262 3687 5341; baseline -0.012 -15"><span class='ocrx_word' id='word_1_832' title='bbox 2257 5281 2282 5309; x_wconf 79' lang='grc' dir='ltr'><strong>ο</strong></span> <span class='ocrx_word' id='word_1_833' title='bbox 2316 5273 2403 5336; x_wconf 83' lang='grc' dir='ltr'><strong><em>Α.,</em></strong></span> <span class='ocrx_word' id='word_1_834' title='bbox 2437 5276 2555 5337; x_wconf 90' lang='lat' dir='ltr'><strong><em>post</em></strong></span> <span class='ocrx_word' id='word_1_835' title='bbox 2593 5274 2810 5341; x_wconf 77' lang='lat' dir='ltr'><strong><em>conferit</em></strong></span> <span class='ocrx_word' id='word_1_836' title='bbox 2840 5288 2859 5326; x_wconf 92' lang='lat'><strong><em>:</em></strong></span> <span class='ocrx_word' id='word_1_837' title='bbox 2887 5270 3015 5325; x_wconf 69' lang='lat' dir='ltr'><strong><em>Mox</em></strong></span> <span class='ocrx_word' id='word_1_838' title='bbox 3059 5275 3104 5326; x_wconf 91' lang='lat' dir='ltr'><strong><em>ei</em></strong></span> <span class='ocrx_word' id='word_1_839' title='bbox 3150 5274 3370 5327; x_wconf 85' lang='lat' dir='ltr'><strong><em>delatum</em></strong></span> <span class='ocrx_word' id='word_1_840' title='bbox 3394 5271 3525 5322; x_wconf 87' lang='lat' dir='ltr'><strong><em>etiam</em></strong></span> <span class='ocrx_word' id='word_1_841' title='bbox 3552 5262 3687 5341; x_wconf 69' lang='lat' dir='ltr'><strong><em>bellant</em></strong></span> 
     </span>
    </p>
   </div>
   <div class='ocr_carea' id='block_1_117' title="bbox 2184 5339 3689 5412">
    <p class='ocr_par' dir='ltr' id='par_1_117' title="bbox 2184 5339 3689 5412">
     <span class='ocr_line' id='line_1_117' title="bbox 2184 5339 3689 5412; baseline -0.012 -12"><span class='ocrx_word' id='word_1_842' title='bbox 2184 5354 2360 5400; x_wconf 90' lang='lat' dir='ltr'><strong><em>contra</em></strong></span> <span class='ocrx_word' id='word_1_843' title='bbox 2375 5358 2542 5412; x_wconf 84' lang='lat' dir='ltr'><strong><em>regem</em></strong></span> <span class='ocrx_word' id='word_1_844' title='bbox 2569 5339 2922 5395; x_wconf 81' lang='lat' dir='ltr'><strong><em>Mithridatem</em></strong></span> <span class='ocrx_word' id='word_1_845' title='bbox 2946 5345 2998 5395; x_wconf 90' lang='lat' dir='ltr'><strong><em>in</em></strong></span> <span class='ocrx_word' id='word_1_846' title='bbox 3021 5345 3261 5397; x_wconf 75' lang='lat' dir='ltr'><strong><em>Armenia</em></strong></span> <span class='ocrx_word' id='word_1_847' title='bbox 3289 5345 3486 5412; x_wconf 82' lang='lat' dir='ltr'><strong><em>minore,</em></strong></span> <span class='ocrx_word' id='word_1_848' title='bbox 3507 5339 3689 5388; x_wconf 72' lang='lat' dir='ltr'><strong><em>nocturno</em></strong></span> 
     </span>
    </p>
   </div>
   <div class='ocr_carea' id='block_1_118' title="bbox 2187 5411 3688 5486">
    <p class='ocr_par' dir='ltr' id='par_1_118' title="bbox 2187 5411 3688 5486">
     <span class='ocr_line' id='line_1_118' title="bbox 2187 5411 3688 5486; baseline -0.015 -18"><span class='ocrx_word' id='word_1_849' title='bbox 2187 5415 2368 5486; x_wconf 77' lang='lat' dir='ltr'><strong><em>prtelio</em></strong></span> <span class='ocrx_word' id='word_1_850' title='bbox 2401 5411 2538 5475; x_wconf 83' lang='lat' dir='ltr'><strong><em>vicit,</em></strong></span> <span class='ocrx_word' id='word_1_851' title='bbox 2571 5425 2736 5465; x_wconf 81' lang='lat' dir='ltr'><strong><em>castra</em></strong></span> <span class='ocrx_word' id='word_1_852' title='bbox 2768 5415 3001 5478; x_wconf 86' lang='lat' dir='ltr'><strong><em>diripuit,</em></strong></span> <span class='ocrx_word' id='word_1_853' title='bbox 3039 5431 3145 5468; x_wconf 71' lang='lat' dir='ltr'><strong>xu</strong></span> <span class='ocrx_word' id='word_1_854' title='bbox 3176 5418 3285 5482; x_wconf 83' lang='lat' dir='ltr'><strong><em>ejus</em></strong></span> <span class='ocrx_word' id='word_1_855' title='bbox 3314 5411 3499 5471; x_wconf 84' lang='lat' dir='ltr'><strong><em>occidit,</em></strong></span> <span class='ocrx_word' id='word_1_856' title='bbox 3526 5418 3578 5457; x_wconf 76' lang='lat' dir='ltr'><strong><em>sx</em></strong></span> <span class='ocrx_word' id='word_1_857' title='bbox 3603 5412 3688 5486; x_wconf 53' lang='lat' dir='ltr'><strong><em>“El:</em></strong></span> 
     </span>
    </p>
   </div>
   <div class='ocr_carea' id='block_1_119' title="bbox 2190 5465 3688 5554">
    <p class='ocr_par' dir='ltr' id='par_1_119' title="bbox 2190 5465 3688 5554">
     <span class='ocr_line' id='line_1_119' title="bbox 2190 5465 3688 5554; baseline -0.007 -14"><span class='ocrx_word' id='word_1_858' title='bbox 2190 5465 2294 5540; x_wconf 70' lang='lat' dir='ltr'><strong><em>iam</em></strong></span> <span class='ocrx_word' id='word_1_859' title='bbox 2325 5489 2386 5537; x_wconf 87' lang='lat' dir='ltr'><strong><em>de</em></strong></span> <span class='ocrx_word' id='word_1_860' title='bbox 2417 5465 2633 5537; x_wconf 62' lang='lat' dir='ltr'><strong><em>exercitu</em></strong></span> <span class='ocrx_word' id='word_1_861' title='bbox 2665 5501 2758 5536; x_wconf 86' lang='lat' dir='ltr'><strong><em>suo</em></strong></span> <span class='ocrx_word' id='word_1_862' title='bbox 2783 5465 3004 5554; x_wconf 72' lang='lat' dir='ltr'><strong><em>perdidil</em></strong></span> <span class='ocrx_word' id='word_1_863' title='bbox 3027 5526 3041 5548; x_wconf 93' lang='lat'><strong><em>,</em></strong></span> <span class='ocrx_word' id='word_1_864' title='bbox 3071 5497 3113 5538; x_wconf 92' lang='lat' dir='ltr'><strong><em>et</em></strong></span> <span class='ocrx_word' id='word_1_865' title='bbox 3146 5465 3269 5536; x_wconf 66' lang='lat' dir='ltr'><strong><em>dtios</em></strong></span> <span class='ocrx_word' id='word_1_866' title='bbox 3297 5489 3598 5554; x_wconf 42' lang='lat' dir='ltr'><strong><em>centurioucﬁ;</em></strong></span> 
     </span>
    </p>
   </div>
   <div class='ocr_carea' id='block_1_120' title="bbox 2189 5541 3688 5625">
    <p class='ocr_par' dir='ltr' id='par_1_120' title="bbox 2189 5541 3688 5625">
     <span class='ocr_line' id='line_1_120' title="bbox 2189 5541 3688 5625; baseline -0.009 -13"><span class='ocrx_word' id='word_1_867' title='bbox 2189 5558 2429 5612; x_wconf 75' lang='lat' dir='ltr'><strong><em>tlmdutes</em></strong></span> <span class='ocrx_word' id='word_1_868' title='bbox 2456 5571 2569 5608; x_wconf 84' lang='lat' dir='ltr'><strong><em>cum</em></strong></span> <span class='ocrx_word' id='word_1_869' title='bbox 2602 5571 2758 5608; x_wconf 67' lang='grc' dir='ltr'><strong><em>αξιοι-ε</em></strong></span> <span class='ocrx_word' id='word_1_870' title='bbox 2783 5541 2940 5625; x_wconf 55' lang='grc' dir='ltr'><strong><em>ἰαθὶμ</em></strong></span> <span class='ocrx_word' id='word_1_871' title='bbox 2973 5541 3040 5608; x_wconf 64' lang='grc' dir='ltr'><strong><em>αι’</em></strong></span> <span class='ocrx_word' id='word_1_872' title='bbox 3061 5560 3254 5608; x_wconf 86' lang='lat' dir='ltr'><strong><em>duobus</em></strong></span> <span class='ocrx_word' id='word_1_873' title='bbox 3279 5553 3535 5607; x_wconf 82' lang='lat' dir='ltr'><strong><em>comitibus.</em></strong></span> <span class='ocrx_word' id='word_1_874' title='bbox 3559 5541 3688 5625; x_wconf 52' lang='grc' dir='ltr'><strong><em>ΜΨ</em></strong></span> 
     </span>
    </p>
   </div>
   <div class='ocr_carea' id='block_1_121' title="bbox 2189 5619 3688 5695">
    <p class='ocr_par' dir='ltr' id='par_1_121' title="bbox 2189 5619 3688 5695">
     <span class='ocr_line' id='line_1_121' title="bbox 2189 5619 3688 5695; baseline -0.013 -13"><span class='ocrx_word' id='word_1_875' title='bbox 2189 5631 2348 5682; x_wconf 87' lang='lat' dir='ltr'><strong><em>multo</em></strong></span> <span class='ocrx_word' id='word_1_876' title='bbox 2374 5636 2508 5695; x_wconf 82' lang='lat' dir='ltr'><strong><em>post,</em></strong></span> <span class='ocrx_word' id='word_1_877' title='bbox 2543 5642 2655 5679; x_wconf 88' lang='lat' dir='ltr'><strong><em>cum</em></strong></span> <span class='ocrx_word' id='word_1_878' title='bbox 2684 5628 2734 5678; x_wconf 92' lang='lat' dir='ltr'><strong><em>in</em></strong></span> <span class='ocrx_word' id='word_1_879' title='bbox 2767 5619 2880 5678; x_wconf 59' lang='lat' dir='ltr'><strong><em>suo}</em></strong></span> <span class='ocrx_word' id='word_1_880' title='bbox 2911 5628 3135 5682; x_wconf 76' lang='lat' dir='ltr'><strong><em>str‘virel.</em></strong></span> <span class='ocrx_word' id='word_1_881' title='bbox 3168 5635 3210 5677; x_wconf 88' lang='lat' dir='ltr'><strong><em>et</em></strong></span> <span class='ocrx_word' id='word_1_882' title='bbox 3254 5628 3515 5695; x_wconf 77' lang='lat' dir='ltr'><strong><em>complures</em></strong></span> <span class='ocrx_word' id='word_1_883' title='bbox 3547 5619 3688 5695; x_wconf 44' lang='lat' dir='ltr'><strong><em>ontulit</em></strong></span> 
     </span>
    </p>
   </div>
   <div class='ocr_carea' id='block_1_122' title="bbox 2189 5687 3690 5771">
    <p class='ocr_par' dir='ltr' id='par_1_122' title="bbox 2189 5687 3690 5771">
     <span class='ocr_line' id='line_1_122' title="bbox 2189 5687 3690 5771; baseline -0.011 -17"><span class='ocrx_word' id='word_1_884' title='bbox 2189 5716 2332 5766; x_wconf 86' lang='lat' dir='ltr'><strong><em>suos,</em></strong></span> <span class='ocrx_word' id='word_1_885' title='bbox 2355 5687 2545 5771; x_wconf 73' lang='lat' dir='ltr'><strong><em>necnon</em></strong></span> <span class='ocrx_word' id='word_1_886' title='bbox 2572 5697 2891 5767; x_wconf 68' lang='lat' dir='ltr'><strong><em>Eripodram</em></strong></span> <span class='ocrx_word' id='word_1_887' title='bbox 2921 5697 3300 5771; x_wconf 82' lang='lat' dir='ltr'><strong><em>Magaremque,</em></strong></span> <span class='ocrx_word' id='word_1_888' title='bbox 3327 5693 3451 5763; x_wconf 82' lang='lat' dir='ltr'><strong><em>ﬁlios</em></strong></span> <span class='ocrx_word' id='word_1_889' title='bbox 3473 5699 3587 5750; x_wconf 77' lang='lat' dir='ltr'><strong><em>suos,</em></strong></span> <span class='ocrx_word' id='word_1_890' title='bbox 3609 5687 3690 5732; x_wconf 68' lang='grc' dir='ltr'><strong><em>ιη’</em></strong></span> 
     </span>
    </p>
   </div>
   <div class='ocr_carea' id='block_1_123' title="bbox 2190 5769 2915 5839">
    <p class='ocr_par' dir='ltr' id='par_1_123' title="bbox 2190 5769 2915 5839">
     <span class='ocr_line' id='line_1_123' title="bbox 2190 5769 2915 5839; baseline 0.001 -15"><span class='ocrx_word' id='word_1_891' title='bbox 2190 5773 2429 5839; x_wconf 84' lang='lat' dir='ltr'><strong><em>cidasset,</em></strong></span> <span class='ocrx_word' id='word_1_892' title='bbox 2460 5769 2776 5837; x_wconf 85' lang='lat' dir='ltr'><strong><em>Pharnaces,</em></strong></span> <span class='ocrx_word' id='word_1_893' title='bbox 2809 5781 2915 5829; x_wconf 81' lang='lat' dir='ltr'><strong><em>etc.</em></strong></span> 
     </span>
    </p>
   </div>
  </div>
