  <div class='ocr_page' id='page_1' title='image "/cluster/home/n/w/nwhite01/storage/ocr_20150623/95/hvd.32044010719722/440.png"; bbox 0 0 3920 6336; ppageno 0'>
   <div class='ocr_carea' id='block_1_1' title="bbox 1221 312 2347 377">
    <p class='ocr_par' dir='ltr' id='par_1_1' title="bbox 1221 312 2347 377">
     <span class='ocr_line' id='line_1_1' title="bbox 1221 312 2347 377; baseline 0.003 -3"><span class='ocrx_word' id='word_1_1' title='bbox 1221 316 1543 377; x_wconf 77' lang='lat' dir='ltr'><strong><em>HISTORIA</em></strong></span> <span class='ocrx_word' id='word_1_2' title='bbox 1582 317 1944 377; x_wconf 66' lang='lat' dir='ltr'><strong><em>HISCELLA.</em></strong></span> <span class='ocrx_word' id='word_1_3' title='bbox 1984 351 2057 365; x_wconf 92' lang='lat'><strong><em>--</em></strong></span> <span class='ocrx_word' id='word_1_4' title='bbox 2091 319 2218 377; x_wconf 80' lang='lat' dir='ltr'><strong><em>LIB.</em></strong></span> <span class='ocrx_word' id='word_1_5' title='bbox 2262 312 2347 377; x_wconf 76' lang='lat' dir='ltr'><strong><em>VI.</em></strong></span> 
     </span>
    </p>
   </div>
   <div class='ocr_carea' id='block_1_2' title="bbox 3341 314 3448 377">
    <p class='ocr_par' dir='ltr' id='par_1_2' title="bbox 3341 314 3448 377">
     <span class='ocr_line' id='line_1_2' title="bbox 3341 314 3448 377; baseline -0.019 0"><span class='ocrx_word' id='word_1_6' title='bbox 3341 314 3448 377; x_wconf 73' lang='grc'><strong><em>834</em></strong></span> 
     </span>
    </p>
   </div>
   <div class='ocr_carea' id='block_1_3' title="bbox 214 423 3450 507">
    <p class='ocr_par' dir='ltr' id='par_1_3' title="bbox 214 423 3450 507">
     <span class='ocr_line' id='line_1_3' title="bbox 214 423 3450 507; baseline 0.002 -20"><span class='ocrx_word' id='word_1_7' title='bbox 214 440 364 494; x_wconf 78' lang='lat' dir='ltr'><strong><em>cutus,</em></strong></span> <span class='ocrx_word' id='word_1_8' title='bbox 404 432 535 485; x_wconf 83' lang='lat' dir='ltr'><strong><em>inter</em></strong></span> <span class='ocrx_word' id='word_1_9' title='bbox 561 428 661 484; x_wconf 88' lang='lat' dir='ltr'><strong><em>duo</em></strong></span> <span class='ocrx_word' id='word_1_10' title='bbox 688 423 902 500; x_wconf 73' lang='lat' dir='ltr'><strong><em>ﬂumina</em></strong></span> <span class='ocrx_word' id='word_1_11' title='bbox 920 470 938 498; x_wconf 92' lang='lat'><strong><em>,</em></strong></span> <span class='ocrx_word' id='word_1_12' title='bbox 978 447 1093 500; x_wconf 65' lang='lat' dir='ltr'><strong><em>quae</em></strong></span> <span class='ocrx_word' id='word_1_13' title='bbox 1116 432 1181 487; x_wconf 93' lang='lat' dir='ltr'><strong><em>ab</em></strong></span> <span class='ocrx_word' id='word_1_14' title='bbox 1210 450 1313 489; x_wconf 88' lang='lat' dir='ltr'><strong><em>uno</em></strong></span> <span class='ocrx_word' id='word_1_15' title='bbox 1342 446 1514 490; x_wconf 84' lang='lat' dir='ltr'><strong><em>monte</em></strong></span> <span class='ocrx_word' id='word_1_16' title='bbox 1557 435 1767 492; x_wconf 74' lang='lat' dir='ltr'><strong><em>diuersis</em></strong></span> <span class='ocrx_word' id='word_1_17' title='bbox 1795 439 1848 499; x_wconf 80' lang='grc' dir='ltr'>Α</span> <span class='ocrx_word' id='word_1_18' title='bbox 1874 436 2022 492; x_wconf 88' lang='lat' dir='ltr'><strong><em>homo</em></strong></span> <span class='ocrx_word' id='word_1_19' title='bbox 2046 439 2297 499; x_wconf 84' lang='lat' dir='ltr'><strong><em>omnium.</em></strong></span> <span class='ocrx_word' id='word_1_20' title='bbox 2339 447 2394 491; x_wconf 85' lang='lat' dir='ltr'><strong><em>ut</em></strong></span> <span class='ocrx_word' id='word_1_21' title='bbox 2421 437 2600 505; x_wconf 85' lang='lat' dir='ltr'><strong><em>fertur,</em></strong></span> <span class='ocrx_word' id='word_1_22' title='bbox 2629 433 3071 493; x_wconf 68' lang='lat' dir='ltr'><strong><em>studiosissimus:</em></strong></span> <span class='ocrx_word' id='word_1_23' title='bbox 3103 436 3194 507; x_wconf 89' lang='lat' dir='ltr'><strong><em>qui</em></strong></span> <span class='ocrx_word' id='word_1_24' title='bbox 3231 439 3450 493; x_wconf 84' lang='lat' dir='ltr'><strong><em>duarum</em></strong></span> 
     </span>
    </p>
   </div>
   <div class='ocr_carea' id='block_1_4' title="bbox 215 525 1770 598">
    <p class='ocr_par' dir='ltr' id='par_1_4' title="bbox 215 525 1770 598">
     <span class='ocr_line' id='line_1_4' title="bbox 215 525 1770 598; baseline 0.003 -18"><span class='ocrx_word' id='word_1_25' title='bbox 215 526 433 594; x_wconf 79' lang='lat' dir='ltr'><strong><em>specubus</em></strong></span> <span class='ocrx_word' id='word_1_26' title='bbox 461 525 776 587; x_wconf 61' lang='lat' dir='ltr'><strong><em>exoriuntur,</em></strong></span> <span class='ocrx_word' id='word_1_27' title='bbox 807 527 900 579; x_wconf 89' lang='lat' dir='ltr'><strong><em>hoc</em></strong></span> <span class='ocrx_word' id='word_1_28' title='bbox 929 536 1003 581; x_wconf 90' lang='lat' dir='ltr'><strong><em>est</em></strong></span> <span class='ocrx_word' id='word_1_29' title='bbox 1025 568 1042 592; x_wconf 96' lang='lat'><strong><em>,</em></strong></span> <span class='ocrx_word' id='word_1_30' title='bbox 1069 525 1391 598; x_wconf 76' lang='lat' dir='ltr'><strong><em>Euphratem</em></strong></span> <span class='ocrx_word' id='word_1_31' title='bbox 1437 545 1483 584; x_wconf 87' lang='lat' dir='ltr'><strong><em>et</em></strong></span> <span class='ocrx_word' id='word_1_32' title='bbox 1540 532 1770 597; x_wconf 72' lang='lat' dir='ltr'><strong><em>Araxen,</em></strong></span> 
     </span>
    </p>
   </div>
   <div class='ocr_carea' id='block_1_5' title="bbox 216 614 1771 688">
    <p class='ocr_par' dir='ltr' id='par_1_5' title="bbox 216 614 1771 688">
     <span class='ocr_line' id='line_1_5' title="bbox 216 614 1771 688; baseline 0.003 -20"><span class='ocrx_word' id='word_1_33' title='bbox 216 615 365 668; x_wconf 74' lang='lat' dir='ltr'><strong><em>urlnm</em></strong></span> <span class='ocrx_word' id='word_1_34' title='bbox 392 614 686 681; x_wconf 78' lang='lat' dir='ltr'><strong><em>Nicopolim</em></strong></span> <span class='ocrx_word' id='word_1_35' title='bbox 715 616 938 683; x_wconf 85' lang='lat' dir='ltr'><strong><em>senibus,</em></strong></span> <span class='ocrx_word' id='word_1_36' title='bbox 985 618 1125 683; x_wconf 79' lang='lat' dir='ltr'><strong><em>lixis,</em></strong></span> <span class='ocrx_word' id='word_1_37' title='bbox 1168 627 1216 673; x_wconf 92' lang='lat' dir='ltr'><strong><em>et</em></strong></span> <span class='ocrx_word' id='word_1_38' title='bbox 1260 619 1411 688; x_wconf 79' lang='lat' dir='ltr'><strong><em>tegris</em></strong></span> <span class='ocrx_word' id='word_1_39' title='bbox 1463 621 1771 683; x_wconf 78' lang='lat' dir='ltr'><strong><em>nolentibus,</em></strong></span> 
     </span>
    </p>
   </div>
   <div class='ocr_carea' id='block_1_6' title="bbox 215 704 1775 780">
    <p class='ocr_par' dir='ltr' id='par_1_6' title="bbox 215 704 1775 780">
     <span class='ocr_line' id='line_1_6' title="bbox 215 704 1775 780; baseline 0.004 -23"><span class='ocrx_word' id='word_1_40' title='bbox 215 705 436 759; x_wconf 84' lang='lat' dir='ltr'><strong><em>condidit.</em></strong></span> <span class='ocrx_word' id='word_1_41' title='bbox 474 704 702 758; x_wconf 75' lang='lat' dir='ltr'><strong><em>Herodis</em></strong></span> <span class='ocrx_word' id='word_1_42' title='bbox 727 708 1040 761; x_wconf 79' lang='lat' dir='ltr'><strong><em>Albanorum</em></strong></span> <span class='ocrx_word' id='word_1_43' title='bbox 1081 710 1214 779; x_wconf 86' lang='lat' dir='ltr'><strong><em>regis</em></strong></span> <span class='ocrx_word' id='word_1_44' title='bbox 1254 712 1557 774; x_wconf 67' lang='lat' dir='ltr'><strong><em>exercitum,</em></strong></span> <span class='ocrx_word' id='word_1_45' title='bbox 1582 714 1775 780; x_wconf 72' lang='lat' dir='ltr'><strong><em>prwfc-</em></strong></span> 
     </span>
    </p>
   </div>
   <div class='ocr_carea' id='block_1_7' title="bbox 216 796 1772 875">
    <p class='ocr_par' dir='ltr' id='par_1_7' title="bbox 216 796 1772 875">
     <span class='ocr_line' id='line_1_7' title="bbox 216 796 1772 875; baseline 0.003 -27"><span class='ocrx_word' id='word_1_46' title='bbox 216 806 395 864; x_wconf 84' lang='lat' dir='ltr'><strong><em>ctasque</em></strong></span> <span class='ocrx_word' id='word_1_47' title='bbox 420 799 531 866; x_wconf 81' lang='lat' dir='ltr'><strong><em>ejus</em></strong></span> <span class='ocrx_word' id='word_1_48' title='bbox 562 806 641 851; x_wconf 91' lang='lat' dir='ltr'><strong><em>ter</em></strong></span> <span class='ocrx_word' id='word_1_49' title='bbox 670 797 848 863; x_wconf 65' lang='lat' dir='ltr'><strong><em>pretio</em></strong></span> <span class='ocrx_word' id='word_1_50' title='bbox 875 800 1012 852; x_wconf 81' lang='lat' dir='ltr'><strong><em>vicit.</em></strong></span> <span class='ocrx_word' id='word_1_51' title='bbox 1050 796 1231 853; x_wconf 86' lang='lat' dir='ltr'><strong><em>Postea</em></strong></span> <span class='ocrx_word' id='word_1_52' title='bbox 1255 799 1479 875; x_wconf 71' lang='lat' dir='ltr'><strong><em>lioradis</em></strong></span> <span class='ocrx_word' id='word_1_53' title='bbox 1509 800 1772 870; x_wconf 77' lang='lat' dir='ltr'><strong><em>epistolas,</em></strong></span> 
     </span>
    </p>
   </div>
   <div class='ocr_carea' id='block_1_8' title="bbox 216 890 1777 959">
    <p class='ocr_par' dir='ltr' id='par_1_8' title="bbox 216 890 1777 959">
     <span class='ocr_line' id='line_1_8' title="bbox 216 890 1777 959; baseline 0.001 -17"><span class='ocrx_word' id='word_1_54' title='bbox 216 898 255 942; x_wconf 87' lang='lat' dir='ltr'><strong><em>et</em></strong></span> <span class='ocrx_word' id='word_1_55' title='bbox 280 904 478 941; x_wconf 79' lang='lat' dir='ltr'><strong><em>iuunera</em></strong></span> <span class='ocrx_word' id='word_1_56' title='bbox 509 905 600 952; x_wconf 87' lang='lat' dir='ltr'><strong><em>pro</em></strong></span> <span class='ocrx_word' id='word_1_57' title='bbox 629 907 758 959; x_wconf 91' lang='lat' dir='ltr'><strong><em>pace</em></strong></span> <span class='ocrx_word' id='word_1_58' title='bbox 783 906 901 943; x_wconf 84' lang='lat' dir='ltr'><strong><em>cum</em></strong></span> <span class='ocrx_word' id='word_1_59' title='bbox 930 890 1149 944; x_wconf 79' lang='lat' dir='ltr'><strong><em>Albanis</em></strong></span> <span class='ocrx_word' id='word_1_60' title='bbox 1185 892 1524 944; x_wconf 81' lang='lat' dir='ltr'><strong><em>instauranda</em></strong></span> <span class='ocrx_word' id='word_1_61' title='bbox 1564 890 1777 945; x_wconf 89' lang='lat' dir='ltr'><strong><em>libenter</em></strong></span> 
     </span>
    </p>
   </div>
   <div class='ocr_carea' id='block_1_9' title="bbox 217 981 1778 1051">
    <p class='ocr_par' dir='ltr' id='par_1_9' title="bbox 217 981 1778 1051">
     <span class='ocr_line' id='line_1_9' title="bbox 217 981 1778 1051; baseline 0.002 -21"><span class='ocrx_word' id='word_1_62' title='bbox 217 981 386 1044; x_wconf 87' lang='lat' dir='ltr'><strong><em>accepit</em></strong></span> <span class='ocrx_word' id='word_1_63' title='bbox 410 1020 427 1047; x_wconf 88' lang='lat'><strong><em>,</em></strong></span> <span class='ocrx_word' id='word_1_64' title='bbox 462 981 757 1050; x_wconf 79' lang='lat' dir='ltr'><strong><em>veniamque</em></strong></span> <span class='ocrx_word' id='word_1_65' title='bbox 783 981 828 1033; x_wconf 89' lang='lat' dir='ltr'><strong><em>ei</em></strong></span> <span class='ocrx_word' id='word_1_66' title='bbox 853 992 899 1034; x_wconf 91' lang='lat' dir='ltr'><strong><em>et</em></strong></span> <span class='ocrx_word' id='word_1_67' title='bbox 929 997 1103 1048; x_wconf 83' lang='lat' dir='ltr'><strong><em>pacem</em></strong></span> <span class='ocrx_word' id='word_1_68' title='bbox 1146 982 1306 1036; x_wconf 88' lang='lat' dir='ltr'><strong><em>dedit.</em></strong></span> <span class='ocrx_word' id='word_1_69' title='bbox 1346 983 1582 1035; x_wconf 78' lang='lat' dir='ltr'><strong><em>Artacens</em></strong></span> <span class='ocrx_word' id='word_1_70' title='bbox 1610 994 1778 1051; x_wconf 84' lang='lat' dir='ltr'><strong><em>regem</em></strong></span> 
     </span>
    </p>
   </div>
   <div class='ocr_carea' id='block_1_10' title="bbox 219 1069 1779 1142">
    <p class='ocr_par' dir='ltr' id='par_1_10' title="bbox 219 1069 1779 1142">
     <span class='ocr_line' id='line_1_10' title="bbox 219 1069 1779 1142; baseline 0.001 -18"><span class='ocrx_word' id='word_1_71' title='bbox 219 1069 379 1124; x_wconf 79' lang='lat' dir='ltr'><strong><em>Iberne</em></strong></span> <span class='ocrx_word' id='word_1_72' title='bbox 418 1072 595 1141; x_wconf 67' lang='lat' dir='ltr'><strong><em>praelia</em></strong></span> <span class='ocrx_word' id='word_1_73' title='bbox 626 1073 789 1140; x_wconf 89' lang='lat' dir='ltr'><strong><em>fudit,</em></strong></span> <span class='ocrx_word' id='word_1_74' title='bbox 818 1081 1077 1142; x_wconf 76' lang='lat' dir='ltr'><strong><em>totamque</em></strong></span> <span class='ocrx_word' id='word_1_75' title='bbox 1108 1071 1331 1126; x_wconf 78' lang='lat' dir='ltr'><strong><em>Iberiam</em></strong></span> <span class='ocrx_word' id='word_1_76' title='bbox 1376 1075 1430 1127; x_wconf 91' lang='lat' dir='ltr'><strong><em>in</em></strong></span> <span class='ocrx_word' id='word_1_77' title='bbox 1470 1074 1779 1126; x_wconf 85' lang='lat' dir='ltr'><strong><em>deditionem</em></strong></span> 
     </span>
    </p>
   </div>
   <div class='ocr_carea' id='block_1_11' title="bbox 216 1163 1781 1235">
    <p class='ocr_par' dir='ltr' id='par_1_11' title="bbox 216 1163 1781 1235">
     <span class='ocr_line' id='line_1_11' title="bbox 216 1163 1781 1235; baseline 0.001 -20"><span class='ocrx_word' id='word_1_78' title='bbox 216 1164 410 1231; x_wconf 60' lang='lat' dir='ltr'><strong><em>act-epit.</em></strong></span> <span class='ocrx_word' id='word_1_79' title='bbox 441 1163 730 1215; x_wconf 79' lang='lat' dir='ltr'><strong><em>Armeniam</em></strong></span> <span class='ocrx_word' id='word_1_80' title='bbox 762 1165 1007 1217; x_wconf 84' lang='lat' dir='ltr'><strong><em>minorem</em></strong></span> <span class='ocrx_word' id='word_1_81' title='bbox 1038 1163 1280 1235; x_wconf 81' lang='lat' dir='ltr'><strong><em>Dejotaro</em></strong></span> <span class='ocrx_word' id='word_1_82' title='bbox 1307 1163 1525 1219; x_wconf 80' lang='lat' dir='ltr'><strong><em>Galatice</em></strong></span> <span class='ocrx_word' id='word_1_83' title='bbox 1552 1165 1658 1235; x_wconf 91' lang='lat' dir='ltr'><strong><em>regi</em></strong></span> <span class='ocrx_word' id='word_1_84' title='bbox 1681 1164 1781 1217; x_wconf 86' lang='lat' dir='ltr'><strong><em>do-</em></strong></span> 
     </span>
    </p>
   </div>
   <div class='ocr_carea' id='block_1_12' title="bbox 218 1252 1778 1325">
    <p class='ocr_par' dir='ltr' id='par_1_12' title="bbox 218 1252 1778 1325">
     <span class='ocr_line' id='line_1_12' title="bbox 218 1252 1778 1325; baseline 0.001 -19"><span class='ocrx_word' id='word_1_85' title='bbox 218 1252 371 1317; x_wconf 72' lang='lat' dir='ltr'><strong><em>uarii,</em></strong></span> <span class='ocrx_word' id='word_1_86' title='bbox 417 1254 535 1318; x_wconf 85' lang='lat' dir='ltr'><strong><em>quia</em></strong></span> <span class='ocrx_word' id='word_1_87' title='bbox 578 1254 745 1306; x_wconf 86' lang='lat' dir='ltr'><strong><em>socius</em></strong></span> <span class='ocrx_word' id='word_1_88' title='bbox 790 1254 908 1307; x_wconf 90' lang='lat' dir='ltr'><strong><em>belli</em></strong></span> <span class='ocrx_word' id='word_1_89' title='bbox 955 1255 1296 1309; x_wconf 67' lang='lat' dir='ltr'><strong><em>Hrthridatici</em></strong></span> <span class='ocrx_word' id='word_1_90' title='bbox 1349 1258 1467 1325; x_wconf 91' lang='lat' dir='ltr'><strong><em>fuit.</em></strong></span> <span class='ocrx_word' id='word_1_91' title='bbox 1515 1256 1684 1309; x_wconf 81' lang='lat' dir='ltr'><strong><em>Attalo</em></strong></span> <span class='ocrx_word' id='word_1_92' title='bbox 1727 1263 1778 1310; x_wconf 89' lang='lat' dir='ltr'><strong><em>et</em></strong></span> 
     </span>
    </p>
   </div>
   <div class='ocr_carea' id='block_1_13' title="bbox 218 1342 1781 1413">
    <p class='ocr_par' dir='ltr' id='par_1_13' title="bbox 218 1342 1781 1413">
     <span class='ocr_line' id='line_1_13' title="bbox 218 1342 1781 1413; baseline 0.001 -16"><span class='ocrx_word' id='word_1_93' title='bbox 218 1342 466 1413; x_wconf 78' lang='lat' dir='ltr'><strong><em>Pglemeni</em></strong></span> <span class='ocrx_word' id='word_1_94' title='bbox 494 1342 907 1413; x_wconf 82' lang='lat' dir='ltr'><strong><em>Paphlagoniam</em></strong></span> <span class='ocrx_word' id='word_1_95' title='bbox 947 1347 1189 1399; x_wconf 85' lang='lat' dir='ltr'><strong><em>reddidit.</em></strong></span> <span class='ocrx_word' id='word_1_96' title='bbox 1216 1346 1540 1400; x_wconf 79' lang='lat' dir='ltr'><strong><em>Aristocltum</em></strong></span> <span class='ocrx_word' id='word_1_97' title='bbox 1581 1346 1781 1401; x_wconf 75' lang='lat' dir='ltr'><strong><em>Colchis</em></strong></span> 
     </span>
    </p>
   </div>
   <div class='ocr_carea' id='block_1_14' title="bbox 216 1432 1782 1506">
    <p class='ocr_par' dir='ltr' id='par_1_14' title="bbox 216 1432 1782 1506">
     <span class='ocr_line' id='line_1_14' title="bbox 216 1432 1782 1506; baseline 0.003 -18"><span class='ocrx_word' id='word_1_98' title='bbox 216 1435 460 1501; x_wconf 77' lang='lat' dir='ltr'><strong><em>imposuit.</em></strong></span> <span class='ocrx_word' id='word_1_99' title='bbox 486 1432 613 1487; x_wconf 69' lang='lat' dir='ltr'><strong><em>Mox</em></strong></span> <span class='ocrx_word' id='word_1_100' title='bbox 632 1436 696 1487; x_wconf 83' lang='lat' dir='ltr'><strong><em>de</em></strong></span> <span class='ocrx_word' id='word_1_101' title='bbox 719 1434 887 1489; x_wconf 86' lang='lat' dir='ltr'><strong><em>Ponto</em></strong></span> <span class='ocrx_word' id='word_1_102' title='bbox 906 1452 1200 1506; x_wconf 79' lang='lat' dir='ltr'><strong><em>promouens</em></strong></span> <span class='ocrx_word' id='word_1_103' title='bbox 1224 1435 1492 1490; x_wconf 77' lang='lat' dir='ltr'><strong><em>Parthiam</em></strong></span> <span class='ocrx_word' id='word_1_104' title='bbox 1518 1436 1782 1493; x_wconf 78' lang='lat' dir='ltr'><strong><em>Ecbatana</em></strong></span> 
     </span>
    </p>
   </div>
   <div class='ocr_carea' id='block_1_15' title="bbox 215 1524 1784 1599">
    <p class='ocr_par' dir='ltr' id='par_1_15' title="bbox 215 1524 1784 1599">
     <span class='ocr_line' id='line_1_15' title="bbox 215 1524 1784 1599; baseline 0.003 -20"><span class='ocrx_word' id='word_1_105' title='bbox 215 1528 394 1587; x_wconf 84' lang='lat' dir='ltr'><strong><em>urbem,</em></strong></span> <span class='ocrx_word' id='word_1_106' title='bbox 420 1535 570 1595; x_wconf 87' lang='lat' dir='ltr'><strong><em>caput</em></strong></span> <span class='ocrx_word' id='word_1_107' title='bbox 599 1524 826 1579; x_wconf 83' lang='lat' dir='ltr'><strong><em>Parthici</em></strong></span> <span class='ocrx_word' id='word_1_108' title='bbox 856 1528 1017 1597; x_wconf 82' lang='lat' dir='ltr'><strong><em>regni,</em></strong></span> <span class='ocrx_word' id='word_1_109' title='bbox 1045 1529 1460 1599; x_wconf 85' lang='lat' dir='ltr'><strong><em>quinquagesimo</em></strong></span> <span class='ocrx_word' id='word_1_110' title='bbox 1490 1529 1573 1581; x_wconf 89' lang='lat' dir='ltr'><strong><em>die</em></strong></span> <span class='ocrx_word' id='word_1_111' title='bbox 1609 1544 1784 1594; x_wconf 79' lang='lat' dir='ltr'><strong><em>perve-</em></strong></span> 
     </span>
    </p>
   </div>
   <div class='ocr_carea' id='block_1_16' title="bbox 214 1616 1780 1688">
    <p class='ocr_par' dir='ltr' id='par_1_16' title="bbox 214 1616 1780 1688">
     <span class='ocr_line' id='line_1_16' title="bbox 214 1616 1780 1688; baseline 0.001 -16"><span class='ocrx_word' id='word_1_112' title='bbox 214 1619 300 1673; x_wconf 89' lang='lat' dir='ltr'><strong><em>nit.</em></strong></span> <span class='ocrx_word' id='word_1_113' title='bbox 330 1616 396 1671; x_wconf 87' lang='lat' dir='ltr'><strong><em>In</em></strong></span> <span class='ocrx_word' id='word_1_114' title='bbox 426 1616 692 1687; x_wconf 75' lang='lat' dir='ltr'><strong><em>Bosphoro</em></strong></span> <span class='ocrx_word' id='word_1_115' title='bbox 720 1616 1024 1672; x_wconf 69' lang='lat' dir='ltr'><strong><em>Mithridate</em></strong></span> <span class='ocrx_word' id='word_1_116' title='bbox 1045 1618 1275 1673; x_wconf 85' lang='lat' dir='ltr'><strong><em>Cerealia</em></strong></span> <span class='ocrx_word' id='word_1_117' title='bbox 1303 1636 1446 1674; x_wconf 89' lang='lat' dir='ltr'><strong><em>sacra</em></strong></span> <span class='ocrx_word' id='word_1_118' title='bbox 1472 1620 1780 1688; x_wconf 85' lang='lat' dir='ltr'><strong><em>celebrante,</em></strong></span> 
     </span>
    </p>
   </div>
   <div class='ocr_carea' id='block_1_17' title="bbox 213 1710 1785 1780">
    <p class='ocr_par' dir='ltr' id='par_1_17' title="bbox 213 1710 1785 1780">
     <span class='ocr_line' id='line_1_17' title="bbox 213 1710 1785 1780; baseline -0.001 -15"><span class='ocrx_word' id='word_1_119' title='bbox 213 1719 525 1765; x_wconf 61' lang='lat' dir='ltr'><strong><em>terra’motus</em></strong></span> <span class='ocrx_word' id='word_1_120' title='bbox 549 1710 679 1761; x_wconf 91' lang='lat' dir='ltr'><strong><em>adeo</em></strong></span> <span class='ocrx_word' id='word_1_121' title='bbox 701 1710 869 1779; x_wconf 82' lang='lat' dir='ltr'><strong><em>gravis</em></strong></span> <span class='ocrx_word' id='word_1_122' title='bbox 895 1721 1099 1777; x_wconf 87' lang='lat' dir='ltr'><strong><em>repente</em></strong></span> <span class='ocrx_word' id='word_1_123' title='bbox 1135 1719 1339 1763; x_wconf 71' lang='lat' dir='ltr'><strong><em>emortus</em></strong></span> <span class='ocrx_word' id='word_1_124' title='bbox 1376 1720 1449 1764; x_wconf 90' lang='lat' dir='ltr'><strong><em>est</em></strong></span> <span class='ocrx_word' id='word_1_125' title='bbox 1469 1752 1485 1775; x_wconf 90' lang='lat'><strong><em>,</em></strong></span> <span class='ocrx_word' id='word_1_126' title='bbox 1516 1721 1570 1763; x_wconf 93' lang='lat' dir='ltr'><strong><em>ut</em></strong></span> <span class='ocrx_word' id='word_1_127' title='bbox 1599 1727 1785 1780; x_wconf 88' lang='lat' dir='ltr'><strong><em>magna</em></strong></span> 
     </span>
    </p>
   </div>
   <div class='ocr_carea' id='block_1_18' title="bbox 1876 526 3452 599">
    <p class='ocr_par' dir='ltr' id='par_1_18' title="bbox 1876 526 3452 599">
     <span class='ocr_line' id='line_1_18' title="bbox 1876 526 3452 599; baseline 0.001 -18"><span class='ocrx_word' id='word_1_128' title='bbox 1876 536 1924 581; x_wconf 91' lang='lat' dir='ltr'><strong><em>et</em></strong></span> <span class='ocrx_word' id='word_1_129' title='bbox 1948 529 2118 599; x_wconf 77' lang='lat' dir='ltr'><strong><em>uiginti</em></strong></span> <span class='ocrx_word' id='word_1_130' title='bbox 2146 533 2367 597; x_wconf 83' lang='lat' dir='ltr'><strong><em>gentium</em></strong></span> <span class='ocrx_word' id='word_1_131' title='bbox 2396 527 2605 597; x_wconf 70' lang='lat' dir='ltr'><strong><em>linguis,</em></strong></span> <span class='ocrx_word' id='word_1_132' title='bbox 2632 544 2757 598; x_wconf 90' lang='lat' dir='ltr'><strong><em>quas</em></strong></span> <span class='ocrx_word' id='word_1_133' title='bbox 2779 529 2871 583; x_wconf 85' lang='lat' dir='ltr'><strong><em>sub</em></strong></span> <span class='ocrx_word' id='word_1_134' title='bbox 2899 541 3054 599; x_wconf 86' lang='lat' dir='ltr'><strong><em>regno</em></strong></span> <span class='ocrx_word' id='word_1_135' title='bbox 3075 526 3281 587; x_wconf 83' lang='lat' dir='ltr'><strong><em>habuit.</em></strong></span> <span class='ocrx_word' id='word_1_136' title='bbox 3305 532 3452 584; x_wconf 82' lang='lat' dir='ltr'><strong><em>locu-</em></strong></span> 
     </span>
    </p>
   </div>
   <div class='ocr_carea' id='block_1_19' title="bbox 1875 621 3444 691">
    <p class='ocr_par' dir='ltr' id='par_1_19' title="bbox 1875 621 3444 691">
     <span class='ocr_line' id='line_1_19' title="bbox 1875 621 3444 691; baseline 0.002 -18"><span class='ocrx_word' id='word_1_137' title='bbox 1875 628 1953 673; x_wconf 86' lang='lat' dir='ltr'><strong><em>tus</em></strong></span> <span class='ocrx_word' id='word_1_138' title='bbox 1982 629 2083 681; x_wconf 81' lang='lat' dir='ltr'><strong><em>est,</em></strong></span> <span class='ocrx_word' id='word_1_139' title='bbox 2115 621 2189 674; x_wconf 90' lang='lat' dir='ltr'><strong><em>ita</em></strong></span> <span class='ocrx_word' id='word_1_140' title='bbox 2231 632 2285 673; x_wconf 85' lang='lat' dir='ltr'><strong><em>ut</em></strong></span> <span class='ocrx_word' id='word_1_141' title='bbox 2331 636 2592 688; x_wconf 76' lang='lat' dir='ltr'><strong><em>nunquam</em></strong></span> <span class='ocrx_word' id='word_1_142' title='bbox 2639 621 2911 691; x_wconf 84' lang='lat' dir='ltr'><strong><em>legationes</em></strong></span> <span class='ocrx_word' id='word_1_143' title='bbox 2955 621 3444 691; x_wconf 72' lang='lat' dir='ltr'><strong><em>subinterpretibus</em></strong></span> 
     </span>
    </p>
   </div>
   <div class='ocr_carea' id='block_1_20' title="bbox 1874 712 3452 782">
    <p class='ocr_par' dir='ltr' id='par_1_20' title="bbox 1874 712 3452 782">
     <span class='ocr_line' id='line_1_20' title="bbox 1874 712 3452 782; baseline -0.001 -16"><span class='ocrx_word' id='word_1_144' title='bbox 1874 713 2093 768; x_wconf 86' lang='lat' dir='ltr'><strong><em>audiret.</em></strong></span> <span class='ocrx_word' id='word_1_145' title='bbox 2118 712 2277 775; x_wconf 81' lang='lat' dir='ltr'><strong><em>Periit</em></strong></span> <span class='ocrx_word' id='word_1_146' title='bbox 2304 714 2441 779; x_wconf 88' lang='lat' dir='ltr'><strong><em>apud</em></strong></span> <span class='ocrx_word' id='word_1_147' title='bbox 2468 713 2799 782; x_wconf 72' lang='lat' dir='ltr'><strong><em>Bosphorum</em></strong></span> <span class='ocrx_word' id='word_1_148' title='bbox 2824 712 2903 768; x_wconf 89' lang='lat' dir='ltr'><strong><em>vir</em></strong></span> <span class='ocrx_word' id='word_1_149' title='bbox 2926 712 3152 776; x_wconf 79' lang='lat' dir='ltr'><strong><em>ingentis</em></strong></span> <span class='ocrx_word' id='word_1_150' title='bbox 3178 712 3452 770; x_wconf 62' lang='lat' dir='ltr'><strong><em>industria</em></strong></span> 
     </span>
    </p>
   </div>
   <div class='ocr_carea' id='block_1_21' title="bbox 1876 804 3452 874">
    <p class='ocr_par' dir='ltr' id='par_1_21' title="bbox 1876 804 3452 874">
     <span class='ocr_line' id='line_1_21' title="bbox 1876 804 3452 874; baseline 0.003 -20"><span class='ocrx_word' id='word_1_151' title='bbox 1876 804 2190 870; x_wconf 66' lang='lat' dir='ltr'><strong><em>consiliique</em></strong></span> <span class='ocrx_word' id='word_1_152' title='bbox 2214 821 2227 857; x_wconf 92' lang='lat'>:</span> <span class='ocrx_word' id='word_1_153' title='bbox 2261 805 2501 869; x_wconf 67' lang='lat' dir='ltr'><strong><em>regnavit</em></strong></span> <span class='ocrx_word' id='word_1_154' title='bbox 2529 806 2683 858; x_wconf 87' lang='lat' dir='ltr'><strong><em>annis</em></strong></span> <span class='ocrx_word' id='word_1_155' title='bbox 2707 814 2731 843; x_wconf 73' lang='grc'><strong><em>⁸</em></strong></span> <span class='ocrx_word' id='word_1_156' title='bbox 2755 806 3131 874; x_wconf 78' lang='lat' dir='ltr'><strong><em>quadraginta;</em></strong></span> <span class='ocrx_word' id='word_1_157' title='bbox 3159 806 3254 857; x_wconf 88' lang='lat' dir='ltr'><strong><em>alii</em></strong></span> <span class='ocrx_word' id='word_1_158' title='bbox 3276 808 3452 859; x_wconf 86' lang='lat' dir='ltr'><strong><em>dicunt</em></strong></span> 
     </span>
    </p>
   </div>
   <div class='ocr_carea' id='block_1_22' title="bbox 1878 892 3453 963">
    <p class='ocr_par' dir='ltr' id='par_1_22' title="bbox 1878 892 3453 963">
     <span class='ocr_line' id='line_1_22' title="bbox 1878 892 3453 963; baseline 0.001 -16"><span class='ocrx_word' id='word_1_159' title='bbox 1878 892 1904 933; x_wconf 70' lang='grc' dir='ltr'><em>δ</em></span> <span class='ocrx_word' id='word_1_160' title='bbox 1933 896 2159 963; x_wconf 77' lang='lat' dir='ltr'><strong><em>triginta.</em></strong></span> <span class='ocrx_word' id='word_1_161' title='bbox 2183 898 2327 951; x_wconf 79' lang='lat' dir='ltr'><strong><em>Anno</em></strong></span> <span class='ocrx_word' id='word_1_162' title='bbox 2358 896 2422 951; x_wconf 85' lang='lat' dir='ltr'><strong><em>ab</em></strong></span> <span class='ocrx_word' id='word_1_163' title='bbox 2448 896 2581 951; x_wconf 73' lang='lat' dir='ltr'><strong><em>lube</em></strong></span> <span class='ocrx_word' id='word_1_164' title='bbox 2601 898 2801 950; x_wconf 88' lang='lat' dir='ltr'><strong><em>condita</em></strong></span> <span class='ocrx_word' id='word_1_165' title='bbox 2823 896 2957 960; x_wconf 62' lang='lat'><strong><em>689,</em></strong></span> <span class='ocrx_word' id='word_1_166' title='bbox 2995 895 3070 949; x_wconf 70' lang='grc' dir='ltr'><strong><em>Μ.</em></strong></span> <span class='ocrx_word' id='word_1_167' title='bbox 3107 895 3273 949; x_wconf 85' lang='lat' dir='ltr'><strong><em>Tullio</em></strong></span> <span class='ocrx_word' id='word_1_168' title='bbox 3309 895 3453 951; x_wconf 81' lang='lat' dir='ltr'><strong><em>Cice-</em></strong></span> 
     </span>
    </p>
   </div>
   <div class='ocr_carea' id='block_1_23' title="bbox 1877 984 3454 1057">
    <p class='ocr_par' dir='ltr' id='par_1_23' title="bbox 1877 984 3454 1057">
     <span class='ocr_line' id='line_1_23' title="bbox 1877 984 3454 1057; baseline 0.001 -19"><span class='ocrx_word' id='word_1_169' title='bbox 1877 1000 1998 1039; x_wconf 78' lang='lat' dir='ltr'><strong><em>rone</em></strong></span> <span class='ocrx_word' id='word_1_170' title='bbox 2023 998 2222 1042; x_wconf 77' lang='lat' dir='ltr'><strong><em>oratore</em></strong></span> <span class='ocrx_word' id='word_1_171' title='bbox 2248 998 2294 1041; x_wconf 90' lang='lat' dir='ltr'><strong><em>et</em></strong></span> <span class='ocrx_word' id='word_1_172' title='bbox 2317 986 2376 1042; x_wconf 80' lang='grc' dir='ltr'><strong><em>ϐ.</em></strong></span> <span class='ocrx_word' id='word_1_173' title='bbox 2402 988 2620 1041; x_wconf 79' lang='lat' dir='ltr'><strong><em>Antonio</em></strong></span> <span class='ocrx_word' id='word_1_174' title='bbox 2656 1002 2811 1052; x_wconf 87' lang='lat' dir='ltr'><strong><em>coss.,</em></strong></span> <span class='ocrx_word' id='word_1_175' title='bbox 2840 984 3113 1057; x_wconf 77' lang='lat' dir='ltr'><strong><em>Pompeius</em></strong></span> <span class='ocrx_word' id='word_1_176' title='bbox 3149 987 3300 1041; x_wconf 86' lang='lat' dir='ltr'><strong><em>occisi</em></strong></span> <span class='ocrx_word' id='word_1_177' title='bbox 3344 985 3454 1040; x_wconf 73' lang='lat' dir='ltr'><strong><em>Mi-</em></strong></span> 
     </span>
    </p>
   </div>
   <div class='ocr_carea' id='block_1_24' title="bbox 1879 1077 3457 1153">
    <p class='ocr_par' dir='ltr' id='par_1_24' title="bbox 1879 1077 3457 1153">
     <span class='ocr_line' id='line_1_24' title="bbox 1879 1077 3457 1153; baseline 0.003 -24"><span class='ocrx_word' id='word_1_178' title='bbox 1879 1078 2119 1131; x_wconf 87' lang='lat' dir='ltr'><strong><em>thridatis</em></strong></span> <span class='ocrx_word' id='word_1_179' title='bbox 2152 1080 2325 1132; x_wconf 89' lang='lat' dir='ltr'><strong><em>nuntio</em></strong></span> <span class='ocrx_word' id='word_1_180' title='bbox 2353 1089 2585 1148; x_wconf 90' lang='lat' dir='ltr'><strong><em>accepto,</em></strong></span> <span class='ocrx_word' id='word_1_181' title='bbox 2611 1077 2827 1153; x_wconf 83' lang='lat' dir='ltr'><strong><em>Tigrani</em></strong></span> <span class='ocrx_word' id='word_1_182' title='bbox 2868 1078 3064 1133; x_wconf 88' lang='lat' dir='ltr'><strong><em>bellum</em></strong></span> <span class='ocrx_word' id='word_1_183' title='bbox 3118 1078 3317 1133; x_wconf 83' lang='lat' dir='ltr'><strong><em>intulit.</em></strong></span> <span class='ocrx_word' id='word_1_184' title='bbox 3363 1077 3457 1133; x_wconf 87' lang='lat' dir='ltr'><strong><em>Ille</em></strong></span> 
     </span>
    </p>
   </div>
   <div class='ocr_carea' id='block_1_25' title="bbox 1879 1168 3450 1234">
    <p class='ocr_par' dir='ltr' id='par_1_25' title="bbox 1879 1168 3450 1234">
     <span class='ocr_line' id='line_1_25' title="bbox 1879 1168 3450 1234; baseline -0.001 -12"><span class='ocrx_word' id='word_1_185' title='bbox 1879 1178 2051 1222; x_wconf 83' lang='lat' dir='ltr'><strong><em>autem</em></strong></span> <span class='ocrx_word' id='word_1_186' title='bbox 2079 1169 2249 1222; x_wconf 83' lang='lat' dir='ltr'><strong><em>statim</em></strong></span> <span class='ocrx_word' id='word_1_187' title='bbox 2275 1184 2335 1223; x_wconf 89' lang='lat' dir='ltr'><strong><em>se</em></strong></span> <span class='ocrx_word' id='word_1_188' title='bbox 2363 1170 2409 1222; x_wconf 91' lang='lat' dir='ltr'><strong><em>ei</em></strong></span> <span class='ocrx_word' id='word_1_189' title='bbox 2440 1168 2662 1233; x_wconf 76' lang='lat' dir='ltr'><strong><em>dedidit,</em></strong></span> <span class='ocrx_word' id='word_1_190' title='bbox 2688 1177 2744 1222; x_wconf 90' lang='lat' dir='ltr'><strong><em>et</em></strong></span> <span class='ocrx_word' id='word_1_191' title='bbox 2770 1169 2820 1222; x_wconf 90' lang='lat' dir='ltr'><strong><em>in</em></strong></span> <span class='ocrx_word' id='word_1_192' title='bbox 2850 1180 3025 1223; x_wconf 77' lang='lat' dir='ltr'><strong><em>ca~tra</em></strong></span> <span class='ocrx_word' id='word_1_193' title='bbox 3057 1169 3268 1234; x_wconf 82' lang='lat' dir='ltr'><strong><em>Pompei</em></strong></span> <span class='ocrx_word' id='word_1_194' title='bbox 3291 1176 3450 1222; x_wconf 78' lang='lat' dir='ltr'><strong><em>sexto</em></strong></span> 
     </span>
    </p>
   </div>
   <div class='ocr_carea' id='block_1_26' title="bbox 1879 1258 3454 1329">
    <p class='ocr_par' dir='ltr' id='par_1_26' title="bbox 1879 1258 3454 1329">
     <span class='ocr_line' id='line_1_26' title="bbox 1879 1258 3454 1329; baseline -0.003 -14"><span class='ocrx_word' id='word_1_195' title='bbox 1879 1261 2086 1315; x_wconf 84' lang='lat' dir='ltr'><strong><em>decimo</em></strong></span> <span class='ocrx_word' id='word_1_196' title='bbox 2109 1258 2353 1314; x_wconf 82' lang='lat' dir='ltr'><strong><em>milliaria</em></strong></span> <span class='ocrx_word' id='word_1_197' title='bbox 2376 1259 2442 1313; x_wconf 82' lang='lat' dir='ltr'><strong><em>ab</em></strong></span> <span class='ocrx_word' id='word_1_198' title='bbox 2462 1258 2711 1313; x_wconf 79' lang='lat' dir='ltr'><strong><em>Artaxata</em></strong></span> <span class='ocrx_word' id='word_1_199' title='bbox 2730 1259 2873 1314; x_wconf 81' lang='lat' dir='ltr'><strong><em>venit</em></strong></span> <span class='ocrx_word' id='word_1_200' title='bbox 2896 1303 2912 1327; x_wconf 90' lang='lat'><strong><em>,</em></strong></span> <span class='ocrx_word' id='word_1_201' title='bbox 2932 1274 2997 1314; x_wconf 89' lang='lat' dir='ltr'><strong><em>ac</em></strong></span> <span class='ocrx_word' id='word_1_202' title='bbox 3018 1260 3259 1315; x_wconf 79' lang='lat' dir='ltr'><strong><em>diadema</em></strong></span> <span class='ocrx_word' id='word_1_203' title='bbox 3279 1275 3454 1329; x_wconf 78' lang='lat' dir='ltr'><strong><em>suum,</em></strong></span> 
     </span>
    </p>
   </div>
   <div class='ocr_carea' id='block_1_27' title="bbox 1881 1349 3457 1421">
    <p class='ocr_par' dir='ltr' id='par_1_27' title="bbox 1881 1349 3457 1421">
     <span class='ocr_line' id='line_1_27' title="bbox 1881 1349 3457 1421; baseline 0.001 -17"><span class='ocrx_word' id='word_1_204' title='bbox 1881 1366 2001 1404; x_wconf 91' lang='lat' dir='ltr'><strong><em>cum</em></strong></span> <span class='ocrx_word' id='word_1_205' title='bbox 2054 1351 2420 1417; x_wconf 83' lang='lat' dir='ltr'><strong><em>procubuisset</em></strong></span> <span class='ocrx_word' id='word_1_206' title='bbox 2466 1354 2531 1404; x_wconf 88' lang='lat' dir='ltr'><strong><em>ad</em></strong></span> <span class='ocrx_word' id='word_1_207' title='bbox 2582 1366 2751 1421; x_wconf 84' lang='lat' dir='ltr'><strong><em>genua</em></strong></span> <span class='ocrx_word' id='word_1_208' title='bbox 2797 1349 3073 1417; x_wconf 77' lang='lat' dir='ltr'><strong><em>Pompeii,</em></strong></span> <span class='ocrx_word' id='word_1_209' title='bbox 3118 1355 3169 1406; x_wconf 86' lang='lat' dir='ltr'><strong><em>in</em></strong></span> <span class='ocrx_word' id='word_1_210' title='bbox 3211 1352 3457 1407; x_wconf 86' lang='lat' dir='ltr'><strong><em>manibus</em></strong></span> 
     </span>
    </p>
   </div>
   <div class='ocr_carea' id='block_1_28' title="bbox 1882 1439 3456 1510">
    <p class='ocr_par' dir='ltr' id='par_1_28' title="bbox 1882 1439 3456 1510">
     <span class='ocr_line' id='line_1_28' title="bbox 1882 1439 3456 1510; baseline 0.001 -15"><span class='ocrx_word' id='word_1_211' title='bbox 1882 1439 2045 1508; x_wconf 89' lang='lat' dir='ltr'><strong><em>ipsius</em></strong></span> <span class='ocrx_word' id='word_1_212' title='bbox 2073 1441 2374 1495; x_wconf 73' lang='lat' dir='ltr'><strong><em>collocavit.</em></strong></span> <span class='ocrx_word' id='word_1_213' title='bbox 2406 1440 2557 1506; x_wconf 83' lang='lat' dir='ltr'><strong><em>Quod</em></strong></span> <span class='ocrx_word' id='word_1_214' title='bbox 2592 1442 2642 1495; x_wconf 90' lang='lat' dir='ltr'><strong><em>ei</em></strong></span> <span class='ocrx_word' id='word_1_215' title='bbox 2679 1441 2958 1504; x_wconf 87' lang='lat' dir='ltr'><strong><em>Pompeius</em></strong></span> <span class='ocrx_word' id='word_1_216' title='bbox 2991 1450 3016 1480; x_wconf 73' lang='grc' dir='ltr'><strong>ο</strong></span> <span class='ocrx_word' id='word_1_217' title='bbox 3044 1445 3305 1510; x_wconf 76' lang='lat' dir='ltr'><strong><em>reposuit,</em></strong></span> <span class='ocrx_word' id='word_1_218' title='bbox 3340 1456 3456 1496; x_wconf 85' lang='lat' dir='ltr'><strong><em>ma-</em></strong></span> 
     </span>
    </p>
   </div>
   <div class='ocr_carea' id='block_1_29' title="bbox 1882 1528 3462 1600">
    <p class='ocr_par' dir='ltr' id='par_1_29' title="bbox 1882 1528 3462 1600">
     <span class='ocr_line' id='line_1_29' title="bbox 1882 1528 3462 1600; baseline 0.003 -19"><span class='ocrx_word' id='word_1_219' title='bbox 1882 1531 2174 1600; x_wconf 79' lang='lat' dir='ltr'><strong><em>gniliceque</em></strong></span> <span class='ocrx_word' id='word_1_220' title='bbox 2202 1546 2322 1583; x_wconf 88' lang='lat' dir='ltr'><strong><em>cum</em></strong></span> <span class='ocrx_word' id='word_1_221' title='bbox 2364 1528 2621 1597; x_wconf 82' lang='lat' dir='ltr'><strong><em>habitum,</em></strong></span> <span class='ocrx_word' id='word_1_222' title='bbox 2655 1532 2797 1599; x_wconf 90' lang='lat' dir='ltr'><strong><em>regni</em></strong></span> <span class='ocrx_word' id='word_1_223' title='bbox 2827 1538 3001 1585; x_wconf 85' lang='lat' dir='ltr'><strong><em>tamen</em></strong></span> <span class='ocrx_word' id='word_1_224' title='bbox 3047 1545 3194 1599; x_wconf 86' lang='lat' dir='ltr'><strong><em>parte</em></strong></span> <span class='ocrx_word' id='word_1_225' title='bbox 3222 1532 3462 1586; x_wconf 80' lang='lat' dir='ltr'><strong><em>multavit</em></strong></span> 
     </span>
    </p>
   </div>
   <div class='ocr_carea' id='block_1_30' title="bbox 1883 1618 3460 1691">
    <p class='ocr_par' dir='ltr' id='par_1_30' title="bbox 1883 1618 3460 1691">
     <span class='ocr_line' id='line_1_30' title="bbox 1883 1618 3460 1691; baseline -0.001 -16"><span class='ocrx_word' id='word_1_226' title='bbox 1883 1622 2133 1691; x_wconf 68' lang='lat' dir='ltr'><strong><em>etgrandi</em></strong></span> <span class='ocrx_word' id='word_1_227' title='bbox 2157 1622 2398 1691; x_wconf 84' lang='lat' dir='ltr'><strong><em>pecunia.</em></strong></span> <span class='ocrx_word' id='word_1_228' title='bbox 2424 1623 2681 1687; x_wconf 79' lang='lat' dir='ltr'><strong><em>Adempta</em></strong></span> <span class='ocrx_word' id='word_1_229' title='bbox 2698 1632 2778 1676; x_wconf 68' lang='lat' dir='ltr'><strong><em>est</em></strong></span> <span class='ocrx_word' id='word_1_230' title='bbox 2797 1623 2843 1676; x_wconf 82' lang='lat' dir='ltr'><strong><em>ei</em></strong></span> <span class='ocrx_word' id='word_1_231' title='bbox 2865 1618 2884 1659; x_wconf 71' lang='grc' dir='ltr'><strong>ί</strong></span> <span class='ocrx_word' id='word_1_232' title='bbox 2904 1622 3079 1691; x_wconf 77' lang='lat' dir='ltr'><strong><em>Syria.</em></strong></span> <span class='ocrx_word' id='word_1_233' title='bbox 3099 1620 3285 1687; x_wconf 75' lang='lat' dir='ltr'><strong><em>Cielen,</em></strong></span> <span class='ocrx_word' id='word_1_234' title='bbox 3311 1622 3460 1679; x_wconf 66' lang='lat' dir='ltr'><strong><em>Phai-</em></strong></span> 
     </span>
    </p>
   </div>
   <div class='ocr_carea' id='block_1_31' title="bbox 1884 1712 3454 1781">
    <p class='ocr_par' dir='ltr' id='par_1_31' title="bbox 1884 1712 3454 1781">
     <span class='ocr_line' id='line_1_31' title="bbox 1884 1712 3454 1781; baseline 0.002 -16"><span class='ocrx_word' id='word_1_235' title='bbox 1884 1713 2039 1779; x_wconf 84' lang='lat' dir='ltr'><strong><em>nices,</em></strong></span> <span class='ocrx_word' id='word_1_236' title='bbox 2072 1712 2329 1780; x_wconf 80' lang='lat' dir='ltr'><strong><em>Sapirene.</em></strong></span> <span class='ocrx_word' id='word_1_237' title='bbox 2362 1714 2466 1769; x_wconf 77' lang='lat' dir='ltr'><strong><em>Sex</em></strong></span> <span class='ocrx_word' id='word_1_238' title='bbox 2504 1712 2662 1767; x_wconf 83' lang='lat' dir='ltr'><strong><em>millia</em></strong></span> <span class='ocrx_word' id='word_1_239' title='bbox 2692 1723 2946 1781; x_wconf 63' lang='lat' dir='ltr'><strong><em>praetexea</em></strong></span> <span class='ocrx_word' id='word_1_240' title='bbox 2974 1715 3290 1768; x_wconf 84' lang='lat' dir='ltr'><strong><em>talentorum</em></strong></span> <span class='ocrx_word' id='word_1_241' title='bbox 3318 1714 3454 1780; x_wconf 84' lang='lat' dir='ltr'><strong><em>auri,</em></strong></span> 
     </span>
    </p>
   </div>
   <div class='ocr_carea' id='block_1_32' title="bbox 212 1788 3463 1879">
    <p class='ocr_par' dir='ltr' id='par_1_32' title="bbox 212 1788 3463 1879">
     <span class='ocr_line' id='line_1_32' title="bbox 212 1788 3463 1879; baseline 0.001 -24"><span class='ocrx_word' id='word_1_242' title='bbox 212 1803 376 1855; x_wconf 85' lang='lat' dir='ltr'><strong><em>clades</em></strong></span> <span class='ocrx_word' id='word_1_243' title='bbox 405 1818 470 1855; x_wconf 71' lang='lat' dir='ltr'><strong><em>ex</em></strong></span> <span class='ocrx_word' id='word_1_244' title='bbox 509 1817 566 1854; x_wconf 90' lang='lat' dir='ltr'><strong><em>eo</em></strong></span> <span class='ocrx_word' id='word_1_245' title='bbox 603 1802 805 1854; x_wconf 83' lang='lat' dir='ltr'><strong><em>urbium</em></strong></span> <span class='ocrx_word' id='word_1_246' title='bbox 844 1814 996 1871; x_wconf 87' lang='lat' dir='ltr'><strong><em>atque</em></strong></span> <span class='ocrx_word' id='word_1_247' title='bbox 1035 1801 1277 1879; x_wconf 77' lang='lat' dir='ltr'><strong><em>villarum</em></strong></span> <span class='ocrx_word' id='word_1_248' title='bbox 1314 1812 1485 1855; x_wconf 89' lang='lat' dir='ltr'><strong><em>secuta</em></strong></span> <span class='ocrx_word' id='word_1_249' title='bbox 1524 1811 1784 1855; x_wconf 89' lang='lat' dir='ltr'><strong><em>narretur.</em></strong></span> <span class='ocrx_word' id='word_1_250' title='bbox 1820 1788 1865 1848; x_wconf 76' lang='grc' dir='ltr'><strong><em>Β</em></strong></span> <span class='ocrx_word' id='word_1_251' title='bbox 1890 1812 1937 1857; x_wconf 90' lang='lat' dir='ltr'><strong><em>et</em></strong></span> <span class='ocrx_word' id='word_1_252' title='bbox 1968 1805 1992 1843; x_wconf 73' lang='grc' dir='ltr'><strong>ε</strong></span> <span class='ocrx_word' id='word_1_253' title='bbox 2023 1804 2224 1870; x_wconf 87' lang='lat' dir='ltr'><strong><em>argenti</em></strong></span> <span class='ocrx_word' id='word_1_254' title='bbox 2257 1803 2445 1869; x_wconf 81' lang='lat' dir='ltr'><strong><em>populo</em></strong></span> <span class='ocrx_word' id='word_1_255' title='bbox 2481 1800 2711 1857; x_wconf 80' lang='lat' dir='ltr'><strong><em>Romano</em></strong></span> <span class='ocrx_word' id='word_1_256' title='bbox 2753 1802 2930 1866; x_wconf 84' lang='lat' dir='ltr'><strong><em>dedit,</em></strong></span> <span class='ocrx_word' id='word_1_257' title='bbox 2969 1802 3092 1869; x_wconf 88' lang='lat' dir='ltr'><strong><em>quia</em></strong></span> <span class='ocrx_word' id='word_1_258' title='bbox 3125 1802 3315 1857; x_wconf 83' lang='lat' dir='ltr'><strong><em>bellum</em></strong></span> <span class='ocrx_word' id='word_1_259' title='bbox 3347 1802 3463 1857; x_wconf 85' lang='lat' dir='ltr'><strong><em>sine</em></strong></span> 
     </span>
    </p>
   </div>
   <div class='ocr_carea' id='block_1_33' title="bbox 213 1892 1789 1964">
    <p class='ocr_par' dir='ltr' id='par_1_33' title="bbox 213 1892 1789 1964">
     <span class='ocr_line' id='line_1_33' title="bbox 213 1892 1789 1964; baseline -0.002 -15"><span class='ocrx_word' id='word_1_260' title='bbox 213 1895 400 1949; x_wconf 76' lang='lat' dir='ltr'><strong><em>Eodem</em></strong></span> <span class='ocrx_word' id='word_1_261' title='bbox 430 1903 654 1962; x_wconf 88' lang='lat' dir='ltr'><strong><em>tempore</em></strong></span> <span class='ocrx_word' id='word_1_262' title='bbox 673 1893 854 1949; x_wconf 81' lang='lat' dir='ltr'><strong><em>Castor</em></strong></span> <span class='ocrx_word' id='word_1_263' title='bbox 888 1892 1196 1947; x_wconf 74' lang='lat' dir='ltr'><strong><em>Mithridatis</em></strong></span> <span class='ocrx_word' id='word_1_264' title='bbox 1228 1895 1512 1964; x_wconf 67' lang='lat' dir='ltr'><strong><em>pra&#39;fectus,</em></strong></span> <span class='ocrx_word' id='word_1_265' title='bbox 1535 1894 1621 1961; x_wconf 85' lang='lat' dir='ltr'><strong><em>qui</em></strong></span> <span class='ocrx_word' id='word_1_266' title='bbox 1644 1892 1789 1947; x_wconf 79' lang='lat' dir='ltr'><strong><em>Pha-</em></strong></span> 
     </span>
    </p>
   </div>
   <div class='ocr_carea' id='block_1_34' title="bbox 209 1985 1790 2056">
    <p class='ocr_par' dir='ltr' id='par_1_34' title="bbox 209 1985 1790 2056">
     <span class='ocr_line' id='line_1_34' title="bbox 209 1985 1790 2056; baseline -0.002 -15"><span class='ocrx_word' id='word_1_267' title='bbox 209 1988 432 2055; x_wconf 74' lang='lat' dir='ltr'><strong><em>nagoria:</em></strong></span> <span class='ocrx_word' id='word_1_268' title='bbox 460 1995 695 2056; x_wconf 66' lang='lat' dir='ltr'><strong><em>praeerat.</em></strong></span> <span class='ocrx_word' id='word_1_269' title='bbox 727 1985 1002 2056; x_wconf 76' lang='lat' dir='ltr'><strong><em>interfectis</em></strong></span> <span class='ocrx_word' id='word_1_270' title='bbox 1028 1987 1209 2040; x_wconf 87' lang='lat' dir='ltr'><strong><em>amicis</em></strong></span> <span class='ocrx_word' id='word_1_271' title='bbox 1230 1986 1362 2056; x_wconf 86' lang='lat' dir='ltr'><strong><em>regis</em></strong></span> <span class='ocrx_word' id='word_1_272' title='bbox 1382 2027 1397 2049; x_wconf 90' lang='lat'><strong><em>,</em></strong></span> <span class='ocrx_word' id='word_1_273' title='bbox 1438 2003 1606 2039; x_wconf 85' lang='lat' dir='ltr'><strong><em>arcem</em></strong></span> <span class='ocrx_word' id='word_1_274' title='bbox 1639 2001 1790 2039; x_wconf 87' lang='lat' dir='ltr'><strong><em>occu-</em></strong></span> 
     </span>
    </p>
   </div>
   <div class='ocr_carea' id='block_1_35' title="bbox 207 2074 1789 2148">
    <p class='ocr_par' dir='ltr' id='par_1_35' title="bbox 207 2074 1789 2148">
     <span class='ocr_line' id='line_1_35' title="bbox 207 2074 1789 2148; baseline -0.001 -18"><span class='ocrx_word' id='word_1_275' title='bbox 207 2079 367 2148; x_wconf 77' lang='lat' dir='ltr'><strong><em>pauit,</em></strong></span> <span class='ocrx_word' id='word_1_276' title='bbox 393 2087 440 2130; x_wconf 95' lang='lat' dir='ltr'><strong><em>et</em></strong></span> <span class='ocrx_word' id='word_1_277' title='bbox 467 2086 686 2144; x_wconf 83' lang='lat' dir='ltr'><strong><em>quatuor</em></strong></span> <span class='ocrx_word' id='word_1_278' title='bbox 706 2075 840 2142; x_wconf 81' lang='lat' dir='ltr'><strong><em>filios</em></strong></span> <span class='ocrx_word' id='word_1_279' title='bbox 860 2074 1173 2129; x_wconf 73' lang='lat' dir='ltr'><strong><em>Mithridatis</em></strong></span> <span class='ocrx_word' id='word_1_280' title='bbox 1193 2078 1261 2129; x_wconf 92' lang='lat' dir='ltr'><strong><em>ad</em></strong></span> <span class='ocrx_word' id='word_1_281' title='bbox 1284 2078 1525 2147; x_wconf 70' lang='lat' dir='ltr'><strong><em>prasidia</em></strong></span> <span class='ocrx_word' id='word_1_282' title='bbox 1549 2077 1789 2132; x_wconf 76' lang='lat' dir='ltr'><strong><em>Romana</em></strong></span> 
     </span>
    </p>
   </div>
   <div class='ocr_carea' id='block_1_36' title="bbox 207 2167 1778 2224">
    <p class='ocr_par' dir='ltr' id='par_1_36' title="bbox 207 2167 1778 2224">
     <span class='ocr_line' id='line_1_36' title="bbox 207 2167 1778 2224; baseline -0.002 -1"><span class='ocrx_word' id='word_1_283' title='bbox 207 2170 502 2224; x_wconf 84' lang='lat' dir='ltr'><strong><em>transmisit.</em></strong></span> <span class='ocrx_word' id='word_1_284' title='bbox 528 2167 853 2222; x_wconf 75' lang='lat' dir='ltr'><strong><em>Mithridates</em></strong></span> <span class='ocrx_word' id='word_1_285' title='bbox 877 2183 1118 2222; x_wconf 89' lang='lat' dir='ltr'><strong><em>accensus</em></strong></span> <span class='ocrx_word' id='word_1_286' title='bbox 1143 2170 1224 2222; x_wconf 89' lang='lat' dir='ltr'><strong><em>ira</em></strong></span> <span class='ocrx_word' id='word_1_287' title='bbox 1254 2170 1306 2222; x_wconf 89' lang='lat' dir='ltr'><strong><em>in</em></strong></span> <span class='ocrx_word' id='word_1_288' title='bbox 1346 2172 1538 2223; x_wconf 83' lang='lat' dir='ltr'><strong><em>scelera</em></strong></span> <span class='ocrx_word' id='word_1_289' title='bbox 1566 2171 1778 2223; x_wconf 68' lang='lat' dir='ltr'><strong><em>exarsit.</em></strong></span> 
     </span>
    </p>
   </div>
   <div class='ocr_carea' id='block_1_37' title="bbox 208 2260 1792 2332">
    <p class='ocr_par' dir='ltr' id='par_1_37' title="bbox 208 2260 1792 2332">
     <span class='ocr_line' id='line_1_37' title="bbox 208 2260 1792 2332; baseline 0 -15"><span class='ocrx_word' id='word_1_290' title='bbox 208 2269 233 2299; x_wconf 78' lang='grc'><strong>⁸</strong></span> <span class='ocrx_word' id='word_1_291' title='bbox 255 2261 401 2317; x_wconf 83' lang='lat' dir='ltr'><strong><em>Nam</em></strong></span> <span class='ocrx_word' id='word_1_292' title='bbox 429 2278 548 2315; x_wconf 84' lang='lat' dir='ltr'><strong><em>cum</em></strong></span> <span class='ocrx_word' id='word_1_293' title='bbox 572 2262 743 2330; x_wconf 84' lang='lat' dir='ltr'><strong><em>plures</em></strong></span> <span class='ocrx_word' id='word_1_294' title='bbox 769 2270 887 2313; x_wconf 90' lang='lat' dir='ltr'><strong><em>tunc</em></strong></span> <span class='ocrx_word' id='word_1_295' title='bbox 912 2262 1105 2313; x_wconf 85' lang='lat' dir='ltr'><strong><em>amicos</em></strong></span> <span class='ocrx_word' id='word_1_296' title='bbox 1128 2276 1265 2323; x_wconf 85' lang='lat' dir='ltr'><strong><em>suos,</em></strong></span> <span class='ocrx_word' id='word_1_297' title='bbox 1288 2277 1481 2315; x_wconf 86' lang='lat' dir='ltr'><strong><em>necnon</em></strong></span> <span class='ocrx_word' id='word_1_298' title='bbox 1502 2260 1792 2332; x_wconf 81' lang='lat' dir='ltr'><strong><em>ngodran</em></strong></span> 
     </span>
    </p>
   </div>
   <div class='ocr_carea' id='block_1_38' title="bbox 204 2354 1792 2425">
    <p class='ocr_par' dir='ltr' id='par_1_38' title="bbox 204 2354 1792 2425">
     <span class='ocr_line' id='line_1_38' title="bbox 204 2354 1792 2425; baseline -0.001 -15"><span class='ocrx_word' id='word_1_299' title='bbox 204 2358 371 2425; x_wconf 76' lang='lat' dir='ltr'><strong><em>filium</em></strong></span> <span class='ocrx_word' id='word_1_300' title='bbox 396 2371 549 2409; x_wconf 88' lang='lat' dir='ltr'><strong><em>suum</em></strong></span> <span class='ocrx_word' id='word_1_301' title='bbox 568 2355 1049 2424; x_wconf 81' lang='lat' dir='ltr'><strong><em>interfecisset,cum</em></strong></span> <span class='ocrx_word' id='word_1_302' title='bbox 1069 2364 1218 2407; x_wconf 89' lang='lat' dir='ltr'><strong><em>antea</em></strong></span> <span class='ocrx_word' id='word_1_303' title='bbox 1233 2356 1345 2422; x_wconf 89' lang='lat' dir='ltr'><strong><em>jam</em></strong></span> <span class='ocrx_word' id='word_1_304' title='bbox 1372 2355 1473 2408; x_wconf 90' lang='lat' dir='ltr'><strong><em>alio</em></strong></span> <span class='ocrx_word' id='word_1_305' title='bbox 1498 2354 1792 2409; x_wconf 73' lang='lat' dir='ltr'><strong><em>Alacharem</em></strong></span> 
     </span>
    </p>
   </div>
   <div class='ocr_carea' id='block_1_39' title="bbox 202 2445 1790 2517">
    <p class='ocr_par' dir='ltr' id='par_1_39' title="bbox 202 2445 1790 2517">
     <span class='ocr_line' id='line_1_39' title="bbox 202 2445 1790 2517; baseline 0 -16"><span class='ocrx_word' id='word_1_306' title='bbox 202 2447 487 2517; x_wconf 79' lang='lat' dir='ltr'><strong><em>parricidio</em></strong></span> <span class='ocrx_word' id='word_1_307' title='bbox 507 2448 820 2509; x_wconf 84' lang='lat' dir='ltr'><strong><em>trucidasset,</em></strong></span> <span class='ocrx_word' id='word_1_308' title='bbox 841 2445 1137 2501; x_wconf 88' lang='lat' dir='ltr'><strong><em>Pharnaces</em></strong></span> <span class='ocrx_word' id='word_1_309' title='bbox 1149 2446 1284 2499; x_wconf 80' lang='lat' dir='ltr'><strong><em>alter</em></strong></span> <span class='ocrx_word' id='word_1_310' title='bbox 1304 2446 1444 2500; x_wconf 83' lang='lat' dir='ltr'><strong><em>Illius</em></strong></span> <span class='ocrx_word' id='word_1_311' title='bbox 1468 2446 1585 2517; x_wconf 90' lang='lat' dir='ltr'><strong><em>ejus</em></strong></span> <span class='ocrx_word' id='word_1_312' title='bbox 1604 2462 1790 2502; x_wconf 79' lang='lat' dir='ltr'><strong><em>exem-</em></strong></span> 
     </span>
    </p>
   </div>
   <div class='ocr_carea' id='block_1_40' title="bbox 207 2537 1794 2610">
    <p class='ocr_par' dir='ltr' id='par_1_40' title="bbox 207 2537 1794 2610">
     <span class='ocr_line' id='line_1_40' title="bbox 207 2537 1794 2610; baseline 0.001 -17"><span class='ocrx_word' id='word_1_313' title='bbox 207 2541 300 2610; x_wconf 89' lang='lat' dir='ltr'><strong><em>plo</em></strong></span> <span class='ocrx_word' id='word_1_314' title='bbox 335 2541 563 2593; x_wconf 72' lang='lat' dir='ltr'><strong><em>fratrum</em></strong></span> <span class='ocrx_word' id='word_1_315' title='bbox 596 2538 842 2603; x_wconf 87' lang='lat' dir='ltr'><strong><em>territus,</em></strong></span> <span class='ocrx_word' id='word_1_316' title='bbox 870 2539 1165 2594; x_wconf 78' lang='lat' dir='ltr'><strong><em>exercitum</em></strong></span> <span class='ocrx_word' id='word_1_317' title='bbox 1195 2537 1260 2591; x_wconf 89' lang='lat' dir='ltr'><strong><em>ad</em></strong></span> <span class='ocrx_word' id='word_1_318' title='bbox 1294 2538 1711 2609; x_wconf 69' lang='lat' dir='ltr'><strong><em>persequendum</em></strong></span> <span class='ocrx_word' id='word_1_319' title='bbox 1735 2554 1794 2594; x_wconf 83' lang='lat' dir='ltr'><strong><em>se</em></strong></span> 
     </span>
    </p>
   </div>
   <div class='ocr_carea' id='block_1_41' title="bbox 202 2631 1791 2704">
    <p class='ocr_par' dir='ltr' id='par_1_41' title="bbox 202 2631 1791 2704">
     <span class='ocr_line' id='line_1_41' title="bbox 202 2631 1791 2704; baseline 0.002 -17"><span class='ocrx_word' id='word_1_320' title='bbox 202 2635 437 2688; x_wconf 82' lang='lat' dir='ltr'><strong><em>missum</em></strong></span> <span class='ocrx_word' id='word_1_321' title='bbox 483 2632 583 2685; x_wconf 86' lang='lat' dir='ltr'><strong><em>sibi</em></strong></span> <span class='ocrx_word' id='word_1_322' title='bbox 632 2631 967 2697; x_wconf 51' lang='lat' dir='ltr'><strong><em>conciliavit,</em></strong></span> <span class='ocrx_word' id='word_1_323' title='bbox 1014 2640 1068 2687; x_wconf 84' lang='lat' dir='ltr'><strong><em>et</em></strong></span> <span class='ocrx_word' id='word_1_324' title='bbox 1112 2648 1233 2687; x_wconf 81' lang='lat' dir='ltr'><strong><em>mox</em></strong></span> <span class='ocrx_word' id='word_1_325' title='bbox 1283 2631 1543 2688; x_wconf 77' lang='lat' dir='ltr'><strong><em>adversm</em></strong></span> <span class='ocrx_word' id='word_1_326' title='bbox 1591 2639 1791 2704; x_wconf 84' lang='lat' dir='ltr'><strong><em>patrem</em></strong></span> 
     </span>
    </p>
   </div>
   <div class='ocr_carea' id='block_1_42' title="bbox 200 2722 1794 2791">
    <p class='ocr_par' dir='ltr' id='par_1_42' title="bbox 200 2722 1794 2791">
     <span class='ocr_line' id='line_1_42' title="bbox 200 2722 1794 2791; baseline 0.002 -13"><span class='ocrx_word' id='word_1_327' title='bbox 200 2722 385 2779; x_wconf 73' lang='lat' dir='ltr'><strong><em>duxit.</em></strong></span> <span class='ocrx_word' id='word_1_328' title='bbox 413 2722 567 2775; x_wconf 74' lang='lat' dir='ltr'><strong><em>lusio</em></strong></span> <span class='ocrx_word' id='word_1_329' title='bbox 603 2722 833 2789; x_wconf 81' lang='lat' dir='ltr'><strong><em>iudicio,</em></strong></span> <span class='ocrx_word' id='word_1_330' title='bbox 866 2725 985 2790; x_wconf 90' lang='lat' dir='ltr'><strong><em>quia</em></strong></span> <span class='ocrx_word' id='word_1_331' title='bbox 1014 2724 1104 2777; x_wconf 90' lang='lat' dir='ltr'><strong><em>ille</em></strong></span> <span class='ocrx_word' id='word_1_332' title='bbox 1145 2725 1385 2777; x_wconf 73' lang='lat' dir='ltr'><strong><em>adversus</em></strong></span> <span class='ocrx_word' id='word_1_333' title='bbox 1409 2735 1604 2791; x_wconf 88' lang='lat' dir='ltr'><strong><em>patrem</em></strong></span> <span class='ocrx_word' id='word_1_334' title='bbox 1644 2743 1794 2781; x_wconf 88' lang='lat' dir='ltr'><strong><em>suum</em></strong></span> 
     </span>
    </p>
   </div>
   <div class='ocr_carea' id='block_1_43' title="bbox 199 2817 1798 2889">
    <p class='ocr_par' dir='ltr' id='par_1_43' title="bbox 199 2817 1798 2889">
     <span class='ocr_line' id='line_1_43' title="bbox 199 2817 1798 2889; baseline 0.001 -16"><span class='ocrx_word' id='word_1_335' title='bbox 199 2821 268 2873; x_wconf 74' lang='lat' dir='ltr'><strong><em>de</em></strong></span> <span class='ocrx_word' id='word_1_336' title='bbox 305 2818 461 2889; x_wconf 83' lang='lat' dir='ltr'><strong><em>regni</em></strong></span> <span class='ocrx_word' id='word_1_337' title='bbox 489 2819 611 2886; x_wconf 83' lang='lat' dir='ltr'><strong><em>jure</em></strong></span> <span class='ocrx_word' id='word_1_338' title='bbox 638 2818 865 2870; x_wconf 79' lang='lat' dir='ltr'><strong><em>certauit.</em></strong></span> <span class='ocrx_word' id='word_1_339' title='bbox 900 2817 1108 2871; x_wconf 82' lang='lat' dir='ltr'><strong><em>Interea</em></strong></span> <span class='ocrx_word' id='word_1_340' title='bbox 1141 2818 1469 2872; x_wconf 76' lang='lat' dir='ltr'><strong><em>Mithridates</em></strong></span> <span class='ocrx_word' id='word_1_341' title='bbox 1496 2818 1585 2873; x_wconf 88' lang='lat' dir='ltr'><strong><em>ditt</em></strong></span> <span class='ocrx_word' id='word_1_342' title='bbox 1616 2836 1681 2874; x_wconf 83' lang='lat' dir='ltr'><strong><em>ex</em></strong></span> <span class='ocrx_word' id='word_1_343' title='bbox 1719 2820 1798 2875; x_wconf 86' lang='lat' dir='ltr'><strong><em>al-</em></strong></span> 
     </span>
    </p>
   </div>
   <div class='ocr_carea' id='block_1_44' title="bbox 200 2906 1795 2975">
    <p class='ocr_par' dir='ltr' id='par_1_44' title="bbox 200 2906 1795 2975">
     <span class='ocr_line' id='line_1_44' title="bbox 200 2906 1795 2975; baseline 0 -10"><span class='ocrx_word' id='word_1_344' title='bbox 200 2909 427 2965; x_wconf 82' lang='lat' dir='ltr'><strong><em>tissimo</em></strong></span> <span class='ocrx_word' id='word_1_345' title='bbox 456 2923 607 2963; x_wconf 85' lang='lat' dir='ltr'><strong><em>muro</em></strong></span> <span class='ocrx_word' id='word_1_346' title='bbox 639 2908 801 2961; x_wconf 85' lang='lat' dir='ltr'><strong><em>lilium</em></strong></span> <span class='ocrx_word' id='word_1_347' title='bbox 831 2906 1026 2962; x_wconf 83' lang='lat' dir='ltr'><strong><em>frustra</em></strong></span> <span class='ocrx_word' id='word_1_348' title='bbox 1060 2919 1304 2975; x_wconf 73' lang='lat' dir='ltr'><strong><em>precatus</em></strong></span> <span class='ocrx_word' id='word_1_349' title='bbox 1328 2948 1342 2971; x_wconf 88' lang='lat'><strong><em>.</em></strong></span> <span class='ocrx_word' id='word_1_350' title='bbox 1375 2908 1462 2963; x_wconf 89' lang='lat' dir='ltr'><strong><em>ubi</em></strong></span> <span class='ocrx_word' id='word_1_351' title='bbox 1493 2908 1795 2965; x_wconf 79' lang='lat' dir='ltr'><strong><em>inexorabi-</em></strong></span> 
     </span>
    </p>
   </div>
   <div class='ocr_carea' id='block_1_45' title="bbox 200 2998 1795 3066">
    <p class='ocr_par' dir='ltr' id='par_1_45' title="bbox 200 2998 1795 3066">
     <span class='ocr_line' id='line_1_45' title="bbox 200 2998 1795 3066; baseline -0.003 -9"><span class='ocrx_word' id='word_1_352' title='bbox 200 3002 315 3057; x_wconf 81' lang='lat' dir='ltr'><strong><em>lem</em></strong></span> <span class='ocrx_word' id='word_1_353' title='bbox 365 2999 539 3064; x_wconf 84' lang='lat' dir='ltr'><strong><em>vidit,</em></strong></span> <span class='ocrx_word' id='word_1_354' title='bbox 588 2999 868 3052; x_wconf 87' lang='lat' dir='ltr'><strong><em>moriturus</em></strong></span> <span class='ocrx_word' id='word_1_355' title='bbox 914 2998 1250 3053; x_wconf 77' lang='lat' dir='ltr'><strong><em>exclamasse</em></strong></span> <span class='ocrx_word' id='word_1_356' title='bbox 1298 2999 1795 3066; x_wconf 80' lang='lat' dir='ltr'><strong><em>lertur:Qnoniam</em></strong></span> 
     </span>
    </p>
   </div>
   <div class='ocr_carea' id='block_1_46' title="bbox 203 3088 1796 3161">
    <p class='ocr_par' dir='ltr' id='par_1_46' title="bbox 203 3088 1796 3161">
     <span class='ocr_line' id='line_1_46' title="bbox 203 3088 1796 3161; baseline -0.002 -13"><span class='ocrx_word' id='word_1_357' title='bbox 203 3091 546 3157; x_wconf 78' lang='lat' dir='ltr'><strong><em>Pharnaces,</em></strong></span> <span class='ocrx_word' id='word_1_358' title='bbox 573 3092 758 3159; x_wconf 82' lang='lat' dir='ltr'><strong><em>inquit,</em></strong></span> <span class='ocrx_word' id='word_1_359' title='bbox 780 3094 914 3145; x_wconf 86' lang='lat' dir='ltr'><strong><em>mori</em></strong></span> <span class='ocrx_word' id='word_1_360' title='bbox 938 3090 1110 3160; x_wconf 82' lang='lat' dir='ltr'><strong><em>jubet,</em></strong></span> <span class='ocrx_word' id='word_1_361' title='bbox 1136 3105 1253 3155; x_wconf 89' lang='lat' dir='ltr'><strong><em>vos,</em></strong></span> <span class='ocrx_word' id='word_1_362' title='bbox 1279 3090 1324 3146; x_wconf 83' lang='lat' dir='ltr'><strong><em>si</em></strong></span> <span class='ocrx_word' id='word_1_363' title='bbox 1343 3094 1492 3157; x_wconf 88' lang='lat' dir='ltr'><strong><em>estis,</em></strong></span> <span class='ocrx_word' id='word_1_364' title='bbox 1522 3088 1680 3161; x_wconf 81' lang='lat' dir='ltr'><strong><em>patrii</em></strong></span> <span class='ocrx_word' id='word_1_365' title='bbox 1701 3094 1796 3161; x_wconf 90' lang='lat' dir='ltr'><strong><em>dii,</em></strong></span> 
     </span>
    </p>
   </div>
   <div class='ocr_carea' id='block_1_47' title="bbox 1890 1888 3463 1949">
    <p class='ocr_par' dir='ltr' id='par_1_47' title="bbox 1890 1888 3463 1949">
     <span class='ocr_line' id='line_1_47' title="bbox 1890 1888 3463 1949; baseline -0.001 0"><span class='ocrx_word' id='word_1_366' title='bbox 1890 1908 2046 1949; x_wconf 82' lang='lat' dir='ltr'><strong><em>causa</em></strong></span> <span class='ocrx_word' id='word_1_367' title='bbox 2080 1888 2378 1946; x_wconf 76' lang='lat' dir='ltr'><strong><em>Roiminis&#39;|</em></strong></span> <span class='ocrx_word' id='word_1_368' title='bbox 2406 1902 2798 1948; x_wconf 57' lang='lat' dir='ltr'><strong><em>commovisset.</em></strong></span> <span class='ocrx_word' id='word_1_369' title='bbox 2835 1892 2948 1945; x_wconf 75' lang='lat' dir='ltr'><strong><em>Mox</em></strong></span> <span class='ocrx_word' id='word_1_370' title='bbox 2998 1891 3215 1948; x_wconf 73' lang='lat' dir='ltr'><strong><em>lturmos</em></strong></span> <span class='ocrx_word' id='word_1_371' title='bbox 3249 1901 3305 1946; x_wconf 90' lang='lat' dir='ltr'><strong><em>et</em></strong></span> <span class='ocrx_word' id='word_1_372' title='bbox 3329 1892 3463 1948; x_wconf 80' lang='lat' dir='ltr'><strong><em>Ara-</em></strong></span> 
     </span>
    </p>
   </div>
   <div class='ocr_carea' id='block_1_48' title="bbox 1893 1979 3460 2051">
    <p class='ocr_par' dir='ltr' id='par_1_48' title="bbox 1893 1979 3460 2051">
     <span class='ocr_line' id='line_1_48' title="bbox 1893 1979 3460 2051; baseline -0.002 -14"><span class='ocrx_word' id='word_1_373' title='bbox 1893 1984 1987 2037; x_wconf 84' lang='lat' dir='ltr'><strong><em>bas</em></strong></span> <span class='ocrx_word' id='word_1_374' title='bbox 2015 1983 2166 2047; x_wconf 84' lang='lat' dir='ltr'><strong><em>vicit,</em></strong></span> <span class='ocrx_word' id='word_1_375' title='bbox 2192 1984 2464 2051; x_wconf 80' lang='lat' dir='ltr'><strong><em>urbemque</em></strong></span> <span class='ocrx_word' id='word_1_376' title='bbox 2484 1997 2657 2035; x_wconf 87' lang='lat' dir='ltr'><strong><em>eorum</em></strong></span> <span class='ocrx_word' id='word_1_377' title='bbox 2687 2021 2702 2044; x_wconf 93' lang='lat'><strong><em>,</em></strong></span> <span class='ocrx_word' id='word_1_378' title='bbox 2733 1997 2886 2050; x_wconf 89' lang='lat' dir='ltr'><strong><em>quam</em></strong></span> <span class='ocrx_word' id='word_1_379' title='bbox 2924 1979 3128 2036; x_wconf 87' lang='lat' dir='ltr'><strong><em>Petram</em></strong></span> <span class='ocrx_word' id='word_1_380' title='bbox 3164 1982 3460 2048; x_wconf 86' lang='lat' dir='ltr'><strong><em>nominant,</em></strong></span> 
     </span>
    </p>
   </div>
   <div class='ocr_carea' id='block_1_49' title="bbox 1891 2069 3460 2141">
    <p class='ocr_par' dir='ltr' id='par_1_49' title="bbox 1891 2069 3460 2141">
     <span class='ocr_line' id='line_1_49' title="bbox 1891 2069 3460 2141; baseline -0.002 -13"><span class='ocrx_word' id='word_1_381' title='bbox 1891 2074 2054 2141; x_wconf 82' lang='lat' dir='ltr'><strong><em>cepit;</em></strong></span> <span class='ocrx_word' id='word_1_382' title='bbox 2083 2082 2132 2125; x_wconf 78' lang='lat' dir='ltr'><strong><em>et</em></strong></span> <span class='ocrx_word' id='word_1_383' title='bbox 2161 2087 2279 2126; x_wconf 87' lang='lat' dir='ltr'><strong><em>cum</em></strong></span> <span class='ocrx_word' id='word_1_384' title='bbox 2314 2071 2545 2126; x_wconf 74' lang='lat' dir='ltr'><strong><em>venisset</em></strong></span> <span class='ocrx_word' id='word_1_385' title='bbox 2572 2071 2625 2125; x_wconf 92' lang='lat' dir='ltr'><strong><em>in</em></strong></span> <span class='ocrx_word' id='word_1_386' title='bbox 2654 2071 2883 2139; x_wconf 58' lang='lat' dir='ltr'><strong><em>Syrirm,</em></strong></span> <span class='ocrx_word' id='word_1_387' title='bbox 2908 2069 3202 2126; x_wconf 83' lang='lat' dir='ltr'><strong><em>Seleuciam</em></strong></span> <span class='ocrx_word' id='word_1_388' title='bbox 3232 2071 3460 2126; x_wconf 86' lang='lat' dir='ltr'><strong><em>vicinam</em></strong></span> 
     </span>
    </p>
   </div>
   <div class='ocr_carea' id='block_1_50' title="bbox 1895 2162 3459 2231">
    <p class='ocr_par' dir='ltr' id='par_1_50' title="bbox 1895 2162 3459 2231">
     <span class='ocr_line' id='line_1_50' title="bbox 1895 2162 3459 2231; baseline -0.003 -11"><span class='ocrx_word' id='word_1_389' title='bbox 1895 2165 2189 2220; x_wconf 52' lang='lat' dir='ltr'><strong><em>Antiochia</em></strong></span> <span class='ocrx_word' id='word_1_390' title='bbox 2218 2164 2485 2218; x_wconf 81' lang='lat' dir='ltr'><strong><em>civitatem</em></strong></span> <span class='ocrx_word' id='word_1_391' title='bbox 2516 2163 2758 2219; x_wconf 82' lang='lat' dir='ltr'><strong><em>libertate</em></strong></span> <span class='ocrx_word' id='word_1_392' title='bbox 2802 2163 3050 2228; x_wconf 86' lang='lat' dir='ltr'><strong><em>donavit,</em></strong></span> <span class='ocrx_word' id='word_1_393' title='bbox 3098 2162 3237 2227; x_wconf 87' lang='lat' dir='ltr'><strong><em>quod</em></strong></span> <span class='ocrx_word' id='word_1_394' title='bbox 3284 2175 3459 2231; x_wconf 87' lang='lat' dir='ltr'><strong><em>regem</em></strong></span> 
     </span>
    </p>
   </div>
   <div class='ocr_carea' id='block_1_51' title="bbox 1898 2253 3464 2325">
    <p class='ocr_par' dir='ltr' id='par_1_51' title="bbox 1898 2253 3464 2325">
     <span class='ocr_line' id='line_1_51' title="bbox 1898 2253 3464 2325; baseline -0.003 -12"><span class='ocrx_word' id='word_1_395' title='bbox 1898 2257 2183 2325; x_wconf 77' lang='lat' dir='ltr'><strong><em>Tigranem</em></strong></span> <span class='ocrx_word' id='word_1_396' title='bbox 2235 2272 2340 2309; x_wconf 90' lang='lat' dir='ltr'><strong><em>non</em></strong></span> <span class='ocrx_word' id='word_1_397' title='bbox 2388 2256 2707 2323; x_wconf 83' lang='lat' dir='ltr'><strong><em>recepisset;</em></strong></span> <span class='ocrx_word' id='word_1_398' title='bbox 2761 2254 3203 2308; x_wconf 77' lang='lat' dir='ltr'><strong><em>Antiochensibus</em></strong></span> <span class='ocrx_word' id='word_1_399' title='bbox 3248 2253 3464 2309; x_wconf 78' lang='lat' dir='ltr'><strong><em>obsides</em></strong></span> 
     </span>
    </p>
   </div>
   <div class='ocr_carea' id='block_1_52' title="bbox 1894 2342 3464 2416">
    <p class='ocr_par' dir='ltr' id='par_1_52' title="bbox 1894 2342 3464 2416">
     <span class='ocr_line' id='line_1_52' title="bbox 1894 2342 3464 2416; baseline -0.003 -13"><span class='ocrx_word' id='word_1_400' title='bbox 1894 2348 2159 2410; x_wconf 85' lang='lat' dir='ltr'><strong><em>reddidit;</em></strong></span> <span class='ocrx_word' id='word_1_401' title='bbox 2187 2346 2576 2416; x_wconf 85' lang='lat' dir='ltr'><strong><em>aliquantulum</em></strong></span> <span class='ocrx_word' id='word_1_402' title='bbox 2606 2359 2854 2414; x_wconf 85' lang='lat' dir='ltr'><strong><em>agrorum</em></strong></span> <span class='ocrx_word' id='word_1_403' title='bbox 2888 2342 3330 2399; x_wconf 82' lang='lat' dir='ltr'><strong><em>Damascensibus</em></strong></span> <span class='ocrx_word' id='word_1_404' title='bbox 3369 2342 3464 2399; x_wconf 79' lang='lat' dir='ltr'><strong><em>de-</em></strong></span> 
     </span>
    </p>
   </div>
   <div class='ocr_carea' id='block_1_53' title="bbox 1894 2435 3463 2507">
    <p class='ocr_par' dir='ltr' id='par_1_53' title="bbox 1894 2435 3463 2507">
     <span class='ocr_line' id='line_1_53' title="bbox 1894 2435 3463 2507; baseline 0 -15"><span class='ocrx_word' id='word_1_405' title='bbox 1894 2440 1989 2501; x_wconf 87' lang='lat' dir='ltr'><strong><em>dit,</em></strong></span> <span class='ocrx_word' id='word_1_406' title='bbox 2020 2453 2127 2507; x_wconf 89' lang='lat' dir='ltr'><strong><em>quo</em></strong></span> <span class='ocrx_word' id='word_1_407' title='bbox 2149 2438 2294 2493; x_wconf 90' lang='lat' dir='ltr'><strong><em>locus</em></strong></span> <span class='ocrx_word' id='word_1_408' title='bbox 2326 2438 2426 2505; x_wconf 85' lang='lat' dir='ltr'><strong><em>ipsi</em></strong></span> <span class='ocrx_word' id='word_1_409' title='bbox 2468 2437 2755 2501; x_wconf 82' lang='lat' dir='ltr'><strong><em>spatiosior</em></strong></span> <span class='ocrx_word' id='word_1_410' title='bbox 2797 2435 2979 2503; x_wconf 79' lang='lat' dir='ltr'><strong><em>ﬁeret,</em></strong></span> <span class='ocrx_word' id='word_1_411' title='bbox 3019 2436 3312 2491; x_wconf 84' lang='lat' dir='ltr'><strong><em>delectatus</em></strong></span> <span class='ocrx_word' id='word_1_412' title='bbox 3361 2435 3463 2492; x_wconf 84' lang='lat' dir='ltr'><strong><em>loci</em></strong></span> 
     </span>
    </p>
   </div>
   <div class='ocr_carea' id='block_1_54' title="bbox 1894 2526 3465 2596">
    <p class='ocr_par' dir='ltr' id='par_1_54' title="bbox 1894 2526 3465 2596">
     <span class='ocr_line' id='line_1_54' title="bbox 1894 2526 3465 2596; baseline -0.002 -10"><span class='ocrx_word' id='word_1_413' title='bbox 1894 2532 2201 2587; x_wconf 69' lang='lat' dir='ltr'><strong><em>ammnitate</em></strong></span> <span class='ocrx_word' id='word_1_414' title='bbox 2227 2538 2282 2583; x_wconf 90' lang='lat' dir='ltr'><strong><em>et</em></strong></span> <span class='ocrx_word' id='word_1_415' title='bbox 2312 2542 2566 2596; x_wconf 79' lang='lat' dir='ltr'><strong><em>aquarum</em></strong></span> <span class='ocrx_word' id='word_1_416' title='bbox 2602 2527 2947 2581; x_wconf 85' lang='lat' dir='ltr'><strong><em>abundantia.</em></strong></span> <span class='ocrx_word' id='word_1_417' title='bbox 2979 2527 3104 2583; x_wconf 85' lang='lat' dir='ltr'><strong><em>Inde</em></strong></span> <span class='ocrx_word' id='word_1_418' title='bbox 3129 2528 3195 2580; x_wconf 85' lang='lat' dir='ltr'><strong><em>ad</em></strong></span> <span class='ocrx_word' id='word_1_419' title='bbox 3226 2526 3465 2583; x_wconf 60' lang='lat' dir='ltr'><strong><em>Iudaeam</em></strong></span> 
     </span>
    </p>
   </div>
   <div class='ocr_carea' id='block_1_55' title="bbox 1903 2617 3472 2699">
    <p class='ocr_par' dir='ltr' id='par_1_55' title="bbox 1903 2617 3472 2699">
     <span class='ocr_line' id='line_1_55' title="bbox 1903 2617 3472 2699; baseline -0.008 -16"><span class='ocrx_word' id='word_1_420' title='bbox 1903 2622 1918 2665; x_wconf 82' lang='grc' dir='ltr'><strong>ί</strong></span> <span class='ocrx_word' id='word_1_421' title='bbox 1951 2635 2337 2695; x_wconf 75' lang='lat' dir='ltr'><strong><em>transgressus,</em></strong></span> <span class='ocrx_word' id='word_1_422' title='bbox 2364 2620 2544 2693; x_wconf 81' lang='lat' dir='ltr'><strong><em>quibus</em></strong></span> <span class='ocrx_word' id='word_1_423' title='bbox 2573 2619 2908 2699; x_wconf 75' lang='lat' dir='ltr'><strong><em>Aristubolus,</em></strong></span> <span class='ocrx_word' id='word_1_424' title='bbox 2933 2620 3143 2694; x_wconf 66' lang='lat' dir='ltr'><strong><em>apulso</em></strong></span> <span class='ocrx_word' id='word_1_425' title='bbox 3165 2622 3323 2693; x_wconf 87' lang='lat' dir='ltr'><strong><em>fratre</em></strong></span> <span class='ocrx_word' id='word_1_426' title='bbox 3345 2617 3472 2673; x_wconf 81' lang='lat' dir='ltr'><strong><em>Hir-</em></strong></span> 
     </span>
    </p>
   </div>
   <div class='ocr_carea' id='block_1_56' title="bbox 1896 2710 3465 2786">
    <p class='ocr_par' dir='ltr' id='par_1_56' title="bbox 1896 2710 3465 2786">
     <span class='ocr_line' id='line_1_56' title="bbox 1896 2710 3465 2786; baseline -0.001 -13"><span class='ocrx_word' id='word_1_427' title='bbox 1896 2735 2043 2785; x_wconf 86' lang='lat' dir='ltr'><strong><em>cano,</em></strong></span> <span class='ocrx_word' id='word_1_428' title='bbox 2072 2720 2264 2786; x_wconf 88' lang='lat' dir='ltr'><strong><em>primus</em></strong></span> <span class='ocrx_word' id='word_1_429' title='bbox 2284 2733 2346 2771; x_wconf 81' lang='lat' dir='ltr'><strong><em>ea:</em></strong></span> <span class='ocrx_word' id='word_1_430' title='bbox 2372 2717 2631 2770; x_wconf 81' lang='lat' dir='ltr'><strong><em>sacerdote</em></strong></span> <span class='ocrx_word' id='word_1_431' title='bbox 2661 2732 2749 2770; x_wconf 76' lang='lat' dir='ltr'><strong><em>rea:</em></strong></span> <span class='ocrx_word' id='word_1_432' title='bbox 2778 2726 3014 2785; x_wconf 67' lang='lat' dir='ltr'><strong><em>praeerat,</em></strong></span> <span class='ocrx_word' id='word_1_433' title='bbox 3041 2725 3192 2783; x_wconf 84' lang='lat' dir='ltr'><strong><em>atque</em></strong></span> <span class='ocrx_word' id='word_1_434' title='bbox 3217 2716 3285 2769; x_wconf 88' lang='lat' dir='ltr'><strong><em>ad</em></strong></span> <span class='ocrx_word' id='word_1_435' title='bbox 3308 2710 3465 2771; x_wconf 81' lang='lat' dir='ltr'><strong><em>lera-</em></strong></span> 
     </span>
    </p>
   </div>
   <div class='ocr_carea' id='block_1_57' title="bbox 1896 2806 3466 2882">
    <p class='ocr_par' dir='ltr' id='par_1_57' title="bbox 1896 2806 3466 2882">
     <span class='ocr_line' id='line_1_57' title="bbox 1896 2806 3466 2882; baseline -0.002 -17"><span class='ocrx_word' id='word_1_436' title='bbox 1896 2811 2149 2882; x_wconf 82' lang='lat' dir='ltr'><strong><em>solgmam</em></strong></span> <span class='ocrx_word' id='word_1_437' title='bbox 2182 2810 2353 2864; x_wconf 87' lang='lat' dir='ltr'><strong><em>urbem</em></strong></span> <span class='ocrx_word' id='word_1_438' title='bbox 2380 2824 2557 2863; x_wconf 86' lang='lat' dir='ltr'><strong><em>eorum</em></strong></span> <span class='ocrx_word' id='word_1_439' title='bbox 2584 2808 2858 2861; x_wconf 76' lang='lat' dir='ltr'><strong><em>Gabinium</em></strong></span> <span class='ocrx_word' id='word_1_440' title='bbox 2886 2822 3003 2861; x_wconf 86' lang='lat' dir='ltr'><strong><em>cum</em></strong></span> <span class='ocrx_word' id='word_1_441' title='bbox 3029 2808 3247 2860; x_wconf 72' lang='lat' dir='ltr'><strong><em>exercitu</em></strong></span> <span class='ocrx_word' id='word_1_442' title='bbox 3292 2806 3466 2862; x_wconf 86' lang='lat' dir='ltr'><strong><em>mittit.</em></strong></span> 
     </span>
    </p>
   </div>
   <div class='ocr_carea' id='block_1_58' title="bbox 1898 2897 3467 2973">
    <p class='ocr_par' dir='ltr' id='par_1_58' title="bbox 1898 2897 3467 2973">
     <span class='ocr_line' id='line_1_58' title="bbox 1898 2897 3467 2973; baseline -0.004 -15"><span class='ocrx_word' id='word_1_443' title='bbox 1898 2903 2017 2973; x_wconf 77' lang='lat' dir='ltr'><strong><em>Ipse</em></strong></span> <span class='ocrx_word' id='word_1_444' title='bbox 2036 2903 2272 2957; x_wconf 88' lang='lat' dir='ltr'><strong><em>continuo</em></strong></span> <span class='ocrx_word' id='word_1_445' title='bbox 2296 2900 2607 2962; x_wconf 86' lang='lat' dir='ltr'><strong><em>subsecutus,</em></strong></span> <span class='ocrx_word' id='word_1_446' title='bbox 2640 2909 2687 2953; x_wconf 92' lang='lat' dir='ltr'><strong><em>et</em></strong></span> <span class='ocrx_word' id='word_1_447' title='bbox 2714 2916 2743 2950; x_wconf 92' lang='lat' dir='ltr'><strong><em>a</em></strong></span> <span class='ocrx_word' id='word_1_448' title='bbox 2781 2897 3021 2953; x_wconf 85' lang='lat' dir='ltr'><strong><em>Patribus</em></strong></span> <span class='ocrx_word' id='word_1_449' title='bbox 3042 2898 3165 2951; x_wconf 88' lang='lat' dir='ltr'><strong><em>urbe</em></strong></span> <span class='ocrx_word' id='word_1_450' title='bbox 3186 2905 3467 2966; x_wconf 87' lang='lat' dir='ltr'><strong><em>susceptus,</em></strong></span> 
     </span>
    </p>
   </div>
   <div class='ocr_carea' id='block_1_59' title="bbox 1898 2984 3472 3062">
    <p class='ocr_par' dir='ltr' id='par_1_59' title="bbox 1898 2984 3472 3062">
     <span class='ocr_line' id='line_1_59' title="bbox 1898 2984 3472 3062; baseline -0.003 -12"><span class='ocrx_word' id='word_1_451' title='bbox 1898 2997 1986 3051; x_wconf 91' lang='lat' dir='ltr'><strong><em>sed</em></strong></span> <span class='ocrx_word' id='word_1_452' title='bbox 2007 3011 2038 3047; x_wconf 82' lang='grc' dir='ltr'><em>α</em></span> <span class='ocrx_word' id='word_1_453' title='bbox 2064 2993 2205 3062; x_wconf 78' lang='lat' dir='ltr'><strong><em>plebe</em></strong></span> <span class='ocrx_word' id='word_1_454' title='bbox 2230 3007 2376 3045; x_wconf 89' lang='lat' dir='ltr'><strong><em>muro</em></strong></span> <span class='ocrx_word' id='word_1_455' title='bbox 2399 2990 2577 3060; x_wconf 86' lang='lat' dir='ltr'><strong><em>templi</em></strong></span> <span class='ocrx_word' id='word_1_456' title='bbox 2606 2991 2877 3061; x_wconf 74' lang='lat' dir='ltr'><strong><em>expulsus,</em></strong></span> <span class='ocrx_word' id='word_1_457' title='bbox 2906 2984 3332 3061; x_wconf 77' lang='lat' dir='ltr'><strong><em>oppugnationem</em></strong></span> <span class='ocrx_word' id='word_1_458' title='bbox 3360 2993 3472 3062; x_wconf 85' lang='lat' dir='ltr'><strong><em>ejus</em></strong></span> 
     </span>
    </p>
   </div>
   <div class='ocr_carea' id='block_1_60' title="bbox 1901 3082 3468 3145">
    <p class='ocr_par' dir='ltr' id='par_1_60' title="bbox 1901 3082 3468 3145">
     <span class='ocr_line' id='line_1_60' title="bbox 1901 3082 3468 3145; baseline -0.001 -6"><span class='ocrx_word' id='word_1_459' title='bbox 1901 3087 2134 3140; x_wconf 88' lang='lat' dir='ltr'><strong><em>intendit.</em></strong></span> <span class='ocrx_word' id='word_1_460' title='bbox 2167 3083 2233 3138; x_wconf 91' lang='lat' dir='ltr'><strong><em>Id</em></strong></span> <span class='ocrx_word' id='word_1_461' title='bbox 2264 3100 2368 3138; x_wconf 91' lang='lat' dir='ltr'><strong><em>non</em></strong></span> <span class='ocrx_word' id='word_1_462' title='bbox 2397 3085 2568 3137; x_wconf 88' lang='lat' dir='ltr'><strong><em>solum</em></strong></span> <span class='ocrx_word' id='word_1_463' title='bbox 2592 3093 2775 3137; x_wconf 66' lang='lat' dir='ltr'><strong><em>natura</em></strong></span> <span class='ocrx_word' id='word_1_464' title='bbox 2804 3082 2927 3145; x_wconf 90' lang='lat' dir='ltr'><strong><em>loci,</em></strong></span> <span class='ocrx_word' id='word_1_465' title='bbox 2952 3096 3134 3135; x_wconf 88' lang='lat' dir='ltr'><strong><em>verum</em></strong></span> <span class='ocrx_word' id='word_1_466' title='bbox 3163 3083 3322 3137; x_wconf 89' lang='lat' dir='ltr'><strong><em>etiam</em></strong></span> <span class='ocrx_word' id='word_1_467' title='bbox 3346 3096 3468 3137; x_wconf 89' lang='lat' dir='ltr'><strong><em>cum</em></strong></span> 
     </span>
    </p>
   </div>
   <div class='ocr_carea' id='block_1_61' title="bbox 209 3153 3472 3252">
    <p class='ocr_par' dir='ltr' id='par_1_61' title="bbox 209 3153 3472 3252">
     <span class='ocr_line' id='line_1_61' title="bbox 209 3153 3472 3252; baseline -0.002 -16"><span class='ocrx_word' id='word_1_468' title='bbox 209 3195 434 3252; x_wconf 75' lang='lat' dir='ltr'><strong><em>precor,</em></strong></span> <span class='ocrx_word' id='word_1_469' title='bbox 466 3153 869 3252; x_wconf 27' lang='lat' dir='ltr'><strong><em>ulvqua&#39;ttdtbque</em></strong></span> <span class='ocrx_word' id='word_1_470' title='bbox 889 3153 1078 3250; x_wconf 34' lang='lat' dir='ltr'><strong><em>et&#39;ipse</em></strong></span> <span class='ocrx_word' id='word_1_471' title='bbox 1098 3153 1248 3237; x_wconf 81' lang='lat' dir='ltr'><strong><em>hanc</em></strong></span> <span class='ocrx_word' id='word_1_472' title='bbox 1274 3197 1457 3237; x_wconf 86' lang='lat' dir='ltr'><strong><em>vocem</em></strong></span> <span class='ocrx_word' id='word_1_473' title='bbox 1479 3153 1666 3239; x_wconf 24' lang='lat' dir='ltr'><strong><em>&#39;a&#39;ﬂliis</em></strong></span> <span class='ocrx_word' id='word_1_474' title='bbox 1689 3153 1800 3239; x_wconf 74' lang='lat' dir='ltr'><strong><em>suis</em></strong></span> <span class='ocrx_word' id='word_1_475' title='bbox 1826 3153 1874 3217; x_wconf 66' lang='grc' dir='ltr'>ο</span> <span class='ocrx_word' id='word_1_476' title='bbox 1907 3177 2102 3248; x_wconf 89' lang='lat' dir='ltr'><strong><em>ingenti</em></strong></span> <span class='ocrx_word' id='word_1_477' title='bbox 2134 3191 2308 3243; x_wconf 87' lang='lat' dir='ltr'><strong><em>muro,</em></strong></span> <span class='ocrx_word' id='word_1_478' title='bbox 2342 3178 2588 3246; x_wconf 74' lang='lat' dir='ltr'><strong><em>fossaque</em></strong></span> <span class='ocrx_word' id='word_1_479' title='bbox 2607 3176 2835 3229; x_wconf 76' lang='lat' dir='ltr'><strong><em>maxima</em></strong></span> <span class='ocrx_word' id='word_1_480' title='bbox 2863 3176 3121 3230; x_wconf 89' lang='lat' dir='ltr'><strong><em>munitum</em></strong></span> <span class='ocrx_word' id='word_1_481' title='bbox 3142 3216 3158 3240; x_wconf 95' lang='lat'><strong><em>,</em></strong></span> <span class='ocrx_word' id='word_1_482' title='bbox 3186 3191 3306 3231; x_wconf 91' lang='lat' dir='ltr'><strong><em>cum</em></strong></span> <span class='ocrx_word' id='word_1_483' title='bbox 3339 3175 3472 3232; x_wconf 79' lang='lat' dir='ltr'><strong><em>alias</em></strong></span> 
     </span>
    </p>
   </div>
   <div class='ocr_carea' id='block_1_62' title="bbox 210 3273 1802 3343">
    <p class='ocr_par' dir='ltr' id='par_1_62' title="bbox 210 3273 1802 3343">
     <span class='ocr_line' id='line_1_62' title="bbox 210 3273 1802 3343; baseline 0.002 -15"><span class='ocrx_word' id='word_1_484' title='bbox 210 3275 425 3330; x_wconf 83' lang='lat' dir='ltr'><strong><em>audiat.</em></strong></span> <span class='ocrx_word' id='word_1_485' title='bbox 458 3274 756 3342; x_wconf 79' lang='lat' dir='ltr'><strong><em>Statimque</em></strong></span> <span class='ocrx_word' id='word_1_486' title='bbox 781 3273 1113 3328; x_wconf 82' lang='lat' dir='ltr'><strong><em>descendens</em></strong></span> <span class='ocrx_word' id='word_1_487' title='bbox 1132 3274 1199 3327; x_wconf 87' lang='lat' dir='ltr'><strong><em>ad</em></strong></span> <span class='ocrx_word' id='word_1_488' title='bbox 1232 3289 1446 3340; x_wconf 80' lang='lat' dir='ltr'><strong><em>uxores,</em></strong></span> <span class='ocrx_word' id='word_1_489' title='bbox 1477 3275 1714 3343; x_wconf 87' lang='lat' dir='ltr'><strong><em>pellices,</em></strong></span> <span class='ocrx_word' id='word_1_490' title='bbox 1738 3290 1802 3331; x_wconf 88' lang='lat' dir='ltr'><strong><em>ac</em></strong></span> 
     </span>
    </p>
   </div>
   <div class='ocr_carea' id='block_1_63' title="bbox 212 3366 1803 3436">
    <p class='ocr_par' dir='ltr' id='par_1_63' title="bbox 212 3366 1803 3436">
     <span class='ocr_line' id='line_1_63' title="bbox 212 3366 1803 3436; baseline 0.003 -14"><span class='ocrx_word' id='word_1_491' title='bbox 212 3366 364 3422; x_wconf 77' lang='lat' dir='ltr'><strong><em>ﬁlias</em></strong></span> <span class='ocrx_word' id='word_1_492' title='bbox 389 3382 542 3434; x_wconf 86' lang='lat' dir='ltr'><strong><em>suas,</em></strong></span> <span class='ocrx_word' id='word_1_493' title='bbox 574 3381 834 3422; x_wconf 87' lang='lat' dir='ltr'><strong><em>venenum</em></strong></span> <span class='ocrx_word' id='word_1_494' title='bbox 867 3366 1117 3421; x_wconf 81' lang='lat' dir='ltr'><strong><em>omnibus</em></strong></span> <span class='ocrx_word' id='word_1_495' title='bbox 1142 3367 1311 3422; x_wconf 88' lang='lat' dir='ltr'><strong><em>dedit.</em></strong></span> <span class='ocrx_word' id='word_1_496' title='bbox 1346 3367 1497 3435; x_wconf 82' lang='lat' dir='ltr'><strong><em>Quod</em></strong></span> <span class='ocrx_word' id='word_1_497' title='bbox 1528 3383 1648 3423; x_wconf 90' lang='lat' dir='ltr'><strong><em>cum</em></strong></span> <span class='ocrx_word' id='word_1_498' title='bbox 1688 3371 1803 3436; x_wconf 83' lang='lat' dir='ltr'><strong><em>ipse</em></strong></span> 
     </span>
    </p>
   </div>
   <div class='ocr_carea' id='block_1_64' title="bbox 216 3455 1800 3530">
    <p class='ocr_par' dir='ltr' id='par_1_64' title="bbox 216 3455 1800 3530">
     <span class='ocr_line' id='line_1_64' title="bbox 216 3455 1800 3530; baseline 0.002 -19"><span class='ocrx_word' id='word_1_499' title='bbox 216 3458 549 3511; x_wconf 67' lang='lat' dir='ltr'><strong><em>noviesimus</em></strong></span> <span class='ocrx_word' id='word_1_500' title='bbox 587 3457 881 3518; x_wconf 82' lang='lat' dir='ltr'><strong><em>hausisset.</em></strong></span> <span class='ocrx_word' id='word_1_501' title='bbox 922 3455 951 3493; x_wconf 73' lang='grc' dir='ltr'><strong>ιι</strong></span> <span class='ocrx_word' id='word_1_502' title='bbox 983 3473 1072 3510; x_wconf 90' lang='lat' dir='ltr'><strong><em>nec</em></strong></span> <span class='ocrx_word' id='word_1_503' title='bbox 1103 3467 1270 3511; x_wconf 88' lang='lat' dir='ltr'><strong><em>tamen</em></strong></span> <span class='ocrx_word' id='word_1_504' title='bbox 1308 3468 1517 3529; x_wconf 89' lang='lat' dir='ltr'><strong><em>propter</em></strong></span> <span class='ocrx_word' id='word_1_505' title='bbox 1558 3460 1800 3530; x_wconf 85' lang='lat' dir='ltr'><strong><em>remedia,</em></strong></span> 
     </span>
    </p>
   </div>
   <div class='ocr_carea' id='block_1_65' title="bbox 222 3550 1807 3621">
    <p class='ocr_par' dir='ltr' id='par_1_65' title="bbox 222 3550 1807 3621">
     <span class='ocr_line' id='line_1_65' title="bbox 222 3550 1807 3621; baseline 0.003 -17"><span class='ocrx_word' id='word_1_506' title='bbox 222 3551 408 3618; x_wconf 80' lang='lat' dir='ltr'><strong><em>quibus</em></strong></span> <span class='ocrx_word' id='word_1_507' title='bbox 427 3551 603 3603; x_wconf 80' lang='lat' dir='ltr'><strong><em>vitalia</em></strong></span> <span class='ocrx_word' id='word_1_508' title='bbox 621 3565 716 3605; x_wconf 90' lang='lat' dir='ltr'><strong><em>sua</em></strong></span> <span class='ocrx_word' id='word_1_509' title='bbox 736 3550 977 3604; x_wconf 77' lang='lat' dir='ltr'><strong><em>adversus</em></strong></span> <span class='ocrx_word' id='word_1_510' title='bbox 999 3552 1176 3605; x_wconf 72' lang='lat' dir='ltr'><strong><em>noxios</em></strong></span> <span class='ocrx_word' id='word_1_511' title='bbox 1197 3568 1371 3607; x_wconf 87' lang='lat' dir='ltr'><strong><em>succos</em></strong></span> <span class='ocrx_word' id='word_1_512' title='bbox 1390 3569 1526 3621; x_wconf 72' lang='lat' dir='ltr'><strong><em>sirpe</em></strong></span> <span class='ocrx_word' id='word_1_513' title='bbox 1545 3554 1807 3609; x_wconf 68' lang='lat' dir='ltr'><strong><em>obstruxe-</em></strong></span> 
     </span>
    </p>
   </div>
   <div class='ocr_carea' id='block_1_66' title="bbox 228 3643 1808 3715">
    <p class='ocr_par' dir='ltr' id='par_1_66' title="bbox 228 3643 1808 3715">
     <span class='ocr_line' id='line_1_66' title="bbox 228 3643 1808 3715; baseline 0.004 -21"><span class='ocrx_word' id='word_1_514' title='bbox 228 3651 306 3694; x_wconf 82' lang='lat' dir='ltr'><strong><em>rut</em></strong></span> <span class='ocrx_word' id='word_1_515' title='bbox 328 3682 346 3709; x_wconf 87' lang='lat'><strong><em>,</em></strong></span> <span class='ocrx_word' id='word_1_516' title='bbox 398 3658 605 3696; x_wconf 82' lang='lat' dir='ltr'><strong><em>veneno</em></strong></span> <span class='ocrx_word' id='word_1_517' title='bbox 630 3643 820 3697; x_wconf 82' lang='lat' dir='ltr'><strong><em>conﬁci</em></strong></span> <span class='ocrx_word' id='word_1_518' title='bbox 857 3654 1069 3710; x_wconf 80' lang='lat' dir='ltr'><strong><em>posset,</em></strong></span> <span class='ocrx_word' id='word_1_519' title='bbox 1101 3647 1392 3714; x_wconf 87' lang='lat' dir='ltr'><strong><em>frustraque</em></strong></span> <span class='ocrx_word' id='word_1_520' title='bbox 1431 3658 1738 3715; x_wconf 84' lang='lat' dir='ltr'><strong><em>quateretur,</em></strong></span> <span class='ocrx_word' id='word_1_521' title='bbox 1762 3646 1808 3701; x_wconf 89' lang='lat' dir='ltr'><strong><em>si</em></strong></span> 
     </span>
    </p>
   </div>
   <div class='ocr_carea' id='block_1_67' title="bbox 233 3734 1849 3807">
    <p class='ocr_par' dir='ltr' id='par_1_67' title="bbox 233 3734 1849 3807">
     <span class='ocr_line' id='line_1_67' title="bbox 233 3734 1849 3807; baseline 0.002 -20"><span class='ocrx_word' id='word_1_522' title='bbox 233 3750 331 3803; x_wconf 81' lang='lat' dir='ltr'><strong><em>quo</em></strong></span> <span class='ocrx_word' id='word_1_523' title='bbox 354 3736 565 3787; x_wconf 83' lang='lat' dir='ltr'><strong><em>tandem</em></strong></span> <span class='ocrx_word' id='word_1_524' title='bbox 603 3734 755 3787; x_wconf 89' lang='lat' dir='ltr'><strong><em>modo</em></strong></span> <span class='ocrx_word' id='word_1_525' title='bbox 782 3734 958 3798; x_wconf 88' lang='lat' dir='ltr'><strong><em>infusa</em></strong></span> <span class='ocrx_word' id='word_1_526' title='bbox 1000 3735 1151 3801; x_wconf 86' lang='lat' dir='ltr'><strong><em>pestis</em></strong></span> <span class='ocrx_word' id='word_1_527' title='bbox 1191 3752 1280 3803; x_wconf 92' lang='lat' dir='ltr'><strong><em>per</em></strong></span> <span class='ocrx_word' id='word_1_528' title='bbox 1317 3752 1463 3790; x_wconf 75' lang='lat' dir='ltr'><strong><em>cenas</em></strong></span> <span class='ocrx_word' id='word_1_529' title='bbox 1500 3737 1810 3807; x_wconf 77' lang='lat' dir='ltr'><strong><em>vegetatione</em></strong></span> <span class='ocrx_word' id='word_1_530' title='bbox 1846 3744 1849 3747; x_wconf 87' lang='grc'><em>’</em></span> 
     </span>
    </p>
   </div>
   <div class='ocr_carea' id='block_1_68' title="bbox 240 3826 1809 3896">
    <p class='ocr_par' dir='ltr' id='par_1_68' title="bbox 240 3826 1809 3896">
     <span class='ocr_line' id='line_1_68' title="bbox 240 3826 1809 3896; baseline 0.004 -19"><span class='ocrx_word' id='word_1_531' title='bbox 240 3827 462 3896; x_wconf 86' lang='lat' dir='ltr'><strong><em>corporis</em></strong></span> <span class='ocrx_word' id='word_1_532' title='bbox 491 3838 610 3879; x_wconf 87' lang='lat' dir='ltr'><strong><em>acta</em></strong></span> <span class='ocrx_word' id='word_1_533' title='bbox 635 3826 977 3892; x_wconf 88' lang='lat' dir='ltr'><strong><em>discurreret,</em></strong></span> <span class='ocrx_word' id='word_1_534' title='bbox 1018 3826 1228 3881; x_wconf 86' lang='lat' dir='ltr'><strong><em>Gallum</em></strong></span> <span class='ocrx_word' id='word_1_535' title='bbox 1267 3828 1548 3896; x_wconf 86' lang='lat' dir='ltr'><strong><em>quemdam</em></strong></span> <span class='ocrx_word' id='word_1_536' title='bbox 1588 3829 1809 3883; x_wconf 87' lang='lat' dir='ltr'><strong><em>militem</em></strong></span> 
     </span>
    </p>
   </div>
   <div class='ocr_carea' id='block_1_69' title="bbox 242 3916 1808 3990">
    <p class='ocr_par' dir='ltr' id='par_1_69' title="bbox 242 3916 1808 3990">
     <span class='ocr_line' id='line_1_69' title="bbox 242 3916 1808 3990; baseline 0.004 -21"><span class='ocrx_word' id='word_1_537' title='bbox 242 3916 340 3979; x_wconf 78' lang='lat' dir='ltr'><strong><em>iam</em></strong></span> <span class='ocrx_word' id='word_1_538' title='bbox 359 3918 523 3985; x_wconf 85' lang='lat' dir='ltr'><strong><em>fracto</em></strong></span> <span class='ocrx_word' id='word_1_539' title='bbox 546 3934 692 3971; x_wconf 85' lang='lat' dir='ltr'><strong><em>muro</em></strong></span> <span class='ocrx_word' id='word_1_540' title='bbox 716 3919 1081 3973; x_wconf 72' lang='lat' dir='ltr'><strong><em>discurrrntem</em></strong></span> <span class='ocrx_word' id='word_1_541' title='bbox 1107 3918 1371 3989; x_wconf 78' lang='lat' dir='ltr'><strong><em>invitavit,</em></strong></span> <span class='ocrx_word' id='word_1_542' title='bbox 1396 3920 1548 3989; x_wconf 86' lang='lat' dir='ltr'><strong><em>eique</em></strong></span> <span class='ocrx_word' id='word_1_543' title='bbox 1569 3919 1808 3990; x_wconf 86' lang='lat' dir='ltr'><strong><em>jugulum</em></strong></span> 
     </span>
    </p>
   </div>
   <div class='ocr_carea' id='block_1_70' title="bbox 248 4012 1813 4081">
    <p class='ocr_par' dir='ltr' id='par_1_70' title="bbox 248 4012 1813 4081">
     <span class='ocr_line' id='line_1_70' title="bbox 248 4012 1813 4081; baseline 0.004 -18"><span class='ocrx_word' id='word_1_544' title='bbox 248 4012 482 4077; x_wconf 69' lang='lat' dir='ltr'><strong><em>prtubuil.</em></strong></span> <span class='ocrx_word' id='word_1_545' title='bbox 507 4013 659 4066; x_wconf 90' lang='lat' dir='ltr'><strong><em>tlnnc</em></strong></span> <span class='ocrx_word' id='word_1_546' title='bbox 683 4014 885 4068; x_wconf 80' lang='lat' dir='ltr'><strong><em>exitum</em></strong></span> <span class='ocrx_word' id='word_1_547' title='bbox 911 4022 1032 4067; x_wconf 71' lang='lat' dir='ltr'><strong><em>vitae</em></strong></span> <span class='ocrx_word' id='word_1_548' title='bbox 1058 4013 1384 4069; x_wconf 74' lang='lat' dir='ltr'><strong><em>Mithridates</em></strong></span> <span class='ocrx_word' id='word_1_549' title='bbox 1418 4014 1617 4081; x_wconf 78' lang='lat' dir='ltr'><strong><em>habuit,</em></strong></span> <span class='ocrx_word' id='word_1_550' title='bbox 1645 4016 1813 4069; x_wconf 89' lang='lat' dir='ltr'><strong><em>nobis-</em></strong></span> 
     </span>
    </p>
   </div>
   <div class='ocr_carea' id='block_1_71' title="bbox 249 4104 1810 4177">
    <p class='ocr_par' dir='ltr' id='par_1_71' title="bbox 249 4104 1810 4177">
     <span class='ocr_line' id='line_1_71' title="bbox 249 4104 1810 4177; baseline 0.002 -21"><span class='ocrx_word' id='word_1_551' title='bbox 249 4116 335 4167; x_wconf 85' lang='lat' dir='ltr'><strong><em>que</em></strong></span> <span class='ocrx_word' id='word_1_552' title='bbox 380 4104 603 4158; x_wconf 75' lang='lat' dir='ltr'><strong><em>scientite</em></strong></span> <span class='ocrx_word' id='word_1_553' title='bbox 642 4119 751 4158; x_wconf 68' lang='lat' dir='ltr'><strong><em>sua</em></strong></span> <span class='ocrx_word' id='word_1_554' title='bbox 799 4105 1134 4174; x_wconf 82' lang='lat' dir='ltr'><strong><em>fortissimum</em></strong></span> <span class='ocrx_word' id='word_1_555' title='bbox 1183 4115 1537 4176; x_wconf 90' lang='lat' dir='ltr'><strong><em>argumentum</em></strong></span> <span class='ocrx_word' id='word_1_556' title='bbox 1584 4106 1810 4177; x_wconf 90' lang='lat' dir='ltr'><strong><em>reliquit,</em></strong></span> 
     </span>
    </p>
   </div>
   <div class='ocr_carea' id='block_1_72' title="bbox 318 4231 1812 4309">
    <p class='ocr_par' dir='ltr' id='par_1_72' title="bbox 318 4231 1812 4309">
     <span class='ocr_line' id='line_1_72' title="bbox 318 4231 1812 4309; baseline 0.004 -23"><span class='ocrx_word' id='word_1_557' title='bbox 318 4232 432 4286; x_wconf 80' lang='grc'><strong>⁸11.</strong></span> <span class='ocrx_word' id='word_1_558' title='bbox 458 4231 668 4309; x_wconf 41' lang='lat' dir='ltr'><strong><em>abnillis</em></strong></span> <span class='ocrx_word' id='word_1_559' title='bbox 706 4235 882 4309; x_wconf 77' lang='lat' dir='ltr'><strong><em>verbis</em></strong></span> <span class='ocrx_word' id='word_1_560' title='bbox 910 4253 922 4288; x_wconf 90' lang='lat'><strong>:</strong></span> <span class='ocrx_word' id='word_1_561' title='bbox 954 4233 1086 4289; x_wconf 90' lang='lat' dir='ltr'><strong><em>Inde</em></strong></span> <span class='ocrx_word' id='word_1_562' title='bbox 1138 4235 1324 4290; x_wconf 86' lang='lat' dir='ltr'><strong><em>multas</em></strong></span> <span class='ocrx_word' id='word_1_563' title='bbox 1368 4253 1525 4309; x_wconf 88' lang='lat' dir='ltr'><strong><em>supra</em></strong></span> <span class='ocrx_word' id='word_1_564' title='bbox 1568 4236 1812 4304; x_wconf 87' lang='lat' dir='ltr'><strong><em>Pontum,</em></strong></span> 
     </span>
    </p>
   </div>
   <div class='ocr_carea' id='block_1_73' title="bbox 256 4303 1815 4371">
    <p class='ocr_par' dir='ltr' id='par_1_73' title="bbox 256 4303 1815 4371">
     <span class='ocr_line' id='line_1_73' title="bbox 256 4303 1815 4371; baseline 0.006 -18"><span class='ocrx_word' id='word_1_565' title='bbox 256 4317 408 4367; x_wconf 80' lang='lat' dir='ltr'><strong><em>usque</em></strong></span> <span class='ocrx_word' id='word_1_566' title='bbox 435 4312 497 4355; x_wconf 78' lang='lat' dir='ltr'><strong><em>ml</em></strong></span> <span class='ocrx_word' id='word_1_567' title='bbox 530 4303 661 4358; x_wconf 81' lang='lat' dir='ltr'><strong><em>Cum</em></strong></span> <span class='ocrx_word' id='word_1_568' title='bbox 704 4306 758 4357; x_wconf 90' lang='lat' dir='ltr'><strong><em>in</em></strong></span> <span class='ocrx_word' id='word_1_569' title='bbox 801 4321 921 4359; x_wconf 87' lang='lat' dir='ltr'><strong><em>suos</em></strong></span> <span class='ocrx_word' id='word_1_570' title='bbox 948 4311 1181 4371; x_wconf 71' lang='lat' dir='ltr'><strong><em>ueniret,</em></strong></span> <span class='ocrx_word' id='word_1_571' title='bbox 1224 4309 1289 4361; x_wconf 88' lang='lat' dir='ltr'><strong><em>ad</em></strong></span> <span class='ocrx_word' id='word_1_572' title='bbox 1320 4303 1539 4362; x_wconf 69' lang='lat' dir='ltr'><strong><em>verbum</em></strong></span> <span class='ocrx_word' id='word_1_573' title='bbox 1569 4303 1815 4363; x_wconf 87' lang='lat' dir='ltr'><strong><em>convenit</em></strong></span> 
     </span>
    </p>
   </div>
   <div class='ocr_carea' id='block_1_74' title="bbox 259 4375 1815 4449">
    <p class='ocr_par' dir='ltr' id='par_1_74' title="bbox 259 4375 1815 4449">
     <span class='ocr_line' id='line_1_74' title="bbox 259 4375 1815 4449; baseline 0.005 -24"><span class='ocrx_word' id='word_1_574' title='bbox 259 4388 369 4427; x_wconf 84' lang='lat' dir='ltr'><strong><em>cum</em></strong></span> <span class='ocrx_word' id='word_1_575' title='bbox 394 4378 668 4449; x_wconf 73' lang='lat' dir='ltr'><strong><em>Eutropio,</em></strong></span> <span class='ocrx_word' id='word_1_576' title='bbox 694 4390 723 4427; x_wconf 90' lang='lat' dir='ltr'><strong><em>a</em></strong></span> <span class='ocrx_word' id='word_1_577' title='bbox 752 4392 857 4443; x_wconf 90' lang='lat' dir='ltr'><strong><em>quo</em></strong></span> <span class='ocrx_word' id='word_1_578' title='bbox 882 4375 990 4443; x_wconf 86' lang='lat' dir='ltr'><strong><em>jam</em></strong></span> <span class='ocrx_word' id='word_1_579' title='bbox 1015 4379 1203 4436; x_wconf 82' lang='lat' dir='ltr'><strong><em>variat,</em></strong></span> <span class='ocrx_word' id='word_1_580' title='bbox 1229 4389 1281 4430; x_wconf 90' lang='lat' dir='ltr'><strong><em>et</em></strong></span> <span class='ocrx_word' id='word_1_581' title='bbox 1313 4382 1380 4431; x_wconf 81' lang='lat' dir='ltr'><strong><em>ita</em></strong></span> <span class='ocrx_word' id='word_1_582' title='bbox 1415 4379 1539 4449; x_wconf 87' lang='lat' dir='ltr'><strong><em>legit</em></strong></span> <span class='ocrx_word' id='word_1_583' title='bbox 1563 4395 1576 4430; x_wconf 93' lang='lat'><strong>:</strong></span> <span class='ocrx_word' id='word_1_584' title='bbox 1606 4380 1733 4433; x_wconf 74' lang='lat' dir='ltr'><strong><em>(.um</em></strong></span> <span class='ocrx_word' id='word_1_585' title='bbox 1759 4380 1815 4433; x_wconf 84' lang='lat' dir='ltr'><strong><em>in</em></strong></span> 
     </span>
    </p>
   </div>
   <div class='ocr_carea' id='block_1_75' title="bbox 261 4447 1814 4517">
    <p class='ocr_par' dir='ltr' id='par_1_75' title="bbox 261 4447 1814 4517">
     <span class='ocr_line' id='line_1_75' title="bbox 261 4447 1814 4517; baseline 0.003 -21"><span class='ocrx_word' id='word_1_586' title='bbox 261 4460 367 4517; x_wconf 68' lang='lat' dir='ltr'><strong><em>suos</em></strong></span> <span class='ocrx_word' id='word_1_587' title='bbox 405 4447 625 4506; x_wconf 51' lang='grc' dir='ltr'><strong><em>διειδέναι,</em></strong></span> <span class='ocrx_word' id='word_1_588' title='bbox 660 4455 704 4497; x_wconf 86' lang='lat' dir='ltr'><strong><em>et</em></strong></span> <span class='ocrx_word' id='word_1_589' title='bbox 743 4449 1026 4515; x_wconf 84' lang='lat' dir='ltr'><strong><em>complures</em></strong></span> <span class='ocrx_word' id='word_1_590' title='bbox 1071 4450 1262 4502; x_wconf 87' lang='lat' dir='ltr'><strong><em>amicos</em></strong></span> <span class='ocrx_word' id='word_1_591' title='bbox 1310 4465 1429 4502; x_wconf 88' lang='lat' dir='ltr'><strong><em>suos</em></strong></span> <span class='ocrx_word' id='word_1_592' title='bbox 1471 4447 1583 4502; x_wconf 81' lang='lat' dir='ltr'><strong><em>truc</em></strong></span> <span class='ocrx_word' id='word_1_593' title='bbox 1603 4452 1770 4504; x_wconf 86' lang='lat' dir='ltr'><strong><em>dasset</em></strong></span> <span class='ocrx_word' id='word_1_594' title='bbox 1794 4488 1814 4517; x_wconf 91' lang='lat'><strong><em>,</em></strong></span> 
     </span>
    </p>
   </div>
   <div class='ocr_carea' id='block_1_76' title="bbox 1903 3271 3472 3340">
    <p class='ocr_par' dir='ltr' id='par_1_76' title="bbox 1903 3271 3472 3340">
     <span class='ocr_line' id='line_1_76' title="bbox 1903 3271 3472 3340; baseline 0.001 -14"><span class='ocrx_word' id='word_1_595' title='bbox 1903 3272 2026 3326; x_wconf 89' lang='lat' dir='ltr'><strong><em>aliis</em></strong></span> <span class='ocrx_word' id='word_1_596' title='bbox 2052 3272 2288 3340; x_wconf 85' lang='lat' dir='ltr'><strong><em>legiones</em></strong></span> <span class='ocrx_word' id='word_1_597' title='bbox 2315 3271 2427 3325; x_wconf 88' lang='lat' dir='ltr'><strong><em>dies</em></strong></span> <span class='ocrx_word' id='word_1_598' title='bbox 2458 3280 2747 3340; x_wconf 88' lang='lat' dir='ltr'><strong><em>noctesque</em></strong></span> <span class='ocrx_word' id='word_1_599' title='bbox 2766 3272 3053 3325; x_wconf 82' lang='lat' dir='ltr'><strong><em>succedere</em></strong></span> <span class='ocrx_word' id='word_1_600' title='bbox 3078 3271 3325 3340; x_wconf 86' lang='lat' dir='ltr'><strong><em>juberet,</em></strong></span> <span class='ocrx_word' id='word_1_601' title='bbox 3354 3272 3472 3329; x_wconf 81' lang='lat' dir='ltr'><strong><em>sine</em></strong></span> 
     </span>
    </p>
   </div>
   <div class='ocr_carea' id='block_1_77' title="bbox 1907 3362 3465 3434">
    <p class='ocr_par' dir='ltr' id='par_1_77' title="bbox 1907 3362 3465 3434">
     <span class='ocr_line' id='line_1_77' title="bbox 1907 3362 3465 3434; baseline -0.001 -15"><span class='ocrx_word' id='word_1_602' title='bbox 1907 3365 2107 3434; x_wconf 86' lang='lat' dir='ltr'><strong><em>requie,</em></strong></span> <span class='ocrx_word' id='word_1_603' title='bbox 2135 3362 2225 3416; x_wconf 75' lang='lat' dir='ltr'><strong><em>vix</em></strong></span> <span class='ocrx_word' id='word_1_604' title='bbox 2249 3364 2404 3419; x_wconf 87' lang='lat' dir='ltr'><strong><em>tertio</em></strong></span> <span class='ocrx_word' id='word_1_605' title='bbox 2426 3377 2609 3418; x_wconf 84' lang='lat' dir='ltr'><strong><em>mense</em></strong></span> <span class='ocrx_word' id='word_1_606' title='bbox 2630 3365 2947 3432; x_wconf 74' lang='lat' dir='ltr'><strong><em>expugnavit</em></strong></span> <span class='ocrx_word' id='word_1_607' title='bbox 2974 3381 2986 3414; x_wconf 93' lang='lat'><strong>:</strong></span> <span class='ocrx_word' id='word_1_608' title='bbox 3019 3364 3035 3414; x_wconf 87' lang='lat' dir='ltr'><strong><em>l</em></strong></span> <span class='ocrx_word' id='word_1_609' title='bbox 3069 3363 3465 3433; x_wconf 85' lang='lat' dir='ltr'><strong><em>quatuordecim</em></strong></span> 
     </span>
    </p>
   </div>
   <div class='ocr_carea' id='block_1_78' title="bbox 1907 3452 3473 3521">
    <p class='ocr_par' dir='ltr' id='par_1_78' title="bbox 1907 3452 3473 3521">
     <span class='ocr_line' id='line_1_78' title="bbox 1907 3452 3473 3521; baseline -0.001 -11"><span class='ocrx_word' id='word_1_610' title='bbox 1907 3455 2138 3510; x_wconf 83' lang='lat' dir='ltr'><strong><em>millibus</em></strong></span> <span class='ocrx_word' id='word_1_611' title='bbox 2163 3453 2468 3508; x_wconf 64' lang='lat' dir='ltr'><strong><em>Iudaeorum</em></strong></span> <span class='ocrx_word' id='word_1_612' title='bbox 2500 3454 2811 3521; x_wconf 83' lang='lat' dir='ltr'><strong><em>interiectis,</em></strong></span> <span class='ocrx_word' id='word_1_613' title='bbox 2844 3452 2871 3492; x_wconf 68' lang='grc' dir='ltr'>ι</span> <span class='ocrx_word' id='word_1_614' title='bbox 2898 3463 3081 3509; x_wconf 65' lang='lat' dir='ltr'><strong><em>cetera</em></strong></span> <span class='ocrx_word' id='word_1_615' title='bbox 3120 3455 3392 3513; x_wconf 84' lang='lat' dir='ltr'><strong><em>multitudo</em></strong></span> <span class='ocrx_word' id='word_1_616' title='bbox 3418 3470 3473 3508; x_wconf 86' lang='lat' dir='ltr'><strong><em>se</em></strong></span> 
     </span>
    </p>
   </div>
   <div class='ocr_carea' id='block_1_79' title="bbox 1908 3545 3473 3615">
    <p class='ocr_par' dir='ltr' id='par_1_79' title="bbox 1908 3545 3473 3615">
     <span class='ocr_line' id='line_1_79' title="bbox 1908 3545 3473 3615; baseline -0.001 -14"><span class='ocrx_word' id='word_1_617' title='bbox 1908 3548 2134 3612; x_wconf 87' lang='lat' dir='ltr'><strong><em>dedidit;</em></strong></span> <span class='ocrx_word' id='word_1_618' title='bbox 2162 3560 2342 3603; x_wconf 88' lang='lat' dir='ltr'><strong><em>muros</em></strong></span> <span class='ocrx_word' id='word_1_619' title='bbox 2369 3547 2599 3600; x_wconf 85' lang='lat' dir='ltr'><strong><em>civitatis</em></strong></span> <span class='ocrx_word' id='word_1_620' title='bbox 2624 3548 2814 3611; x_wconf 88' lang='lat' dir='ltr'><strong><em>everti,</em></strong></span> <span class='ocrx_word' id='word_1_621' title='bbox 2843 3545 3145 3615; x_wconf 66' lang='lat' dir='ltr'><strong><em>aquarique</em></strong></span> <span class='ocrx_word' id='word_1_622' title='bbox 3165 3545 3278 3600; x_wconf 86' lang='lat' dir='ltr'><strong><em>solo</em></strong></span> <span class='ocrx_word' id='word_1_623' title='bbox 3306 3548 3473 3615; x_wconf 59' lang='lat' dir='ltr'><strong><em>impec</em></strong></span> 
     </span>
    </p>
   </div>
   <div class='ocr_carea' id='block_1_80' title="bbox 1909 3636 3470 3707">
    <p class='ocr_par' dir='ltr' id='par_1_80' title="bbox 1909 3636 3470 3707">
     <span class='ocr_line' id='line_1_80' title="bbox 1909 3636 3470 3707; baseline 0.001 -12"><span class='ocrx_word' id='word_1_624' title='bbox 1909 3640 2064 3703; x_wconf 90' lang='lat' dir='ltr'><strong><em>ravit,</em></strong></span> <span class='ocrx_word' id='word_1_625' title='bbox 2094 3636 2245 3707; x_wconf 84' lang='lat' dir='ltr'><strong><em>cujus</em></strong></span> <span class='ocrx_word' id='word_1_626' title='bbox 2272 3637 2530 3692; x_wconf 81' lang='lat' dir='ltr'><strong><em>circuitus</em></strong></span> <span class='ocrx_word' id='word_1_627' title='bbox 2559 3649 2783 3707; x_wconf 88' lang='lat' dir='ltr'><strong><em>quatuor</em></strong></span> <span class='ocrx_word' id='word_1_628' title='bbox 2812 3639 2970 3692; x_wconf 84' lang='lat' dir='ltr'><strong><em>millia</em></strong></span> <span class='ocrx_word' id='word_1_629' title='bbox 2995 3653 3241 3706; x_wconf 86' lang='lat' dir='ltr'><strong><em>passuum</em></strong></span> <span class='ocrx_word' id='word_1_630' title='bbox 3272 3640 3470 3696; x_wconf 86' lang='lat' dir='ltr'><strong><em>dicitur</em></strong></span> 
     </span>
    </p>
   </div>
   <div class='ocr_carea' id='block_1_81' title="bbox 1911 3728 3479 3799">
    <p class='ocr_par' dir='ltr' id='par_1_81' title="bbox 1911 3728 3479 3799">
     <span class='ocr_line' id='line_1_81' title="bbox 1911 3728 3479 3799; baseline 0.001 -13"><span class='ocrx_word' id='word_1_631' title='bbox 1911 3731 2092 3787; x_wconf 79' lang='lat' dir='ltr'><strong><em>fuisse.</em></strong></span> <span class='ocrx_word' id='word_1_632' title='bbox 2124 3730 2359 3799; x_wconf 86' lang='lat' dir='ltr'><strong><em>Cumque</em></strong></span> <span class='ocrx_word' id='word_1_633' title='bbox 2404 3730 2702 3797; x_wconf 71' lang='lat' dir='ltr'><strong><em>aliquantus</em></strong></span> <span class='ocrx_word' id='word_1_634' title='bbox 2747 3728 3011 3799; x_wconf 81' lang='lat' dir='ltr'><strong><em>principes</em></strong></span> <span class='ocrx_word' id='word_1_635' title='bbox 3053 3728 3353 3785; x_wconf 69' lang='lat' dir='ltr'><strong><em>Judasorum</em></strong></span> <span class='ocrx_word' id='word_1_636' title='bbox 3393 3745 3479 3787; x_wconf 83' lang='lat' dir='ltr'><strong><em>se-</em></strong></span> 
     </span>
    </p>
   </div>
   <div class='ocr_carea' id='block_1_82' title="bbox 1910 3819 3470 3890">
    <p class='ocr_par' dir='ltr' id='par_1_82' title="bbox 1910 3819 3470 3890">
     <span class='ocr_line' id='line_1_82' title="bbox 1910 3819 3470 3890; baseline -0.001 -13"><span class='ocrx_word' id='word_1_637' title='bbox 1910 3822 2021 3878; x_wconf 87' lang='lat' dir='ltr'><strong><em>curi</em></strong></span> <span class='ocrx_word' id='word_1_638' title='bbox 2073 3821 2459 3890; x_wconf 84' lang='lat' dir='ltr'><strong><em>percussisset,</em></strong></span> <span class='ocrx_word' id='word_1_639' title='bbox 2514 3819 2742 3874; x_wconf 80' lang='lat' dir='ltr'><strong><em>liireano</em></strong></span> <span class='ocrx_word' id='word_1_640' title='bbox 2791 3820 3144 3875; x_wconf 71' lang='lat' dir='ltr'><strong><em>sacerdotium</em></strong></span> <span class='ocrx_word' id='word_1_641' title='bbox 3202 3821 3470 3889; x_wconf 84' lang='lat' dir='ltr'><strong><em>restituit,</em></strong></span> 
     </span>
    </p>
   </div>
   <div class='ocr_carea' id='block_1_83' title="bbox 1915 3912 3474 3982">
    <p class='ocr_par' dir='ltr' id='par_1_83' title="bbox 1915 3912 3474 3982">
     <span class='ocr_line' id='line_1_83' title="bbox 1915 3912 3474 3982; baseline 0.001 -14"><span class='ocrx_word' id='word_1_642' title='bbox 1915 3914 2276 3969; x_wconf 77' lang='lat' dir='ltr'><strong><em>Aristobulum</em></strong></span> <span class='ocrx_word' id='word_1_643' title='bbox 2305 3915 2570 3980; x_wconf 84' lang='lat' dir='ltr'><strong><em>captivum</em></strong></span> <span class='ocrx_word' id='word_1_644' title='bbox 2603 3912 2824 3966; x_wconf 81' lang='lat' dir='ltr'><strong><em>Romam</em></strong></span> <span class='ocrx_word' id='word_1_645' title='bbox 2859 3914 3122 3982; x_wconf 68' lang='lat' dir='ltr'><strong><em>perduxit.</em></strong></span> <span class='ocrx_word' id='word_1_646' title='bbox 3146 3914 3256 3969; x_wconf 92' lang='lat' dir='ltr'><strong><em>Iloc</em></strong></span> <span class='ocrx_word' id='word_1_647' title='bbox 3279 3915 3474 3970; x_wconf 82' lang='lat' dir='ltr'><strong><em>bellum</em></strong></span> 
     </span>
    </p>
   </div>
   <div class='ocr_carea' id='block_1_84' title="bbox 1912 4006 3477 4079">
    <p class='ocr_par' dir='ltr' id='par_1_84' title="bbox 1912 4006 3477 4079">
     <span class='ocr_line' id='line_1_84' title="bbox 1912 4006 3477 4079; baseline 0 -14"><span class='ocrx_word' id='word_1_648' title='bbox 1912 4007 2142 4065; x_wconf 85' lang='lat' dir='ltr'><strong><em>Orientis</em></strong></span> <span class='ocrx_word' id='word_1_649' title='bbox 2165 4021 2284 4061; x_wconf 89' lang='lat' dir='ltr'><strong><em>cum</em></strong></span> <span class='ocrx_word' id='word_1_650' title='bbox 2311 4007 2489 4076; x_wconf 85' lang='lat' dir='ltr'><strong><em>viginti</em></strong></span> <span class='ocrx_word' id='word_1_651' title='bbox 2517 4014 2574 4062; x_wconf 90' lang='lat' dir='ltr'><strong><em>et</em></strong></span> <span class='ocrx_word' id='word_1_652' title='bbox 2597 4006 2805 4061; x_wconf 87' lang='lat' dir='ltr'><strong><em>duobus</em></strong></span> <span class='ocrx_word' id='word_1_653' title='bbox 2835 4008 3044 4075; x_wconf 86' lang='lat' dir='ltr'><strong><em>regibus</em></strong></span> <span class='ocrx_word' id='word_1_654' title='bbox 3091 4022 3209 4064; x_wconf 87' lang='lat' dir='ltr'><strong><em>sese</em></strong></span> <span class='ocrx_word' id='word_1_655' title='bbox 3246 4009 3477 4079; x_wconf 81' lang='lat' dir='ltr'><strong><em>gessisse</em></strong></span> 
     </span>
    </p>
   </div>
   <div class='ocr_carea' id='block_1_85' title="bbox 1914 4096 3059 4171">
    <p class='ocr_par' dir='ltr' id='par_1_85' title="bbox 1914 4096 3059 4171">
     <span class='ocr_line' id='line_1_85' title="bbox 1914 4096 3059 4171; baseline 0.003 -17"><span class='ocrx_word' id='word_1_656' title='bbox 1914 4100 2027 4170; x_wconf 85' lang='lat' dir='ltr'><strong><em>ipse</em></strong></span> <span class='ocrx_word' id='word_1_657' title='bbox 2056 4099 2340 4169; x_wconf 80' lang='lat' dir='ltr'><strong><em>Pompeius</em></strong></span> <span class='ocrx_word' id='word_1_658' title='bbox 2369 4113 2461 4171; x_wconf 90' lang='lat' dir='ltr'><strong><em>pro</em></strong></span> <span class='ocrx_word' id='word_1_659' title='bbox 2488 4099 2727 4154; x_wconf 88' lang='lat' dir='ltr'><strong><em>concione</em></strong></span> <span class='ocrx_word' id='word_1_660' title='bbox 2756 4096 2776 4137; x_wconf 79' lang='grc' dir='ltr'><strong>ι</strong></span> <span class='ocrx_word' id='word_1_661' title='bbox 2804 4099 3059 4157; x_wconf 84' lang='lat' dir='ltr'><strong><em>narravit.</em></strong></span> 
     </span>
    </p>
   </div>
   <div class='ocr_carea' id='block_1_86' title="bbox 1985 4237 3486 4365">
    <p class='ocr_par' dir='ltr' id='par_1_86' title="bbox 1985 4237 3486 4365">
     <span class='ocr_line' id='line_1_86' title="bbox 1988 4246 2011 4275; baseline 0 0"><span class='ocrx_word' id='word_1_662' title='bbox 1988 4246 2011 4275; x_wconf 73' lang='grc' dir='ltr'><strong>ο</strong></span> 
     </span>
     <span class='ocr_line' id='line_1_87' title="bbox 1985 4237 3486 4365; baseline 0.003 -4"><span class='ocrx_word' id='word_1_663' title='bbox 1985 4305 2010 4343; x_wconf 73' lang='grc' dir='ltr'>ά</span> <span class='ocrx_word' id='word_1_664' title='bbox 2312 4323 2326 4359; x_wconf 91' lang='lat'><strong>:</strong></span> <span class='ocrx_word' id='word_1_665' title='bbox 2355 4303 2500 4361; x_wconf 70' lang='lat' dir='ltr'><strong><em>Vixit</em></strong></span> <span class='ocrx_word' id='word_1_666' title='bbox 2548 4319 2709 4360; x_wconf 74' lang='lat' dir='ltr'><strong><em>unt.</em></strong></span> <span class='ocrx_word' id='word_1_667' title='bbox 2754 4303 2945 4359; x_wconf 86' lang='lat' dir='ltr'><strong><em>Contra</em></strong></span> <span class='ocrx_word' id='word_1_668' title='bbox 2985 4304 3243 4362; x_wconf 83' lang='lat' dir='ltr'><strong><em>Romanos</em></strong></span> <span class='ocrx_word' id='word_1_669' title='bbox 3297 4306 3486 4365; x_wconf 82' lang='lat' dir='ltr'><strong><em>bellum</em></strong></span> 
     </span>
    </p>
   </div>
   <div class='ocr_carea' id='block_1_87' title="bbox 1916 4375 3486 4447">
    <p class='ocr_par' dir='ltr' id='par_1_87' title="bbox 1916 4375 3486 4447">
     <span class='ocr_line' id='line_1_88' title="bbox 1916 4375 3486 4447; baseline 0.002 -15"><span class='ocrx_word' id='word_1_670' title='bbox 1916 4377 2087 4432; x_wconf 86' lang='lat' dir='ltr'><strong><em>habuit</em></strong></span> <span class='ocrx_word' id='word_1_671' title='bbox 2117 4380 2265 4431; x_wconf 78' lang='lat' dir='ltr'><strong><em>annis</em></strong></span> <span class='ocrx_word' id='word_1_672' title='bbox 2296 4393 2381 4431; x_wconf 78' lang='lat' dir='ltr'><strong><em>XL.</em></strong></span> <span class='ocrx_word' id='word_1_673' title='bbox 2412 4375 2622 4447; x_wconf 84' lang='lat' dir='ltr'><strong><em>Tigrani</em></strong></span> <span class='ocrx_word' id='word_1_674' title='bbox 2647 4376 2831 4430; x_wconf 87' lang='lat' dir='ltr'><strong><em>deinde</em></strong></span> <span class='ocrx_word' id='word_1_675' title='bbox 2856 4375 3128 4446; x_wconf 76' lang='lat' dir='ltr'><strong><em>Pompeius</em></strong></span> <span class='ocrx_word' id='word_1_676' title='bbox 3154 4378 3360 4446; x_wconf 87' lang='lat' dir='ltr'><strong><em>bellum,</em></strong></span> <span class='ocrx_word' id='word_1_677' title='bbox 3382 4394 3486 4437; x_wconf 68' lang='lat' dir='ltr'><strong><em>etc.</em></strong></span> 
     </span>
    </p>
   </div>
   <div class='ocr_carea' id='block_1_88' title="bbox 1992 4448 2483 4516">
    <p class='ocr_par' dir='ltr' id='par_1_88' title="bbox 1992 4448 2483 4516">
     <span class='ocr_line' id='line_1_89' title="bbox 1992 4448 2483 4516; baseline -0.008 -11"><span class='ocrx_word' id='word_1_678' title='bbox 1992 4458 2016 4488; x_wconf 80' lang='grc'><strong><em>⁸</em></strong></span> <span class='ocrx_word' id='word_1_679' title='bbox 2048 4451 2112 4504; x_wconf 81' lang='grc' dir='ltr'><strong><em>Α.</em></strong></span> <span class='ocrx_word' id='word_1_680' title='bbox 2124 4492 2138 4516; x_wconf 85' lang='grc'><em>,</em></span> <span class='ocrx_word' id='word_1_681' title='bbox 2171 4448 2483 4515; x_wconf 86' lang='lat' dir='ltr'><strong><em>reimposuit.</em></strong></span> 
     </span>
    </p>
   </div>
   <div class='ocr_carea' id='block_1_89' title="bbox 266 4512 3492 4589">
    <p class='ocr_par' dir='ltr' id='par_1_89' title="bbox 266 4512 3492 4589">
     <span class='ocr_line' id='line_1_90' title="bbox 266 4512 3492 4589; baseline 0.003 -23"><span class='ocrx_word' id='word_1_682' title='bbox 266 4512 537 4570; x_wconf 80' lang='lat' dir='ltr'><strong><em>Pharnaces</em></strong></span> <span class='ocrx_word' id='word_1_683' title='bbox 585 4517 715 4567; x_wconf 87' lang='lat' dir='ltr'><strong><em>alter</em></strong></span> <span class='ocrx_word' id='word_1_684' title='bbox 753 4512 889 4583; x_wconf 78' lang='lat' dir='ltr'><strong><em>ﬁlius</em></strong></span> <span class='ocrx_word' id='word_1_685' title='bbox 933 4520 1043 4587; x_wconf 83' lang='lat' dir='ltr'><strong><em>ejus</em></strong></span> <span class='ocrx_word' id='word_1_686' title='bbox 1082 4520 1310 4584; x_wconf 76' lang='lat' dir='ltr'><strong><em>eaemplo</em></strong></span> <span class='ocrx_word' id='word_1_687' title='bbox 1355 4519 1571 4589; x_wconf 84' lang='lat' dir='ltr'><strong><em>fratrum</em></strong></span> <span class='ocrx_word' id='word_1_688' title='bbox 1612 4512 1815 4575; x_wconf 64' lang='lat' dir='ltr'><strong><em>territui</em></strong></span> <span class='ocrx_word' id='word_1_689' title='bbox 1843 4513 1898 4574; x_wconf 77' lang='grc' dir='ltr'><strong><em>Ι)</em></strong></span> <span class='ocrx_word' id='word_1_690' title='bbox 1993 4519 2013 4561; x_wconf 67' lang='grc' dir='ltr'><em>τ</em></span> <span class='ocrx_word' id='word_1_691' title='bbox 2047 4512 2195 4573; x_wconf 51' lang='grc' dir='ltr'>Αξθι</span> <span class='ocrx_word' id='word_1_692' title='bbox 2225 4512 2327 4572; x_wconf 36' lang='lat' dir='ltr'><strong><em>HI:</em></strong></span> <span class='ocrx_word' id='word_1_693' title='bbox 2358 4520 2532 4587; x_wconf 83' lang='lat' dir='ltr'><strong><em>Syria,</em></strong></span> <span class='ocrx_word' id='word_1_694' title='bbox 2556 4514 2778 4583; x_wconf 81' lang='lat' dir='ltr'><strong><em>Fenicis,</em></strong></span> <span class='ocrx_word' id='word_1_695' title='bbox 2810 4517 2991 4588; x_wconf 82' lang='lat' dir='ltr'><strong><em>Ofene,</em></strong></span> <span class='ocrx_word' id='word_1_696' title='bbox 3013 4521 3165 4576; x_wconf 82' lang='lat' dir='ltr'><strong><em>abest</em></strong></span> <span class='ocrx_word' id='word_1_697' title='bbox 3185 4521 3345 4576; x_wconf 83' lang='lat' dir='ltr'><strong><em>etiam</em></strong></span> <span class='ocrx_word' id='word_1_698' title='bbox 3372 4535 3492 4577; x_wconf 80' lang='lat' dir='ltr'><strong><em>ver-</em></strong></span> 
     </span>
    </p>
   </div>
   <div class='ocr_carea' id='block_1_90' title="bbox 265 4589 1814 4655">
    <p class='ocr_par' dir='ltr' id='par_1_90' title="bbox 265 4589 1814 4655">
     <span class='ocr_line' id='line_1_91' title="bbox 265 4589 1814 4655; baseline 0.005 -20"><span class='ocrx_word' id='word_1_699' title='bbox 265 4590 519 4638; x_wconf 69' lang='lat' dir='ltr'><strong><em>cxercitnm</em></strong></span> <span class='ocrx_word' id='word_1_700' title='bbox 547 4590 615 4638; x_wconf 89' lang='lat' dir='ltr'><strong><em>ad</em></strong></span> <span class='ocrx_word' id='word_1_701' title='bbox 639 4592 1039 4652; x_wconf 77' lang='lat' dir='ltr'><strong><em>persequendum</em></strong></span> <span class='ocrx_word' id='word_1_702' title='bbox 1065 4605 1120 4643; x_wconf 89' lang='lat' dir='ltr'><strong><em>se</em></strong></span> <span class='ocrx_word' id='word_1_703' title='bbox 1147 4593 1354 4642; x_wconf 79' lang='lat' dir='ltr'><strong><em>missum</em></strong></span> <span class='ocrx_word' id='word_1_704' title='bbox 1380 4589 1475 4642; x_wconf 84' lang='lat' dir='ltr'><strong><em>sibi</em></strong></span> <span class='ocrx_word' id='word_1_705' title='bbox 1497 4591 1777 4643; x_wconf 79' lang='lat' dir='ltr'><strong><em>conciliarit</em></strong></span> <span class='ocrx_word' id='word_1_706' title='bbox 1799 4631 1814 4655; x_wconf 87' lang='lat'><strong><em>,</em></strong></span> 
     </span>
    </p>
   </div>
   <div class='ocr_carea' id='block_1_91' title="bbox 267 4659 1820 4717">
    <p class='ocr_par' dir='ltr' id='par_1_91' title="bbox 267 4659 1820 4717">
     <span class='ocr_line' id='line_1_92' title="bbox 267 4659 1820 4717; baseline 0.006 -12"><span class='ocrx_word' id='word_1_707' title='bbox 267 4666 305 4706; x_wconf 91' lang='lat' dir='ltr'><strong><em>et</em></strong></span> <span class='ocrx_word' id='word_1_708' title='bbox 330 4672 439 4710; x_wconf 66' lang='lat' dir='ltr'><strong><em>mox</em></strong></span> <span class='ocrx_word' id='word_1_709' title='bbox 457 4659 701 4710; x_wconf 81' lang='lat' dir='ltr'><strong><em>adversus</em></strong></span> <span class='ocrx_word' id='word_1_710' title='bbox 727 4674 803 4717; x_wconf 85' lang='lat' dir='ltr'><strong><em>pa.</em></strong></span> <span class='ocrx_word' id='word_1_711' title='bbox 815 4672 920 4710; x_wconf 80' lang='lat' dir='ltr'><strong><em>rem</em></strong></span> <span class='ocrx_word' id='word_1_712' title='bbox 944 4662 1108 4713; x_wconf 77' lang='lat' dir='ltr'><strong><em>duxit.</em></strong></span> <span class='ocrx_word' id='word_1_713' title='bbox 1141 4659 1459 4713; x_wconf 81' lang='lat' dir='ltr'><strong><em>Mithridates</em></strong></span> <span class='ocrx_word' id='word_1_714' title='bbox 1486 4663 1575 4713; x_wconf 89' lang='lat' dir='ltr'><strong><em>diu</em></strong></span> <span class='ocrx_word' id='word_1_715' title='bbox 1596 4677 1658 4713; x_wconf 65' lang='lat' dir='ltr'><strong><em>ea:</em></strong></span> <span class='ocrx_word' id='word_1_716' title='bbox 1676 4663 1820 4715; x_wconf 82' lang='lat' dir='ltr'><strong><em>altis-</em></strong></span> 
     </span>
    </p>
   </div>
   <div class='ocr_carea' id='block_1_92' title="bbox 268 4727 1821 4799">
    <p class='ocr_par' dir='ltr' id='par_1_92' title="bbox 268 4727 1821 4799">
     <span class='ocr_line' id='line_1_93' title="bbox 268 4727 1821 4799; baseline 0.005 -22"><span class='ocrx_word' id='word_1_717' title='bbox 268 4727 377 4799; x_wconf 84' lang='lat' dir='ltr'><strong><em>simo</em></strong></span> <span class='ocrx_word' id='word_1_718' title='bbox 418 4744 561 4781; x_wconf 89' lang='lat' dir='ltr'><strong><em>muro</em></strong></span> <span class='ocrx_word' id='word_1_719' title='bbox 587 4728 754 4794; x_wconf 79' lang='lat' dir='ltr'><strong><em>ﬁlium</em></strong></span> <span class='ocrx_word' id='word_1_720' title='bbox 794 4734 985 4799; x_wconf 74' lang='lat' dir='ltr'><strong><em>[rustra</em></strong></span> <span class='ocrx_word' id='word_1_721' title='bbox 1027 4741 1292 4799; x_wconf 86' lang='lat' dir='ltr'><strong><em>precatus,</em></strong></span> <span class='ocrx_word' id='word_1_722' title='bbox 1335 4730 1416 4783; x_wconf 84' lang='lat' dir='ltr'><strong><em>ubi</em></strong></span> <span class='ocrx_word' id='word_1_723' title='bbox 1463 4731 1821 4785; x_wconf 67' lang='lat' dir='ltr'><strong><em>inexorabilem</em></strong></span> 
     </span>
    </p>
   </div>
   <div class='ocr_carea' id='block_1_93' title="bbox 268 4797 1823 4869">
    <p class='ocr_par' dir='ltr' id='par_1_93' title="bbox 268 4797 1823 4869">
     <span class='ocr_line' id='line_1_94' title="bbox 268 4797 1823 4869; baseline 0.006 -23"><span class='ocrx_word' id='word_1_724' title='bbox 268 4798 397 4859; x_wconf 75' lang='lat' dir='ltr'><strong><em>vidit,</em></strong></span> <span class='ocrx_word' id='word_1_725' title='bbox 420 4800 487 4850; x_wconf 74' lang='lat' dir='ltr'><strong><em>ita</em></strong></span> <span class='ocrx_word' id='word_1_726' title='bbox 518 4804 678 4867; x_wconf 81' lang='lat' dir='ltr'><strong><em>fertur</em></strong></span> <span class='ocrx_word' id='word_1_727' title='bbox 699 4797 1043 4855; x_wconf 58' lang='lat' dir='ltr'><strong><em>exclamasset</em></strong></span> <span class='ocrx_word' id='word_1_728' title='bbox 1068 4802 1337 4866; x_wconf 78' lang='lat' dir='ltr'><strong><em>Quoniam,</em></strong></span> <span class='ocrx_word' id='word_1_729' title='bbox 1369 4802 1553 4869; x_wconf 76' lang='lat' dir='ltr'><strong><em>inquit,</em></strong></span> <span class='ocrx_word' id='word_1_730' title='bbox 1587 4800 1823 4856; x_wconf 84' lang='lat' dir='ltr'><strong><em>Pharna-</em></strong></span> 
     </span>
    </p>
   </div>
   <div class='ocr_carea' id='block_1_94' title="bbox 267 4870 1821 4943">
    <p class='ocr_par' dir='ltr' id='par_1_94' title="bbox 267 4870 1821 4943">
     <span class='ocr_line' id='line_1_95' title="bbox 267 4870 1821 4943; baseline 0.005 -24"><span class='ocrx_word' id='word_1_731' title='bbox 267 4883 337 4943; x_wconf 68' lang='lat' dir='ltr'><strong><em>ces</em></strong></span> <span class='ocrx_word' id='word_1_732' title='bbox 363 4870 483 4943; x_wconf 86' lang='lat' dir='ltr'><strong><em>mori</em></strong></span> <span class='ocrx_word' id='word_1_733' title='bbox 506 4870 673 4938; x_wconf 79' lang='lat' dir='ltr'><strong><em>jubet,</em></strong></span> <span class='ocrx_word' id='word_1_734' title='bbox 706 4885 811 4943; x_wconf 82' lang='lat' dir='ltr'><strong><em>vos,</em></strong></span> <span class='ocrx_word' id='word_1_735' title='bbox 844 4872 886 4922; x_wconf 86' lang='lat' dir='ltr'><strong><em>si</em></strong></span> <span class='ocrx_word' id='word_1_736' title='bbox 915 4872 1132 4943; x_wconf 82' lang='lat' dir='ltr'><strong><em>estisdii</em></strong></span> <span class='ocrx_word' id='word_1_737' title='bbox 1154 4872 1329 4943; x_wconf 80' lang='lat' dir='ltr'><strong><em>patrii,</em></strong></span> <span class='ocrx_word' id='word_1_738' title='bbox 1356 4887 1553 4939; x_wconf 84' lang='lat' dir='ltr'><strong><em>precor,</em></strong></span> <span class='ocrx_word' id='word_1_739' title='bbox 1579 4884 1633 4924; x_wconf 91' lang='lat' dir='ltr'><strong><em>ut</em></strong></span> <span class='ocrx_word' id='word_1_740' title='bbox 1654 4890 1821 4943; x_wconf 84' lang='lat' dir='ltr'><strong><em>quan-</em></strong></span> 
     </span>
    </p>
   </div>
   <div class='ocr_carea' id='block_1_95' title="bbox 267 4940 1826 5011">
    <p class='ocr_par' dir='ltr' id='par_1_95' title="bbox 267 4940 1826 5011">
     <span class='ocr_line' id='line_1_96' title="bbox 267 4940 1826 5011; baseline 0.003 -19"><span class='ocrx_word' id='word_1_741' title='bbox 267 4940 415 5007; x_wconf 65' lang='lat' dir='ltr'><strong><em>doque</em></strong></span> <span class='ocrx_word' id='word_1_742' title='bbox 440 4941 569 4992; x_wconf 88' lang='lat' dir='ltr'><strong><em>hanc</em></strong></span> <span class='ocrx_word' id='word_1_743' title='bbox 596 4956 768 4992; x_wconf 83' lang='lat' dir='ltr'><strong><em>vocent</em></strong></span> <span class='ocrx_word' id='word_1_744' title='bbox 794 4942 902 5004; x_wconf 80' lang='lat' dir='ltr'><strong><em>ipse</em></strong></span> <span class='ocrx_word' id='word_1_745' title='bbox 926 4942 1101 4994; x_wconf 80' lang='lat' dir='ltr'><strong><em>audiat</em></strong></span> <span class='ocrx_word' id='word_1_746' title='bbox 1130 4961 1159 4994; x_wconf 87' lang='lat' dir='ltr'><strong><em>tt</em></strong></span> <span class='ocrx_word' id='word_1_747' title='bbox 1189 4941 1359 4996; x_wconf 82' lang='lat' dir='ltr'><strong><em>liberis</em></strong></span> <span class='ocrx_word' id='word_1_748' title='bbox 1394 4944 1533 5007; x_wconf 79' lang='lat' dir='ltr'><strong><em>suis;</em></strong></span> <span class='ocrx_word' id='word_1_749' title='bbox 1558 4940 1826 5011; x_wconf 81' lang='lat' dir='ltr'><strong><em>statimque</em></strong></span> 
     </span>
    </p>
   </div>
   <div class='ocr_carea' id='block_1_96' title="bbox 271 5011 1826 5081">
    <p class='ocr_par' dir='ltr' id='par_1_96' title="bbox 271 5011 1826 5081">
     <span class='ocr_line' id='line_1_97' title="bbox 271 5011 1826 5081; baseline 0.004 -20"><span class='ocrx_word' id='word_1_750' title='bbox 271 5011 558 5065; x_wconf 80' lang='lat' dir='ltr'><strong><em>descendens</em></strong></span> <span class='ocrx_word' id='word_1_751' title='bbox 587 5012 654 5062; x_wconf 91' lang='lat' dir='ltr'><strong><em>ad</em></strong></span> <span class='ocrx_word' id='word_1_752' title='bbox 684 5025 885 5074; x_wconf 75' lang='lat' dir='ltr'><strong><em>uxores,</em></strong></span> <span class='ocrx_word' id='word_1_753' title='bbox 915 5012 1137 5078; x_wconf 78' lang='lat' dir='ltr'><strong><em>pellices,</em></strong></span> <span class='ocrx_word' id='word_1_754' title='bbox 1164 5028 1222 5066; x_wconf 88' lang='lat' dir='ltr'><strong><em>ac</em></strong></span> <span class='ocrx_word' id='word_1_755' title='bbox 1248 5012 1385 5081; x_wconf 82' lang='lat' dir='ltr'><strong><em>ﬁlias</em></strong></span> <span class='ocrx_word' id='word_1_756' title='bbox 1410 5028 1547 5078; x_wconf 86' lang='lat' dir='ltr'><strong><em>suas,</em></strong></span> <span class='ocrx_word' id='word_1_757' title='bbox 1585 5029 1826 5067; x_wconf 81' lang='lat' dir='ltr'><strong><em>uenenum</em></strong></span> 
     </span>
    </p>
   </div>
   <div class='ocr_carea' id='block_1_97' title="bbox 272 5082 1825 5151">
    <p class='ocr_par' dir='ltr' id='par_1_97' title="bbox 272 5082 1825 5151">
     <span class='ocr_line' id='line_1_98' title="bbox 272 5082 1825 5151; baseline 0.003 -19"><span class='ocrx_word' id='word_1_758' title='bbox 272 5085 484 5135; x_wconf 77' lang='lat' dir='ltr'><strong><em>aninth</em></strong></span> <span class='ocrx_word' id='word_1_759' title='bbox 511 5082 649 5133; x_wconf 74' lang='lat' dir='ltr'><strong><em>dedit</em></strong></span> <span class='ocrx_word' id='word_1_760' title='bbox 673 5096 691 5133; x_wconf 88' lang='lat'><strong><em>:</em></strong></span> <span class='ocrx_word' id='word_1_761' title='bbox 720 5083 857 5148; x_wconf 84' lang='lat' dir='ltr'><strong><em>quod</em></strong></span> <span class='ocrx_word' id='word_1_762' title='bbox 896 5098 1013 5134; x_wconf 87' lang='lat' dir='ltr'><strong><em>cum</em></strong></span> <span class='ocrx_word' id='word_1_763' title='bbox 1055 5082 1164 5151; x_wconf 86' lang='lat' dir='ltr'><strong><em>ipse</em></strong></span> <span class='ocrx_word' id='word_1_764' title='bbox 1201 5084 1497 5137; x_wconf 78' lang='lat' dir='ltr'><strong><em>nouissimus</em></strong></span> <span class='ocrx_word' id='word_1_765' title='bbox 1545 5082 1825 5148; x_wconf 89' lang='lat' dir='ltr'><strong><em>hausisset,</em></strong></span> 
     </span>
    </p>
   </div>
   <div class='ocr_carea' id='block_1_98' title="bbox 270 5153 1824 5224">
    <p class='ocr_par' dir='ltr' id='par_1_98' title="bbox 270 5153 1824 5224">
     <span class='ocr_line' id='line_1_99' title="bbox 270 5153 1824 5224; baseline 0.003 -22"><span class='ocrx_word' id='word_1_766' title='bbox 270 5165 351 5203; x_wconf 82' lang='lat' dir='ltr'><strong><em>nec</em></strong></span> <span class='ocrx_word' id='word_1_767' title='bbox 392 5163 557 5206; x_wconf 77' lang='lat' dir='ltr'><strong><em>tamen</em></strong></span> <span class='ocrx_word' id='word_1_768' title='bbox 601 5161 805 5221; x_wconf 80' lang='lat' dir='ltr'><strong><em>propter</em></strong></span> <span class='ocrx_word' id='word_1_769' title='bbox 835 5153 1088 5224; x_wconf 56' lang='lat' dir='ltr'><strong><em>retiredia,</em></strong></span> <span class='ocrx_word' id='word_1_770' title='bbox 1128 5154 1307 5224; x_wconf 88' lang='lat' dir='ltr'><strong><em>quibus</em></strong></span> <span class='ocrx_word' id='word_1_771' title='bbox 1352 5170 1405 5207; x_wconf 89' lang='lat' dir='ltr'><strong><em>se</em></strong></span> <span class='ocrx_word' id='word_1_772' title='bbox 1450 5154 1824 5223; x_wconf 71' lang='lat' dir='ltr'><strong><em>prwritu..ierat,</em></strong></span> 
     </span>
    </p>
   </div>
   <div class='ocr_carea' id='block_1_99' title="bbox 273 5221 1833 5293">
    <p class='ocr_par' dir='ltr' id='par_1_99' title="bbox 273 5221 1833 5293">
     <span class='ocr_line' id='line_1_100' title="bbox 273 5221 1833 5293; baseline 0.003 -19"><span class='ocrx_word' id='word_1_773' title='bbox 273 5235 443 5276; x_wconf 58' lang='lat' dir='ltr'><strong><em>ueneno</em></strong></span> <span class='ocrx_word' id='word_1_774' title='bbox 489 5224 670 5282; x_wconf 78' lang='lat' dir='ltr'><strong><em>conﬁci</em></strong></span> <span class='ocrx_word' id='word_1_775' title='bbox 695 5230 881 5293; x_wconf 89' lang='lat' dir='ltr'><strong><em>posset,</em></strong></span> <span class='ocrx_word' id='word_1_776' title='bbox 912 5221 1654 5291; x_wconf 46' lang='lat' dir='ltr'><strong><em>Gallum&#39;querndamVitigis</em></strong></span> <span class='ocrx_word' id='word_1_777' title='bbox 1703 5221 1833 5278; x_wconf 87' lang='lat' dir='ltr'><strong><em>mili-</em></strong></span> 
     </span>
    </p>
   </div>
   <div class='ocr_carea' id='block_1_100' title="bbox 268 5294 1834 5366">
    <p class='ocr_par' dir='ltr' id='par_1_100' title="bbox 268 5294 1834 5366">
     <span class='ocr_line' id='line_1_101' title="bbox 268 5294 1834 5366; baseline 0.001 -19"><span class='ocrx_word' id='word_1_778' title='bbox 268 5301 357 5347; x_wconf 85' lang='lat' dir='ltr'><strong><em>tem</em></strong></span> <span class='ocrx_word' id='word_1_779' title='bbox 381 5294 628 5366; x_wconf 68' lang='lat' dir='ltr'><strong><em>incitavit,</em></strong></span> <span class='ocrx_word' id='word_1_780' title='bbox 657 5294 1065 5366; x_wconf 79' lang='lat' dir='ltr'><strong><em>eiquejugulum</em></strong></span> <span class='ocrx_word' id='word_1_781' title='bbox 1088 5296 1322 5366; x_wconf 77' lang='lat' dir='ltr'><strong><em>prwbuit.</em></strong></span> <span class='ocrx_word' id='word_1_782' title='bbox 1358 5294 1510 5366; x_wconf 84' lang='lat' dir='ltr'><strong><em>ll_uoc</em></strong></span> <span class='ocrx_word' id='word_1_783' title='bbox 1554 5296 1707 5362; x_wconf 85' lang='lat' dir='ltr'><strong><em>finem</em></strong></span> <span class='ocrx_word' id='word_1_784' title='bbox 1744 5298 1834 5349; x_wconf 87' lang='lat' dir='ltr'><strong><em>ha-</em></strong></span> 
     </span>
    </p>
   </div>
   <div class='ocr_carea' id='block_1_101' title="bbox 264 5363 1835 5435">
    <p class='ocr_par' dir='ltr' id='par_1_101' title="bbox 264 5363 1835 5435">
     <span class='ocr_line' id='line_1_102' title="bbox 264 5363 1835 5435; baseline 0 -16"><span class='ocrx_word' id='word_1_785' title='bbox 264 5368 364 5419; x_wconf 80' lang='lat' dir='ltr'><strong><em>buit</em></strong></span> <span class='ocrx_word' id='word_1_786' title='bbox 407 5365 754 5419; x_wconf 72' lang='lat' dir='ltr'><strong><em>Mithridates.</em></strong></span> <span class='ocrx_word' id='word_1_787' title='bbox 798 5363 955 5419; x_wconf 76' lang='lat' dir='ltr'><strong><em>Periit</em></strong></span> <span class='ocrx_word' id='word_1_788' title='bbox 1004 5363 1176 5420; x_wconf 85' lang='lat' dir='ltr'><strong><em>autem</em></strong></span> <span class='ocrx_word' id='word_1_789' title='bbox 1217 5366 1354 5435; x_wconf 89' lang='lat' dir='ltr'><strong><em>apud</em></strong></span> <span class='ocrx_word' id='word_1_790' title='bbox 1386 5363 1727 5435; x_wconf 70' lang='lat' dir='ltr'><strong><em>Bosphorum,</em></strong></span> <span class='ocrx_word' id='word_1_791' title='bbox 1759 5367 1835 5420; x_wconf 89' lang='lat' dir='ltr'><strong><em>vir</em></strong></span> 
     </span>
    </p>
   </div>
   <div class='ocr_carea' id='block_1_102' title="bbox 262 5435 1836 5508">
    <p class='ocr_par' dir='ltr' id='par_1_102' title="bbox 262 5435 1836 5508">
     <span class='ocr_line' id='line_1_103' title="bbox 262 5435 1836 5508; baseline 0.001 -19"><span class='ocrx_word' id='word_1_792' title='bbox 262 5439 473 5508; x_wconf 85' lang='lat' dir='ltr'><strong><em>ingentis</em></strong></span> <span class='ocrx_word' id='word_1_793' title='bbox 497 5437 764 5508; x_wconf 72' lang='lat' dir='ltr'><strong><em>industria</em></strong></span> <span class='ocrx_word' id='word_1_794' title='bbox 782 5438 1096 5503; x_wconf 69' lang='lat' dir='ltr'><strong><em>consiliique.</em></strong></span> <span class='ocrx_word' id='word_1_795' title='bbox 1132 5436 1376 5505; x_wconf 78' lang='lat' dir='ltr'><strong><em>Regnavit</em></strong></span> <span class='ocrx_word' id='word_1_796' title='bbox 1402 5455 1522 5490; x_wconf 87' lang='lat' dir='ltr'><strong><em>una.</em></strong></span> <span class='ocrx_word' id='word_1_797' title='bbox 1567 5454 1660 5492; x_wconf 67' lang='grc' dir='ltr'><strong><em>ιχ.</em></strong></span> <span class='ocrx_word' id='word_1_798' title='bbox 1696 5435 1836 5491; x_wconf 70' lang='lat' dir='ltr'><strong><em>Vixit</em></strong></span> 
     </span>
    </p>
   </div>
   <div class='ocr_carea' id='block_1_103' title="bbox 259 5504 1838 5577">
    <p class='ocr_par' dir='ltr' id='par_1_103' title="bbox 259 5504 1838 5577">
     <span class='ocr_line' id='line_1_104' title="bbox 259 5504 1838 5577; baseline -0.001 -13"><span class='ocrx_word' id='word_1_799' title='bbox 259 5504 429 5566; x_wconf 70' lang='grc' dir='ltr'><strong><em>ιὶιιι.</em></strong></span> <span class='ocrx_word' id='word_1_800' title='bbox 454 5507 649 5577; x_wconf 77' lang='lat' dir='ltr'><strong><em>Contra</em></strong></span> <span class='ocrx_word' id='word_1_801' title='bbox 692 5504 840 5561; x_wconf 80' lang='lat' dir='ltr'><strong><em>Rom.</em></strong></span> <span class='ocrx_word' id='word_1_802' title='bbox 891 5508 1078 5561; x_wconf 87' lang='lat' dir='ltr'><strong><em>bellum</em></strong></span> <span class='ocrx_word' id='word_1_803' title='bbox 1120 5504 1291 5561; x_wconf 88' lang='lat' dir='ltr'><strong><em>habuit</em></strong></span> <span class='ocrx_word' id='word_1_804' title='bbox 1330 5510 1477 5561; x_wconf 85' lang='lat' dir='ltr'><strong><em>annis</em></strong></span> <span class='ocrx_word' id='word_1_805' title='bbox 1507 5526 1590 5563; x_wconf 65' lang='grc' dir='ltr'><strong><em>λι..</em></strong></span> <span class='ocrx_word' id='word_1_806' title='bbox 1625 5508 1838 5577; x_wconf 78' lang='lat' dir='ltr'><strong><em>Tigrani</em></strong></span> 
     </span>
    </p>
   </div>
   <div class='ocr_carea' id='block_1_104' title="bbox 258 5576 1835 5647">
    <p class='ocr_par' dir='ltr' id='par_1_104' title="bbox 258 5576 1835 5647">
     <span class='ocr_line' id='line_1_105' title="bbox 258 5576 1835 5647; baseline -0.001 -10"><span class='ocrx_word' id='word_1_807' title='bbox 258 5580 440 5637; x_wconf 69' lang='lat' dir='ltr'><strong><em>deinde</em></strong></span> <span class='ocrx_word' id='word_1_808' title='bbox 454 5576 730 5647; x_wconf 86' lang='lat' dir='ltr'><strong><em>Pompeius</em></strong></span> <span class='ocrx_word' id='word_1_809' title='bbox 742 5578 926 5632; x_wconf 87' lang='lat' dir='ltr'><strong><em>bellum</em></strong></span> <span class='ocrx_word' id='word_1_810' title='bbox 949 5579 1140 5646; x_wconf 87' lang='lat' dir='ltr'><strong><em>intulit,</em></strong></span> <span class='ocrx_word' id='word_1_811' title='bbox 1152 5589 1282 5645; x_wconf 85' lang='lat' dir='ltr'><strong><em>etc.,</em></strong></span> <span class='ocrx_word' id='word_1_812' title='bbox 1301 5580 1387 5634; x_wconf 89' lang='lat' dir='ltr'><strong><em>ubi</em></strong></span> <span class='ocrx_word' id='word_1_813' title='bbox 1404 5581 1569 5647; x_wconf 78' lang='lat' dir='ltr'><strong><em>pergil</em></strong></span> <span class='ocrx_word' id='word_1_814' title='bbox 1587 5581 1628 5634; x_wconf 81' lang='grc' dir='ltr'><strong>Μ</strong></span> <span class='ocrx_word' id='word_1_815' title='bbox 1639 5581 1835 5635; x_wconf 71' lang='lat' dir='ltr'><strong><em>iscella.</em></strong></span> 
     </span>
    </p>
   </div>
   <div class='ocr_carea' id='block_1_105' title="bbox 261 5650 1836 5718">
    <p class='ocr_par' dir='ltr' id='par_1_105' title="bbox 261 5650 1836 5718">
     <span class='ocr_line' id='line_1_106' title="bbox 261 5650 1836 5718; baseline -0.001 -10"><span class='ocrx_word' id='word_1_816' title='bbox 261 5653 513 5708; x_wconf 68' lang='lat' dir='ltr'><strong><em>AIIIbI’Oe.</em></strong></span> <span class='ocrx_word' id='word_1_817' title='bbox 534 5665 655 5704; x_wconf 86' lang='lat' dir='ltr'><strong><em>cum</em></strong></span> <span class='ocrx_word' id='word_1_818' title='bbox 675 5650 766 5704; x_wconf 74' lang='lat' dir='ltr'><strong><em>lle:</em></strong></span> <span class='ocrx_word' id='word_1_819' title='bbox 781 5651 935 5703; x_wconf 87' lang='lat' dir='ltr'><strong><em>sleld.</em></strong></span> <span class='ocrx_word' id='word_1_820' title='bbox 952 5690 968 5715; x_wconf 89' lang='lat'><strong><em>,</em></strong></span> <span class='ocrx_word' id='word_1_821' title='bbox 982 5660 1037 5704; x_wconf 91' lang='lat' dir='ltr'><strong><em>ut</em></strong></span> <span class='ocrx_word' id='word_1_822' title='bbox 1053 5666 1150 5704; x_wconf 89' lang='lat' dir='ltr'><strong><em>suo</em></strong></span> <span class='ocrx_word' id='word_1_823' title='bbox 1161 5665 1371 5718; x_wconf 86' lang='lat' dir='ltr'><strong><em>quoque</em></strong></span> <span class='ocrx_word' id='word_1_824' title='bbox 1386 5651 1501 5704; x_wconf 73' lang='lat' dir='ltr'><strong><em>Iot-o</em></strong></span> <span class='ocrx_word' id='word_1_825' title='bbox 1517 5652 1836 5706; x_wconf 89' lang='lat' dir='ltr'><strong><em>notavimus.</em></strong></span> 
     </span>
    </p>
   </div>
   <div class='ocr_carea' id='block_1_106' title="bbox 328 5719 1840 5793">
    <p class='ocr_par' dir='ltr' id='par_1_106' title="bbox 328 5719 1840 5793">
     <span class='ocr_line' id='line_1_107' title="bbox 328 5719 1840 5793; baseline 0.001 -17"><span class='ocrx_word' id='word_1_826' title='bbox 328 5720 362 5761; x_wconf 73' lang='lat'><strong><em>&#39;-</em></strong></span> <span class='ocrx_word' id='word_1_827' title='bbox 391 5725 459 5776; x_wconf 77' lang='grc' dir='ltr'><strong><em>Α.</em></strong></span> <span class='ocrx_word' id='word_1_828' title='bbox 488 5739 500 5774; x_wconf 92' lang='lat'>:</span> <span class='ocrx_word' id='word_1_829' title='bbox 529 5719 643 5777; x_wconf 84' lang='lat' dir='ltr'><strong><em>Nec</em></strong></span> <span class='ocrx_word' id='word_1_830' title='bbox 668 5731 835 5775; x_wconf 87' lang='lat' dir='ltr'><strong><em>tamen</em></strong></span> <span class='ocrx_word' id='word_1_831' title='bbox 860 5731 1067 5793; x_wconf 86' lang='lat' dir='ltr'><strong><em>prapter</em></strong></span> <span class='ocrx_word' id='word_1_832' title='bbox 1093 5721 1317 5777; x_wconf 85' lang='lat' dir='ltr'><strong><em>remedia</em></strong></span> <span class='ocrx_word' id='word_1_833' title='bbox 1338 5761 1356 5789; x_wconf 93' lang='lat'><strong><em>,</em></strong></span> <span class='ocrx_word' id='word_1_834' title='bbox 1383 5722 1561 5791; x_wconf 83' lang='lat' dir='ltr'><strong><em>quibus</em></strong></span> <span class='ocrx_word' id='word_1_835' title='bbox 1607 5738 1661 5776; x_wconf 85' lang='lat' dir='ltr'><strong><em>se</em></strong></span> <span class='ocrx_word' id='word_1_836' title='bbox 1708 5739 1840 5785; x_wconf 79' lang='lat' dir='ltr'><strong><em>prte-</em></strong></span> 
     </span>
    </p>
   </div>
   <div class='ocr_carea' id='block_1_107' title="bbox 262 5794 912 5861">
    <p class='ocr_par' dir='ltr' id='par_1_107' title="bbox 262 5794 912 5861">
     <span class='ocr_line' id='line_1_108' title="bbox 262 5794 912 5861; baseline -0.005 -12"><span class='ocrx_word' id='word_1_837' title='bbox 262 5794 543 5859; x_wconf 62' lang='lat' dir='ltr'><strong><em>mum&#39;erat,</em></strong></span> <span class='ocrx_word' id='word_1_838' title='bbox 568 5806 778 5861; x_wconf 69' lang='lat' dir='ltr'><strong><em>uacuo,</em></strong></span> <span class='ocrx_word' id='word_1_839' title='bbox 807 5803 912 5849; x_wconf 85' lang='lat' dir='ltr'><strong><em>etc.</em></strong></span> 
     </span>
    </p>
   </div>
   <div class='ocr_carea' id='block_1_108' title="bbox 1920 4590 2591 4655">
    <p class='ocr_par' dir='ltr' id='par_1_108' title="bbox 1920 4590 2591 4655">
     <span class='ocr_line' id='line_1_109' title="bbox 1920 4590 2591 4655; baseline 0.001 -14"><span class='ocrx_word' id='word_1_840' title='bbox 1920 4594 2041 4648; x_wconf 81' lang='lat' dir='ltr'><strong><em>bum</em></strong></span> <span class='ocrx_word' id='word_1_841' title='bbox 2070 4590 2261 4651; x_wconf 71' lang='lat' dir='ltr'><strong><em>Coelen,</em></strong></span> <span class='ocrx_word' id='word_1_842' title='bbox 2294 4590 2343 4640; x_wconf 90' lang='lat' dir='ltr'><strong><em>in</em></strong></span> <span class='ocrx_word' id='word_1_843' title='bbox 2372 4590 2591 4655; x_wconf 80' lang='lat' dir='ltr'><strong><em>Eutrop.</em></strong></span> 
     </span>
    </p>
   </div>
   <div class='ocr_carea' id='block_1_109' title="bbox 1990 4657 3047 4730">
    <p class='ocr_par' dir='ltr' id='par_1_109' title="bbox 1990 4657 3047 4730">
     <span class='ocr_line' id='line_1_110' title="bbox 1990 4657 3047 4730; baseline 0.001 -16"><span class='ocrx_word' id='word_1_844' title='bbox 1990 4665 2015 4730; x_wconf 60' lang='grc' dir='ltr'>ἕ</span> <span class='ocrx_word' id='word_1_845' title='bbox 2043 4666 2129 4727; x_wconf 82' lang='lat' dir='ltr'><strong><em>A.,</em></strong></span> <span class='ocrx_word' id='word_1_846' title='bbox 2158 4661 2374 4730; x_wconf 83' lang='lat' dir='ltr'><strong><em>argenti,</em></strong></span> <span class='ocrx_word' id='word_1_847' title='bbox 2406 4674 2521 4727; x_wconf 78' lang='lat' dir='ltr'><strong><em>qua:</em></strong></span> <span class='ocrx_word' id='word_1_848' title='bbox 2548 4675 2668 4729; x_wconf 90' lang='lat' dir='ltr'><strong><em>pop.</em></strong></span> <span class='ocrx_word' id='word_1_849' title='bbox 2704 4657 2851 4714; x_wconf 81' lang='lat' dir='ltr'><strong><em>Rom.</em></strong></span> <span class='ocrx_word' id='word_1_850' title='bbox 2882 4661 3047 4715; x_wconf 85' lang='lat' dir='ltr'><strong><em>daret.</em></strong></span> 
     </span>
    </p>
   </div>
   <div class='ocr_carea' id='block_1_110' title="bbox 1991 4724 3495 4797">
    <p class='ocr_par' dir='ltr' id='par_1_110' title="bbox 1991 4724 3495 4797">
     <span class='ocr_line' id='line_1_111' title="bbox 1991 4724 3495 4797; baseline 0.001 -12"><span class='ocrx_word' id='word_1_851' title='bbox 1991 4724 2017 4763; x_wconf 68' lang='grc' dir='ltr'>δ</span> <span class='ocrx_word' id='word_1_852' title='bbox 2051 4724 2157 4785; x_wconf 45' lang='lat' dir='ltr'><strong><em>AI:</em></strong></span> <span class='ocrx_word' id='word_1_853' title='bbox 2189 4724 2563 4784; x_wconf 57' lang='lat' dir='ltr'><strong><em>Cbmmotiissetl</em></strong></span> <span class='ocrx_word' id='word_1_854' title='bbox 2615 4724 2892 4797; x_wconf 78' lang='lat' dir='ltr'><strong><em>Ponspeius</em></strong></span> <span class='ocrx_word' id='word_1_855' title='bbox 2935 4746 3057 4785; x_wconf 70' lang='lat' dir='ltr'><strong><em>mox</em></strong></span> <span class='ocrx_word' id='word_1_856' title='bbox 3096 4733 3248 4786; x_wconf 84' lang='lat' dir='ltr'><strong><em>etiam</em></strong></span> <span class='ocrx_word' id='word_1_857' title='bbox 3288 4733 3495 4786; x_wconf 75' lang='lat' dir='ltr'><strong><em>Albanis</em></strong></span> 
     </span>
    </p>
   </div>
   <div class='ocr_carea' id='block_1_111' title="bbox 1921 4800 3495 4870">
    <p class='ocr_par' dir='ltr' id='par_1_111' title="bbox 1921 4800 3495 4870">
     <span class='ocr_line' id='line_1_112' title="bbox 1921 4800 3495 4870; baseline -0.004 -11"><span class='ocrx_word' id='word_1_858' title='bbox 1921 4802 2110 4859; x_wconf 87' lang='lat' dir='ltr'><strong><em>bellum</em></strong></span> <span class='ocrx_word' id='word_1_859' title='bbox 2137 4800 2328 4862; x_wconf 88' lang='lat' dir='ltr'><strong><em>intulit,</em></strong></span> <span class='ocrx_word' id='word_1_860' title='bbox 2360 4809 2405 4853; x_wconf 90' lang='lat' dir='ltr'><strong><em>et</em></strong></span> <span class='ocrx_word' id='word_1_861' title='bbox 2432 4814 2459 4853; x_wconf 86' lang='lat' dir='ltr'><strong><em>e</em></strong></span> <span class='ocrx_word' id='word_1_862' title='bbox 2478 4817 2605 4852; x_wconf 57' lang='lat' dir='ltr'><strong><em>:rurn</em></strong></span> <span class='ocrx_word' id='word_1_863' title='bbox 2635 4816 2799 4868; x_wconf 75' lang='lat' dir='ltr'><strong><em>regem</em></strong></span> <span class='ocrx_word' id='word_1_864' title='bbox 2820 4803 3099 4870; x_wconf 88' lang='lat' dir='ltr'><strong><em>prudenter</em></strong></span> <span class='ocrx_word' id='word_1_865' title='bbox 3124 4804 3258 4856; x_wconf 86' lang='lat' dir='ltr'><strong><em>uicit.</em></strong></span> <span class='ocrx_word' id='word_1_866' title='bbox 3288 4800 3495 4855; x_wconf 73' lang='lat' dir='ltr'><strong><em>Postre-</em></strong></span> 
     </span>
    </p>
   </div>
   <div class='ocr_carea' id='block_1_112' title="bbox 1922 4873 3495 4993">
    <p class='ocr_par' dir='ltr' id='par_1_112' title="bbox 1922 4873 3495 4993">
     <span class='ocr_line' id='line_1_113' title="bbox 1922 4873 3495 4942; baseline -0.001 -18"><span class='ocrx_word' id='word_1_867' title='bbox 1922 4891 2004 4928; x_wconf 85' lang='lat' dir='ltr'><strong><em>mo</em></strong></span> <span class='ocrx_word' id='word_1_868' title='bbox 2034 4888 2122 4942; x_wconf 91' lang='lat' dir='ltr'><strong><em>per</em></strong></span> <span class='ocrx_word' id='word_1_869' title='bbox 2149 4873 2388 4937; x_wconf 79' lang='lat' dir='ltr'><strong><em>epistolas</em></strong></span> <span class='ocrx_word' id='word_1_870' title='bbox 2414 4886 2473 4923; x_wconf 85' lang='lat' dir='ltr'><strong><em>ac</em></strong></span> <span class='ocrx_word' id='word_1_871' title='bbox 2502 4886 2712 4924; x_wconf 88' lang='lat' dir='ltr'><strong><em>munera</em></strong></span> <span class='ocrx_word' id='word_1_872' title='bbox 2741 4883 2947 4940; x_wconf 83' lang='lat' dir='ltr'><strong><em>rogatus</em></strong></span> <span class='ocrx_word' id='word_1_873' title='bbox 2966 4912 2980 4934; x_wconf 93' lang='lat'><strong><em>,</em></strong></span> <span class='ocrx_word' id='word_1_874' title='bbox 3014 4888 3208 4924; x_wconf 78' lang='lat' dir='ltr'><strong><em>ueniant</em></strong></span> <span class='ocrx_word' id='word_1_875' title='bbox 3236 4873 3283 4927; x_wconf 88' lang='lat' dir='ltr'><strong><em>ei</em></strong></span> <span class='ocrx_word' id='word_1_876' title='bbox 3308 4888 3369 4924; x_wconf 85' lang='lat' dir='ltr'><strong><em>ac</em></strong></span> <span class='ocrx_word' id='word_1_877' title='bbox 3400 4889 3495 4931; x_wconf 80' lang='lat' dir='ltr'><strong><em>pa-</em></strong></span> 
     </span>
     <span class='ocr_line' id='line_1_114' title="bbox 1925 4939 3495 4993; baseline 0 0"><span class='ocrx_word' id='word_1_878' title='bbox 1925 4960 2032 4993; x_wconf 86' lang='lat' dir='ltr'><strong><em>cem</em></strong></span> <span class='ocrx_word' id='word_1_879' title='bbox 2059 4943 2218 4993; x_wconf 84' lang='lat' dir='ltr'><strong><em>dedit.</em></strong></span> <span class='ocrx_word' id='word_1_880' title='bbox 2252 4939 2433 4993; x_wconf 70' lang='lat' dir='ltr'><strong><em>Iberias</em></strong></span> <span class='ocrx_word' id='word_1_881' title='bbox 2465 4956 2662 4993; x_wconf 86' lang='lat' dir='ltr'><strong><em>auoaue</em></strong></span> <span class='ocrx_word' id='word_1_882' title='bbox 2691 4956 2853 4993; x_wconf 88' lang='lat' dir='ltr'><strong><em>reaem</em></strong></span> <span class='ocrx_word' id='word_1_883' title='bbox 2880 4944 2995 4993; x_wconf 71' lang='lat' dir='ltr'><strong><em>vicit</em></strong></span> <span class='ocrx_word' id='word_1_884' title='bbox 3022 4944 3160 4993; x_wconf 87' lang='lat' dir='ltr'><strong><em>acie.</em></strong></span> <span class='ocrx_word' id='word_1_885' title='bbox 3189 4953 3234 4993; x_wconf 82' lang='lat' dir='ltr'><strong><em>et</em></strong></span> <span class='ocrx_word' id='word_1_886' title='bbox 3263 4942 3314 4993; x_wconf 89' lang='lat' dir='ltr'><strong><em>in</em></strong></span> <span class='ocrx_word' id='word_1_887' title='bbox 3354 4942 3470 4993; x_wconf 87' lang='lat' dir='ltr'><strong><em>dedi</em></strong></span> <span class='ocrx_word' id='word_1_888' title='bbox 3481 4972 3495 4980; x_wconf 91' lang='lat'><strong>-</strong></span> 
     </span>
    </p>
   </div>
   <div class='ocr_carea' id='block_1_113' title="bbox 1925 4940 3499 5080">
    <p class='ocr_par' dir='ltr' id='par_1_113' title="bbox 1925 4940 3499 5080">
     <span class='ocr_line' id='line_1_115' title="bbox 1925 4940 3496 5010; baseline -0.001 -13"><span class='ocrx_word' id='word_1_889' title='bbox 1925 4940 2043 4998; x_wconf 83' lang='lat' dir='ltr'><strong><em>cem</em></strong></span> <span class='ocrx_word' id='word_1_890' title='bbox 2059 4943 2218 4995; x_wconf 85' lang='lat' dir='ltr'><strong><em>dedit.</em></strong></span> <span class='ocrx_word' id='word_1_891' title='bbox 2252 4940 2433 4994; x_wconf 66' lang='lat' dir='ltr'><strong><em>Iberia</em></strong></span> <span class='ocrx_word' id='word_1_892' title='bbox 2465 4956 2662 5010; x_wconf 84' lang='lat' dir='ltr'><strong><em>quoque</em></strong></span> <span class='ocrx_word' id='word_1_893' title='bbox 2691 4956 2853 5010; x_wconf 88' lang='lat' dir='ltr'><strong><em>regem</em></strong></span> <span class='ocrx_word' id='word_1_894' title='bbox 2880 4944 2995 4995; x_wconf 72' lang='lat' dir='ltr'><strong><em>vicit</em></strong></span> <span class='ocrx_word' id='word_1_895' title='bbox 3022 4944 3160 5001; x_wconf 91' lang='lat' dir='ltr'><strong><em>acie.</em></strong></span> <span class='ocrx_word' id='word_1_896' title='bbox 3189 4953 3234 4994; x_wconf 81' lang='lat' dir='ltr'><strong><em>et</em></strong></span> <span class='ocrx_word' id='word_1_897' title='bbox 3263 4942 3314 4994; x_wconf 91' lang='lat' dir='ltr'><strong><em>in</em></strong></span> <span class='ocrx_word' id='word_1_898' title='bbox 3354 4942 3470 4995; x_wconf 87' lang='lat' dir='ltr'><strong><em>dedi</em></strong></span> <span class='ocrx_word' id='word_1_899' title='bbox 3481 4972 3496 4980; x_wconf 92' lang='lat'><strong>-</strong></span> 
     </span>
     <span class='ocr_line' id='line_1_116' title="bbox 1926 5010 3499 5080; baseline -0.002 -12"><span class='ocrx_word' id='word_1_900' title='bbox 1926 5017 2109 5069; x_wconf 87' lang='lat' dir='ltr'><strong><em>tionem</em></strong></span> <span class='ocrx_word' id='word_1_901' title='bbox 2139 5012 2350 5079; x_wconf 89' lang='lat' dir='ltr'><strong><em>accepit.</em></strong></span> <span class='ocrx_word' id='word_1_902' title='bbox 2395 5011 2685 5063; x_wconf 79' lang='lat' dir='ltr'><strong><em>Armeniam</em></strong></span> <span class='ocrx_word' id='word_1_903' title='bbox 2730 5012 2973 5080; x_wconf 79' lang='lat' dir='ltr'><strong><em>minorem</em></strong></span> <span class='ocrx_word' id='word_1_904' title='bbox 3007 5010 3249 5080; x_wconf 73' lang='lat' dir='ltr'><strong><em>Deiotaro</em></strong></span> <span class='ocrx_word' id='word_1_905' title='bbox 3276 5010 3499 5067; x_wconf 66' lang='lat' dir='ltr'><strong><em>Galatia</em></strong></span> 
     </span>
    </p>
   </div>
   <div class='ocr_carea' id='block_1_114' title="bbox 1927 5078 3500 5165">
    <p class='ocr_par' dir='ltr' id='par_1_114' title="bbox 1927 5078 3500 5165">
     <span class='ocr_line' id='line_1_117' title="bbox 1927 5078 3500 5165; baseline -0.001 -28"><span class='ocrx_word' id='word_1_906' title='bbox 1927 5085 2045 5165; x_wconf 59' lang='lat' dir='ltr'><strong><em>regi</em></strong></span> <span class='ocrx_word' id='word_1_907' title='bbox 2060 5078 2601 5165; x_wconf 37' lang='lat' dir='ltr'><strong><em>d_ouaptt,hqui.s‘ocius_</em></strong></span> <span class='ocrx_word' id='word_1_908' title='bbox 2614 5079 2731 5133; x_wconf 86' lang='lat' dir='ltr'><strong><em>belli</em></strong></span> <span class='ocrx_word' id='word_1_909' title='bbox 2759 5078 3094 5165; x_wconf 46' lang='lat' dir='ltr'><strong><em>birthridat‘ici</em></strong></span> <span class='ocrx_word' id='word_1_910' title='bbox 3115 5087 3301 5165; x_wconf 74' lang='lat' dir='ltr'><strong><em>fuerat.</em></strong></span> <span class='ocrx_word' id='word_1_911' title='bbox 3328 5084 3500 5165; x_wconf 50' lang='lat' dir='ltr'><strong><em>Attale</em></strong></span> 
     </span>
    </p>
   </div>
   <div class='ocr_carea' id='block_1_115' title="bbox 1929 5150 3501 5293">
    <p class='ocr_par' dir='ltr' id='par_1_115' title="bbox 1929 5150 3501 5293">
     <span class='ocr_line' id='line_1_118' title="bbox 1929 5150 3475 5222; baseline 0.001 -15"><span class='ocrx_word' id='word_1_912' title='bbox 1929 5150 2249 5207; x_wconf 57' lang='lat' dir='ltr'><strong><em>et&#39;Polemim</em></strong></span> <span class='ocrx_word' id='word_1_913' title='bbox 2282 5150 2686 5222; x_wconf 88' lang='lat' dir='ltr'><strong><em>Paphlagoniam</em></strong></span> <span class='ocrx_word' id='word_1_914' title='bbox 2713 5153 2968 5216; x_wconf 84' lang='lat' dir='ltr'><strong><em>reddidit,</em></strong></span> <span class='ocrx_word' id='word_1_915' title='bbox 3006 5153 3352 5206; x_wconf 78' lang='lat' dir='ltr'><strong><em>Aristarchnm</em></strong></span> <span class='ocrx_word' id='word_1_916' title='bbox 3380 5151 3475 5208; x_wconf 85' lang='lat' dir='ltr'><strong><em>Col</em></strong></span> 
     </span>
     <span class='ocr_line' id='line_1_119' title="bbox 1930 5219 3501 5293; baseline -0.001 -14"><span class='ocrx_word' id='word_1_917' title='bbox 1930 5225 2039 5279; x_wconf 90' lang='lat' dir='ltr'><strong><em>chis</em></strong></span> <span class='ocrx_word' id='word_1_918' title='bbox 2063 5240 2225 5293; x_wconf 89' lang='lat' dir='ltr'><strong><em>regem</em></strong></span> <span class='ocrx_word' id='word_1_919' title='bbox 2251 5226 2507 5288; x_wconf 84' lang='lat' dir='ltr'><strong><em>imposuit.</em></strong></span> <span class='ocrx_word' id='word_1_920' title='bbox 2531 5222 2657 5275; x_wconf 73' lang='lat' dir='ltr'><strong><em>Mos:</em></strong></span> <span class='ocrx_word' id='word_1_921' title='bbox 2677 5219 2912 5293; x_wconf 77' lang='lat' dir='ltr'><strong><em>Iturteos.</em></strong></span> <span class='ocrx_word' id='word_1_922' title='bbox 2936 5236 3039 5293; x_wconf 88' lang='lat' dir='ltr'><strong><em>etc.</em></strong></span> <span class='ocrx_word' id='word_1_923' title='bbox 3060 5222 3318 5293; x_wconf 84' lang='lat' dir='ltr'><strong><em>Hersleld.</em></strong></span> <span class='ocrx_word' id='word_1_924' title='bbox 3341 5225 3501 5278; x_wconf 84' lang='lat' dir='ltr'><strong><em>etiam</em></strong></span> 
     </span>
    </p>
   </div>
   <div class='ocr_carea' id='block_1_116' title="bbox 1932 5292 3502 5361">
    <p class='ocr_par' dir='ltr' id='par_1_116' title="bbox 1932 5292 3502 5361">
     <span class='ocr_line' id='line_1_120' title="bbox 1932 5292 3502 5361; baseline -0.003 -12"><span class='ocrx_word' id='word_1_925' title='bbox 1932 5310 2054 5350; x_wconf 90' lang='lat' dir='ltr'><strong><em>cum</em></strong></span> <span class='ocrx_word' id='word_1_926' title='bbox 2082 5292 2264 5347; x_wconf 83' lang='lat' dir='ltr'><strong><em>nostro</em></strong></span> <span class='ocrx_word' id='word_1_927' title='bbox 2292 5294 2377 5346; x_wconf 84' lang='lat' dir='ltr'><strong><em>hic</em></strong></span> <span class='ocrx_word' id='word_1_928' title='bbox 2402 5301 2483 5347; x_wconf 88' lang='lat' dir='ltr'><strong><em>est</em></strong></span> <span class='ocrx_word' id='word_1_929' title='bbox 2510 5292 2793 5361; x_wconf 76' lang='lat' dir='ltr'><strong><em>copiosior,</em></strong></span> <span class='ocrx_word' id='word_1_930' title='bbox 2821 5298 2877 5345; x_wconf 91' lang='lat' dir='ltr'><strong><em>et</em></strong></span> <span class='ocrx_word' id='word_1_931' title='bbox 2903 5292 2969 5345; x_wconf 87' lang='lat' dir='ltr'><strong><em>ad</em></strong></span> <span class='ocrx_word' id='word_1_932' title='bbox 3008 5292 3222 5359; x_wconf 76' lang='lat' dir='ltr'><strong><em>verbum</em></strong></span> <span class='ocrx_word' id='word_1_933' title='bbox 3252 5294 3502 5348; x_wconf 83' lang='lat' dir='ltr'><strong><em>convenit</em></strong></span> 
     </span>
    </p>
   </div>
   <div class='ocr_carea' id='block_1_117' title="bbox 1933 5360 3502 5433">
    <p class='ocr_par' dir='ltr' id='par_1_117' title="bbox 1933 5360 3502 5433">
     <span class='ocr_line' id='line_1_121' title="bbox 1933 5360 3502 5433; baseline -0.003 -12"><span class='ocrx_word' id='word_1_934' title='bbox 1933 5381 2051 5421; x_wconf 81' lang='lat' dir='ltr'><strong><em>cuin</em></strong></span> <span class='ocrx_word' id='word_1_935' title='bbox 2086 5365 2359 5432; x_wconf 75' lang='lat' dir='ltr'><strong><em>Eutropio,</em></strong></span> <span class='ocrx_word' id='word_1_936' title='bbox 2382 5360 2649 5433; x_wconf 79' lang='lat' dir='ltr'><strong><em>usquead</em></strong></span> <span class='ocrx_word' id='word_1_937' title='bbox 2683 5360 2907 5433; x_wconf 87' lang='lat' dir='ltr'><strong><em>Indead</em></strong></span> <span class='ocrx_word' id='word_1_938' title='bbox 2935 5361 3175 5416; x_wconf 73' lang='lat' dir='ltr'><strong><em>Juda&#39;ttm</em></strong></span> <span class='ocrx_word' id='word_1_939' title='bbox 3194 5404 3209 5426; x_wconf 92' lang='lat'><strong><em>,</em></strong></span> <span class='ocrx_word' id='word_1_940' title='bbox 3236 5364 3334 5419; x_wconf 88' lang='lat' dir='ltr'><strong><em>nisi</em></strong></span> <span class='ocrx_word' id='word_1_941' title='bbox 3361 5362 3502 5433; x_wconf 87' lang='lat' dir='ltr'><strong><em>quod</em></strong></span> 
     </span>
    </p>
   </div>
   <div class='ocr_carea' id='block_1_118' title="bbox 1939 5432 3313 5501">
    <p class='ocr_par' dir='ltr' id='par_1_118' title="bbox 1939 5432 3313 5501">
     <span class='ocr_line' id='line_1_122' title="bbox 1939 5432 3313 5501; baseline -0.002 -11"><span class='ocrx_word' id='word_1_942' title='bbox 1939 5438 2023 5491; x_wconf 85' lang='lat' dir='ltr'><strong><em>ubi</em></strong></span> <span class='ocrx_word' id='word_1_943' title='bbox 2052 5434 2337 5500; x_wconf 81' lang='lat' dir='ltr'><strong><em>Eutropius</em></strong></span> <span class='ocrx_word' id='word_1_944' title='bbox 2366 5432 2772 5501; x_wconf 81' lang='lat' dir='ltr'><strong><em>Daphnensibus,</em></strong></span> <span class='ocrx_word' id='word_1_945' title='bbox 2801 5432 2866 5487; x_wconf 83' lang='lat' dir='ltr'><strong><em>II.</em></strong></span> <span class='ocrx_word' id='word_1_946' title='bbox 2897 5434 3313 5487; x_wconf 74' lang='lat' dir='ltr'><strong><em>Damacensibus.</em></strong></span> 
     </span>
    </p>
   </div>
   <div class='ocr_carea' id='block_1_119' title="bbox 2014 5500 3509 5578">
    <p class='ocr_par' dir='ltr' id='par_1_119' title="bbox 2014 5500 3509 5578">
     <span class='ocr_line' id='line_1_123' title="bbox 2014 5500 3509 5578; baseline -0.001 -19"><span class='ocrx_word' id='word_1_947' title='bbox 2014 5504 2031 5543; x_wconf 76' lang='grc' dir='ltr'><strong>ί</strong></span> <span class='ocrx_word' id='word_1_948' title='bbox 2066 5507 2130 5559; x_wconf 80' lang='grc' dir='ltr'><strong><em>Δ.</em></strong></span> <span class='ocrx_word' id='word_1_949' title='bbox 2156 5523 2172 5557; x_wconf 70' lang='grc' dir='ltr'>ι</span> <span class='ocrx_word' id='word_1_950' title='bbox 2198 5500 2581 5574; x_wconf 80' lang='lat' dir='ltr'><strong><em>Transgressus.</em></strong></span> <span class='ocrx_word' id='word_1_951' title='bbox 2599 5500 2972 5573; x_wconf 73' lang='lat' dir='ltr'><strong><em>Jerosolqmam</em></strong></span> <span class='ocrx_word' id='word_1_952' title='bbox 2992 5510 3147 5574; x_wconf 83' lang='lat' dir='ltr'><strong><em>caput</em></strong></span> <span class='ocrx_word' id='word_1_953' title='bbox 3183 5504 3342 5578; x_wconf 83' lang='lat' dir='ltr'><strong><em>gentis</em></strong></span> <span class='ocrx_word' id='word_1_954' title='bbox 3365 5501 3509 5559; x_wconf 78' lang='lat' dir='ltr'><strong><em>obse-</em></strong></span> 
     </span>
    </p>
   </div>
   <div class='ocr_carea' id='block_1_120' title="bbox 1941 5579 2478 5640">
    <p class='ocr_par' dir='ltr' id='par_1_120' title="bbox 1941 5579 2478 5640">
     <span class='ocr_line' id='line_1_124' title="bbox 1941 5579 2478 5640; baseline -0.006 -9"><span class='ocrx_word' id='word_1_955' title='bbox 1941 5579 2013 5631; x_wconf 85' lang='lat' dir='ltr'><strong><em>dit</em></strong></span> <span class='ocrx_word' id='word_1_956' title='bbox 2043 5592 2142 5629; x_wconf 87' lang='lat' dir='ltr'><strong><em>nou</em></strong></span> <span class='ocrx_word' id='word_1_957' title='bbox 2164 5581 2350 5640; x_wconf 84' lang='lat' dir='ltr'><strong><em>solum,</em></strong></span> <span class='ocrx_word' id='word_1_958' title='bbox 2373 5588 2478 5629; x_wconf 84' lang='lat' dir='ltr'><strong><em>etc.</em></strong></span> 
     </span>
    </p>
   </div>
   <div class='ocr_carea' id='block_1_121' title="bbox 2017 5643 2950 5713">
    <p class='ocr_par' dir='ltr' id='par_1_121' title="bbox 2017 5643 2950 5713">
     <span class='ocr_line' id='line_1_125' title="bbox 2017 5643 2950 5713; baseline 0.002 -14"><span class='ocrx_word' id='word_1_959' title='bbox 2017 5648 2031 5699; x_wconf 86' lang='lat' dir='ltr'><strong><em>i</em></strong></span> <span class='ocrx_word' id='word_1_960' title='bbox 2072 5648 2286 5713; x_wconf 80' lang='lat' dir='ltr'><strong><em>Eult‘Op.</em></strong></span> <span class='ocrx_word' id='word_1_961' title='bbox 2315 5660 2451 5712; x_wconf 74' lang='grc' dir='ltr'><strong><em>χιιι,</em></strong></span> <span class='ocrx_word' id='word_1_962' title='bbox 2482 5643 2747 5700; x_wconf 84' lang='lat' dir='ltr'><strong><em>Hersleld.</em></strong></span> <span class='ocrx_word' id='word_1_963' title='bbox 2779 5660 2950 5701; x_wconf 72' lang='lat' dir='ltr'><strong><em>xxuu.</em></strong></span> 
     </span>
    </p>
   </div>
   <div class='ocr_carea' id='block_1_122' title="bbox 2015 5715 3014 5787">
    <p class='ocr_par' dir='ltr' id='par_1_122' title="bbox 2015 5715 3014 5787">
     <span class='ocr_line' id='line_1_126' title="bbox 2015 5715 3014 5787; baseline 0.016 -29"><span class='ocrx_word' id='word_1_964' title='bbox 2015 5718 2041 5758; x_wconf 77' lang='grc' dir='ltr'>ιι</span> <span class='ocrx_word' id='word_1_965' title='bbox 2074 5720 2161 5783; x_wconf 81' lang='grc' dir='ltr'><strong><em>Α,,</em></strong></span> <span class='ocrx_word' id='word_1_966' title='bbox 2185 5720 2384 5772; x_wconf 77' lang='lat' dir='ltr'><strong><em>cteleros</em></strong></span> <span class='ocrx_word' id='word_1_967' title='bbox 2411 5717 2463 5770; x_wconf 92' lang='lat' dir='ltr'><strong><em>in</em></strong></span> <span class='ocrx_word' id='word_1_968' title='bbox 2487 5715 2642 5785; x_wconf 85' lang='lat' dir='ltr'><strong><em>fidem</em></strong></span> <span class='ocrx_word' id='word_1_969' title='bbox 2658 5718 2879 5787; x_wconf 83' lang='lat' dir='ltr'><strong><em>accepit,</em></strong></span> <span class='ocrx_word' id='word_1_970' title='bbox 2909 5728 3014 5774; x_wconf 89' lang='lat' dir='ltr'><strong><em>etc.</em></strong></span> 
     </span>
    </p>
   </div>
   <div class='ocr_carea' id='block_1_123' title="bbox 2028 5786 3487 5860">
    <p class='ocr_par' dir='ltr' id='par_1_123' title="bbox 2028 5786 3487 5860">
     <span class='ocr_line' id='line_1_127' title="bbox 2028 5786 3487 5860; baseline 0.001 -17"><span class='ocrx_word' id='word_1_971' title='bbox 2028 5790 2043 5829; x_wconf 85' lang='grc' dir='ltr'>ι</span> <span class='ocrx_word' id='word_1_972' title='bbox 2082 5796 2166 5850; x_wconf 78' lang='grc' dir='ltr'><strong><em>Λ..</em></strong></span> <span class='ocrx_word' id='word_1_973' title='bbox 2201 5800 2309 5860; x_wconf 81' lang='lat' dir='ltr'><strong><em>post</em></strong></span> <span class='ocrx_word' id='word_1_974' title='bbox 2344 5787 2611 5842; x_wconf 82' lang='lat' dir='ltr'><strong><em>narravit:</em></strong></span> <span class='ocrx_word' id='word_1_975' title='bbox 2641 5786 2739 5844; x_wconf 84' lang='lat' dir='ltr'><strong><em>His</em></strong></span> <span class='ocrx_word' id='word_1_976' title='bbox 2764 5786 2917 5859; x_wconf 66' lang='lat' dir='ltr'><strong><em>uestis</em></strong></span> <span class='ocrx_word' id='word_1_977' title='bbox 2944 5790 2998 5845; x_wconf 89' lang='lat' dir='ltr'><strong><em>in</em></strong></span> <span class='ocrx_word' id='word_1_978' title='bbox 3022 5789 3201 5847; x_wconf 77' lang='lat' dir='ltr'><strong><em>Asiam</em></strong></span> <span class='ocrx_word' id='word_1_979' title='bbox 3220 5805 3274 5848; x_wconf 82' lang='lat' dir='ltr'><strong><em>se</em></strong></span> <span class='ocrx_word' id='word_1_980' title='bbox 3297 5789 3487 5848; x_wconf 71' lang='lat' dir='ltr'><strong><em>rescivit</em></strong></span> 
     </span>
    </p>
   </div>
  </div>
