3920 6336
1412 348 1616 447 eum
1657 383 1927 445 DIACONI
1963 383 2118 443 ore.
2158 376 2336 438 PARS
2368 375 2410 434 ι.
2450 405 2522 422 -
2560 372 2941 431 ιιιετοιιιολ.
3605 377 3683 433 διο

531 506 710 563 deinde
727 505 944 561 adversa
961 511 1256 574 tempestate
1294 514 1581 573 correptus,
1623 505 1895 575 plurimam
1919 501 2100 557 classis
2126 500 2179 558 Δ
2204 496 2433 567 ﬂictatus
2459 502 2551 548 est.
2601 491 2836 560 Namque
2864 487 3127 545 Ambiorix
3162 503 3271 541 cum
3298 485 3629 554 Eburonatibus.
3651 504 3686 548 et

530 610 745 670 partem,
773 610 821 654 et
849 615 952 653 non
1000 614 1212 666 parvum
1244 614 1508 652 numerum
1542 600 1779 664 militum,
1821 600 2102 667 equitatum

530 707 646 747 vero
678 708 806 762 pene
853 708 1051 745 omnem
1098 691 1422 757 disperdrdit.
1475 689 1751 762 Regressus
1788 690 1841 743 in
1870 687 2098 744 Galliam

528 783 748 852 legiones
793 782 846 834 in
890 781 1100 834 hiberna
1142 782 1373 845 dimisit,
1422 797 1485 834 ac
1533 797 1597 836 oc
1649 796 1799 835 naves
1841 781 2104 849 utriusque

529 871 782 925 commodi
812 870 927 941 fieri
958 871 1240 936 imperavit.
1276 870 1473 936 Quibus
1495 869 1677 924 iterum
1702 870 1757 922 in
1784 867 2103 923 Britanniam

530 962 694 1029 primo
715 978 828 1016 vere
859 971 1187 1026 transvectus,
1226 963 1350 1013 dum
1378 962 1485 1029 ipse
1511 962 1563 1013 in
1591 962 1779 1014 hostem
1818 966 1931 1012 cum
1959 972 2106 1012 exer-

527 1055 632 1108 citu
657 1054 843 1123 pergit,
872 1069 1025 1106 naves
1062 1052 1117 1106 in
1151 1053 1384 1105 anchoris
1427 1062 1612 1105 stantes
1655 1058 1947 1121 tempestate
1991 1064 2106 1103 cor-

528 1156 703 1214 reptat,
747 1145 825 1200 vel
850 1144 1041 1199 collisa
1071 1146 1202 1198 inter
1227 1160 1304 1208 se,
1332 1145 1409 1198 vel
1441 1144 1609 1196 arenis
1647 1142 1817 1203 illisce,
1847 1158 1908 1194 ac
1934 1141 2105 1194 disso-

530 1241 654 1294 lutae
675 1246 819 1300 sunt,
846 1252 911 1293 ex
936 1236 1116 1305 quibus
1143 1236 1518 1303 xL'perierunt,
1550 1245 1747 1288 ctvterte
1769 1248 1887 1286 cum
1917 1248 2103 1299 magna

529 1329 819 1400 difﬁcultate
844 1335 1103 1397 reparatae
1122 1334 1259 1379 sunt.
1302 1324 1503 1378 Interea
1535 1323 1694 1379 Sceva
1719 1323 1861 1377 miles
1884 1321 2104 1377 Cesaris

530 1436 646 1474 cum
693 1428 912 1490 quatuor
962 1418 1394 1471 commilitonibus
1441 1416 1678 1468 navicula
1724 1426 1840 1468 ante
1888 1423 2111 1468 transve-

533 1520 642 1562 ctus
666 1517 744 1565 est
774 1509 841 1561 ad
876 1510 1150 1578 scopulum
1186 1506 1368 1560 insula:
1414 1507 1774 1575 propinquum,
1830 1516 1981 1572 atque
2029 1504 2110 1557 in-

529 1609 667 1653 terea
691 1613 889 1651 recessu
921 1596 1111 1649 Oceani
1144 1595 1414 1648 destitutus
1439 1603 1553 1648 est:
1579 1595 1866 1664 complures
1893 1592 2111 1647 Britan-

528 1691 585 1746 ni
610 1691 663 1743 in
689 1705 881 1760 paucos
915 1687 1175 1742 Romanos
1203 1688 1447 1755 impetum
1477 1688 1669 1757 farciunt
1696 1704 1717 1752 ;
1740 1690 1908 1742 caeteri
1938 1696 2106 1741 tamen

529 1783 617 1851 qui
647 1782 843 1851 perrari
874 1781 1080 1833 comites
1134 1781 1294 1848 ipsius
1350 1781 1570 1847 fuerant,
1624 1780 1826 1844 navigio
1873 1781 2108 1833 redeunt.

2204 588 2454 644 Atuaticis
2500 587 2829 649 conspirans,
2877 585 3134 638 animatus
3168 580 3466 635 Trevirorum
3508 587 3687 651 consilio,

2203 682 2458 751 Titurium
2485 679 2731 737 Sabinum
2758 690 2803 732 et
2820 675 3186 731 Arunculeium
3202 674 3387 727 Cottam
3410 678 3570 743 legatos
3585 679 3689 742 aput

2208 773 2475 829 Eburonas
2514 787 2634 825 cum
2662 780 2772 824 tota
2818 767 3052 838 funditus
3081 765 3272 834 legione
3310 766 3488 818 insidiis
3527 770 3691 819 circum-

2204 876 2377 921 ventos
2421 863 2692 933 interfecit.
2743 861 3006 915 Ambiorix
3033 861 3126 913 hac
3171 858 3369 911 victoria
3407 859 3545 911 elatus
3576 860 3694 913 Attis-

2207 958 2354 1020 ticos,
2382 966 2428 1008 et
2463 953 2696 1016 Nervios,
2745 951 3095 1020 plurimosque
3136 951 3261 1004 alios
3304 951 3473 1019 raptim
3510 952 3555 1003 in
3590 968 3695 1004 arma

2208 1045 2485 1109 contrahit,
2537 1054 2688 1112 atque
2720 1044 2786 1095 ad
2814 1043 3104 1097 Ciceronem
3134 1041 3368 1110 legatum,
3409 1042 3484 1108 qui
3520 1041 3697 1095 similiter

2210 1148 2330 1192 tunc
2357 1138 2544 1208 legioni
2575 1146 2810 1205 praeerat,
2855 1137 2909 1188 in
2938 1134 3156 1188 hibernis
3184 1134 3443 1187 contendit.
3488 1133 3698 1188 Multitudo

2209 1248 2272 1286 ex
2295 1231 2393 1285 hoc
2419 1231 2639 1284 hostium
2682 1229 2852 1299 colligi
2890 1229 3072 1297 potuit,
3115 1228 3233 1295 quia
3258 1243 3367 1279 cum
3390 1226 3608 1279 obsidione
3634 1241 3699 1279 ta-

2210 1334 2433 1378 strorum
2469 1323 2659 1376 vallum
2685 1321 3107 1375 circumdandum
3131 1335 3237 1373 esse
3278 1335 3309 1370 a
3336 1319 3526 1383 captiva
3565 1317 3702 1370 Romo-

2214 1417 2293 1470 nis
2321 1417 2641 1477 docerentur,
2683 1423 2729 1466 et
2756 1414 3099 1467 instrumenta
3142 1410 3331 1465 ruralia
3371 1425 3463 1462 non
3504 1409 3700 1472 habetest,

2213 1509 2399 1581 gladiis
2425 1508 2734 1562 concidenda
2764 1519 2967 1573 terram,
3019 1517 3067 1561 et
3094 1506 3284 1577 sagulis
3322 1504 3612 1573 exportanda,
3646 1505 3704 1557 vis

2215 1598 2376 1651 tribus
2404 1597 2544 1650 horis
2572 1597 2758 1650 vallum
2788 1612 2817 1650 ι
2850 1597 3053 1665 pedum,
3106 1607 3152 1649 et
3182 1595 3361 1663 fossam
3388 1609 3447 1647 xv
3473 1593 3620 1661 pedum
3644 1608 3705 1657 per

2216 1690 2379 1744 millia
2427 1704 2675 1759 passuum
2702 1704 2769 1742 xv
2813 1688 2868 1741 in
2893 1688 3106 1742 circuitu
3148 1688 3470 1757 perfecerunt.
3515 1682 3707 1737 Pratem

2216 1794 2417 1836 centum
2437 1782 2611 1849 viginti
2637 1786 2801 1835 turres
2824 1781 2968 1835 mire
2996 1778 3287 1832 altitudinis
3314 1786 3631 1831 exstruxerant.
3662 1774 3708 1827 Et

534 1848 695 1931 Bceoa
722 1871 1093 1941 imperterritus
1122 1882 1311 1935 manet,
1360 1871 1582 1938 undique
1610 1869 1724 1924 telis
1753 1870 1959 1924 obrutus
1981 1886 2000 1925 :
2048 1886 2111 1924 ac
2148 1848 2194 1908 Β
2218 1888 2333 1925 cum
2352 1875 2468 1943 jam
2490 1848 2681 1938 septem
2711 1871 2818 1924 dies
2847 1879 3113 1940 noctesque
3138 1869 3366 1924 succidui
3393 1869 3581 1921 hostium
3606 1864 3708 1919 cunei

528 1966 695 2036 primo
725 1964 830 2031 pilo
859 1962 1063 2023 restitit,
1108 1970 1357 2032 postremo
1384 1959 1559 2030 glas/io
1585 1976 1692 2013 rent
1720 1961 1847 2032 gerit
1876 1960 2018 2015 solus
2056 1961 2113 2015 in

533 2056 724 2125 plures.
755 2052 979 2124 Cumque
1007 2057 1192 2122 fessus,
1224 2053 1612 2118 vulneratusque
1638 2059 1783 2115 esset,
1823 2063 1868 2105 et
1914 2052 2115 2120 galeam

529 2165 592 2204 ac
616 2159 815 2203 scutum
844 2148 1022 2200 ictibus
1051 2145 1370 2216 perdidisset,
1412 2160 1528 2199 cum
1549 2144 1747 2196 duabus
1772 2144 1943 2198 loricis
1968 2153 2117 2198 nate-

530 2245 596 2298 vit
624 2244 694 2296 ad
716 2251 887 2296 castra
914 2239 1154 2305 Caesaris,
1201 2250 1248 2292 et
1291 2239 1518 2309 poposcit
1566 2236 1628 2290 ab
1676 2237 1983 2306 imperatore
2026 2253 2114 2292 ve.

535 2335 674 2388 niam
714 2349 807 2402 pro
849 2331 1165 2385 temeritate:
1203 2346 1350 2395 quem
1379 2328 1551 2384 (λειαν-
1595 2329 1973 2382 centurionatus
2020 2330 2116 2383 lto.

535 2443 658 2480 nare
684 2426 930 2481 subvexit.
964 2423 1133 2496 Igitur
1148 2424 1361 2479 Casaris
1387 2424 1637 2493 equitatus
1661 2426 1825 2492 primo
1845 2438 2119 2493 congressu

532 2535 563 2572 a
594 2517 857 2572 Britannis
877 2518 1056 2582 victus,
1091 2514 1255 2584 ibique
1273 2514 1519 2569 Labienus
1541 2516 1770 2570 tribunus
1792 2517 1989 2570 occisus
2016 2522 2115 2569 est.

535 2611 774 2667 Secundo
801 2609 981 2681 prwlio
1030 2626 1145 2663 cum
1188 2622 1374 2681 magno
1405 2626 1615 2664 suorum
1645 2608 1933 2663 discrimine
1960 2609 2118 2663 victos

534 2701 810 2756 Britannos
838 2702 890 2754 in
919 2702 1097 2770 fugam
1123 2702 1289 2755 vertit.
1314 2698 1448 2754 Inde
1472 2701 1541 2754 ad
1564 2705 1749 2768 fiumen
1762 2699 2017 2755 Tamesim
2045 2708 2118 2757 est

532 2794 810 2859 profectus,
835 2810 982 2863 quem
1014 2810 1115 2848 uno
1143 2803 1339 2849 tantum
1370 2794 1480 2849 loco
1506 2796 1911 2850 transmeabilem
1925 2795 2116 2867 ferunt.

534 2886 599 2941 In
627 2887 869 2943 ulteriore
897 2888 1012 2956 ripa
1039 2888 1268 2958 ﬂuminis
1303 2902 1421 2941 cum
1451 2885 1843 2941 Cassobellauno
1871 2888 1997 2940 duce
2022 2887 2120 2941 im-

533 2994 704 3032 mensa
737 2978 957 3031 hostium
987 2976 1261 3032 multitudo
1299 2976 1603 3044 considerat,
1651 2977 1914 3047 ripamque
1940 2976 2115 3047 fiumi-

537 3073 641 3140 nis,
667 3088 730 3127 ac
759 3088 885 3140 pene
910 3079 1072 3124 totum
1100 3070 1196 3124 sub
1234 3085 1369 3137 aqua
1412 3072 1597 3123 vadunt
1634 3070 1937 3124 acutissimis
1979 3069 2123 3122 sudi-

533 3163 623 3216 bus
650 3171 1067 3227 prtestruxerant.
1094 3159 1246 3225 Quod
1276 3160 1362 3215 ubi
1390 3177 1421 3213 a
1453 3159 1696 3215 Romanis
1722 3160 2114 3227 deprehensum,

534 3270 595 3307 ac
619 3255 826 3307 vitatum
855 3263 950 3316 est,
980 3252 1181 3307 barbari
1205 3252 1459 3321 legionum
1475 3253 1717 3322 impetum
1746 3268 1847 3306 non
1875 3250 2116 3319 ferentes,

536 3344 673 3397 silvis
700 3358 753 3397 se
780 3343 1040 3407 abdidere,
1094 3342 1225 3396 unde
1254 3341 1441 3395 crebris
1470 3342 1818 3411 eruptionibus
1863 3342 2121 3398 Romanos

536 3435 757 3505 graviter
784 3450 845 3487 ac
872 3449 1005 3504 satpe
1043 3433 1355 3488 lacerabunt.
1408 3430 1613 3487 Interea
1640 3433 2006 3489 Trinouantum
2032 3437 2123 3502 ﬁr-

538 3525 765 3579 missima
795 3525 991 3589 civitas,
1019 3539 1138 3578 cum
1164 3524 1483 3596 Androgorio
1533 3525 1681 3590 duce,
1733 3525 1865 3579 datis
1892 3526 2120 3595 quadra-

539 3616 681 3686 ginta
712 3615 993 3681 obsidibus,
1044 3614 1233 3669 Casari
1280 3631 1332 3669 se
1379 3615 1591 3671 dedidit.
1650 3615 1801 3682 Quod
1837 3617 2123 3687 exemplum

539 3717 721 3760 secuttz
749 3706 894 3760 urbes
923 3707 1040 3761 alite
1060 3709 1343 3775 complures
1385 3708 1436 3760 in
1468 3708 1633 3776 fmdus
1664 3708 2007 3763 Romanorum
2036 3726 2122 3765 ve-

542 3807 748 3861 nerunt,
791 3797 1146 3867 obsidibusque
1189 3798 1344 3863 datis,
1383 3799 1727 3864 stipendiaria:
1773 3801 1922 3871 factte
1966 3810 2125 3858 sunt:

542 3892 819 3963 iisdemque
848 3892 1336 3957 demonstrantibus,
1386 3890 1558 3947 Casar
1587 3895 1831 3964 Oppidum
1860 3893 2125 3951 Cassobel-

542 3981 688 4036 launi
717 3983 859 4035 ducis
884 3981 1013 4036 inter
1042 3984 1173 4035 duas
1196 3983 1407 4050 paludes
1433 3984 1607 4048 situm,
1654 3984 1858 4039 obtentu
1884 3984 2125 4039 silvarum

542 4074 829 4139 munitum,
880 4072 1213 4143 omnibusque
1264 4073 1413 4127 rebus
1473 4075 1923 4143 confertissimum,
1982 4080 2127 4147 gravi

543 4167 747 4221 tandem
779 4183 951 4237 pugna
980 4167 1129 4238 cepit.
1184 4165 1319 4220 Exin
1349 4165 1523 4221 Caesar
1550 4184 1581 4219 α
1609 4165 1870 4221 Britannis
1899 4184 2124 4225 reversus

544 4259 595 4313 in
628 4257 874 4323 Galliam,
906 4272 1177 4328 postquam
1206 4258 1430 4328 legiones
1457 4258 1509 4311 in
1534 4257 1743 4313 hiberna
1767 4259 1921 4323 misit,
1950 4276 2128 4329 repen-

545 4352 667 4407 tinis
694 4351 940 4405 bellorum
966 4349 1265 4405 tumultibus
1290 4351 1511 4419 undique
1533 4352 1899 4407 circumventus
1928 4362 1975 4407 et
2003 4368 2128 4407 con-

547 4501 608 4553 ab
640 4500 891 4564 Arimino,
940 4511 1046 4555 etc.
1090 4500 1221 4555 Item
1247 4500 1334 4553 ubi
1367 4501 1654 4570 Eutropius
1695 4505 1838 4570 apud
1890 4502 2123 4561 Pharsa-

551 4572 697 4645 lium.
737 4571 800 4623 il.
830 4572 973 4645 apud
992 4570 1415 4645 APaleofarsacum
1450 4574 1733 4636 productis,
1765 4585 1869 4629 etc.
1903 4576 2121 4645 Eutrop.

550 4638 796 4708 Equitum
826 4644 877 4692 in
906 4641 1111 4695 sinistro
1140 4638 1298 4695 cornu
1337 4658 1404 4695 vn
1435 4652 1506 4697 nt.
1551 4645 1612 4696 ll.
1638 4660 1651 4695 :
1684 4644 1892 4712 Equites
1919 4646 1973 4699 in
1998 4638 2126 4701 sini-

549 4721 655 4787 stro
706 4726 864 4787 cornu
892 4723 1192 4787 δεμετριυς)
1222 4713 1275 4765 in
1303 4713 1480 4787 dextro
1502 4716 1821 4787 quingentos.
1857 4716 2081 4787 Eutrop.
2108 4733 2124 4774 :

553 4782 744 4853 ingenti
767 4783 1100 4835 contentione.
1128 4782 1193 4836 Η.
1213 4786 1479 4851 copiosius
1499 4786 1567 4836 ita
1601 4782 1724 4852 legit
1749 4803 1762 4838 ς
1793 4788 1986 4853 ingenti
2009 4782 2128 4842 con-

553 4852 774 4906 tentione
803 4868 1014 4924 cumque
1038 4853 1138 4924 diu
1154 4853 1391 4921 utrinque
1435 4854 1587 4906 dubia
1630 4866 1766 4908 sorte
1809 4852 2128 4924 cederentur,

555 4935 701 4993 atque
729 4938 793 4977 rx
814 4923 918 4976 alia
941 4932 1083 4992 parte
1116 4922 1390 4989 Pompeius
1413 4926 1544 4978 inter
1567 4929 1878 4979 hoitundum
1906 4922 2131 4985 diceret:

557 4991 722 5047 Parce
761 4991 984 5056 civibus;
1030 5010 1118 5047 nec
1161 5006 1326 5047 tamen
1359 4996 1566 5063 faceret,
1599 5011 1662 5048 ex
1687 4998 1790 5050 alia
1822 5013 1935 5050 vero
1961 4997 2132 5053 Ctesar

555 5066 649 5117 hoc
678 5066 883 5132 faceret,
936 5065 1069 5135 quod
1103 5076 1309 5137 urgeret
1348 5066 1518 5119 dicens
1544 5080 1565 5120 :
1590 5064 1740 5119 Miles
1786 5071 1967 5136 faciem
2012 5071 2130 5137 feri,

557 5137 762 5209 tandem
801 5138 1058 5189 universus
1100 5136 1329 5209 Pompeii
1368 5137 1498 5206 fugit
1540 5138 1823 5203 exercitus,
1870 5136 2135 5209 castraque

556 5209 667 5278 ejus
686 5206 909 5278 direpta,
933 5216 1063 5273 elc.,
1087 5209 1137 5260 in
1168 5208 1359 5273 quibus
1381 5212 1569 5260 iterum
1596 5210 1849 5263 convenit
1878 5225 1996 5264 cum
2028 5206 2135 5265 Eu-

518 5322 527 5329 ,
563 5277 753 5346 impio,
785 5292 955 5347 usque
973 5281 1036 5331 uti
1069 5279 1152 5329 illa
1189 5282 1348 5331 verba
1382 5279 1555 5331 amirit
1577 5293 1660 5329 am
1690 5287 1913 5346 secutus,
1942 5283 2133 5347 spado-

558 5348 921 5422 nibus‘missis,
949 5349 1174 5422 occidere
1196 5347 1517 5422 Pompeium
1535 5350 1711 5421 jussit,
1745 5361 1898 5422 caput
1928 5352 2063 5422 ejus,
2085 5359 2134 5407 et

558 5418 809 5472 annulum
859 5417 1047 5472 Cwsari
1092 5419 1247 5471 misit.
1299 5419 1413 5483 Quo
1461 5417 1723 5484 conspecto
1769 5417 2137 5475 Catsar'etiam

563 5491 815 5557 lacrgnms
855 5490 1047 5557 fudisse
1090 5489 1296 5551 dicitur,
1344 5491 1473 5542 tanti
1503 5491 1595 5542 viri
1636 5492 1834 5544 intuens
1876 5500 2044 5557 caput,
2087 5502 2135 5545 ct

562 5559 732 5628 generi
760 5561 1014 5626 quondam
1044 5561 1143 5613 sui.
1177 5558 1304 5613 Mox
1350 5558 1523 5613 Ctesar
1568 5560 1930 5615 Alexandriam
1979 5564 2132 5627 venit,

562 5628 661 5695 ipsi
698 5645 896 5698 quoque
938 5628 1245 5683 Ptolomaeus
1282 5631 1494 5683 insidias
1536 5632 1752 5698 paravit.
1785 5631 1958 5687 Ctesar
1986 5635 2033 5685 vi
2059 5634 2138 5686 in-

566 5701 846 5751 sistentium
872 5700 1087 5771 hostium
1113 5705 1595 5770 pressus,scapham
1622 5705 1867 5763 ascendit.
1894 5720 1993 5771 qua
2018 5721 2135 5760 mox

564 5771 786 5838 pondere
807 5769 1213 5842 subsequentium
1234 5769 1465 5841 gravata,
1488 5789 1545 5825 ac
1569 5788 1754 5835 mersa,
1786 5790 1875 5842 per
1897 5769 2139 5829 ducentos

567 5855 743 5906 passus
771 5841 837 5894 ad
876 5855 1047 5894 navem
1088 5858 1190 5896 una
1214 5858 1369 5898 manu
1396 5842 1530 5898 elata
1578 5857 1678 5897 oua
1704 5841 1873 5901 castas
1908 5846 2139 5917 (corrigo

2146 3206 2195 3272 C

2219 1973 2521 2033 pugnarent,
2549 1978 2611 2015 ac
2638 1972 2812 2016 ventus
2833 1963 2998 2015 subito
3023 1972 3229 2017 exortus
3257 1971 3379 2015 esset
3408 1961 3633 2028 plurimus,
3656 1967 3707 2011 te-

2218 2065 2321 2109 stas
2348 2059 2588 2125 ferventes
2620 2056 2877 2109 intorscre
2905 2053 3097 2120 fundis,
3128 2053 3475 2122 ﬂammamque
3497 2050 3599 2118 focis
3622 2050 3709 2114 tela,

2217 2167 2280 2205 ac
2309 2167 2428 2205 mox
2457 2160 2695 2221 concepto
2734 2151 2851 2219 igne
2877 2149 3143 2202 rutilantia
3189 2148 3325 2201 intra
3351 2159 3503 2200 castra
3519 2148 3709 2217 jecervst.

2222 2245 2337 2311 Quo
2364 2248 2522 2314 facto,
2556 2260 2646 2312 per
2672 2243 2869 2297 culmea
2892 2242 3115 2296 culmina
3137 2242 3323 2311 raptim
3346 2249 3505 2293 ventus
3519 2238 3708 2302 insistens,

2219 2355 2454 2408 sparsum
2484 2338 2726 2391 animavit
2748 2336 3057 2390 incendium.
3100 2334 3209 2391 Sed
3239 2349 3329 2387 nec
3357 2334 3423 2386 sic
3447 2330 3613 2399 quidem
3639 2326 3712 2379 llo-

2219 2428 2383 2495 mani,
2413 2442 2529 2480 cum
2557 2427 2779 2496 undique
2815 2426 3146 2480 obruerentur
3175 2422 3471 2484 vulneribus,
3501 2419 3711 2480 laboribus,

2210 2519 2449 2591 jejuniis,
2476 2519 2682 2589 vigiliis,
2721 2518 3067 2581 incendiisque
3107 2524 3380 2570 cesserunt.
3421 2510 3615 2566 Tandem
3635 2508 3714 2562 Cd-

2222 2614 2327 2666 sari
2349 2612 2641 2666 nuntiatum
2666 2622 2738 2666 est
2776 2629 2931 2665 unam
2980 2611 3231 2681 legionem
3262 2609 3466 2664 deletam
3490 2621 3596 2668 esse,
3628 2602 3716 2654 alta

2221 2719 2331 2758 ram
2354 2706 2467 2776 jam
2516 2720 2641 2773 pene
2668 2704 2974 2773 confectam.
3022 2704 3338 2756 Adventante
3364 2714 3471 2754 cum
3492 2697 3648 2749 duabus
3666 2693 3717 2745 le-

2220 2795 2457 2869 gionibus
2486 2792 2703 2860 Ctesare,
2739 2796 2978 2849 deserunt
3021 2794 3193 2847 hostes
3222 2790 3529 2852 obsidionem,
3554 2796 3669 2855 atque
3683 2782 3719 2834 is

2219 2906 2335 2944 eum
2360 2890 2531 2943 cuncti
2574 2889 2734 2957 raptis
2762 2888 2922 2953 copiis
2963 2895 3137 2941 ruunt.
3190 2885 3361 2939 Ciesar
3406 2876 3721 2953 parvissimistt

2223 2982 2405 3034 castris
2436 2979 2664 3032 consulto
2707 2979 2960 3041 condidit,
3012 2976 3361 3046 equitibusque
3406 2969 3653 3044 prtermisit.
3684 2971 3721 3017 ιι

2224 3073 2397 3142 fugam
2425 3070 2671 3140 ﬁngerent
2698 3069 2983 3136 imperavit,
3019 3077 3075 3120 ut
3100 3067 3172 3121 ad
3200 3066 3460 3120 transitum
3486 3062 3622 3121 vallis,
3645 3068 3723 3125 qua

2226 3162 2393 3215 media
2417 3171 2545 3223 erat,
2587 3159 2781 3229 sibique
2830 3157 3115 3224 periculosa
3167 3157 3439 3219 videbatur,
3481 3154 3620 3206 hostes
3640 3162 3723 3201 con-

2226 3262 2417 3324 templu
2446 3255 2526 3306 sui
2556 3253 2809 3305 invitaret.
2846 3250 3035 3316 Quibus
3061 3250 3462 3309 adventantibus,
3484 3236 3723 3312 insupch

2222 3345 2353 3399 strui
2380 3355 2552 3414 portas
2577 3344 2829 3412 precepit.
2887 3341 3000 3409 Quo
3030 3342 3137 3396 viso
3169 3340 3325 3404 Galli,
3363 3338 3498 3410 quasi
3515 3338 3606 3407 jam
3624 3329 3723 3384 vicit-

2223 3447 2357 3503 sent,
2386 3436 2451 3490 ad
2478 3434 2831 3487 abducendum
2861 3433 3172 3487 extrinsecus
3200 3432 3390 3485 vallum
3417 3423 3611 3481 conversi
3625 3428 3721 3478 sitin

2225 3526 2396 3582 Casar
2423 3528 2543 3580 totis
2589 3535 2793 3591 repente
2838 3525 2995 3595 portis
3024 3534 3264 3591 paratum
3305 3519 3475 3587 effudit
3502 3512 3725 3570 exercitum,

2225 3624 2507 3689 acriterque
2534 3635 2649 3673 cttm
2689 3617 2761 3671 eis
2809 3616 3079 3678 dimicans,
3125 3615 3332 3668 tandem
3376 3610 3491 3663 vidit
3533 3617 3655 3658 unum
3684 3610 3727 3650 es

2228 3713 2469 3767 militibus
2493 3712 2597 3766 suis
2628 3711 2832 3781 segnius
2880 3710 3223 3780 prtelsantem,
3273 3713 3547 3771 scutumque
3564 3698 3649 3766 ejus
3670 3706 3726 3742 ra-

2228 3807 2358 3875 puit,
2390 3816 2435 3858 et
2464 3805 2519 3857 in
2540 3803 2783 3856 adversos
2813 3801 2941 3853 ruit.
2992 3800 3106 3864 Quo
3145 3799 3282 3868 facto
3311 3794 3496 3849 erubuit
3525 3786 3724 3845 exercitui

2227 3874 2488 3964 versosque
2514 3897 2564 3947 in
2593 3896 2771 3964 fugam
2813 3888 3010 3954 Gallos,
3057 3889 3344 3943 vastissima
3387 3882 3513 3939 ctede
3553 3874 3725 3946 confecit.

2232 3987 2370 4042 Nam
2396 3986 2660 4057 sexaginta
2683 3986 2844 4038 millia
2874 3992 2991 4035 tunc
3016 3983 3178 4051 fuisse
3223 3981 3522 4048 referuntur,
3563 3968 3727 4037 eqvi”

2230 4081 2382 4148 pauci
2411 4094 2499 4147 per
2520 4080 2727 4147 paludes
2749 4077 2909 4131 invias
2938 4084 3227 4129 evaserunt.
3261 4071 3617 4127 Inductomarus
3640 4057 3725 4113 Τη-

2228 4175 2452 4229 virorum
2491 4173 2747 4243 princeps,
2800 4187 3010 4227 maenas
3037 4178 3357 4222 armatorum
3396 4165 3550 4224 copias
3577 4157 3726 4212 habet“.

2230 4275 2495 4336 postquam
2520 4268 2583 4317 de
2605 4277 2855 4316 consensu
2906 4263 3059 4313 totius
3109 4258 3299 4313 Gallia:
3328 4259 3498 4310 certior
3537 4246 3725 4336 redditast

2231 4334 2441 4411 Labieni
2468 4364 2655 4421 castra,
2701 4355 3044 4425 legionemque
3071 4353 3156 4406 cui
3196 4358 3430 4422 praeerat,
3473 4343 3590 4415 quod
3622 4334 3729 4411 facil!

2234 4525 2299 4566 ex
2345 4511 2578 4566 Miscella
2611 4509 2702 4563 fol.
2734 4507 2826 4570 46.
2859 4522 2907 4563 c.
2938 4508 2974 4561 2
3006 4508 3045 4562 Β
3078 4509 3307 4577 chartas)
3336 4505 3534 4577 tenebat,
3562 4491 3729 4577 natth

2232 4565 2471 4652 pervenit.
2509 4580 2634 4634 Mox
2662 4565 2830 4652 navali
2859 4580 3156 4652 certamine,
3187 4590 3243 4633 et
3269 4565 3474 4652 caetera,
3518 4565 3562 4626 in
3592 4565 3730 4652 quibus

2230 4633 2364 4707 {aut
2397 4633 2631 4705 Mivsc’ella
2665 4652 2756 4704 iul.
2787 4651 2858 4706 4ο(
2887 4650 3085 4704 ibidem
3133 4633 3383 4703 convenit
3428 4633 3575 4714 usque
3597 4633 3647 4691 id
3667 4633 3726 4714 illi

2229 4705 2388 4776 verba
2443 4722 2617 4775 Ctesar
2668 4705 2975 4774 Alexandria
3022 4721 3212 4790 potitus
3253 4735 3274 4773 :
3321 4736 3348 4769 ιι
3394 4705 3567 4790 quibus
3605 4705 3731 4790 veriti:

2234 4770 3006 4857 ii;gutturemmanu.
3022 4770 3172 4859 3....
3192 4770 3267 4843 .d'
3294 4770 3501 4859 tua...
3528 4770 3729 4859 usque}!

2235 4845 2417 4926 liuent,
2451 4862 2555 4915 nisi
2584 4862 2727 4927 quod
2773 4872 2893 4931 post
2921 4845 3185 4931 'ulti'mutn
3232 4862 3447 4931 veritum
3490 4856 3572 4908 lib.
3597 4845 3732 4931 aut:

2233 4918 2698 4999 infuit-confossus
2745 4918 2853 4986 e'st.‘
2897 4931 3089 4999 Adjicit
3143 4930 3271 4983 Hla:
3309 4928 3419 4991 Vir,
3474 4938 3564 4999 quo
3608 4918 3732 4999 ωξηξξ

2234 4982 2480 5074 atquin;
2494 4982 2651 5066 "ut;
2677 4982 2814 5072 1...;
2827 4982 3044 5056 suain.
3057 4982 3323 5067 autem,
3353 4982 3442 5055 toi.
3466 4982 3548 5062 i7,
3573 5006 3615 5046 c.
3635 4987 3678 5048 2,
3704 4982 3729 5031 Ii

2234 5090 2401 5142 usque
2430 5074 2495 5127 ad
2524 5075 2702 5128 tinem.

2308 5127 2431 5200 Haec
2459 5146 2526 5198 de
2550 5127 2649 5218 suo
2677 5140 2943 5218 Hersield.
2972 5141 3168 5218 codice
3196 5140 3462 5218 Curtisius.
3512 5146 3614 5218 1908-
3625 5127 3732 5218 ﬂ!"

2236 5217 2539 5272 brosisuam
2598 5217 2875 5270 lectionem
2923 5214 3063 5267 notis
3108 5213 3379 5280 perpetuis
3404 5209 3733 5280 cmitinuamtlsi

2236 5287 2377 5342 unde
2403 5294 2522 5352 post
2544 5288 2761 5356 verbum
2807 5288 3078 5356 cognitum,
3110 5278 3224 5337 erat
3272 5280 3581 5356 iit-nectimus
3617 5278 3733 5356 aut}?

2237 5367 2294 5412 et
2346 5347 2604 5409 nostram.
2662 5355 2769 5410 Eus
2795 5347 2991 5424 quoque
3037 5355 3210 5414 victos,
3266 5352 3510 5424 obsidibus
3553 5347 3734 5424 ampli}.

2237 5428 2597 5499 stipendiarios
2646 5420 3020 5499 fecitjGullite
3066 5436 3236 5499 autem
3280 5423 3449 5475 tributi
3484 5427 3650 5499 nonune
3662 5420 3735 5499 git:

2407 5475 2716 5564 "impei'abit'
2727 5475 2736 5479 ⁷
2747 5475 3080 5561 'S'eslertiuin,
3106 5475 3497 5557 vGerntanosque
3514 5498 3633 5564 trs-8

2240 5585 2359 5621 num
2406 5548 2677 5641 aggi'essus
2726 5548 3103 5622 immanissimis
3148 5570 3341 5641 prtulits
3383 5548 3508 5617 vicit.
3556 5548 3735 5641 Iulii“?

2240 5626 2500 5693 successit;
2523 5648 2597 5691 ter
2629 5642 2761 5693 male
2790 5643 3027 5707 pugnavit
3055 5626 3196 5707 apud
3223 5640 3463 5699 Auernos,
3490 5626 3727 5707 semeljmg

2240 5684 3193 5835 é§;'g.";t.2..";;.fér.e;2.2;."
3222 5684 3585 5779 ἱὲἱιὶρὂῖιὶάέιπο
3620 5684 3669 5747 ι).
3693 5684 3723 5740 6

2352 5822 2366 5835 .
2399 5792 2501 5835 etc.
3118 5802 3137 5819 ⁸

2352 5822 2366 5847 ,
2399 5792 2501 5836 etc.
3118 5802 3137 5819 ο
