3920 6336
148 354 225 411 841
1188 346 1510 407 HISTORIA
1550 343 1925 405 MISCELLA.
1965 378 2032 390 —
2071 347 2203 404 LIB.
2246 347 2333 403 Vl.
3284 351 3393 407 842

149 479 263 540 factu
281 464 642 529 arbitrabatur,
695 462 861 518 delere
881 466 1076 528 statuit,
1126 478 1185 516 ac
1233 463 1415 517 deinde
1441 462 1700 517 Itburoni-
1730 464 1780 523 Α
1805 472 1970 518 sante.
2018 462 2203 534 Itaque
2224 463 2294 518 ibi
2321 462 2496 519 Cesar
2519 474 2893 533 erumpentsous
2922 467 3138 537 desuper
3165 468 3393 526 hostibus

150 565 235 625 bus,
264 557 563 626 Nerviisque
591 557 916 627 conjunctus,
945 558 1013 609 ad
1034 556 1427 625 apprimendum
1452 556 1705 610 Caesarem
1809 573 2039 625 pressus,
2083 558 2250 611 multa
2274 558 2522 612 exercitus
2547 559 2628 611 sui
2657 567 2801 628 parte
2830 560 3031 627 perdita
3051 562 3211 615 victus
3237 563 3394 631 aufu-

148 668 346 726 pergere.
394 650 670 715 Labienus,
702 650 884 719 quibus
915 658 1077 719 potest
1102 651 1319 714 artibus,
1368 651 1601 704 timorem
1631 650 1704 703 si-
1811 648 1904 717 git.
1946 647 2084 702 Dum
2113 648 2222 701 hac
2250 648 2318 700 ad
2344 646 2620 702 Halestam
2663 660 2928 719 geruntur,
2991 650 3392 721 Vercingetorix,

149 747 306 808 mutat,
348 752 503 814 atque
541 745 612 796 ita
654 740 1079 796 Induciomarum
1129 743 1547 813 negligentiorem
1595 758 1708 795 cum
1809 756 2141 808 quememnes
2157 756 2399 796 consensu
2424 742 2537 812 pari
2563 758 2730 811 regem
2755 753 3183 814 prreoptaverant,
3212 748 3397 800 suadet

150 837 482 893 insultantibus
541 836 704 902 copiis
754 852 846 905 pro
890 834 1025 889 vallo
1075 835 1390 889 aberrantem
1445 834 1711 902 repentina
1812 832 1883 883 uti
1907 847 1971 884 ex
1994 839 2099 884 tota
2138 829 2336 900 Gallia,
2382 848 2552 886 omnes
2579 834 2664 901 qui
2689 848 2838 886 arma
2863 833 2995 902 ferre
3023 848 3245 904 possent,
3280 836 3399 889 huic

148 935 382 1002 eruptione
405 932 698 998 prostravit.
750 930 866 985 Hac
891 931 1100 985 victoria
1128 930 1339 985 Labieni
1369 930 1551 997 reliqui
1579 927 1709 983 Gal-
1815 922 1945 976 bello
1974 934 2157 991 praesto
2186 925 2286 979 sint
2309 941 2327 991 ,'
2359 926 2452 979 hoc
2479 926 2612 978 enim
2638 942 2746 980 esse
2769 944 2921 981 unum
2948 930 3153 993 bellum,
3181 946 3280 997 quo
3306 939 3399 983 aut

150 1025 290 1076 lorum
316 1030 526 1077 conatus
552 1022 775 1090 repressi
803 1032 944 1088 sunt,
998 1031 1046 1075 et
1073 1021 1247 1076 Caesar
1294 1022 1452 1089 paulo
1496 1021 1714 1087 quietior
1815 1025 2061 1084 perpetua
2090 1017 2313 1082 libertas,
2336 1026 2626 1071 autteterna
2643 1019 2877 1088 servitus,
2905 1029 2994 1074 aut
3013 1036 3151 1074 mors
3177 1023 3402 1076 omnium

149 1118 318 1185 reliqua
344 1125 489 1186 parte
516 1115 697 1170 hiemis
728 1115 851 1184 fuit.
907 1113 1014 1171 Sed
1060 1114 1351 1185 intelligens
1382 1115 1480 1167 sibi
1507 1116 1715 1183 maiora
1816 1116 2210 1175 consequantur.
2231 1105 2415 1176 Itaque
2441 1109 2626 1178 absque
2655 1126 2713 1164 eo
2729 1127 2959 1176 numero,
2979 1128 3127 1181 quem
3140 1112 3401 1180 infinitum

148 1208 246 1261 belli
271 1223 529 1275 superesse
558 1208 778 1276 negotia,
832 1208 1051 1261 maxime
1078 1207 1196 1275 quia
1220 1206 1443 1271 plurima
1467 1207 1714 1260 exercitus
1816 1209 1933 1253 ante
1952 1211 2293 1261 contraxerat,
2328 1203 2551 1271 equitum
2571 1202 2773 1257 circiter
2806 1214 2916 1258 octo
2949 1204 3137 1270 millia,
3173 1206 3404 1274 peditum

149 1310 274 1368 parte
296 1299 503 1364 amissa,
556 1298 774 1368 aliisque
803 1299 1023 1369 graviter
1051 1299 1315 1364 sauciatis,
1366 1315 1428 1352 ne
1458 1298 1526 1350 ad
1554 1299 1714 1351 susti-

146 1380 347 1446 nendum
374 1393 581 1457 quidem
627 1393 723 1445 sibi
769 1392 1002 1458 idoneus,
1051 1409 1152 1446 non
1182 1393 1349 1445 dicam
1394 1393 1462 1445 ad
1491 1392 1715 1463 compri-

147 1487 357 1538 mendum
390 1484 662 1539 Gallorum
690 1487 933 1554 impetum
962 1487 1236 1550 videretur,
1278 1504 1309 1540 a
1336 1486 1432 1543 Cn.
1463 1485 1717 1556 Pompeio

145 1592 324 1646 procos.
355 1577 609 1630 conscribi
634 1577 890 1648 legiones,
917 1578 1110 1645 sibique
1138 1580 1267 1631 mitti
1289 1580 1343 1632 in
1364 1578 1619 1632 auxilium
1645 1580 1721 1649 fe-

146 1666 223 1720 cit.
250 1666 429 1737 Itaque
451 1677 571 1721 ante
610 1669 825 1722 hiemem
857 1680 1088 1723 exactam
1116 1680 1218 1724 tres
1247 1671 1315 1724 ad
1346 1687 1463 1725 eum
1492 1671 1718 1739 legiones

146 1760 191 1811 in
211 1769 373 1813 castra
414 1769 681 1813 venerunt.
730 1760 903 1832 Igitur
934 1762 1104 1817 Casar
1152 1765 1449 1835 priusquam
1476 1767 1529 1819 in
1560 1783 1716 1819 unum

1818 1294 2037 1348 ducenta
2061 1296 2427 1365 quinquaginta
2440 1295 2604 1349 millia
2618 1304 2881 1350 contracta
2905 1306 3041 1351 sunt.
3064 1296 3260 1351 Dehinc
3274 1299 3405 1352 duos

1819 1386 1971 1440 colles
1998 1385 2093 1439 sibi
2114 1387 2329 1441 invicem
2357 1387 2592 1441 obversos
2624 1387 2865 1453 Romani,
2888 1387 3125 1458 Gallique
3142 1401 3403 1459 ceperunt.

1825 1477 1975 1532 Unde
2000 1480 2174 1534 multis
2189 1495 2324 1547 sape
2337 1480 2685 1551 eruptionibus
2701 1492 2748 1534 et
2769 1482 2921 1534 variis
2934 1483 3254 1552 proventibus
3271 1499 3408 1549 ,πίει

1822 1572 2026 1639 liantes,
2044 1573 2247 1627 tandem
2265 1574 2483 1628 Romani
2497 1575 2755 1645 praecipua
2768 1572 3143 1628 Germanorum
3162 1577 3410 1645 equitum,

1820 1685 1947 1737 quos
1975 1669 2071 1721 sibi
2092 1668 2408 1738 jamdudum
2425 1672 2614 1723 amicos
2644 1687 2777 1724 nunc
2806 1675 2857 1722 in
2885 1671 3081 1723 auxilio
3106 1671 3410 1737 asciverant,

1820 1768 2007 1815 virtute
2052 1762 2303 1816 vicerunt.
2362 1761 2753 1835 Vercingetorix
2798 1763 2904 1816 alia
2958 1763 3041 1816 die
3097 1763 3418 1834 congregatis

145 1852 347 1906 hostium
375 1854 538 1924 copia:
574 1854 786 1923 coirent,
832 1855 1038 1910 ineunte
1080 1872 1233 1910 verno
1257 1833 1465 1928 aggredi
1496 1859 1720 1928 trepidos
1749 1833 1800 1895 Β
1827 1853 2059 1907 omnibus
2086 1855 2174 1922 qui
2219 1855 2345 1924 fuga
2389 1833 2679 1920 evaserant,
2730 1855 2863 1909 dixit
2905 1870 2959 1909 se
2983 1833 3242 1908 auctorem
3288 1856 3424 1908 bona

145 1957 187 1999 et
213 1950 488 2018 opprimere
534 1964 738 2018 sparsos
776 1950 829 2002 in
872 1950 981 2004 suis
1023 1949 1214 2017 finibus
1264 1961 1433 2018 parat.
1485 1950 1723 2005 Primum

146 2039 300 2109 itaque
328 2038 634 2093 Nerviorum
659 2039 787 2108 fines
818 2039 1019 2109 diripit,
1069 2041 1297 2110 praedam
1327 2058 1464 2108 vero,
1496 2058 1610 2111 qua:
1632 2059 1721 2095 co-

146 2129 419 2198 piosissima
444 2142 574 2195 erat,
606 2133 856 2185 exercitui
888 2135 1154 2200 permittit.
1201 2131 1403 2187 Deinde
1428 2132 1720 2202 Menapios,

145 2224 226 2289 qui
250 2225 342 2276 sibi
371 2232 580 2295 propter
621 2225 893 2278 immensas
922 2225 1138 2294 paludes
1185 2237 1338 2295 atque
1386 2226 1722 2295 impeditissi-

147 2332 243 2370 mas
270 2317 419 2371 silvas
447 2319 779 2372 munitissimi
808 2319 1126 2386 videbantur,
1159 2320 1319 2373 tribus
1340 2321 1629 2391 agminibus
1652 2321 1728 2374 in-

148 2412 294 2476 vadit,
340 2414 599 2483 nimiaque
623 2414 763 2467 ccede
793 2415 946 2484 vulgo
973 2417 1167 2486 agitata
1208 2417 1441 2471 residuos
1468 2419 1726 2486 supplices

148 2505 193 2555 in
218 2504 529 2559 deditionem
560 2506 775 2577 accepit.
809 2504 1066 2561 Labienus
1092 2510 1316 2578 sequenti
1347 2510 1525 2577 praelio
1551 2526 1727 2564 omnes

147 2592 468 2651 Treverorum
498 2600 676 2667 copias
703 2600 979 2669 interfecit,
1024 2610 1135 2654 arte
1177 2602 1230 2654 in
1268 2602 1457 2656 bellum
1485 2620 1728 2671 provoca-

146 2697 228 2752 tas,
263 2691 556 2758 priusquam
575 2689 847 2746 Germanis
877 2694 1266 2748 adventantibus
1288 2697 1651 2767 jungerentur,
1680 2707 1729 2751 et

145 2782 374 2835 continuo
404 2784 570 2853 ipsum
607 2784 860 2837 civitatem
888 2786 1041 2855 cepit.
1074 2785 1267 2854 Caesar,
1313 2788 1490 2842 ulcisci
1518 2800 1731 2844 mortem

148 2872 319 2929 Sabini
351 2885 395 2927 et
422 2874 583 2930 Cottae
633 2877 920 2947 legatorum
946 2878 1138 2944 volens,
1184 2881 1239 2933 in
1289 2880 1630 2950 Ambiorigem
1683 2888 1731 2935 et

148 2966 399 3023 Eburones
425 2970 606 3025 deleta:
653 2972 872 3043 legionis
918 2984 1177 3040 auctores,
1223 2983 1494 3047 postquam
1544 2978 1596 3030 in
1626 2979 1728 3029 Ar-

146 3064 394 3118 duennam
436 3065 622 3119 silvam
664 3067 915 3139 refugisse
961 3071 1226 3139 comperit,
1267 3087 1383 3141 qua:
1425 3070 1553 3125 silva
1581 3072 1733 3125 totius

1823 1949 1927 2016 ﬁde
1973 1949 2310 2018 defendendae
2355 1949 2607 2005 libertatis
2659 1959 2810 2018 atque
2852 1951 3167 2019 irrumpendi
3217 1951 3424 2020 foederis

1825 2040 1998 2108 fuisse.
2028 2038 2118 2093 σει
2142 2056 2295 2105 nunc,
2328 2042 2429 2094 sive
2460 2041 2708 2095 Romanis
2755 2058 2862 2095 sese
2882 2042 2957 2095 ad
2987 2054 3198 2096 mortem
3246 2057 3421 2096 omnes

1826 2134 2071 2202 offerant,
2124 2134 2227 2188 sive
2250 2151 2303 2188 se
2330 2136 2497 2189 solum
2525 2153 2618 2208 pro
2667 2136 2901 2191 omnibus
2925 2137 3155 2190 dandum
3182 2146 3425 2206 paratum

1825 2228 1996 2280 animo
2027 2231 2155 2296 fore.
2196 2225 2380 2296 Itaque
2394 2227 2531 2282 Galli
2558 2228 2893 2295 voluntatem,
2924 2246 3081 2300 quam
3105 2229 3301 2297 pudore
3320 2228 3424 2281 ali-

1825 2320 2057 2391 quandiu
2088 2328 2353 2387 texerant,
2406 2323 2551 2389 quasi
2576 2335 2640 2373 ex
2667 2320 2884 2373 consilio
2913 2321 3049 2391 regis
3090 2326 3425 2389 assumerent,

1826 2412 1968 2467 illico
1996 2414 2096 2467 sibi
2124 2415 2320 2467 veniam
2360 2422 2649 2483 precantes,
2693 2430 2809 2468 eum
2857 2413 3045 2480 solum,
3092 2413 3227 2469 velut
3252 2424 3430 2470 aucto.

1826 2522 1934 2560 rem
1964 2505 2137 2575 magni
2165 2507 2372 2561 sceleris
2403 2506 2737 2561 dediderunt.
2766 2504 3027 2561 Bellovaci
3049 2507 3281 2562 omnibus
3310 2505 3434 2561 Gal-

1831 2597 1999 2653 lorum
2030 2597 2261 2670 gentibus
2286 2599 2518 2669 ipsorum
2544 2599 2785 2668 Opinione
2828 2600 3064 2668 fortiores
3084 2599 3429 2654 habebantur.

1833 2691 1908 2746 Hi
1940 2691 2164 2745 Chorreo
2211 2692 2342 2744 duce
2390 2691 2577 2745 bellum
2607 2693 2927 2761 instaurant,
2978 2695 3170 2763 sibique
3195 2696 3249 2747 in
3297 2694 3430 2748 hanc

1833 2784 2056 2854 suscepti
2087 2783 2205 2837 belli
2231 2783 2521 2838 societatem
2547 2784 2844 2851 Ambianos,
2889 2786 3157 2852 Aulercos,
3205 2784 3426 2852 Caletos,

1833 2877 2149 2944 Bellocases,
2195 2877 2561 2947 Atrebatasque
2601 2882 2939 2949 conjungunt,
2989 2888 3036 2933 et
3065 2880 3233 2933 locum
3255 2896 3433 2947 quem-

1835 2971 1956 3023 dam
1980 2971 2227 3036 cinctum,
2279 2979 2433 3037 atque
2460 2971 2760 3041 impeditum
2790 2973 3019 3042 undique
3047 2973 3319 3042 paludibus
3348 2988 3436 3026 ca-

1836 3065 2002 3132 piunt.
2036 3062 2417 3133 Commissoque
2444 3066 2657 3135 pratlio,
2710 3082 2949 3136 magnam
2981 3063 3296 3120 Rhemorum
3322 3083 3433 3119 ma-

145 3153 329 3211 Gallia:
356 3160 580 3213 maxima
606 3170 699 3227 est,
729 3172 881 3230 atque
906 3180 938 3217 a
959 3165 1086 3232 ripis
1120 3164 1284 3218 liheni
1305 3166 1590 3235 ﬁnibusque
1610 3165 1730 3220 Tre-
1758 3198 1806 3263 ο
1835 3177 1979 3226 num,
2034 3175 2150 3231 quin
2198 3162 2393 3216 aurilio
2441 3160 2690 3217 Romanis
2740 3173 2872 3228 erat,
2920 3165 3196 3220 trucidant.
3242 3164 3442 3221 Deinde

144 3252 364 3306 virorum
384 3255 451 3307 ad
474 3253 719 3320 Nervios,
750 3273 908 3326 usque
934 3259 1192 3329 pertingit,
1217 3267 1263 3313 et
1284 3260 1337 3311 in
1365 3259 1732 3329 longitudinem

145 3342 409 3415 plusquam
433 3346 809 3416 quinquaginta
837 3348 1063 3402 millibus
1090 3365 1296 3419 passum
1321 3360 1480 3419 patet,
1531 3367 1732 3419 perme-

143 3439 267 3495 tiens
294 3456 401 3493 rem
429 3442 536 3495 suis
578 3444 791 3497 maximi
821 3444 1061 3512 periculi
1088 3445 1221 3513 fore,
1270 3446 1315 3498 si
1339 3461 1430 3515 per
1453 3445 1736 3501 obstructas

143 3533 391 3596 spatiosas
421 3532 574 3587 silvas
602 3533 766 3604 ignoti
796 3534 1165 3603 dividerentur,
1193 3535 1484 3606 hostemque
1512 3538 1609 3592 loci
1638 3553 1732 3591 no—

138 3624 389 3677 tissimum
416 3634 720 3693 quarerent,
769 3643 971 3681 omnem
1000 3624 1227 3681 Galliam
1257 3646 1345 3697 per
1367 3630 1571 3683 nuntios
1603 3630 1737 3683 invi-

141 3720 226 3785 tat,
276 3725 339 3768 ut
362 3716 571 3785 quisque
599 3718 879 3771 secundum
904 3718 1154 3788 placitum
1181 3737 1331 3773 suum
1372 3722 1657 3775 reconditas
1684 3721 1740 3775 in

137 3807 415 3864 Arduenna
457 3810 590 3865 silva
630 3812 840 3880 pradas
886 3823 1145 3883 quierant,
1201 3815 1564 3885 diripiantque.
1624 3816 1739 3880 Quo

140 3900 294 3969 facto,
323 3901 498 3956 Gallis
529 3906 771 3973 utrinque
807 3905 1159 3969 ntorientibus,
1196 3908 1445 3961 maximas
1479 3907 1742 3961 Romano-

137 4008 245 4045 rum
274 3994 528 4065 injurias,
570 3995 678 4049 sine
715 3998 1024 4066 cujusquam
1072 3995 1290 4051 Romani
1316 3998 1611 4052 discrimine
1634 4000 1744 4052 vin-

140 4085 349 4141 dicavit.
406 4084 495 4139 Ita
528 4087 622 4140 hoc
676 4088 929 4141 tutissimo
975 4088 1207 4142 vincendi
1252 4104 1432 4159 genere
1459 4105 1665 4144 securus
1690 4090 1743 4144 in

137 4177 348 4236 Italiam
377 4182 556 4237 rediit.
609 4180 780 4255 Igitur
808 4182 1009 4238 Ca'sare
1033 4185 1088 4237 in
1117 4182 1328 4237 Italiam
1354 4200 1572 4251 reverso,
1624 4200 1744 4238 rur-

134 4292 215 4331 sus
239 4279 430 4332 Gallia
469 4280 525 4332 in
571 4296 716 4332 arma
754 4281 1024 4351 conjurat,
1077 4280 1321 4351 multique
1367 4283 1520 4335 simul
1570 4282 1746 4352 populi

133 4383 335 4425 coeunt.
388 4370 515 4425 Dux
545 4373 623 4425 his
664 4370 1053 4444 Vercingetorix
1079 4375 1193 4444 fuit,
1220 4376 1368 4445 cujus
1394 4375 1610 4428 consilio
1642 4384 1746 4428 sta-

134 4462 220 4514 tim
246 4480 435 4517 omnes
462 4462 605 4517 Galli
631 4464 856 4518 civitates
885 4482 1003 4518 suas
1030 4464 1165 4519 ultro
1186 4468 1545 4531 incenderunt,
1581 4467 1748 4534 prima

1838 3268 1951 3305 cum
1986 3262 2335 3321 opportunum
2358 3254 2455 3323 ipsi
2483 3254 2652 3307 locum
2683 3254 2886 3307 insidiis
2918 3257 3176 3321 provisum
3206 3271 3436 3324 occupa-

1836 3346 2044 3414 vissent,
2078 3356 2229 3416 atque
2258 3347 2354 3401 hoc
2381 3355 2639 3417 comperto
2674 3347 2897 3402 Romani
2924 3348 2992 3400 ad
3020 3348 3327 3401 insidiarum
3359 3348 3437 3401 lo-

1838 3457 1955 3496 cum
1985 3441 2226 3496 instructi
2270 3442 2598 3511 ordinatique
2624 3443 2893 3505 venissent,
2943 3442 3215 3495 commisso
3260 3440 3443 3507 prtzlio
3530 3491 3537 3498 .

1847 3534 2065 3589 Romani
2094 3533 2272 3588 Gallos
2321 3534 2572 3603 fugientes
2601 3533 2783 3589 iisdem
2809 3536 3038 3589 locorum
3076 3536 3444 3591 munitionibus

1841 3627 2027 3694 quibus
2055 3626 2219 3681 clausi
2266 3627 2472 3696 fuerant
2527 3627 2867 3689 incluserunt,
2919 3636 3230 3696 cunctosque
3269 3626 3338 3680 ad
3366 3628 3447 3681 in-

1844 3718 2185 3773 ternecionem
2214 3719 2522 3772 ceciderunt.
2579 3715 2660 3770 Ibi
2688 3716 2965 3782 Chorreus,
3009 3716 3084 3771 vel
3114 3718 3313 3789 fugam,
3363 3714 3442 3771 vel

1845 3812 2155 3865 deditionem
2203 3812 2517 3876 detrectans,
2572 3810 2853 3875 Romanos,
2910 3816 2966 3861 ut
2994 3811 3133 3862 vivus
3176 3818 3445 3877 caperetur

1844 3906 2095 3959 instantes
2125 3905 2423 3969 occidendo,
2463 3914 2519 3957 ut
2550 3903 2863 3957 occideretur
2892 3901 3074 3971 coegit.
3128 3899 3296 3971 Igitur
3325 3916 3442 3953 cum

1846 4010 2086 4070 pacatam
2135 3996 2363 4052 Galliam
2411 3998 2700 4051 universam
2749 3993 2941 4060 Cazsar,
2986 4009 3144 4062 neque
3193 4008 3441 4046 ausuram

1848 4094 1961 4161 fore
1988 4094 2056 4145 ad
2087 4091 2287 4160 aliquos
2326 4091 2558 4161 aspirare
2602 4099 2771 4143 motus
2818 4087 3172 4153 arbitraretur,
3220 4085 3444 4157 legiones

1851 4187 1903 4240 in
1931 4186 2143 4239 hiberna
2190 4184 2401 4237 dimisit.
2453 4182 2575 4253 Ipse
2605 4189 2776 4236 autem
2814 4178 3122 4249 Ambiorigis
3153 4178 3301 4247 fines,
3350 4175 3443 4246 qui

1853 4287 1923 4333 tot
1952 4279 2083 4331 bella
2111 4278 2443 4341 excitaverat,
2490 4273 2754 4327 hominum
2802 4271 3059 4325 harrenda
3086 4278 3254 4338 strage
3280 4277 3449 4321 vasta-

1853 4373 1940 4424 vit.
1999 4373 2060 4424 At
2091 4385 2204 4422 vero
2235 4364 2295 4421 G.
2321 4364 2567 4422 Caninius
2596 4367 2791 4436 legatus
2820 4363 3006 4418 bellum
3029 4363 3172 4429 apud
3201 4359 3445 4415 Pictonas

1856 4465 2065 4529 invenit,
2113 4463 2199 4517 ubi
2221 4477 2410 4533 magna
2441 4461 2659 4514 hostium
2704 4457 2979 4512 multitudo
3026 4455 3327 4524 impeditam
3354 4453 3446 4507 iti-

130 4572 161 4607 a
187 4560 293 4612 suis
325 4560 544 4612 incensa
573 4556 829 4611 Biturico.
863 4556 994 4612 Inde
1025 4561 1091 4612 ad
1119 4559 1391 4625 Gwsarem,
1433 4560 1519 4629 qui
1550 4561 1746 4631 magnis
1778 4573 1830 4633 ι)
1856 4571 1974 4611 nere
1999 4556 2249 4623 legionem
2277 4553 2634 4618 circumdedit,
2685 4561 2835 4621 atque
2860 4552 2927 4603 ad
2959 4560 3240 4604 extremum
3268 4546 3451 4602 discri-

132 4651 410 4707 itineribus
446 4669 535 4720 per
569 4650 954 4707 Narbonensem
1002 4655 1313 4721 provinciam
1344 4654 1477 4706 clam
1505 4654 1572 4706 ad
1601 4669 1749 4707 exer-

131 4749 284 4801 citum
318 4757 643 4811 recurrerat,
676 4748 917 4816 impetum
966 4749 1184 4817 faciunt.
1236 4748 1410 4801 Cwsar
1447 4757 1566 4800 tunc
1597 4747 1750 4816 oppi-

132 4840 252 4895 dum
278 4843 501 4896 nomine
534 4840 817 4910 Cenapium
844 4842 1108 4896 obsidione
1137 4840 1476 4907 concluserat,
1503 4841 1638 4911 quod
1660 4841 1751 4894 diu

129 4944 502 5005 Oppugnatum
532 4935 739 4989 tandem
778 4942 888 5004 post
940 4934 1124 4987 multas
1160 4933 1510 4987 Romanorum
1553 4931 1749 4995 clades,

130 5028 303 5093 pluvio
334 5026 452 5091 die,
483 5042 671 5096 magna
692 5042 805 5079 cum
822 5026 1082 5080 hostilium
1110 5027 1465 5079 machinarum
1491 5037 1745 5093 armenta,

133 5124 385 5190 nervique
411 5121 739 5193 languerent,
788 5120 1047 5190 applicitis
1099 5119 1324 5173 turribus
1350 5128 1555 5188 captant
1605 5128 1756 5188 atque

132 5213 371 5268 deletum
422 5225 517 5268 est.
576 5214 931 5284 Quadraginta
980 5212 1145 5265 millia
1192 5212 1453 5265 hominum
1496 5210 1566 5264 ibi
1597 5210 1755 5280 fuisse

135 5311 452 5377 referuntur
475 5324 494 5363 :
523 5324 550 5361 e
571 5308 755 5379 quibus
787 5308 870 5360 tix
898 5322 1034 5361 Lux
1060 5307 1288 5360 homines
1312 5321 1401 5377 per
1430 5306 1604 5375 fugam
1623 5303 1755 5374 lapsi

133 5402 200 5454 ad
224 5414 415 5456 castra
451 5404 684 5471 proxima
731 5398 1006 5455 Gallorum
1055 5408 1316 5453 venerunt.
1370 5397 1631 5453 Prteterea
1658 5399 1758 5450 Ar-

134 5498 299 5560 verni,
327 5496 613 5561 ceterique
639 5494 886 5558 conﬁnes,
916 5492 1206 5547 sollicitatis
1232 5491 1385 5544 etiam
1410 5491 1476 5542 ad
1496 5506 1550 5542 se
1568 5488 1755 5555 Eduis,

134 5591 316 5643 multis
347 5588 632 5640 adversum
646 5586 902 5640 Ctesarem
933 5584 1126 5655 prteliis
1154 5584 1479 5636 bellaverunt.
1512 5581 1613 5648 Qui
1642 5597 1757 5633 cum

137 5700 189 5737 se
215 5679 521 5755 pugnando
552 5680 755 5751 fatigati
785 5680 838 5732 in
869 5676 1130 5749 quoddam
1153 5677 1399 5748 oppidum
1429 5676 1754 5744 recepissent,

140 5782 336 5832 milites
370 5774 572 5844 prada
599 5774 856 5827 inhiantes
889 5775 956 5825 ad
986 5771 1410 5842 expugnationem
1437 5768 1617 5837 oppidi
1645 5768 1747 5821 ani-

139 5891 279 5930 mum
306 5869 612 5933 intendunt,
668 5871 863 5939 frustra
893 5868 1092 5923 Caesare
1137 5869 1200 5921 de
1224 5868 1321 5921 loci
1346 5865 1609 5935 iniquitate
1636 5883 1758 5922 cau-

494 5963 757 6026 l‘sraon.
798 5961 954 6025 XCV

1857 4664 1971 4701 men
1994 4647 2229 4700 adduxit.
2274 4643 2443 4698 Porro
2480 4654 2652 4697 autem
2701 4641 2898 4696 Fabius
2946 4641 3180 4711 legatus,
3232 4639 3452 4709 acceptis

1856 4741 2060 4794 Caninii
2085 4738 2294 4804 litteris,
2339 4741 2393 4789 in
2433 4735 2672 4789 Pictonas
2714 4735 3078 4804 proﬁciscitur,
3109 4733 3276 4800 ibique
3302 4750 3333 4785 a
3362 4748 3451 4784 ca-

1856 4835 2005 4904 ptivis
2039 4833 2102 4886 de
2127 4830 2506 4902 Opportunitate
2555 4828 2785 4881 locorum
2828 4829 3011 4880 certior
3064 4826 3226 4895 factus
3272 4823 3449 4889 inopi-

1855 4936 2033 4980 nantes
2082 4926 2249 4978 hostes
2294 4922 2573 4993 Opprimit,
2632 4922 2929 4991 magnisque
2975 4917 3229 4988 stragibus
3274 4915 3450 4985 factis,

1858 5019 2107 5088 plurimas
2137 5017 2337 5087 prtedas
2365 5016 2490 5086 agit.
2525 5013 2724 5067 Deinde
2752 5029 2867 5065 cum
2894 5010 3112 5064 Caninio
3139 5009 3339 5077 signum
3362 5007 3453 5059 ad-

1859 5126 2034 5167 ventus
2062 5113 2141 5166 sui
2172 5112 2412 5175 dedisset,
2466 5108 2711 5163 Caninius
2743 5108 2862 5159 totis
2892 5104 3073 5157 castris
3123 5102 3285 5157 subito
3326 5100 3453 5154 insi--

1858 5205 1974 5273 luit,
2007 5220 2213 5273 seseque
2240 5203 2415 5273 injecit
2445 5202 2598 5255 hosti.
2648 5199 2731 5253 Ita
2759 5196 2925 5251 F’abio
2969 5214 3030 5250 ex
3060 5213 3159 5249 una
3188 5204 3355 5265 parte,
3404 5204 3452 5247 et

1858 5296 2072 5354 Caninio
2102 5313 2165 5352 ex
2188 5296 2348 5350 altera
2379 5295 2674 5357 insistente,
2726 5292 2947 5344 maximo
2970 5297 3017 5342 et
3050 5288 3291 5340 diuturno
3319 5284 3454 5338 bello

1860 5393 2141 5446 innumera:
2170 5387 2442 5443 Gallorum
2478 5389 2639 5456 capite
2686 5383 2957 5437 trucidata:
3001 5391 3138 5433 sunt.
3196 5376 3324 5430 Inde
3344 5373 3455 5428 Fa-

1860 5487 1971 5540 bius
2002 5486 2053 5537 in
2069 5481 2317 5538 Carnutes
2349 5478 2606 5549 profectus
2635 5486 2727 5532 est.
2764 5475 2966 5531 Sciebat
2998 5478 3130 5528 enim
3160 5471 3457 5526 Deonacum

1863 5580 2039 5631 ducem
2059 5575 2472 5644 antiquissimum
2515 5572 2667 5625 totius
2706 5569 2995 5623 rebellionis
3041 5568 3348 5618 incentorem
3391 5563 3453 5616 ab

1864 5671 1961 5724 hoc
1991 5670 2122 5723 bello
2169 5667 2427 5738 elapsum,
2477 5666 2522 5718 si
2551 5663 2859 5717 Aremoricis
2911 5662 3138 5730 gentibus
3177 5659 3455 5728 adjunctus

1863 5779 2017 5837 esset,
2067 5767 2317 5820 maximos
2361 5764 2548 5817 iterum
2581 5759 2826 5814 tumultus
2874 5773 2978 5811 esse
3006 5756 3060 5809 in
3092 5752 3261 5807 Gallia
3289 5760 3459 5804 motu-

1861 5880 1999 5921 rum.
2038 5861 2146 5933 Sed
2172 5875 2257 5915 eos
2286 5857 2455 5913 adhuc
2479 5856 2590 5927 ipsa
2622 5854 2840 5909 novitate
2867 5849 3179 5919 trepidantes
3207 5844 3340 5901 mira
3362 5857 3461 5898 vtr-

2900 5947 2978 6006 27
