3920 6336
573 371 683 432 847

1437 380 1943 437 PAULI‘DIACONI
1980 381 2132 437 OPP.
2173 380 2352 437 PARS
2397 380 2432 434 l.
2475 407 2546 418 —
2582 376 2969 433 HISTORICA.

3654 395 3728 452 848

572 499 960 547 armaturarum
978 508 1165 564 magna
1204 493 1372 562 copia.
1418 492 1590 549 Ctesar
1617 494 1852 548 similiter
1893 470 2151 564 octaginta
2176 495 2231 555 Α
2256 508 2388 555 cam,
2416 508 2529 562 quae
2568 501 2712 546 extra
2762 491 3136 560 quadringenta
3179 491 3334 545 millia
3362 494 3568 552 librorum
3598 503 3727 573 (uim,

574 584 803 639 cohortes
825 584 1019 654 triplici
1047 586 1226 640 ordine
1246 587 1513 656 disposuit,
1538 587 1620 639 cui
1642 587 1783 655 fuere
1808 588 1975 641 minus
1999 603 2153 656 quam

570 678 912 749 quadraginta
932 680 1093 732 millia
1110 679 1355 748 peditum,
1382 679 1572 749 equites
1593 679 1751 733 mille.
1783 677 1969 733 Videre
1988 679 2081 744 ibi,
2104 691 2153 731 et

569 785 769 839 gemere
812 779 940 835 erat,
991 778 1279 824 contractas
1333 771 1676 824 Romanorum
1703 771 1833 824 vires
1876 771 1931 823 in
1959 770 2152 838 campis

572 860 896 916 Pharsalicis
940 862 1009 916 ad
1046 861 1350 916 occisionem
1394 874 1569 916 mutuo
1610 863 1914 927 constitisse,
1953 879 2080 929 quas
2107 863 2154 915 si

569 956 848 1009 concordia
890 955 1126 1020 rexisset,
1172 956 1300 1009 nulli
1330 957 1529 1023 populi,
1563 956 1696 1009 nulli
1724 972 1864 1025 reges
1898 956 2032 1025 ferre
2056 972 2150 1023 po-

574 1048 807 1101 tuissent.
838 1045 1017 1102 Prima
1046 1048 1401 1117 congressione
1423 1048 1677 1118 equitatus
1710 1046 1944 1115 Pompeii
1974 1046 2152 1115 pulsus

563 1140 774 1193 sinistra
810 1140 969 1194 latera
1000 1142 1229 1198 nudavit.
1263 1140 1478 1205 Deinde,
1508 1157 1624 1195 cum
1648 1139 1737 1195 diu
1782 1140 2026 1209 utrinque
2054 1140 2152 1192 ιΙιι-

566 1231 655 1286 bia
679 1242 825 1288 sorte
849 1235 1201 1297 caederentur,
1228 1245 1387 1304 atque
1417 1250 1479 1287 ex
1508 1234 1608 1287 alia
1638 1245 1788 1302 parte
1818 1233 1842 1260 ³
1868 1233 2152 1302 Pompeius

571 1323 777 1378 diceret
809 1342 822 1377 :
865 1323 1031 1379 Parce
1059 1325 1285 1391 civibus,
1337 1338 1436 1378 nec
1473 1333 1646 1378 tamen
1676 1322 1909 1388 faceret;
1940 1339 2002 1378 ex
2046 1324 2149 1379 alia

564 1430 696 1471 vero
722 1417 945 1471 Caesarb
968 1417 1069 1471 hoc
1092 1417 1301 1485 faceret,
1331 1417 1468 1486 quod
1492 1425 1700 1486 urgeret
1733 1416 1946 1471 dicens:
1976 1416 2147 1485 Miles,

562 1505 755 1562 faciem
790 1507 926 1562 feri:
962 1508 1173 1563 tandem
1208 1508 1486 1563 universus
1512 1509 1749 1579 Pompeii
1779 1508 1911 1577 fugit
1944 1510 2149 1564 exerci-

558 1604 670 1665 tus,
724 1611 1009 1670 castraque
1063 1599 1179 1666 ejus
1207 1610 1229 1638 °
1259 1600 1465 1668 direpta
1494 1611 1639 1655 sunt.
1685 1599 1830 1657 Cassa
1855 1612 1974 1655 sunt
2014 1603 2068 1656 in
2090 1620 2147 1658 eo

559 1690 743 1759 prwlio
764 1688 1200 1759 Pompeianorum
1242 1692 1459 1743 militum
1488 1692 1779 1761 quindecim
1811 1693 1995 1760 millia,
2021 1693 2150 1748 Cen-

557 1784 782 1837 turiones
827 1784 1039 1853 triginta
1081 1792 1198 1836 tres.
1254 1783 1358 1837 llic
1414 1785 1577 1838 exitus
1621 1801 1807 1855 pugncc
1845 1785 1913 1838 ad
1938 1784 2142 1839 Palceo-

554 1875 860 1945 pharsalum
884 1874 1002 1944 fuit.
1034 1874 1313 1942 Pompeius
1344 1877 1543 1945 fugiens
1566 1878 1617 1928 in
1640 1878 1766 1929 ostio
1798 1875 1956 1930 Penei
1980 1879 2147 1933 amnis

554 1967 845 2021 onerariam
893 1968 1062 2021 navim
1107 1977 1286 2021 nactus
1334 1969 1387 2021 in
1416 1970 1588 2022 Asiam
1634 1969 1857 2023 transiit.
1892 1970 2027 2023 Inde
2060 1984 2149 2037 per

552 2059 777 2131 Cyprum
791 2058 1005 2134 fugatus
1031 2060 1407 2116 Alexandriam
1436 2062 1599 2129 petiit,
1625 2072 1730 2115 uta
1754 2077 1879 2132 rege
1900 2061 2144 2132 Egypti,

550 2153 637 2207 cui
683 2162 826 2207 tutor
872 2167 904 2207 a
951 2162 1139 2208 senatu
1169 2154 1326 2209 datus
1368 2153 1541 2208 fuerat
1591 2164 1811 2222 prapter
1857 2155 2146 2222 iuvenilem

450 2294 455 2297 .
552 2244 671 2314 ejus
690 2255 928 2310 aetatem,
961 2247 1231 2316 acciperet
1278 2247 1472 2300 auxilia
1511 2264 1522 2297 :
1557 2245 1647 2314 qui
1674 2246 1944 2301 fortunam
1979 2248 2147 2318 magis

552 2354 717 2408 quam
766 2339 1059 2394 amicitiam
1108 2352 1348 2405 secutus,
1378 2339 1575 2393 occidit
1620 2339 1955 2409 Pompeium,
1988 2352 2149 2412 atque

552 2441 719 2501 caput
758 2432 875 2501 ejus
920 2441 975 2488 et
1011 2434 1266 2487 annulum
1299 2431 1500 2487 Caesari
1525 2433 1689 2487 misit.
1720 2432 1837 2500 Quo
1858 2445 2148 2503 conspecto

554 2523 737 2580 (188³1-
783 2527 942 2580 etiam
990 2525 1254 2595 lacrymas
1294 2525 1495 2579 ludisse
1523 2524 1739 2590 dicitur,
1774 2526 1903 2579 tanti
1933 2525 2028 2579 viri
2061 2526 2143 2580 in-

550 2626 711 2673 tuens
738 2629 921 2688 caput,
953 2627 1008 2673 et
1043 2619 1226 2689 generi
1252 2622 1517 2689 quondam
1548 2621 1576 2661 «ι
1604 2621 1709 2686 sui,
1741 2630 1787 2675 et
1836 2622 2145 2674 inundatum

552 2710 797 2765 odoribus
818 2713 1034 2767 cremari
1056 2713 1344 2782 imperavit.
1382 2710 1618 2781 Pompeii
1638 2728 1793 2777 uxor,
1819 2713 2013 2781 ﬁliique
2031 2714 2146 2782 ejus

554 2809 816 2876 fugerunt,
879 2817 1161 2876 cwteraque
1214 2806 1532 2877 Pompeiana
1578 2806 1760 2859 classis
1808 2807 2006 2876 direpta
2049 2817 2142 2873 est,

548 2901 785 2954 omnibus
813 2901 900 2971 qui
933 2903 983 2953 in
1026 2917 1086 2955 ea
1129 2910 1276 2953 erant
1313 2888 1679 2953 crudelissime
1699 2901 1991 2963 trucidatis;
2045 2900 2144 2953 ibi-

550 3007 646 3061 que
664 3001 714 3046 et
750 2990 1033 3059 Pompeius
1068 2990 1375 3063 Bithynicus
1402 2992 1599 3045 occisus
1620 3001 1711 3045 est.
1748 2990 1998 3045 Lentulus
2027 3007 2144 3045 vero

543 3086 622 3139 vir
666 3086 949 3139 consularis
992 3086 1132 3155 apud
1172 3082 1439 3139 Pelusium
1485 3084 1777 3151 interfectus
1825 3095 1917 3139 est.
1948 3084 2140 3152 Caesar,

545 3177 845 3246 compositis
870 3180 1010 3246 apud
1043 3176 1360 3233 Thessaliam
1388 3180 1555 3244 rebus,
1584 3179 1952 3232 Alexandriam
1981 3180 2137 3235 venit.

546 3266 776 3337 Cumque
820 3285 874 3323 se
903 3254 963 3322 in
982 3271 1177 3340 regiam
1219 3270 1512 3340 recepisset,
1557 3270 1855 3324 eludebatur
1897 3288 1929 3323 a
1959 3271 2143 3325 tutori-

546 3361 663 3423 bus,
694 3375 797 3428 quo
848 3362 1017 3414 minus
1066 3362 1336 3431 pecuniam
1374 3361 1649 3431 acciperet,
1682 3361 1873 3428 templa
1901 3378 1996 3415 sua
2029 3369 2145 3416 astu

550 3449 912 3520 spoliantibus,
964 3461 1020 3503 ut
1049 3459 1098 3505 et
1148 3452 1314 3521 regios
1345 3452 1613 3504 thesauros
1634 3466 1820 3505 vacuos
1848 3468 1958 3506 esse
1978 3462 2144 3507 osten-

553 3542 733 3597 derent
761 3582 776 3608 ,
805 3555 851 3598 et
898 3544 953 3597 in
987 3543 1231 3597 invidiam
1261 3542 1478 3599 Caesaris
1507 3544 1753 3613 populum
1811 3546 2142 3601 concitarent.

554 3631 817 3689 Prceterca
871 3635 1100 3689 Achillas
1146 3636 1251 3690 dua:
1274 3638 1444 3707 regius
1488 3636 1710 3690 imbutus
1729 3638 1883 3690 semel
1912 3635 2145 3707 Pompeii

546 3729 819 3800 sanguine,
869 3727 1087 3784 Ctesaris
1135 3746 1334 3800 quoque
1376 3747 1548 3783 necem
1595 3732 1960 3785 meditabatur.
2004 3731 2146 3787 Nam

546 3820 724 3891 jussus
745 3821 1023 3874 exercitum
1070 3819 1350 3888 dimittere,
1376 3823 1459 3875 cui
1488 3831 1731 3893 praeerat,
1775 3822 1953 3892 viginti
1980 3823 2147 3878 millia

547 3921 887 3981 armatorum,
920 3928 1025 3966 non
1051 3915 1201 3967 modo
1233 3916 1420 3982 sprevit
1463 3914 1754 3984 imperium,
1788 3930 1963 3968 verum
1992 3916 2145 3968 etiam

478 4069 489 4079 _
547 4005 713 4059 aciem
753 4005 959 4058 direxit.
1008 4002 1075 4058 In
1119 4006 1234 4073 ipso
1275 4006 1452 4073 praelia
1482 4006 1625 4076 regia
1652 4003 1834 4058 classis
1860 4005 1927 4058 ad
1954 4013 2145 4058 terram

546 4098 797 4151 subducta
814 4098 1029 4167 jubetur
1050 4096 1280 4151 incendi.
1307 4096 1386 4149 Ea
1414 4098 1624 4165 ﬂamma
1656 4114 1767 4149 cum
1794 4107 1991 4167 partem
2012 4112 2143 4166 quo-

546 4203 646 4259 que
664 4187 806 4242 urbis
824 4187 1111 4252 invasisset,
1139 4188 1483 4259 quadraginta
1506 4185 1671 4240 millia
1696 4187 1942 4241 librorum
1962 4187 2143 4257 proxi-

551 4282 651 4337 mis
699 4281 831 4352 forte
873 4280 1070 4337 tedibus
1101 4282 1305 4335 condita
1353 4283 1543 4337 exussit
1577 4298 1594 4336 :
1631 4285 1893 4354 singulare
1913 4288 2145 4354 profecto

549 4375 916 4429 monimentum
956 4375 1133 4436 studii,
1162 4390 1396 4443 cumque
1434 4378 1706 4447 majorum,
1735 4378 1824 4446 qui
1854 4385 1945 4441 tot,
1976 4386 2145 4430 tanta-

546 4481 646 4535 que
694 4465 975 4519 illustrium
1021 4465 1349 4536 ingeniorum
1395 4484 1548 4538 opera
1588 4477 1964 4539 congesserant.
1998 4467 2146 4522 Unde

2257 599 2318 637 ac
2362 599 2451 651 per
2493 584 2590 636 hoc
2637 584 2853 637 evasisse
2889 583 3150 637 credatur.
3180 580 3357 637 Postea
3382 583 3726 665 Ctesarinsulam,

2257 676 2342 729 ubi
2374 676 2565 745 pharus
2593 684 2687 740 est,
2717 677 2865 745 cepit.
2895 674 2972 728 Eo
3005 675 3228 728 Achillas
3253 691 3359 729 cum
3383 678 3630 737 Gabianinis
3661 690 3731 740 mi-

2257 770 2429 822 litibus
2485 770 2636 834 venit,
2694 770 2874 837 ingens
2922 785 3094 839 pugna
3123 772 3379 823 commissa
3414 782 3494 825 est.
3517 774 3665 844 Magna
3686 780 3733 835 ibi
3769 790 3775 796 ‘

2258 858 2666 913 Cwsarianorum
2692 861 2914 913 militum
2939 860 3214 913 multitudo
3241 862 3405 914 cecidit
3424 877 3441 916 :
3460 879 3601 918 omnes
3622 871 3733 923 etiam

2252 952 2593 1023 interfectores
2640 951 2872 1023 Pompeii
2902 954 3156 1022 interfecti
3194 964 3328 1007 sunt.
3356 952 3506 1008 Casar
3538 963 3735 1025 quoqueti

2259 1046 2604 1100 insistentium
2635 1045 2868 1101 hostium
2910 1063 3129 1116 pressus
3161 1048 3400 1115 scapham
3427 1050 3639 1119 ascendit,
3661 1069 3733 1123 qus

2257 1152 2383 1192 mox
2424 1138 2663 1207 pondere
2691 1138 3131 1209 subsequentinm
3160 1150 3369 1209 gravata
3416 1157 3470 1193 ac
3494 1158 3649 1208 mersa,
3674 1161 3735 1212 per

2254 1230 2513 1285 ducentos
2568 1245 2756 1299 passus
2806 1232 2872 1285 ad
2905 1247 3091 1285 navem
3141 1246 3246 1285 una
3278 1248 3424 1286 manu
3459 1236 3643 1299 elevata,
3666 1251 3735 1303 qua

2253 1323 2467 1378 chartas
2510 1323 2749 1386 tenebat,
2794 1322 3027 1378 natando
3069 1324 3326 1392 pervenit.
3356 1326 3461 1379 Mox
3491 1328 3628 1379 navali
3646 1343 3731 1383 cer-

2254 1415 2455 1471 tamine
2530 1415 2768 1483 pulsatus
2800 1457 2815 1483 ,
2885 1430 3078 1484 magna
3139 1415 3388 1471 felicitate
3444 1419 3631 1472 classem
3677 1436 3735 1474 re-

2251 1507 2390 1576 giam
2445 1516 2539 1562 aut
2582 1506 2889 1575 depressit,
2947 1517 3040 1561 aut
3092 1510 3252 1577 cepit.
3323 1510 3641 1566 Alexandrinis
3675 1529 3738 1581 pe-

2253 1600 2485 1655 tentibus
2534 1599 2764 1655 reddidit
2823 1615 3024 1668 regem,
3084 1602 3406 1670 monuitque,
3452 1613 3501 1655 ut
3525 1607 3735 1658 amicitiam

2249 1687 2545 1745 Romanam
2579 1707 2738 1759 quam
2767 1707 2914 1747 arma
2963 1694 3195 1761 experiri
3240 1696 3483 1750 studeret.
3509 1694 3590 1762 Qui
3617 1706 3740 1750 tamen

2249 1782 2420 1849 illico,
2452 1794 2511 1838 ut
2536 1783 2674 1838 liber
2701 1784 2817 1848 fuit,
2844 1784 3045 1838 bellum
3074 1783 3264 1839 Ctesari
3310 1786 3472 1840 intulit
3500 1805 3510 1839 :
3548 1789 3621 1841 sed
3654 1802 3741 1841 con-

2178 1855 2225 1917 B
2253 1874 2401 1928 tinuo
2444 1889 2563 1928 cum
2618 1883 2731 1928 toto
2779 1874 3024 1928 exercitu
3072 1890 3193 1943 suo,
3241 1885 3294 1930 et
3343 1877 3447 1945 ipse
3473 1876 3641 1931 deletus
3672 1888 3741 1933 est.

2252 1965 2384 2019 Nam
2427 1975 2483 2020 et
2531 1981 2597 2019 xx
2640 1965 2807 2019 millia
2862 1967 3138 2020 hominum
3167 1966 3221 2021 itt
3250 1982 3315 2022 eo
3346 1968 3474 2023 bello
3498 1985 3608 2023 caesa
3642 1972 3738 2024 rele-

2253 2069 2461 2125 runtur,
2492 2059 2769 2113 duodecim
2798 2059 2959 2113 millia
2994 2076 3114 2114 cum
3147 2070 3170 2097 ε
3206 2064 3508 2131 septuaginta
3531 2062 3663 2133 longis
3679 2079 3743 2117 nt-

2255 2150 2412 2204 vibus
2443 2149 2646 2215 dedita,
2694 2149 2969 2220 quingenti
3019 2167 3090 2206 ex
3136 2154 3427 2208 victoribus
3452 2154 3662 2208 cecidisse
3685 2156 3741 2208 di-

2254 2253 2469 2297 cuntur.
2521 2242 2639 2296 Rex
2674 2244 2791 2311 ipse
2816 2243 3131 2299 adolescens
3159 2246 3356 2315 scapha
3382 2256 3603 2313 exceptus
3624 2256 3666 2300 ut
3691 2245 3747 2300 lu-

2258 2348 2434 2409 geret,
2486 2340 2669 2394 multis
2716 2338 3078 2396 insilientibus
3108 2356 3337 2405 mersus,
3391 2348 3744 2409 necatusqueest.

2251 2432 2461 2501 Corpus
2509 2431 2628 2502 ejus
2658 2431 2725 2487 ad
2752 2432 2900 2487 littus
2924 2432 3258 2498 devolutum,
3293 2432 3480 2488 iudicio
3520 2433 3663 2486 lorica:
3683 2448 3748 2483 au-

2253 2540 2360 2579 reae
2408 2524 2674 2593 cognitum
2711 2522 2732 2562 ί
2780 2525 2897 2581 fuit.
2931 2523 3047 2589 Qua
3087 2527 3262 2579 Cwsar
3307 2526 3551 2595 pra-missa
3594 2525 3749 2576 Alma.

2251 2617 2439 2681 driam,
2472 2615 2846 2669 Alexandrinos
2903 2632 3077 2671 omnes
3126 2617 3196 2669 ad
3244 2616 3557 2679 deditionem,
3582 2617 3749 2685 despera-

2250 2713 2541 2780 tionemque
2586 2710 2865 2781 compulit,
2919 2726 3232 2780 regnumque
3285 2708 3494 2779 zEgypti
3532 2708 3750 2775 Cleopatra

2258 2804 2403 2859 dedit
2440 2803 2714 2858 Ptolemaei
2765 2804 2959 2868 sorori,
2993 2820 3112 2858 cum
3143 2820 3247 2874 qua
3291 2804 3456 2873 stupri
3483 2800 3751 2855 consuetudi-

2256 2916 2376 2954 nem
2431 2899 2705 2953 habuerat.
2756 2897 2887 2963 Quae
2941 2908 3123 2966 postea
3181 2898 3329 2965 regio
3365 2896 3591 2951 comitatu
3624 2892 3750 2945 urbem

2255 3002 2278 3039 Β
2299 2992 2536 3061 ingressa
2558 3001 2657 3046 est.
2685 2989 2816 3045 Inde
2832 2991 3041 3062 Syriam
3064 3003 3369 3065 pervagatus
3393 2991 3674 3046 Pharnacem
3688 2982 3753 3037 lli-

2252 3086 2496 3141 tbridatis
2518 3083 2684 3156 Magni
2711 3085 2898 3148 lilium.
2921 3086 3010 3156 qui
3033 3085 3293 3155 Pompeio
3317 3086 3501 3140 auxilio
3514 3081 3627 3152 apud
3642 3078 3756 3134 Thes-

2260 3177 2445 3231 saliam
2487 3176 2679 3241 fuerat,
2729 3175 3072 3231 rebellantem
3126 3178 3179 3231 in
3223 3177 3414 3241 Ponto,
3442 3186 3492 3231 et
3516 3173 3674 3229 multas
3693 3183 3756 3237 po-

2255 3268 2365 3339 puli
2417 3266 2640 3322 Romani
2693 3266 2997 3336 provincias
3053 3277 3407 3337 occupantem
3448 3266 3563 3320 vicit
3595 3262 3756 3323 θείως

2252 3372 2436 3433 postea
2493 3364 2546 3416 in
2599 3372 2828 3417 mortem
2885 3360 3078 3431 coegit.
3110 3358 3242 3415 Inde
3286 3361 3504 3416 Romam
3532 3365 3752 3425 regressus.

2252 3459 2411 3513 tertio
2438 3472 2496 3511 se
2526 3458 2849 3521 dictatorem,
2876 3464 2932 3510 et
2960 3455 3237 3510 consulem
3263 3455 3408 3519 fecit,
3438 3467 3548 3507 cum
3570 3449 3626 3504 ll.
3644 3444 3757 3502 imi-

2252 3549 2327 3605 lio
2354 3549 2578 3619 Lepido,
2606 3545 2742 3617 ιιαυί
2769 3556 2826 3602 et
2852 3548 3104 3616 magister
3126 3549 3369 3619 equitum
3400 3543 3633 3601 dictatoris
3654 3550 3759 3593 causa

2248 3652 2373 3696 ante
2418 3655 2615 3695 annum
2645 3641 2837 3694 fuerat.
2893 3638 3021 3695 Inde
3068 3639 3121 3693 in
3173 3640 3409 3694 Africam
3442 3636 3755 3705 prolectusesl.

2251 3735 2339 3791 ubi
2366 3735 2571 3789 infinita
2608 3732 2860 3788 nobilitas
2882 3731 3252 3789 Romanorum
3280 3749 3400 3789 cum
3428 3733 3551 3790 Juba
3579 3724 3758 3784 Maurita-

2250 3831 2352 3885 niae
2388 3844 2516 3898 rege
2558 3827 2697 3900 apud
2727 3825 2956 3897 Tapsum
3000 3827 3197 3881 bellum
3249 3830 3619 3897 reparaverant.
3644 3818 3758 3871 Duces

2250 3932 2429 3977 autem
2464 3920 2689 3975 Romani
2717 3929 2895 3987 erant,
2921 3919 2982 3975 P.
3004 3917 3292 3976 Cornelius
3326 3920 3521 3989 Scipio,
3541 3931 3597 3972 et
3620 3920 3756 3984 genere

2256 4014 2631 4084 antiquissimo
2651 4013 2918 4079 Scipionis
2940 4012 3179 4068 Africani
3208 4031 3221 4067 :
3256 4014 3343 4069 hic
3371 4014 3525 4069 etiam
3545 4022 3669 4064 socer
3688 4003 3760 4057 lla-

2248 4108 2340 4175 gni
2369 4104 2608 4175 Pompeii
2654 4103 2872 4159 fuerat:
2913 4105 2982 4159 Μ.
3014 4105 3283 4169 Petreius,
3322 4105 3505 4171 Varro,
3534 4101 3591 4157 Μ.
3614 4095 3762 4153 Fortius

2246 4197 2402 4265 Cato,
2452 4197 2517 4253 L.
2569 4198 2855 4253 Cornelius
2904 4197 3131 4252 Faustus
3185 4199 3349 4269 Sylla:
3374 4194 3624 4251 dictatoris
3655 4188 3760 4241 ﬁlias

2247 4294 2445 4347 Contra
2495 4292 2593 4346 hos
2627 4291 2918 4345 commisso
2955 4288 2971 4326 ί
3023 4290 3179 4353 bello,
3233 4298 3360 4357 post
3398 4288 3574 4342 multas
3604 4278 3761 4336 dimica-

2255 4388 2452 4450 tiones,
2484 4387 2711 4441 maxima
2743 4387 3007 4439 hominum
3052 4387 3336 4440 multitudo
3378 4401 3524 4448 cassa,
3550 4371 3766 4434 Victorini!

2252 4484 2267 4532 t
2305 4481 2483 4536 Caesar
2515 4499 2527 4536 :
2569 4492 2737 4535 castra
2766 4493 3098 4544 utrorumque
3141 4480 3351 4551 direpta
3381 4484 3527 4540 sunt,
3573 4465 3765 4537 satagit!“

551 4560 828 4628 quamlibet
856 4560 1104 4629 hodieque
1130 4563 1183 4614 in
1226 4561 1427 4632 templis
1471 4564 1714 4630 existant,
1739 4580 1851 4633 qua:
1877 4574 1925 4618 et
1956 4582 2047 4619 nos
2070 4564 2144 4619 vi-
2168 4591 2222 4651 D
2249 4571 2509 4639 elephanti
2556 4571 2713 4639 capti,
2747 4568 2873 4624 Cato
2903 4572 3040 4637 apud
3072 4567 3279 4623 Uticam
3322 4585 3426 4622 τεεε
3465 4564 3650 4620 occidit;
3671 4554 3764 4610 lubt

470 4720 479 4738 ἰ
551 4654 723 4706 dimus
770 4653 998 4706 armaria
1029 4653 1299 4718 librorum,
1330 4655 1512 4725 quibus
1556 4658 1765 4725 direptis
1793 4660 2053 4711 exinanita
2082 4676 2139 4713 ea

472 4745 477 4751 ’
550 4760 585 4798 a
633 4745 818 4799 nostris
860 4744 1175 4812 hominibus,
1231 4748 1416 4800 nostris
1472 4749 1782 4817 temporibus
1838 4760 2136 4817 memorent,

550 4841 692 4912 quod
712 4840 915 4911 quidem
945 4856 1118 4893 verum
1138 4849 1235 4904 est,
1267 4850 1432 4894 tamen
1461 4841 1719 4895 honestius
1743 4843 1986 4909 creditur,
2011 4845 2143 4897 alios

551 4934 712 4989 libros
760 4935 919 5006 fuisse
966 4936 1226 5006 qutesitos,
1279 4935 1367 5004 qui
1408 4935 1650 5004 pristinas
1678 4938 1966 4989 studiorum
1994 4954 2143 4992 curas

556 5028 942 5093 mutarentur,
974 5044 1128 5098 quam
1170 5027 1327 5080 aliam
1351 5026 1515 5078 ullam
1545 5035 1663 5079 tunc
1693 5027 1848 5097 fuisse
1880 5029 2142 5082 bibliothe-

560 5160 846 5232 Nunquam
887 5159 1334 5232 adhucRomante
1355 5161 1517 5222 capite
1556 5160 1606 5213 in
1636 5177 1815 5223 unum,
1868 5179 2028 5230 neque
2049 5180 2150 5217 ma~

551 5230 721 5306 jofes,
765 5248 933 5306 neque
971 5230 1269 5306 melioribus
1315 5231 1530 5306 ducibus
1583 5244 1941 5306 convenerant,
1990 5244 2148 5287 totum

560 5302 814 5360 terrarum
856 5302 1026 5355 orbem
1074 5304 1379 5365 subacturus,
1429 5303 1475 5355 si
1513 5315 1687 5355 contra
1731 5303 1971 5356 burbttros
1997 5306 2149 5358 duce-

557 5384 756 5499 ;entur.
815 5372 1114 5445 Pugnatum
1165 5383 1237 5428 est
1284 5373 1477 5445 ingenti
1527 5376 1861 5429 contentione.
1923 5375 2147 5448 Cumque

597 5461 673 5499 tu.
704 5455 811 5499 etc.

597 5446 673 5509 iu,
704 5455 811 5501 etc.

634 5517 661 5583 ξ
689 5519 781 5583 A.,
813 5515 1091 5583 Pompeius
1114 5516 1251 5570 inter
1275 5517 1597 5571 hortandum.

630 5574 663 5617 δ
816 5587 912 5640 hoc
934 5574 1099 5658 facere
1126 5597 1344 5657 urgeret.

635 5659 661 5726 ξ
689 5656 776 5718 Α..
811 5656 941 5724 post
956 5659 1154 5726 direpta
1178 5656 1295 5712 sunt
1328 5675 1344 5711 :
1368 5656 1510 5724 Ipse.
1539 5670 1644 5716 etc.

632 5722 660 5761 ἀ
691 5728 780 5789 Δ.,
796 5722 929 5799 post
956 5722 1079 5780 sui}
1112 5727 1239 5782 Mox
1280 5722 1450 5783 (ἐπεὰν
1471 5731 1837 5785 Alexandriam
1862 5732 2015 5796 venit,
2046 5731 2145 5799 ipsi

556 5812 762 5871 quoque
786 5794 1101 5871 Ptolomaeus
1123 5799 1337 5854 insidias
1369 5803 1588 5871 paravit.
1620 5804 1792 5858 Ca’sar
1822 5804 1868 5855 vi
1900 5794 2147 5870 incipien-

555 5865 690 5923 tiuni
720 5868 939 5924 hostium
960 5884 1186 5937 pressus,
1215 5880 1319 5927 etc.

2249 4664 2534 4734 percussori
2569 4661 2819 4735 jugulum
2849 4662 3080 4731 prtebuit,
3128 4663 3295 4730 pretio
3317 4662 3478 4714 dato:
3510 4651 3766 4710 Petreius»-

2250 4755 2365 4809 dem
2390 4754 2564 4825 gladio
2607 4770 2661 4807 se
2687 4753 2942 4823 perfodit:
2973 4752 3149 4820 Scipio
3184 4758 3240 4807 in
3266 4754 3406 4815 navi,
3432 4766 3527 4821 qua
3551 4748 3608 4799 ad
3631 4741 3767 4803 Hispa-

2251 4848 2362 4901 nias
2410 4848 2585 4917 fugere
2631 4846 2971 4911 contendens,
3029 4855 3171 4899 vento
3229 4855 3463 4907 coactus,
3507 4842 3555 4893 in
3606 4834 3767 4905 Africam

2251 4942 2499 5006 redierat,
2524 4940 2848 5012 semetipsum
2877 4939 3137 5011 jugulavit
3154 4954 3173 4992 :
3201 4939 3256 4991 in
3279 4939 3459 4992 eadem
3487 4932 3591 4987 navi
3606 4928 3656 4984 T.
3683 4924 3769 4977 Tot-

2253 5039 2437 5101 quatus
2464 5031 2662 5084 occisus
2691 5011 2783 5083 est.
2813 5027 3068 5084 Faustum
3098 5028 3271 5099 Syllta
3307 5026 3558 5100 quondam
3575 5011 3767 5076 dictatoris

2334 5166 2359 5194 ι·

2334 5167 2359 5194 e

2333 5225 2353 5265 τ
2508 5182 2651 5305 1’ἔδει
2699 5237 2797 5308 fuit
2828 5252 2848 5293 :
2871 5236 3043 5293 Ctesar
3069 5236 3395 5294 Alexandria
3425 5234 3597 5307 potitus
3615 5228 3770 5296 1’99""

2257 5306 2564 5375 Cleopatra,
2589 5306 2708 5363 etc.
3428 5306 3431 5307 ⁷

2329 5382 2352 5419 ⁸
2395 5379 2486 5442 Α..
2535 5380 2767 5450 ingressa
2812 5391 2905 5437 est.
2957 5381 3178 5437 Rediens
3224 5383 3351 5437 inde
3405 5380 3567 5436 σίτων
3596 5370 3768 5424 Ρλαΐν·

2253 5466 2358 5505 cem
2413 5462 2517 5504 etc.

2329 5492 2467 5596 ξιἈη
2491 5523 2578 5589 qui
2602 5523 2649 5596 ei
2677 5540 2813 5596 mag.
2842 5526 3063 5595 equitum
3087 5525 3332 5578 dictatori
3370 5533 3498 5588 ante,
3524 5530 3616 5574 etc.

2332 5593 2697 5664 1A.,prazlio.
2762 5593 2778 5596 ’
2882 5593 2890 5595 “
3596 5662 3599 5664 ,
3654 5655 3662 5663 .
3713 5650 3721 5658 .

2331 5665 2344 5738 _l
2384 5666 2471 5738 A.,
2498 5657 2739 5738 'thsar:
2796 5665 2944 5731 Cato,
2978 5668 3173 5738 Scipio,
3211 5666 3449 5722 Petreius
3489 5664 3539 5715 in
3564 5657 3771 5738 via

2256 5722 2569 5809 occiderunt,
2622 5736 2855 5792 Faustus
2901 5722 3341 5809 Sillw'quondairt
3389 5731 3628 5809 dictgtoris

2258 5806 2492 5876 Pompeii
2522 5824 2695 5877 gener,
2735 5826 2767 5862 a
2796 5809 2997 5865 Ctesare
3018 5802 3327 5880 interfectus
3355 5817 3449 5865 est.
3477 5804 3614 5863 Post.
3642 5802 3722 5852 αὖ
