3920 6336
226 299 347 359 849·

1261 296 1584 354 HISTORIA
1620 296 1991 354 MISCELLA.
2036 326 2103 337 —
2144 295 2274 355 LIB.
2320 298 2433 355 VII.

3396 294 3501 352 850

212 406 411 479 ﬁlium,
431 408 665 479 Pompeii
680 424 941 481 generum,
961 419 1183 478 nepotes,
1205 410 1463 481 ﬁliamque
1477 409 1798 479 Pompeiam,
1829 414 1880 475 Α
1908 412 2046 481 Ergo
2075 413 2276 476 Caesar,
2308 428 2429 467 cum
2470 412 2606 467 inter
2643 423 2869 468 creteros
2907 422 3124 468 senatus
3151 413 3377 485 quadam
3405 415 3497 472 die

218 512 264 558 et
283 502 583 573 Afranium,
605 512 653 555 et
677 500 937 555 Petreium
959 503 1124 568 ﬁlium
1148 501 1320 556 Ctzsar
1352 506 1595 572 prtrcepit
1616 505 1802 558 occidi.

219 594 345 647 Post
372 608 572 646 annum
613 593 730 645 inde
750 593 928 647 Caesar
947 591 1171 647 Romam
1200 609 1319 648 cum
1353 603 1584 663 quatuor
1620 599 1806 649 trium-

217 684 338 753 pbis
370 684 662 751 ingressus.
695 686 720 713 ⁸
751 685 950 751 Quarto
972 686 1188 739 dictator
1222 695 1272 739 et
1295 702 1400 739 cos.
1435 698 1654 752 creatus,
1700 688 1804 740 dis-

219 777 387 847 posito
414 786 748 847 reparatoque
778 773 928 844 Reip.
952 785 1109 843 statu,
1151 777 1392 829 continuo
1419 777 1474 830 in
1496 776 1804 846 Hispaniam

217 877 396 923 contra
426 867 700 935 Pompeios
731 865 965 938 Pompeii
991 869 1127 936 filios
1158 870 1443 937 profectus,
1478 872 1690 940 septimo
1716 873 1804 925 de-

219 965 347 1018 cimo
370 980 539 1032 quam
576 978 805 1035 egressus
845 963 907 1015 ab
954 962 1089 1018 Urbe
1125 966 1316 1034 fuerat,
1368 968 1450 1020 die
1480 967 1805 1038 Saguntltum

218 1060 481 1122 pervenit;
525 1057 795 1125 statimque
838 1057 1080 1111 adversus
1106 1055 1384 1127 Pompeios
1415 1059 1563 1124 duos,
1611 1069 1657 1113 et
1706 1059 1805 1113 La-

215 1152 415 1204 bienum
452 1161 601 1219 atque
639 1151 847 1203 Accium
898 1148 1086 1203 Varum
1125 1153 1285 1203 multa
1324 1152 1455 1205 bella
1492 1153 1633 1206 varia
1669 1164 1806 1208 sorte

213 1244 390 1312 gessit.
424 1241 674 1296 Ultimum
705 1242 891 1294 bellum
922 1242 1063 1311 apud
1096 1241 1346 1296 Mundam
1391 1243 1578 1311 fiumen
1607 1252 1803 1314 gestum

212 1344 304 1401 est,
348 1337 435 1389 ubi
472 1337 627 1390 tantis
665 1336 851 1390 viribus
891 1338 1186 1390 dimicatum
1222 1348 1315 1403 est,
1360 1347 1606 1407 tantaque
1638 1340 1804 1394 caedes

209 1439 345 1492 acta,
382 1437 435 1482 ut
465 1427 637 1482 Caesar
664 1445 864 1499 quoque
891 1430 1141 1482 veteranis
1180 1431 1334 1482 etiam
1368 1431 1473 1483 suis
1498 1431 1675 1485 cedere
1703 1448 1803 1486 non

206 1522 642 1589 erubescentibus,
669 1537 786 1575 cum
806 1522 919 1592 cogi
940 1522 1167 1591 ca'dique
1195 1523 1352 1576 aciem
1381 1540 1527 1576 suam
1554 1534 1800 1590 cerneret,

206 1627 265 1668 se
289 1615 521 1668 voluerit
549 1614 816 1678 occidere,
842 1629 909 1668 ne
940 1624 1059 1682 post
1088 1623 1284 1669 tantam
1312 1615 1386 1669 rei
1415 1615 1663 1670 militaris
1689 1616 1804 1686 glo-

205 1707 340 1763 riam
373 1710 426 1763 in
459 1717 779 1778 potestatem
806 1708 1223 1762 adolescentium
1253 1719 1408 1763 natus
1434 1723 1600 1763 annos
1629 1723 1721 1763 sex
1746 1716 1801 1764 et

1907 504 2144 557 venisset
2175 505 2240 558 ad
2267 505 2468 557 curiam
2487 544 2503 569 ,
2535 504 2716 573 viginti
2742 512 2797 558 et
2827 503 2993 558 tribus
3020 504 3198 560 cultris
3228 507 3500 563 senatoriis

1907 599 2183 664 confectus,
2205 596 2612 664 vulneribusque
2634 610 2654 634 ε
2682 596 2962 649 confossus
2986 597 3202 651 interiit.
3226 599 3340 663 Quo
3361 601 3501 668 facta

1904 700 2162 741 senatores
2191 689 2381 741 strictis
2412 689 2715 759 pugionibus
2745 689 2799 741 in
2829 687 3141 759 Capitolium
3165 699 3499 746 secesserunt.

1907 782 2009 835 Diu
2041 782 2376 835 deliberatum
2419 791 2490 834 est
2531 791 2702 833 utrum
2732 779 3044 847 Capitolium
3073 796 3187 833 cum
3214 781 3506 839 auctoribus

1905 876 2060 929 ctedis
2088 885 2339 945 Oporteret
2383 875 2610 928 incendi.
2658 874 2856 942 Corpus
2881 877 2990 947 ejus
3030 885 3236 942 raptum
3279 874 3504 945 populus

1905 970 2082 1023 dolore
2129 969 2422 1022 stimulatus
2471 969 2526 1021 in
2574 968 2685 1039 foro
2732 968 3029 1039 fragmentis
3071 968 3404 1021 tribunalium
3441 983 3506 1021 ac

1904 1059 2263 1114 subselliorum
2292 1060 2551 1112 cremauit.
2598 1056 2793 1111 Eadem
2824 1059 2982 1129 igitur
3010 1069 3156 1111 nocte
3184 1057 3504 1127 Calplturnia

1906 1168 2058 1217 uxor,
2102 1149 2329 1203 videlicet
2360 1152 2493 1220 ejus,
2538 1150 2660 1201 vidit
2705 1150 2757 1201 in
2799 1150 2991 1201 somnis
3020 1164 3131 1202 eum
3161 1148 3356 1216 fossum
3388 1146 3506 1202 rul-

1903 1245 2105 1297 neribus
2132 1244 2184 1295 in
2214 1244 2329 1295 sinu
2356 1258 2447 1295 suo
2474 1241 2676 1308 jacere;
2706 1242 2867 1294 orauit
2888 1240 3162 1307 Cwsarem,
3186 1258 3249 1294 ne
3274 1258 3332 1295 eo
3357 1256 3506 1295 mane

1904 1334 2061 1386 abiret
2103 1334 2157 1386 in
2198 1342 2451 1387 senatum.
2504 1331 2609 1385 Sed
2653 1332 2743 1384 ille
2783 1333 3131 1402 auspiciorum
3174 1349 3310 1403 serpe
3338 1334 3507 1404 negli-

1904 1442 2026 1496 gens
2047 1471 2060 1488 ,
2094 1426 2397 1494 contempsit
2446 1425 2700 1477 somnium
2719 1466 2735 1490 ,
2766 1423 2856 1478 sed
2883 1426 3021 1480 exitu
3052 1426 3302 1493 probavit.
3333 1425 3506 1499 Igitur

1903 1530 2020 1573 ante
2044 1534 2234 1589 paucos
2260 1520 2365 1570 dies
2390 1534 2542 1581 quam
2569 1517 2740 1570 Caesar
2768 1520 3102 1581 occideretur,
3130 1520 3184 1571 in
3214 1519 3359 1572 curia
3387 1519 3508 1573 bove

1902 1629 1967 1667 ea:
1995 1630 2134 1665 more
2166 1622 2409 1677 mactato,
2443 1628 2530 1665 cor
2559 1614 2610 1664 in
2639 1613 2767 1665 extis
2797 1628 2901 1665 non
2925 1622 3000 1666 est
3028 1623 3305 1683 repertum.
3355 1615 3508 1679 Quod

1904 1723 2017 1760 cum
2050 1707 2278 1776 Spurina
2307 1721 2528 1773 aruspex
2575 1706 2949 1774 pronuntiasset
2979 1707 3047 1758 ad
3077 1707 3191 1759 vita:
3220 1708 3507 1775 periculum

204 1802 587 1871 quinquaginta
616 1802 841 1854 veniret.
890 1800 1126 1868 Denique
1165 1800 1427 1868 reparatis
1467 1799 1600 1865 suis,
1632 1798 1661 1838 δ
1690 1809 1796 1856 tum
1827 1780 1875 1840 Β
1906 1800 2178 1867 pertinere,
2210 1801 2281 1852 ait
2309 1798 2481 1852 Caesar
2508 1799 2810 1850 constantia:
2841 1814 3029 1851 memor
3057 1814 3076 1851 :
3108 1797 3319 1852 Miraris
3347 1800 3392 1853 si
3419 1799 3506 1854 bos

202 1911 380 1949 versus
405 1895 573 1948 subito
598 1895 651 1947 in
682 1895 857 1963 fugam
886 1892 1318 1962 Pompeianorum
1357 1895 1488 1967 fugit
1521 1896 1795 1952 exercitus.

200 1990 457 2060 Equidem
486 2007 544 2044 eo
575 1990 656 2043 die
691 1988 786 2041 hoc
817 1988 1004 2043 bellum
1034 1999 1225 2059 gestum
1255 1997 1357 2054 est,
1388 2005 1490 2060 quo
1518 1988 1798 2059 Pompeius

200 2092 346 2152 pater
376 2081 440 2133 ab
471 2078 607 2134 Urbe
635 2079 820 2132 bellum
850 2088 1086 2149 gesturus
1130 2081 1421 2147 aufugerat.
1468 2081 1797 2149 Quatuorque

195 2174 351 2226 annis
383 2175 479 2225 hoc
507 2172 692 2225 bellum
718 2172 860 2224 civile
897 2180 1001 2224 toto
1031 2172 1149 2225 orbe
1179 2172 1522 2225 indesinenter
1549 2171 1793 2227 intonuit.

197 2264 263 2320 Τ.
296 2265 558 2317 Labienus
579 2275 625 2317 et
646 2264 829 2316 Accius
861 2262 1025 2317 Varus
1053 2263 1107 2316 in
1134 2265 1242 2316 acie
1271 2266 1423 2318 occisi
1446 2275 1580 2321 sunt.
1607 2263 1796 2319 Sextus

196 2354 482 2422 Pompeius
506 2370 620 2407 cum
641 2364 841 2409 centum
865 2354 1119 2423 equitibus
1146 2358 1365 2425 aufugit.
1394 2355 1491 2411 Cn.
1522 2356 1797 2425 Pompeius

196 2448 363 2519 frater
392 2448 503 2518 ejus
529 2455 786 2500 contracta
817 2448 1047 2501 celeriter
1088 2456 1187 2501 non
1232 2464 1388 2516 parva
1428 2447 1797 2501 Lusitanorum

194 2560 381 2610 manu,
405 2559 520 2595 cum
543 2540 773 2596 Caesonio
795 2558 1091 2607 congressus
1120 2552 1168 2595 et
1192 2543 1372 2605 victus,
1401 2543 1699 2613 fugiensque
1718 2543 1797 2595 in-

193 2636 441 2703 terfectus
482 2641 581 2686 est.
626 2632 829 2685 Munda
875 2634 1052 2685 civitas
1089 2649 1203 2685 cum
1249 2633 1496 2687 immensa
1535 2633 1797 2686 hominum

192 2727 369 2789 ccede,
404 2724 605 2779 Caesare
636 2734 959 2795 oppugnante
981 2764 995 2786 ,
1040 2726 1123 2777 vix
1162 2735 1309 2792 capta
1338 2736 1429 2778 est.
1468 2724 1591 2778 Inde
1620 2724 1799 2780 Caesar

193 2815 357 2869 bellis
405 2813 648 2868 civilibus
688 2821 800 2869 toto
828 2815 959 2867 orbe
988 2813 1301 2882 compositis
1343 2814 1567 2867 Romam
1611 2814 1795 2878 rediit,

190 2922 358 2976 agere
407 2905 721 2960 insolentius
765 2906 929 2975 coepit
975 2915 1161 2959 contra
1204 2905 1645 2961 consuetudinem
1690 2906 1795 2961 Ro-

191 3015 372 3054 mana:
402 2999 683 3054 libertatis.
715 2998 846 3054 Cum
878 3016 1006 3068 ergo
1035 3000 1264 3054 honores
1294 3015 1359 3054 ex
1398 3016 1491 3054 sua
1521 3001 1797 3057 voluntate

194 3103 516 3163 prmstaret,
546 3095 634 3164 qui
663 3109 691 3147 a
722 3096 919 3166 p0pulo
949 3106 1102 3151 antea
1141 3097 1528 3163 referebantur,
1565 3112 1665 3153 nec
1702 3112 1795 3153 se-

194 3185 347 3239 natui
374 3185 438 3237 ad
468 3199 528 3239 se
556 3187 787 3240 venienti
818 3197 1143 3257 assurgeret,
1170 3190 1380 3259 aliaque
1403 3191 1543 3261 regia
1571 3204 1633 3244 ac
1659 3206 1795 3259 pene

192 3280 477 3351 tyrannica
508 3278 735 3343 laceret,
768 3279 1105 3350 conjuratum
1142 3290 1225 3336 est
1255 3282 1305 3335 in
1331 3297 1450 3336 eum
1490 3297 1518 3335 a
1548 3282 1796 3338 ducentis

184 3372 474 3441 sexaginta
500 3372 583 3424 vel
607 3372 839 3440 amplius
864 3373 1202 3427 senatoribus
1225 3374 1571 3443 equitibusque
1598 3373 1795 3429 Roma-

186 3464 301 3518 nis.
335 3464 597 3533 Ρη(ιείμυί
628 3467 838 3519 luerunt
869 3466 1006 3519 inter
1034 3465 1340 3536 coniuratos
1372 3468 1475 3519 duo
1506 3467 1679 3533 Bruti,
1727 3482 1795 3523 ex

184 3573 255 3614 eo
284 3570 489 3626 genere
514 3558 656 3611 Bruti
682 3558 771 3628 qui
802 3560 1004 3626 primus
1033 3559 1212 3614 Romae
1239 3574 1352 3614 cos.
1384 3560 1551 3615 luerat
1571 3601 1585 3626 ,
1614 3569 1670 3613 et
1709 3576 1796 3616 re-

183 3665 285 3720 ges
337 3650 648 3718 expulerat,
699 3660 754 3704 et
795 3648 857 3705 C.
907 3651 1154 3716 Cassius,
1198 3662 1253 3706 et
1300 3652 1557 3707 Servilius
1601 3651 1788 3708 Casca.

261 3801 293 3829 ⁸
339 3792 403 3845 Α.
432 3810 445 3843 .
474 3790 669 3855 Quarto
699 3807 752 3843 se
771 3791 1027 3843 consulem
1056 3791 1191 3859 fecit,
1218 3790 1463 3859 elislatim
1493 3789 1561 3840 ad
1592 3787 1788 3857 Hispa-

184 3865 305 3917 nias
340 3871 412 3914 est
440 3862 717 3929 profectus,
750 3862 833 3913 ubi
866 3858 1100 3927 Pompeii
1130 3860 1225 3928 filii
1255 3858 1352 3914 Cn.
1381 3872 1428 3912 et
1455 3859 1579 3914 Sex.
1611 3860 1790 3929 ingens

181 3935 383 3989 bellum
411 3941 842 4002 pneparaverant.
875 3931 1045 3985 Multa
1074 3932 1252 4000 pta'liu
1278 3935 1504 4002 fuerunt.
1542 3930 1790 3983 Ultimum

181 4008 338 4075 apud
362 4000 613 4057 Mundam
642 4004 914 4068 ciuitatem,
937 4004 990 4056 in
1012 4020 1111 4071 quo
1136 4003 1266 4075 adeo
1287 4000 1459 4056 thsar
1485 4018 1610 4072 pene
1631 4002 1793 4056 victus

182 4074 284 4143 est,
323 4085 376 4128 ut
406 4075 722 4145 fugientibus
750 4077 858 4128 suis
886 4090 938 4128 se
966 4074 1204 4140 voluerit,
1236 4082 1342 4128 etc.

1900 1907 2005 1943 non
2034 1891 2182 1943 habet
2212 1890 2342 1943 cor?
2379 1889 2467 1942 sed
2496 1904 2614 1941 mox
2648 1889 2694 1941 ei
2730 1888 2849 1955 ﬁnis
2881 1889 2998 1942 vita:
3026 1887 3145 1958 fuit.
3181 1887 3330 1941 Idem
3358 1887 3506 1956 Spu-

1900 1983 2014 2036 rina
2052 1989 2170 2034 ante
2212 1997 2403 2052 paucos
2434 1981 2541 2033 dies
2578 1980 2740 2032 eidem
2767 1978 2958 2032 Ctesari
2992 1979 3194 2032 dixerat
3225 1980 3506 2033 cavendum

1900 2078 1946 2129 ei
1976 2091 2083 2128 esse
2115 2076 2241 2127 Idus
2272 2073 2515 2129 Martias.
2544 2073 2658 2141 Quo
2679 2074 2761 2125 die
2790 2077 2897 2125 uiso
2926 2071 3168 2142 Spurina:
3197 2074 3269 2124 ait
3291 2071 3461 2126 Cwsar
3483 2087 3505 2128 :

1901 2167 2031 2223 Idus
2080 2165 2285 2221 Martia:
2326 2174 2583 2220 venerunt.
2633 2164 2736 2218 Ille
2779 2166 3040 2234 respondit
3069 2181 3088 2218 :
3124 2164 3229 2219 Sed
3275 2166 3503 2219 nondum

1899 2261 2228 2315 transierunt.
2279 2259 2477 2313 Eodem
2505 2260 2587 2313 die
2617 2258 2791 2312 Caesar
2821 2260 3088 2329 confossus
3130 2269 3234 2323 est,
3279 2261 3361 2314 vir
3397 2274 3508 2329 quo

1900 2367 2173 2423 nunquam
2202 2353 2342 2407 ullus
2374 2352 2526 2406 homo
2559 2355 2726 2419 magis
2756 2351 2910 2406 bellis
2938 2351 3149 2406 enituit.
3184 2353 3312 2422 Ejus
3339 2352 3506 2421 siqui-

1898 2450 2019 2506 dem
2050 2452 2210 2505 tluctu
2239 2449 2494 2503 undecies
2532 2457 2743 2502 centum
2776 2448 3063 2518 nonaginta
3102 2456 3157 2503 et
3185 2449 3290 2501 duo
3333 2448 3495 2501 millia

1901 2544 2131 2599 hostium
2160 2558 2295 2598 exesa
2326 2552 2469 2597 sunt.
2502 2542 2630 2596 Nam
2662 2551 2919 2611 quantum
2954 2542 3110 2596 bellis
3138 2541 3383 2596 civilibus
3413 2541 3501 2595 [υς

1899 2638 2059 2702 derit,
2084 2638 2256 2691 noluit
2282 2638 2562 2691 adnotare.
2592 2636 2770 2705 Signis
2796 2635 3005 2691 collatis
3034 2636 3385 2705 quinquagies
3414 2634 3503 2689 di-

1900 2729 2141 2793 micavit,
2189 2727 2258 2782 M.
2290 2727 2594 2782 Marcellum
2642 2727 2792 2780 solus
2836 2739 3238 2794 supergressus,
3268 2725 3357 2792 qui
3404 2723 3503 2778 tri-

1898 2822 2043 2893 ginta
2072 2834 2262 2875 novem
2294 2820 2502 2873 vicibus
2548 2818 2660 2887 pari
2692 2817 2849 2872 modo
2877 2815 3050 2870 fuerat
3081 2816 3368 2882 praelialus.
3415 2813 3497 2870 Ad

1901 2921 2001 2971 hoc
2051 2915 2229 2968 nullus
2280 2913 2509 2967 celerius
2564 2912 2798 2980 scripsit,
2854 2925 3013 2964 nemo
3056 2909 3295 2964 velocius
3348 2907 3497 2975 legit,

1898 3019 2184 3079 quaternas
2214 3010 2373 3064 etiam
2414 3007 2672 3076 epistolas
2716 3006 2873 3060 simul
2904 3005 3140 3059 dictavit.
3187 3004 3375 3059 Tanta:
3406 3004 3505 3060 luit

1903 3102 2176 3167 bonitatis,
2213 3112 2269 3154 nt
2308 3114 2442 3170 quos
2472 3099 2635 3154 armis
2665 3098 2982 3165 subegerat,
3018 3097 3186 3167 magis
3216 3096 3501 3152 clementia
3546 3154 3552 3159 _

1902 3197 2108 3250 vicerit.
2167 3194 2363 3247 Eodem
2417 3203 2657 3261 tempore
2709 3190 2897 3245 Romm
2952 3200 3060 3243 tres
3115 3189 3272 3243 simul
3326 3189 3502 3243 exorti

1902 3289 2072 3353 soles,
2117 3288 2370 3351 paulatim
2420 3288 2470 3338 in
2519 3285 2766 3339 eumdem
2813 3283 2999 3338 orbem
3043 3284 3310 3338 coierunt.
3362 3283 3504 3337 Inter

1901 3395 2092 3439 caetera
2112 3391 2353 3453 portenta
2386 3395 2505 3449 quin
2535 3388 2649 3434 toto
2675 3379 2805 3432 orbe
2822 3378 2957 3433 facta
2986 3385 3130 3442 sunt,
3162 3376 3258 3430 bos
3291 3379 3341 3429 in
3372 3375 3499 3429 sub.

1903 3476 2106 3530 urbano
2138 3475 2321 3528 [intum
2347 3473 2411 3527 ad
2440 3482 2678 3527 arantem
2725 3471 2935 3525 locutus
2977 3478 3078 3533 est,
3107 3470 3301 3523 trustra
3326 3483 3383 3522 se
3410 3483 3500 3523 ur-

1903 3570 2053 3641 geri;
2088 3584 2194 3624 non
2222 3570 2367 3624 enim
2401 3567 2704 3633 frumenta,
2737 3566 2831 3622 sed
2866 3565 3109 3620 homines
3138 3560 3165 3600 εί
3197 3563 3498 3618 defuturos.

1970 3786 1998 3823 δ
2042 3787 2108 3844 Α.
2142 3806 2153 3840 :
2184 3786 2311 3842 Suis
2331 3785 2467 3851 vicit,
2498 3795 2540 3838 et
2574 3786 2698 3838 Sex.
2743 3784 2973 3854 Pompeii
3002 3784 3143 3852 ﬁlius
3170 3783 3339 3854 major
3366 3782 3492 3836 occiv

1899 3875 1984 3912 sus
2011 3867 2110 3921 est,
2142 3859 2308 3910 minor
2338 3859 2490 3926 fugit.
2524 3856 2656 3910 Inde
2686 3858 2878 3922 Caesar,
2910 3865 3013 3910 etc.

1974 3940 1997 3967 ε
2039 3931 2132 3993 Α..
2161 3929 2425 3997 confossus
2457 3938 2531 3982 est
2559 3930 2655 3991 vir,
2687 3939 2791 3982 etc.

1973 3999 1998 4036 ἀ
2039 4004 2127 4067 A.,
2162 4001 2315 4053 brevi.

1405 4341 1705 4419 LIBER
1763 4338 2311 4416 SEPTIMUS.

252 4594 425 4648 Anno
448 4590 519 4645 ab
549 4589 694 4645 Urbe
716 4590 927 4644 condita
953 4589 1058 4645 700
1082 4589 1195 4645 fere
1218 4604 1283 4645 ac
1311 4604 1476 4654 nono,
1508 4588 1792 4645 interfecto
1822 4591 1872 4649 ι)
1900 4584 2122 4639 Brutum
2148 4581 2254 4636 duo
2283 4593 2425 4636 coss.
2458 4577 2672 4633 Hircius
2699 4584 2753 4632 et
2781 4575 2977 4644 Pansa,
3007 4573 3030 4611 ἀ
3062 4582 3117 4630 et
3144 4590 3259 4628 cum
3285 4573 3366 4629 Itis
3397 4575 3499 4630 0c-

174 4686 337 4741 Julio
359 4682 596 4749 Caesare,
627 4683 804 4737 civilia
834 4682 973 4736 bella
1008 4690 1252 4750 reparata
1283 4693 1427 4737 sunt.
1454 4682 1788 4736 Percussori-

176 4781 287 4835 bus
319 4779 464 4833 enim
494 4777 718 4831 Caesaris
770 4784 986 4831 senatus
1017 4780 1043 4809 ⁸
1073 4777 1302 4833 favebat.
1353 4777 1634 4829 Antonium
1673 4789 1786 4830 cos.

178 4872 427 4943 partium
451 4870 675 4924 Caesaris
698 4868 945 4923 civilibus
971 4868 1122 4923 bellis
1146 4870 1449 4937 opprimere
1474 4868 1787 4923 conabatur.

177 4966 339 5034 Ergo
372 4963 577 5016 turbata
609 4960 631 4995 "
664 4960 954 5029 Republica
1012 4961 1141 5013 inter
1196 4960 1359 5013 multa
1411 4958 1625 5021 scelera,
1682 4973 1793 5027 qua:

176 5056 446 5110 Antonius
475 5052 854 5119 committebat,
899 5050 968 5106 D.
1002 5050 1223 5105 Brutum
1250 5051 1389 5121 apud
1417 5050 1669 5104 Mutinam
1698 5052 1792 5104 ob-

173 5146 395 5200 sidione
423 5146 761 5209 concluserat,
793 5159 887 5212 pro
911 5159 1010 5211 qua
1039 5160 1093 5195 re
1119 5160 1147 5197 a
1176 5152 1361 5196 senatu
1395 5143 1562 5196 hostis
1583 5141 1792 5211 judica-

179 5246 273 5292 tus
303 5246 412 5293 est.
458 5236 604 5291 Missi
634 5244 658 5274 ο
691 5234 757 5290 ad
784 5249 906 5290 eum
955 5235 1349 5305 expugnandum
1380 5233 1794 5300 liberandumque

256 5382 288 5410 ιι
332 5371 397 5425 Α.
436 5388 450 5425 :
482 5369 728 5426 Favebat.
761 5370 868 5425 Sed
908 5370 1161 5424 Antonius
1190 5384 1296 5421 cos.
1337 5376 1440 5422 etc.
1484 5365 1547 5420 ll.
1588 5371 1643 5421 et
1680 5366 1789 5420 Eu-

176 5442 908 5520 trop._cum_Ambrosiano.l
1007 5512 1018 5520 Δ
1163 5513 1173 5520 _
1349 5508 1362 5520 ,
1647 5510 1657 5520 .

259 5508 299 5553 ⁸³⁷
335 5514 401 5568 Α.
432 5532 447 5567 :
479 5512 777 5581 Republica,
803 5512 961 5565 multa
986 5512 1235 5564 Antonius
1257 5508 1450 5565 scelera
1473 5510 1793 5563 committens

174 5602 213 5638 α
246 5594 462 5649 senatu,
493 5596 599 5638 etc.

264 5666 293 5725 ξ
336 5657 429 5723 A.,
461 5656 530 5709 ad
557 5671 671 5710 eum
701 5655 1099 5725 persequendum
1126 5652 1231 5709 duo
1242 5670 1388 5725 _coss.

259 5722 294 5763 ἀ
337 5722 427 5793 A.,
463 5725 533 5780 Η.
594 5734 648 5781 et
675 5722 925 5795 Eutrop.,
957 5725 1198 5782 habent:
1233 5722 1297 5778 Et
1330 5724 1642 5778 Octavianus
1667 5723 1792 5777 ado-

177 5799 409 5865 tacetis,
437 5810 542 5854 etc.

1891 4679 2076 4742 tauius,
2101 4673 2416 4729 adolescens
2438 4685 2607 4725 annos
2630 4677 2789 4723 natus
2812 4670 2999 4724 decem
3022 4676 3076 4724 et
3097 4677 3326 4737 septem,
3348 4678 3499 4737 patre

1889 4765 2107 4822 Octavio
2136 4773 2382 4820 senatore
2423 4761 2656 4831 genitus,
2689 4771 2989 4814 maternum
3027 4772 3196 4826 genus
3223 4761 3291 4812 ali
3319 4758 3493 4816 Enea

1893 4875 1985 4929 per
2010 4858 2203 4913 Juliam
2252 4854 2503 4908 familiam
2534 4851 2777 4918 sortitus,
2822 4850 3052 4906 Caesaris
3095 4865 3282 4917 nepos,
3327 4850 3497 4903 Accits

1893 4954 2083 5008 sororis
2112 4953 2227 5023 ejus
2253 4950 2415 5019 filius,
2447 4962 2609 5018 quem
2640 4945 2730 5000 ille
2758 4952 3077 4999 testamento
3106 4943 3372 4997 literedem
3402 4958 3491 4997 re-

1895 5044 2120 5114 liquerat
2144 5085 2156 5105 ,
2190 5051 2241 5096 et
2273 5055 2467 5095 nomen
2499 5052 2653 5093 suum
2683 5038 2824 5091 ferre
2862 5037 3111 5105 jusserat.
3160 5035 3255 5089 llic
3295 5044 3377 5089 est
3404 5032 3492 5104 qui

1898 5150 2081 5208 postea
2106 5138 2375 5207 Augustus
2395 5141 2478 5188 est
2498 5132 2690 5194 dictus,
2717 5140 2770 5183 et
2794 5138 2817 5166 ο
2844 5143 3019 5182 rerum
3045 5127 3261 5196 potitus.
3284 5124 3302 5163 ί
3330 5125 3492 5193 Nam,

1897 5239 1955 5284 ut
1984 5229 2195 5283 breviter
2223 5225 2654 5280 coacervationem
2684 5221 2935 5275 malorum
2963 5219 3233 5285 explicem,
3258 5217 3392 5271 bella
3421 5218 3495 5272 ci-

1970 5374 1994 5403 °
2037 5367 2099 5419 Α.
2130 5381 2144 5419 :
2182 5362 2372 5417 Rerum
2402 5377 2601 5414 summa
2628 5359 2837 5429 potitus.
2871 5354 3044 5419 Quare
3071 5352 3293 5429 profecti
3321 5361 3496 5429 contra

1902 5436 2186 5490 Antonium
2234 5444 2334 5486 tres
2380 5434 2530 5485 duces
2572 5421 2793 5483 vicerunt
2847 5443 2961 5479 eum
3009 5425 3149 5492 apud
3200 5421 3497 5489 Mutinam,

1901 5509 2061 5562 evenit
2092 5515 2253 5559 tamen
2286 5512 2340 5556 ut
2372 5504 2583 5579 ﬁctores
2610 5516 2738 5579 coss.
2767 5497 2915 5550 ambo
2942 5503 3278 5579 morerentur.
3324 5496 3497 5579 Quare

1902 5586 2003 5632 tres
2044 5577 2296 5631 exercitus
2336 5576 2424 5627 uni
2466 5572 2653 5627 Camiri
2696 5571 2925 5639 Augusto
2967 5575 3268 5636 paruerunt.
3314 5563 3495 5635 Fuga-

1901 5659 2004 5714 tus,
2032 5661 2133 5703 etc.

1977 5722 1997 5761 ί
2045 5721 2166 5773 llaec
2218 5731 2387 5788 usque
2434 5715 2500 5771 ad
2552 5716 2760 5786 fugatus

1903 5790 2283 5848 Hersieldensi.

2809 5709 3060 5767 Antonius
3109 5723 3214 5765 non
3244 5676 3386 5765 “sunt
3433 5707 3491 5763 in
