3920 6336
524 315 633 372 855

1382 301 1587 357 PAULI
1628 296 1905 355 DIACONI
1946 294 2096 351 OPP.
2142 290 2317 346 PARS
2358 290 2399 343 I.
2440 318 2509 331 --
2547 286 2931 345 HISTORICA.
3626 300 3701 355 356

523 430 773 501 fugientes
804 422 975 478 navali
1002 420 1180 492 pratlio
1208 426 1501 491 persecutus
1543 416 1868 488 proﬂigavit,
1899 413 2100 467 multis-
2132 411 2186 471 Δ
2211 406 2383 462 δαῖσαι·
2406 416 2610 501 sextum
2655 406 2936 501 imperator
2981 404 3299 501 appellatus,
3329 417 3370 460 et
3407 421 3602 478 quartum
3629 418 3707 488 ἔρα

523 538 620 596 que
646 520 796 574 rebus
829 514 1179 570 cruentissime
1210 513 1363 582 gestis
1390 511 1458 563 ad
1487 508 1740 565 Caesarem
1769 510 1920 562 venit.
1948 508 2114 561 Anto-

526 617 640 666 nius
670 609 869 675 defectu
907 615 957 659 et
996 606 1129 673 fame
1152 603 1375 656 militum
1401 617 1612 654 suorum
1632 608 1906 667 permotus,
1931 598 2117 652 bellum

521 713 788 760 maturare
815 698 1072 761 instituit,
1105 712 1165 748 ac
1193 705 1395 766 repente
1435 696 1693 748 instructis
1723 694 1881 760 copiis
1906 692 1975 745 ad
2001 691 2115 746 Cte-

528 797 661 852 saris
691 801 861 847 castra
886 789 1151 861 processit,
1174 798 1219 841 et
1242 789 1401 840 victus
1423 798 1513 840 est.
1546 786 1723 839 Tertio
1749 797 1861 855 post
1893 800 2118 855 pugnam

531 888 613 941 die
643 882 895 937 Antonius
934 887 1101 932 castra
1131 880 1199 928 ad
1234 878 1435 929 Actium
1476 876 1759 940 transtulit,
1794 874 1965 927 navali
1989 889 2121 944 pra:-

532 979 602 1034 lio
631 978 895 1031 decernere
928 980 1158 1041 paratus.
1202 966 1446 1021 Dacentte
1476 968 1685 1038 triginta
1722 978 1956 1021 rostrata:
1982 967 2123 1036 fuere

535 1068 755 1124 Ctesaris
785 1079 964 1126 naves,
998 1070 1043 1115 et
1070 1058 1276 1131 triginta
1303 1058 1413 1112 sine
1440 1058 1619 1111 rostris
1651 1058 1899 1122 triremes,
1931 1057 2124 1110 veloci-

533 1171 635 1216 tate
679 1174 827 1229 pares
850 1196 867 1221 ,
907 1164 951 1208 et
994 1164 1104 1206 octo
1132 1153 1355 1221 legiones
1394 1150 1545 1203 classi
1580 1150 1915 1219 superpositae
1939 1148 2125 1216 absque

537 1251 827 1309 cohortibus
855 1249 1076 1317 quinque
1110 1244 1380 1315 prwtoriis.
1414 1242 1607 1297 Classis
1633 1244 1841 1296 Antonii
1871 1257 2004 1296 ccxx
2034 1257 2127 1294 na-

540 1348 678 1401 vium
707 1346 805 1414 fuit
828 1384 843 1408 ,
876 1349 1120 1411 quantum
1149 1353 1358 1391 numero
1382 1337 1563 1391 cedens
1588 1376 1604 1399 ,
1634 1346 1828 1389 tantum
1868 1336 2125 1405 magnitu-

539 1439 657 1491 dine
685 1434 997 1507 prtecellens.
1034 1430 1084 1484 Ν
1090 1447 1172 1483 om
1203 1430 1370 1481 decem
1401 1427 1587 1496 pedum
1624 1426 1898 1480 altitudine
1926 1443 1958 1479 a
1997 1428 2128 1479 mari

540 1531 769 1585 aberant.
789 1527 1069 1579 Famosum
1113 1533 1160 1576 et
1185 1539 1426 1592 magnum
1450 1522 1543 1573 hoc
1564 1522 1752 1574 bellum
1772 1521 1912 1590 apud
1929 1522 2129 1574 Actium

542 1626 677 1697 fuit,
709 1622 797 1693 qui
828 1620 969 1673 locus
1013 1620 1065 1671 in
1108 1615 1269 1684 Epiro
1295 1624 1367 1668 est
1398 1630 1416 1668 :
1446 1615 1509 1666 ab
1536 1616 1659 1699 hora
1688 1614 1866 1683 quinta
1894 1630 2052 1685 usque
2078 1615 2131 1667 in

541 1718 721 1771 horam
743 1714 1009 1784 septimam
1035 1712 1225 1764 incerta
1248 1710 1483 1762 vincendi
1503 1725 1611 1778 spe,
1634 1709 1946 1779 gravissima:
1969 1710 2132 1762 ntrin~

2223 518 2337 554 cum
2366 500 2419 553 Μ
2430 541 2443 555 .
2473 501 2672 554 Licinio
2700 500 2883 553 Crasso
2908 516 3013 553 cus.
3050 499 3380 556 Brundusium
3403 509 3545 575 venit,
3568 515 3708 570 ubior.

2221 595 2294 647 bis
2339 600 2592 646 terrarum
2656 592 2893 660 prasidia
2947 592 3120 644 divisis
3176 594 3435 659 legionibus
3481 608 3709 670 composuit.

2218 687 2354 749 Inde
2379 688 2431 739 in
2464 684 2675 755 Syriam
2705 685 2985 754 profectus,
3017 699 3136 736 mox
3169 684 3413 739 Pelusium
3436 691 3561 755 adiit,
3585 695 3649 747 ubi
3670 698 3711 751 ab

2223 780 2521 834 Antonianis
2563 778 2817 849 prtesidiis
2863 778 2997 830 ultro
3030 789 3285 844 susceptus
3313 790 3401 833 est.
3437 779 3604 836 Interea
3628 786 3715 843 Cor.

2225 876 2389 929 nelius
2435 873 2616 927 Gallus
2665 872 2957 942 prevmissus
2997 888 3028 923 a
3076 869 3270 924 Ca’sare
3311 882 3505 941 quatuor
3535 876 3716 949 legiones,

2226 984 2353 1036 quas
2379 966 2632 1019 Antonius
2663 964 2804 1032 apud
2836 962 3060 1033 Cyrenas
3088 964 3309 1032 praesidii
3330 966 3428 1016 loco
3447 971 3717 1039 constituant,

2223 1062 2443 1133 suscepit
2485 1062 2539 1113 in
2583 1060 2737 1128 ﬁdem
2783 1075 2801 1112 :
2849 1066 3002 1125 atque
3047 1057 3165 1110 inde
3211 1057 3525 1113 Partetonium
3563 1067 3718 1132 primum

2227 1152 2451 1223 qugpti
2478 1168 2509 1205 α
2535 1151 2707 1222 Libya:
2731 1161 2873 1219 parte
2894 1151 3146 1203 civitatem
3166 1152 3345 1203 victam
3369 1153 3507 1219 cepit,
3532 1155 3723 1226 ipsumque

2231 1247 2509 1301 Antonium
2535 1245 2778 1297 continuo
2804 1244 2942 1312 apud
2972 1240 3205 1295 Pharum
3228 1244 3358 1297 vicit.
3389 1246 3602 1298 Antonius
3624 1264 3725 1316 eque-

2234 1346 2336 1391 stre
2363 1336 2627 1391 adversnm
2653 1334 2905 1390 Ctesarem
2937 1334 3050 1387 iniit
3083 1334 3299 1399 bellum,
3335 1336 3383 1388 in
3403 1352 3458 1388 eo
3482 1352 3640 1406 quoque
3661 1341 3725 1391 ni-

2231 1429 2517 1481 serabiliter
2566 1428 2725 1480 victus
2772 1426 2996 1497 aufugit.
3052 1422 3303 1478 Kalendis
3346 1426 3585 1481 Sextilibus
3613 1430 3727 1496 prima

2235 1522 2344 1573 luce
2369 1519 2621 1573 Antonius
2639 1562 2653 1583 ,
2686 1534 2801 1571 cum
2828 1518 2895 1570 ad
2926 1518 3277 1571 instruendam
3304 1518 3498 1573 classem
3521 1521 3565 1572 in
3586 1531 3727 1587 portum

2235 1610 2580 1674 descenderet,
2611 1610 2775 1663 subito
2806 1610 3050 1663 universa:
3087 1625 3240 1663 naves
3273 1610 3337 1661 ad
3372 1609 3587 1665 Ctesarem
3615 1623 3730 1668 trant-

2236 1705 2422 1761 ierunt.
2453 1703 2679 1771 Cumque
2722 1705 2872 1757 unico
2930 1703 3170 1770 prtesidio
3208 1705 3444 1773 spoliatus
3474 1708 3731 1776 esset,trepi-

539 1825 637 1879 que
666 1806 828 1860 ctedes
859 1814 1005 1857 actae.
1041 1801 1316 1870 Reliquum
1357 1801 1459 1852 diei
1488 1816 1604 1853 cum
1632 1802 1964 1870 subsequente
1992 1808 2133 1853 nocte
2164 1787 2210 1846 Β
2239 1799 2335 1851 dus
2366 1813 2420 1851 se
2449 1813 2565 1851 cum
2591 1798 2766 1865 paucis
2791 1798 2982 1866 recepit
3010 1798 3063 1850 in
3086 1797 3300 1866 regiam.
3325 1796 3504 1851 Deinde
3522 1799 3733 1853 imminente

540 1901 597 1954 in
625 1898 890 1951 victoriam
916 1894 1135 1948 Ctesaris
1164 1892 1457 1946 declinavit.
1483 1891 1639 1945 Prior
1659 1894 1837 1962 regina
1857 1892 2135 1961 CleOpatra

546 2006 668 2044 cum
688 1988 952 2059 sexaginta
972 1985 1301 2039 velocissimis
1328 1985 1532 2037 navibus
1557 1986 1707 2054 fugit.
1735 1985 1986 2039 Antonius
2015 2003 2138 2055 quo-

546 2096 667 2151 que,
702 2080 926 2133 detracto
952 2077 1139 2147 insigni
1165 2076 1420 2145 prtctorite
1447 2075 1612 2143 navis,
1643 2075 1914 2144 fugientem
1939 2086 2137 2130 secutus

550 2178 625 2222 est
674 2183 906 2222 uxorem.
962 2166 1295 2220 Illucescente
1343 2176 1511 2218 autem
1556 2167 1637 2218 die
1679 2167 1938 2219 victoriam
1968 2165 2139 2221 Cwsar

550 2260 937 2315 consummavit.
969 2257 1052 2313 Ea:
1083 2259 1222 2311 victis
1247 2258 1514 2311 duodecim
1543 2258 1707 2312 millia
1734 2260 1972 2313 cecidisse
2002 2264 2139 2331 refe-

552 2362 756 2418 runtur,
790 2368 877 2405 sea:
914 2349 1079 2402 millia
1104 2350 1374 2403 vulnerata
1401 2359 1553 2414 sunt,
1587 2366 1611 2403 e
1638 2350 1816 2418 quibus
1846 2351 1985 2404 mille
2013 2353 2143 2406 inter

552 2444 836 2496 curandum
877 2442 1191 2510 defecerunt.
1244 2440 1491 2493 Antonius
1526 2456 1754 2509 quoque,
1787 2450 1836 2496 et
1874 2443 2143 2512 Cleopatra

550 2550 841 2589 communes
882 2532 1065 2586 liberos
1114 2548 1227 2585 cum
1267 2541 1419 2603 parte,
1446 2533 1602 2604 regite
1644 2550 1786 2602 gazae
1818 2535 1887 2587 ad
1914 2535 2144 2589 Rubrum

555 2642 696 2680 mare
743 2624 1122 2694 prannittendos
1170 2633 1474 2677 censuerunt
1519 2641 1538 2678 :
1582 2626 1680 2693 ipsi
1727 2627 1980 2693 prtesidiis
2010 2629 2145 2683 circa

555 2715 660 2768 duo
689 2713 909 2785 Egypti
928 2731 1141 2781 cornua,
1174 2713 1459 2783 Pelusium,
1494 2714 1941 2788 Partetoniumque
1966 2720 2144 2791 dispo-

550 2811 667 2866 sitis
686 2852 701 2877 ,
732 2813 943 2865 classem
981 2819 1029 2865 et
1081 2810 1257 2880 copias
1285 2810 1625 2865 instauranda
1656 2811 1787 2865 bello
1813 2825 2143 2883 paraverunt.

562 2998 569 3008 ’
632 3016 658 3045 ⁸
688 3010 757 3066 Η.
786 3025 905 3066 cum
935 3007 1192 3076 Eutrapio
1222 3007 1287 3061 ad
1332 3007 1551 3063 verbum
1582 3010 1834 3063 convenit
1874 3008 1941 3061 ab
1968 3008 2143 3072 initio,

556 3096 726 3152 usque
749 3083 812 3134 ad
847 3085 959 3135 huic
989 3081 1145 3152 verba
1178 3078 1415 3146 Eutropii
1447 3081 1683 3152 :ipsese
1719 3081 1972 3133 interemit
2006 3096 2024 3133 :
2058 3080 2146 3133 ubi

2241 1890 2465 1956 Ctrsare,
2499 1892 2802 1959 turbataque
2832 1892 3031 1945 civitate
3050 1933 3066 1959 ,
3098 1892 3235 1945 idem
3270 1894 3504 1945 Antonius
3532 1909 3616 1947 sese
3643 1894 3732 1962 ferta

2241 1979 2695 2044 transverberavit,
2728 1997 2788 2034 ac
2820 1982 3136 2035 semianimis
3167 1982 3236 2035 ad
3266 1981 3587 2051 Cleopatram,
3607 1984 3645 2037 in
3664 2001 3734 2037 mo-

2244 2082 2554 2139 numentum,
2587 2076 2639 2124 in
2661 2072 2795 2142 quod
2825 2072 2918 2125 illa
2939 2090 2990 2126 se
3021 2074 3324 2127 morituram
3348 2087 3475 2128 certa
3488 2077 3725 2141 condiderat,

2242 2164 2471 2235 perlatus
2500 2173 2593 2219 est.
2625 2168 2651 2195 ⁸
2681 2165 2965 2233 Cleopatra
2991 2176 3254 2221 exornata
3285 2167 3494 2223 diversis
3525 2183 3736 2223 ornamen-

2245 2257 2313 2311 tis
2342 2258 2407 2311 ad
2439 2256 2706 2312 Caesarem
2750 2256 2933 2325 venit,
2960 2274 3189 2328 sperans
3218 2276 3338 2315 eum
3359 2303 3375 2328 ,
3404 2273 3455 2318 ut
3480 2272 3735 2317 caeterossua

2246 2351 2428 2419 specie
2454 2352 2519 2405 ad
2552 2351 2821 2407 libidinem
2854 2352 3080 2409 illicere.
3111 2354 3220 2409 Sed
3251 2356 3338 2411 ille
3363 2371 3417 2410 se
3445 2357 3606 2411 inti-ab
3626 2370 3737 2411 seco-

2253 2453 2465 2498 arctans
2482 2445 2545 2497 ad
2562 2445 2679 2513 ejus
2700 2446 3189 2516 concupiscentiam
3207 2448 3420 2503 minime
3440 2448 3643 2512 inﬂexus,
3660 2464 3737 2503 eam

2250 2552 2378 2591 mox
2421 2536 2680 2591 custodiri
2728 2537 3021 2591 mandavit.
3071 2547 3091 2573 ο
3123 2538 3193 2591 At
3234 2540 3347 2605 illa,
3391 2550 3615 2609 postquam
3643 2540 3739 2593 seel

2250 2630 2565 2699 triumphum
2616 2632 2804 2682 servari
2849 2630 3113 2684 intellexit
3141 2671 3156 2695 ,
3189 2646 3221 2687 θ
3250 2631 3477 2686 custodia
3512 2632 3675 2701 elapsi,
3707 2629 3740 2683 in

2251 2722 2487 2790 pretioso
2516 2737 2611 2773 suo
2643 2722 2898 2788 sepulcro
2918 2723 3070 2790 juxta
3097 2722 3386 2777 Antonium
3408 2738 3461 2777 se
3481 2738 3607 2777 suum
3629 2721 3736 2776 collo-

2248 2826 2403 2880 cans,
2433 2811 2535 2867 sibi
2565 2811 2805 2881 aspidem
2834 2814 2888 2867 in
2912 2814 3124 2869 sinistro
3147 2814 3358 2870 brachio
3383 2815 3588 2877 admisit.
3609 2824 3651 2871 et
3668 2813 3742 2883 ejus

2251 3020 2369 3085 nui,
2392 3021 2599 3091 jactura
2625 3020 2769 3090 gravi
2788 3061 2803 3085 ,
2832 3021 2988 3090 petita
3035 3022 3250 3075 victoria
3278 3022 3452 3076 similis
3487 3022 3545 3075 sit
3582 3021 3624 3073 in
3644 3017 3743 3071 lim

2254 3108 2410 3145 aureo
2442 3093 2754 3159 piscantibus
2779 3131 2794 3153 ,
2828 3094 2977 3163 cujus
3003 3092 3241 3159 abrupti,
3279 3094 3531 3161 amissique
3551 3091 3743 3163 detrimen-

556 3149 742 3234 ll.'ita_
762 3154 931 3205 variat
962 3169 973 3204 :
1010 3149 1131 3232 Ipse
1173 3151 1544 3234 se‘interemit;
1586 3150 1853 3233 Cleopatra
1901 3161 2141 3204 exornata

2256 3172 2361 3215 tum
2388 3149 2529 3216 utillo
2559 3149 2791 3234 captura!
2816 3149 2956 3215 lucro
2984 3149 3191 3233 pensdri
3228 3149 3401 3234 potest.
3442 3149 3744 3234 Avunculiquti-

556 3225 768 3276 diversis
799 3223 1104 3275 ornamentis
1132 3225 1198 3272 ad
1228 3222 1478 3273 Ctesarem
1510 3225 1661 3284 venit,
1686 3239 1900 3289 sperans
1927 3239 2061 3286 eum,
2089 3233 2143 3275 ut

555 3305 795 3357 ceteros,
826 3310 916 3346 sua
958 3296 1122 3360 specie
1164 3293 1231 3343 ad
1281 3292 1539 3344 libidinem
1580 3294 1789 3347 illicere.
1835 3293 1938 3346 Sed
1976 3293 2064 3345 ille
2092 3310 2146 3346 se

555 3375 733 3417 contra
763 3365 1062 3433 pudicitiam
1092 3371 1356 3416 coarctans
1380 3403 1394 3425 ,
1426 3364 1493 3415 ad
1536 3364 1646 3433 ejus
1684 3365 2147 3431 concupiscentiam

558 3438 764 3489 minime
790 3437 1006 3501 inﬂexus
1026 3476 1039 3499 ,
1085 3450 1196 3486 eam
1224 3449 1341 3487 mox
1371 3438 1615 3487 custodiri
1641 3435 1921 3497 mandavit,
1953 3451 2066 3503 qua!
2086 3452 2149 3491 ea:

558 3508 790 3559 custodia
838 3507 1043 3574 elapsa,
1077 3506 1129 3557 in
1168 3507 1384 3574 pretioso
1415 3508 1649 3576 sepulcro
1669 3509 1828 3576 juxta
1870 3508 2145 3560 Antonium

557 3594 707 3630 suum
732 3593 784 3629 se
814 3577 1099 3637 Collocans,
1127 3578 1219 3628 sibi
1249 3578 1475 3645 aspidem
1505 3579 1729 3638 admisit,
1763 3589 1814 3631 et
1842 3587 2057 3645 caetera,
2089 3582 2139 3632 in

562 3650 753 3717 quibus
797 3648 988 3701 iterum
1020 3664 1139 3699 eum
1187 3647 1439 3714 Eutropio
1466 3657 1715 3702 convenit
1744 3662 1908 3717 usque
1947 3654 2011 3701 ad
2054 3650 2143 3703 illa

560 3721 720 3772 verba
769 3719 906 3786 (cum
950 3718 1169 3770 Antonio
1194 3760 1204 3777 ,
1234 3729 1279 3771 et
1313 3718 1501 3787 Lepido
1533 3721 1783 3787 tenuerat)
1820 3721 1906 3771 ubi
1951 3722 2020 3772 ita
2053 3736 2147 3774 va-

559 3791 662 3843 riat
696 3806 709 3842 :
742 3788 933 3859 Lepido
963 3798 1210 3840 tenuerat.
1250 3789 1471 3855 Denique
1501 3807 1617 3842 cum
1653 3792 1716 3843 de
1756 3789 1960 3843 Oriente
1990 3793 2150 3845 victor

560 3875 789 3913 reversus
832 3869 958 3913 esset
982 3899 996 3922 ,
1039 3861 1310 3928 urbemque
1357 3861 1545 3928 triplici
1596 3862 1854 3927 triumplto
1892 3864 2148 3928 ingressus

560 3940 686 3984 esset
712 3972 726 3995 ,
760 3943 879 3983 tunc
908 3932 1123 4001 primum
1155 3933 1438 4001 Augustus,
1470 3948 1526 3984 eo
1556 3934 1692 4001 quod
1720 3949 1884 3998 remp.
1915 3934 2144 3999 auxerit,

562 4006 1023 4073 consalutatusest,
1056 4011 1202 4068 atque
1230 4019 1291 4055 8.12
1316 4013 1431 4053 tunc
1458 4019 1709 4055 summam
1730 4019 1899 4055 rerum
1926 4014 2150 4073 ροιεεια-

560 4084 680 4134 tem,
712 4090 865 4141 quam
893 4071 1054 4126 (ἱνωεί
1084 4074 1427 4125 monarcliiam
1458 4084 1635 4126 vocant
1663 4076 1879 4140 adeptus
1905 4071 1999 4125 est.
2051 4075 2148 4129 llis

561 4147 739 4197 diebus
771 4156 912 4197 trans
943 4144 1177 4213 'I'ybczint
1209 4144 1270 4195 de
1302 4145 1508 4196 taberna
1541 4146 1801 4197 meritoria
1843 4146 1959 4213 fons
2000 4147 2096 4198 olei
2124 4164 2150 4199 e

560 4227 697 4269 terra
742 4216 1015 4269 exundavit
1038 4256 1052 4280 ,
1083 4231 1141 4267 ac
1172 4232 1259 4287 per
1302 4219 1639 4287 totunidiem
1679 4216 1965 4287 largissimo
1994 4218 2148 4287 ﬂuxit

563 4288 689 4351 rivo,
713 4288 1005 4356 significans
1026 4302 1087 4339 ex
1108 4286 1333 4355 gentibus
1356 4286 1571 4356 gratiam
1594 4286 1803 4340 Christi.
1832 4285 1973 4339 Tunc
1996 4285 2149 4342 etiam

563 4359 783 4428 circulus
829 4361 894 4410 ad
934 4358 1151 4422 speciem
1195 4359 1405 4428 caelestis
1455 4374 1604 4409 arcus
1647 4359 1779 4411 circa
1808 4361 1963 4411 solem
1994 4376 2148 4428 appa-

561 4430 682 4480 ruit.
712 4424 884 4496 Igitur
917 4444 1031 4479 cum
1062 4443 1197 4479 anno
1228 4425 1299 4480 42
1334 4429 1702 4495 firmissimam,
1743 4424 2149 4496 verissirnamque

565 4514 741 4565 pacem
769 4497 939 4551 Ctesar
983 4500 1377 4567 composuisset,
1425 4497 1655 4551 Christus
1700 4500 1945 4552 Dominus
1977 4503 2029 4553 in
2059 4502 2151 4555 Be-

564 4568 783 4640 thlehem
828 4579 974 4621 natus
1013 4580 1114 4630 est,
1156 4571 1589 4640 cujusAadventui
1635 4586 1737 4636 paa:
1776 4573 1871 4622 ista
1898 4573 2151 4640 famulata

562 4650 657 4693 est.
691 4637 854 4710 Nullo
889 4649 1110 4708 tempore
1142 4636 1257 4691 aule
1301 4636 1549 4692 Ctt’sarem
1593 4643 1753 4710 magis
1802 4636 2036 4695 Romana
2074 4659 2152 4697 res

564 4711 761 4780 ﬂoruit.
792 4709 929 4761 Nam
968 4710 1183 4778 exceptis
1205 4748 1219 4773 ,
1250 4720 1376 4771 etc.,
1414 4712 1464 4762 in
1496 4709 1686 4779 quibus
1717 4711 1782 4765 ll.
1812 4728 1927 4763 cum
1964 4714 2154 4768 Eutro-

571 4782 886 4853 plQilCl‘Ulll
921 4782 1191 4853 convenit,
1230 4781 1330 4833 nisi
1374 4784 1513 4853 quoii
1559 4782 1621 4835 ll.
1664 4786 1786 4849 legit
1828 4781 2148 4853 Winttilicos,

566 4850 611 4905 et
642 4851 878 4904 Talassos
907 4854 957 4903 in
984 4851 1229 4917 Alpibus,
1270 4867 1440 4905 omnes
1468 4850 1622 4905 Ponti
1653 4854 1936 4906 maritimas
1974 4850 2152 4909 avita?

564 4934 656 4977 tes.
686 4922 753 4975 In
776 4922 855 4976 his
884 4924 1225 4975 nobilissimas
1260 4920 1602 4991 Bosphorum,
1632 4934 1676 4975 et
1705 4923 1859 4976 Ponti
1888 4924 2152 4994 Cappadoo

566 5011 693 5047 cem.
725 4994 780 5047 In
813 5004 1041 5055 caeteris,
1074 4995 1306 5063 inquam,
1343 4996 1588 5047 convenit
1616 4994 1679 5047 ιι.
1716 5010 1833 5049 cum
1873 4995 2147 5065 Eutropio,

565 5082 733 5134 usque
768 5069 832 5118 ad
875 5067 961 5119 illa
998 5066 1157 5117 verba
1192 5079 1206 5119 :
1240 5080 1446 5117 currum
1478 5066 1636 5134 ipsius
1668 5077 1996 5119 cucurrerunt
2022 5086 2037 5120 .·
2063 5070 2149 5123 ubi

566 5136 633 5193 ll.
668 5137 735 5189 ita
762 5137 933 5189 variat
960 5153 971 5187 :
1005 5146 1353 5188 cucurrerunt.
1380 5135 1520 5188 Adeo
1546 5136 1759 5205 denique
1782 5139 1972 5201 turbas,
1998 5138 2146 5206 bella,

564 5206 849 5260 simultates
878 5215 1163 5260 exsecratus
1195 5215 1301 5270 est,
1343 5215 1394 5257 ut
1421 5206 1515 5258 nisi
1538 5208 1695 5277 justis
1727 5208 1789 5259 de
1819 5214 1986 5261 causis
2017 5228 2149 5264 utm-

565 5294 717 5345 quam
741 5280 878 5347 genti
904 5279 1141 5342 cuiquam
1173 5276 1358 5328 bellum
1390 5276 1646 5331 indixerit.
1675 5277 2026 5349 luctantisque
2046 5298 2152 5336 esse

564 5350 754 5419 ingenii
797 5359 842 5401 et
873 5350 1109 5401 levissimi
1137 5349 1360 5411 dicebat,
1388 5351 1570 5401 ardore
1601 5349 1977 5418 triumphandi,
2010 5365 2058 5406 et
2088 5354 2149 5406 ob

569 5420 795 5472 lauream
826 5434 1089 5481 coronam,
1115 5420 1165 5471 id
1188 5429 1256 5472 est
1284 5421 1409 5486 folia
1439 5420 1776 5490 infructuosa,
1803 5425 1851 5475 in
1877 5424 2149 5478 discrimen

569 5506 658 5551 per
711 5496 924 5543 incertos
970 5501 1172 5542 eventus
1219 5496 1547 5542 certaminum
1593 5496 1907 5547 securitatem
1966 5498 2150 5549 civium

567 5561 887 5629 prtecipiture
911 5578 929 5634 _:
953 5575 1107 5628 neque
1132 5562 1427 5626 imperatori
1477 5563 1624 5629 bono,
1655 5566 1929 5634 quidquam
1956 5572 2144 5632 minus,

567 5647 717 5707 quam
750 5632 1075 5707 temeritatem
1098 5646 1372 5701 congruere
1401 5647 1419 5685 :
1445 5636 1565 5687 satis
1590 5632 1818 5689 celeriter
1846 5638 1979 5705 ﬁeri,
2009 5640 2149 5707 quid-

568 5702 689 5770 quid
718 5703 981 5777 commode
1010 5714 1297 5773 gereretur;
1327 5720 1563 5775 armaque
1587 5708 1685 5760 nisi
1714 5702 1927 5777 majoris
1955 5702 2149 5763 emolu-

512 5822 517 5829 ,
570 5775 724 5824 menti
744 5788 833 5841 spe
867 5788 1184 5842 nequaquam
1210 5777 1454 5829 movenda
1483 5793 1589 5833 esse
1607 5818 1627 5847 ,
1653 5795 1716 5834 ne
1739 5775 2042 5850 compendio
2073 5789 2147 5835 te-

2254 3250 2349 3307 que
2380 3235 2637 3286 inrentum
2661 3231 3262 3307 vehementer-arguebat,
3297 3238 3381 3306 qui
3419 3238 3579 3288 milites
3602 3231 3743 3307 conmi-

2252 3306 2433 3358 litanes
2467 3318 2626 3370 novo,
2659 3305 2946 3373 blandoque
2978 3302 3116 3359 more
3146 3302 3442 3372 appellans,
3480 3306 3583 3359 dum
3603 3302 3742 3370 affectat

2251 3376 2457 3429 charior
2484 3376 2627 3443 ﬁeri,
2665 3381 3014 3428 auctoritatem
3043 3378 3295 3447 principis
3326 3379 3619 3432 emolliverat.

2251 3464 2345 3515 que
2375 3464 2496 3518 erga
2542 3449 2671 3500 cives
2717 3446 3104 3501 clementissime
3149 3463 3374 3503 versatus
3412 3449 3579 3505 est:iu
3612 3446 3744 3498 amicat

2254 3520 2388 3584 [idus
2417 3520 2633 3582 exstitit,
2669 3535 2882 3586 quorum
2918 3521 3164 3586 ιπωεὶρηί
3197 3532 3338 3574 erant
3362 3522 3419 3574 ob
3444 3519 3744 3573 taciturnitattm

2253 3588 2525 3662 Meciznas,
2552 3588 2616 3662 ob
2652 3591 2949 3656 patientiam
2982 3592 3199 3656 laboris,
3237 3593 3602 3662 modestiamque
3621 3588 3744 3656 Agrip-

2252 3677 2351 3733 pa;
2383 3660 2628 3729 diligebat
2658 3671 2905 3730 praeterea
2945 3663 3236 3731 Virgilium,
3276 3660 3589 3733 Flaccumque
3605 3666 3744 3733 poetas.

2254 3730 2424 3783 Rarus
2456 3732 2659 3799 quidem
2698 3734 2765 3782 att
2806 3730 3123 3801 recipiendas
3150 3735 3421 3801 amicitias,
3445 3730 3745 3788 ad'retinendtu

2253 3804 2717 3876 constantissimus.
2739 3801 3055 3857 Liberalibus
3076 3808 3288 3871 studiis,
3313 3804 3569 3875 priesertim
3588 3804 3746 3876 eloquet-

2252 3874 2335 3925 tite
2356 3874 2407 3924 in
2431 3881 2626 3925 tantum
2648 3875 2960 3942 incumbens,
2989 3885 3039 3928 ut
3068 3878 3265 3943 nullus,
3296 3874 3355 3930 ne
3378 3880 3426 3930 in
3456 3876 3665 3944 procinctu
3679 3874 3747 3933 qui-

2251 3944 2384 4003 dem,
2417 3945 2665 3997 laberetur
2685 3946 2813 4007 dies,
2846 3947 2966 4018 quin
2988 3946 3194 4018 legeret,
3227 3950 3471 4018 scriberet,
3501 3949 3747 4018 declamaret;

2251 4018 2512 4087 auxitque,
2528 4021 2823 4087 ornavitque
2839 4011 3058 4070 Romani
3062 4020 3299 4087 aedificiis
3315 4011 3748 4085 multis,istog’oriant

2253 4084 2388 4159 d_icto
2416 4101 2432 4138 :
2464 4083 2651 4139 Urbem
2680 4083 2957 4140 lateritiam
2994 4083 3192 4159 reperi,
3234 4092 3458 4158 relinquo
3484 4083 3746 4142 marmoream.

2255 4153 2304 4205 F
2311 4159 2396 4233 u_it_
2412 4160 2567 4219 mitis,
2600 4168 2795 4233 gratus,
2823 4159 2985 4211 civilis
3013 4153 3196 4225 animi,
3223 4172 3268 4215 et
3296 4153 3663 4233 lepidi,qcorporc
3681 4163 3747 4203 ιοιο

2256 4228 2498 4302 pulcher;
2527 4228 2808 4302 sedoculis
2843 4233 3033 4299 magis,
3069 4248 3285 4299 quorum
3316 4228 3419 4285 a'cie
3442 4229 3748 4302 clarissimorum

2253 4299 2668 4374 siderum__modo
2714 4302 3197 4374 vibrans,libenter
3226 4306 3491 4374 accipiebat
3514 4302 3605 4355 cedi
3642 4299 3750 4348 abiit-

2257 4369 2845 4446 tendentibus_tanquan_t
2871 4371 3187 4446 solisradiis
3210 4382 3273 4428 ab
3305 4369 3500 4446 aspectu
3528 4388 3628 4431 suo.
3650 4383 3677 4446 tl
3696 4380 3750 4415 ιιι·

2246 4439 2336 4509 jus
2363 4440 2517 4510 facie,
2559 4441 2680 4492 dum
2708 4442 2918 4508 quidam
2952 4445 3093 4497 miles
3116 4446 3296 4500 oculos
3322 4439 3560 4505 averteret.
3584 4450 3619 4495 et
3646 4440 3748 4510 inter-

2256 4506 2523 4584 rogaretur
2544 4511 2608 4564 ab
2638 4506 2730 4576 eo,
2768 4528 2859 4564 cur
2886 4515 2958 4566 ita
2987 4519 3205 4584 faceret,
3234 4520 3482 4584 respondit
3520 4531 3538 4568 :
3567 4511 3667 4576 Quia
3686 4506 3748 4583 ful-

2255 4598 2366 4635 men
2396 4581 2658 4658 oculorum
2682 4581 3045 4658 tuoruniferre
3069 4604 3172 4640 mm
3194 4581 3420 4658 possum.
3448 4586 3680 4658 Nectaiuett
3700 4581 3747 4627 rit

2253 4662 2426 4729 tantus
2463 4654 2603 4729 vitiis
2646 4654 2830 4729 caruit.
2883 4652 3206 4729 Fuitrenim'
3249 4660 3505 4729 paululum
3535 4652 3744 4724 impatienti

2252 4723 2428 4799 leniter
2456 4725 2731 4799 iracundus
2750 4765 2765 4789 ,
2788 4728 2998 4799 occulte
3026 4723 3258 4797 invidus,
3293 4731 3462 4799 palam
3488 4723 3744 4799 facinorosis.
3779 4783 3781 4786 g

2253 4791 2426 4870 Porro
2452 4803 2623 4870 autem
2660 4795 2963 4870 dominandi
2998 4815 3153 4869 supra
3185 4791 3339 4870 quam
3379 4791 3593 4854 testintan'
3623 4796 3744 4870 potest.

2252 4867 2635 4942 cupidissimus,
2666 4868 2924 4942 studiosus
2951 4859 3078 4922 alea}
3117 4859 3296 4935 lus'or;
3321 4887 3520 4942 cumque
3543 4859 3641 4921 esset
3669 4859 3745 4919 diu

2251 4951 2312 4987 ac
2356 4938 2458 4990 vini
2484 4939 2715 5003 multum,
2746 4938 3069 5006 aliquatenus
3100 4958 3217 4996 vero
3241 4945 3401 4998 somni
3425 4938 3657 5006 abstinens,
3675 4945 3745 4985 ιετ·

2250 5007 2418 5083 riebat
2436 5016 2603 5062 tamen
2636 5005 2839 5062 libidini
2854 5027 3023 5083 usque
3048 5013 3115 5064 ad
3141 5018 3384 5083 probrum
3409 5011 3603 5083 vulgaris
3626 5005 3744 5083 fatui.

2252 5094 2371 5155 nam
2403 5080 2533 5132 inter
2569 5095 2639 5133 xu
2668 5078 2944 5155 catamitos
2963 5122 2978 5146 ,
3009 5078 3317 5155 totidemque
3358 5078 3550 5155 puellus,
3571 5078 3747 5131 occulta“

2249 5150 2430 5223 solitus
2469 5160 2599 5206 erat.
2642 5151 2853 5221 Abjecta
2886 5170 3083 5223 quoque
3126 5150 3285 5210 umore
3333 5150 3602 5214 Scribonia,
3628 5155 3747 5198 αηιοτε

2252 5220 2434 5294 aliena:
2465 5223 2701 5294 conjugis
2714 5220 3007 5289 posses-sus,
3031 5226 3249 5293 Liviam,
3276 5228 3414 5294 quasi
3438 5226 3747 5294 maritaucglffi'

2252 5292 2427 5369 dente,
2456 5286 2846 5369 sibi'co'njunait
2867 5311 2887 5350 :
2914 5286 3064 5369 cujus
3090 5286 3247 5353 Livite
3259 5286 3373 5369 jam
3402 5304 3529 5351 erant
3547 5290 3627 5359 ﬁlii

2252 5364 2359 5415 rius
2381 5373 2429 5415 et
2449 5362 2692 5438 Drusus,
2716 5382 2935 5438 cumque
2959 5362 3085 5422 Esset
3111 5362 3330 5425 luxuria?
3350 5371 3569 5438 serviens,
3592 5365 3676 5438 cf“!
3696 5362 3745 5438 (αῖ

2251 5449 2364 5486 men
2408 5435 2637 5504 ejusdem
2678 5436 2785 5489 vitii
2827 5440 3171 5494 severissimus
3201 5447 3355 5505 ultor,
3395 5452 3521 5492 more
3553 5435 3745 5505 Ιιο¹ξ¹ί¹ῗ⁸¹ἶ³

2250 5505 2336 5571 qui
2364 5492 2761 5579 in'ulciscendis
2779 5508 2912 5561 vitiis
2930 5551 2944 5573 ,
2973 5492 3165 5579 quibus
3183 5492 3596 5579 ips-i'v'ehemetthf
3622 5492 3743 5579 ίπάίέζ

2250 5586 2392 5655 gent,
2405 5592 2552 5655 acres
2575 5590 2710 5655 sunt.
2729 5577 2905 5655 Annos
2927 5576 2995 5655 vii
3018 5591 3064 5655 _e_t
3085 5600 3186 5638 Lxx
3204 5576 3454 5655 ingressus
3474 5576 3606 5633 Νυιω

2251 5647 2456 5714 interiit,
2481 5660 2581 5703 etc.
2616 5648 2708 5701 fol.
2735 5648 2827 5715 52,
2850 5665 2898 5705 c.
2928 5650 2983 5715 2,
3011 5652 3075 5710 C.

2325 5717 2349 5755 ι’
2378 5722 2466 5783 A.,
2490 5721 2810 5789 pudicitiam,
2843 5738 2936 5790 pro
2964 5740 3036 5778 se.

2326 5799 2349 5826 °
2384 5793 2472 5857 Α..
2494 5806 2609 5863 qui:
2637 5808 2700 5851 ea
2726 5795 2960 5851 custodia
2986 5796 3186 5867 elapsa.
