  <div class='ocr_page' id='page_1' title='image "/cluster/home/n/w/nwhite01/storage/ocr_20150623/95/hvd.32044010719722/452.png"; bbox 0 0 3920 6336; ppageno 0'>
   <div class='ocr_carea' id='block_1_1' title="bbox 218 314 323 374">
    <p class='ocr_par' dir='ltr' id='par_1_1' title="bbox 218 314 323 374">
     <span class='ocr_line' id='line_1_1' title="bbox 218 314 323 374; baseline 0.019 -2"><span class='ocrx_word' id='word_1_1' title='bbox 218 314 323 374; x_wconf 79' lang='lat'><strong><em>857</em></strong></span> 
     </span>
    </p>
   </div>
   <div class='ocr_carea' id='block_1_2' title="bbox 1251 303 2375 367">
    <p class='ocr_par' dir='ltr' id='par_1_2' title="bbox 1251 303 2375 367">
     <span class='ocr_line' id='line_1_2' title="bbox 1251 303 2375 367; baseline -0.001 0"><span class='ocrx_word' id='word_1_2' title='bbox 1251 308 1561 367; x_wconf 79' lang='lat' dir='ltr'><strong><em>HISTORIA</em></strong></span> <span class='ocrx_word' id='word_1_3' title='bbox 1603 303 1953 362; x_wconf 82' lang='lat' dir='ltr'><strong><em>MISCELLA.</em></strong></span> <span class='ocrx_word' id='word_1_4' title='bbox 1996 338 2061 348; x_wconf 96' lang='lat'><strong>—</strong></span> <span class='ocrx_word' id='word_1_5' title='bbox 2101 307 2227 364; x_wconf 78' lang='lat' dir='ltr'><strong><em>LIB.</em></strong></span> <span class='ocrx_word' id='word_1_6' title='bbox 2269 308 2375 367; x_wconf 73' lang='lat' dir='ltr'><strong><em>VII.</em></strong></span> 
     </span>
    </p>
   </div>
   <div class='ocr_carea' id='block_1_3' title="bbox 3343 307 3448 364">
    <p class='ocr_par' dir='ltr' id='par_1_3' title="bbox 3343 307 3448 364">
     <span class='ocr_line' id='line_1_3' title="bbox 3343 307 3448 364; baseline 0.019 -1"><span class='ocrx_word' id='word_1_7' title='bbox 3343 307 3448 364; x_wconf 77' lang='lat'><strong><em>858</em></strong></span> 
     </span>
    </p>
   </div>
   <div class='ocr_carea' id='block_1_4' title="bbox 212 418 3452 495">
    <p class='ocr_par' dir='ltr' id='par_1_4' title="bbox 212 418 3452 495">
     <span class='ocr_line' id='line_1_4' title="bbox 212 418 3452 495; baseline 0.002 -12"><span class='ocrx_word' id='word_1_8' title='bbox 212 442 416 486; x_wconf 76' lang='lat' dir='ltr'><strong><em>veneno</em></strong></span> <span class='ocrx_word' id='word_1_9' title='bbox 441 429 468 458; x_wconf 79' lang='grc'><strong>⁸</strong></span> <span class='ocrx_word' id='word_1_10' title='bbox 498 428 787 482; x_wconf 80' lang='lat' dir='ltr'><strong><em>exanimata</em></strong></span> <span class='ocrx_word' id='word_1_11' title='bbox 817 433 921 491; x_wconf 90' lang='lat' dir='ltr'><strong><em>est,</em></strong></span> <span class='ocrx_word' id='word_1_12' title='bbox 956 426 1146 495; x_wconf 89' lang='lat' dir='ltr'><strong><em>frustra</em></strong></span> <span class='ocrx_word' id='word_1_13' title='bbox 1188 426 1336 479; x_wconf 86' lang='lat' dir='ltr'><strong><em>etiam</em></strong></span> <span class='ocrx_word' id='word_1_14' title='bbox 1372 422 1574 478; x_wconf 65' lang='lat' dir='ltr'><strong><em>Casare</em></strong></span> <span class='ocrx_word' id='word_1_15' title='bbox 1601 420 1778 474; x_wconf 86' lang='lat' dir='ltr'><strong><em>admo-</em></strong></span> <span class='ocrx_word' id='word_1_16' title='bbox 1804 418 1853 477; x_wconf 79' lang='grc' dir='ltr'><strong>Α</strong></span> <span class='ocrx_word' id='word_1_17' title='bbox 1881 422 2057 493; x_wconf 79' lang='lat' dir='ltr'><strong><em>populi</em></strong></span> <span class='ocrx_word' id='word_1_18' title='bbox 2086 422 2303 478; x_wconf 85' lang='lat' dir='ltr'><strong><em>Romani</em></strong></span> <span class='ocrx_word' id='word_1_19' title='bbox 2347 424 2510 480; x_wconf 91' lang='lat' dir='ltr'><strong><em>debita</em></strong></span> <span class='ocrx_word' id='word_1_20' title='bbox 2554 426 2791 481; x_wconf 71' lang='lat' dir='ltr'><strong><em>donanda</em></strong></span> <span class='ocrx_word' id='word_1_21' title='bbox 2810 468 2825 492; x_wconf 91' lang='lat'><strong><em>,</em></strong></span> <span class='ocrx_word' id='word_1_22' title='bbox 2855 429 3136 483; x_wconf 89' lang='lat' dir='ltr'><strong><em>litterarum</em></strong></span> <span class='ocrx_word' id='word_1_23' title='bbox 3161 431 3313 485; x_wconf 87' lang='lat' dir='ltr'><strong><em>etiam</em></strong></span> <span class='ocrx_word' id='word_1_24' title='bbox 3341 450 3452 490; x_wconf 85' lang='lat' dir='ltr'><strong><em>mo-</em></strong></span> 
     </span>
    </p>
   </div>
   <div class='ocr_carea' id='block_1_5' title="bbox 212 514 1781 598">
    <p class='ocr_par' dir='ltr' id='par_1_5' title="bbox 212 514 1781 598">
     <span class='ocr_line' id='line_1_5' title="bbox 212 514 1781 598; baseline -0.006 -22"><span class='ocrx_word' id='word_1_25' title='bbox 212 532 351 577; x_wconf 86' lang='lat' dir='ltr'><strong><em>vente</em></strong></span> <span class='ocrx_word' id='word_1_26' title='bbox 376 520 721 598; x_wconf 79' lang='lat' dir='ltr'><strong><em>Psyllos,_qui</em></strong></span> <span class='ocrx_word' id='word_1_27' title='bbox 746 537 933 573; x_wconf 88' lang='lat' dir='ltr'><strong><em>venena</em></strong></span> <span class='ocrx_word' id='word_1_28' title='bbox 962 520 1269 585; x_wconf 75' lang='lat' dir='ltr'><strong><em>serpentium</em></strong></span> <span class='ocrx_word' id='word_1_29' title='bbox 1311 534 1337 570; x_wconf 92' lang='lat' dir='ltr'><strong><em>e</em></strong></span> <span class='ocrx_word' id='word_1_30' title='bbox 1368 516 1658 570; x_wconf 74' lang='lat' dir='ltr'><strong><em>vulneribus</em></strong></span> <span class='ocrx_word' id='word_1_31' title='bbox 1687 514 1781 567; x_wconf 80' lang='lat' dir='ltr'><strong><em>ho-</em></strong></span> 
     </span>
    </p>
   </div>
   <div class='ocr_carea' id='block_1_6' title="bbox 211 612 1781 690">
    <p class='ocr_par' dir='ltr' id='par_1_6' title="bbox 211 612 1781 690">
     <span class='ocr_line' id='line_1_6' title="bbox 211 612 1781 690; baseline -0.006 -16"><span class='ocrx_word' id='word_1_32' title='bbox 211 623 398 675; x_wconf 69' lang='lat' dir='ltr'><strong><em>minum</em></strong></span> <span class='ocrx_word' id='word_1_33' title='bbox 427 622 608 672; x_wconf 85' lang='lat' dir='ltr'><strong><em>haustu</em></strong></span> <span class='ocrx_word' id='word_1_34' title='bbox 642 635 875 672; x_wconf 86' lang='lat' dir='ltr'><strong><em>revocare</em></strong></span> <span class='ocrx_word' id='word_1_35' title='bbox 911 629 1058 681; x_wconf 90' lang='lat' dir='ltr'><strong><em>atque</em></strong></span> <span class='ocrx_word' id='word_1_36' title='bbox 1111 633 1349 690; x_wconf 79' lang='lat' dir='ltr'><strong><em>exsugere</em></strong></span> <span class='ocrx_word' id='word_1_37' title='bbox 1389 614 1570 669; x_wconf 88' lang='lat' dir='ltr'><strong><em>solent.</em></strong></span> <span class='ocrx_word' id='word_1_38' title='bbox 1611 612 1781 667; x_wconf 76' lang='lat' dir='ltr'><strong><em>Ctrsar</em></strong></span> 
     </span>
    </p>
   </div>
   <div class='ocr_carea' id='block_1_7' title="bbox 209 706 1778 782">
    <p class='ocr_par' dir='ltr' id='par_1_7' title="bbox 209 706 1778 782">
     <span class='ocr_line' id='line_1_7' title="bbox 209 706 1778 782; baseline -0.006 -14"><span class='ocrx_word' id='word_1_39' title='bbox 209 712 523 768; x_wconf 70' lang='lat' dir='ltr'><strong><em>Alexandria</em></strong></span> <span class='ocrx_word' id='word_1_40' title='bbox 552 712 672 765; x_wconf 89' lang='lat' dir='ltr'><strong><em>urbe</em></strong></span> <span class='ocrx_word' id='word_1_41' title='bbox 707 712 931 765; x_wconf 88' lang='lat' dir='ltr'><strong><em>omnium</em></strong></span> <span class='ocrx_word' id='word_1_42' title='bbox 960 712 1107 782; x_wconf 90' lang='lat' dir='ltr'><strong><em>longe</em></strong></span> <span class='ocrx_word' id='word_1_43' title='bbox 1133 709 1511 779; x_wconf 88' lang='lat' dir='ltr'><strong><em>opulentissima</em></strong></span> <span class='ocrx_word' id='word_1_44' title='bbox 1539 715 1584 761; x_wconf 92' lang='lat' dir='ltr'><strong><em>et</em></strong></span> <span class='ocrx_word' id='word_1_45' title='bbox 1618 706 1778 759; x_wconf 86' lang='lat' dir='ltr'><strong><em>maxi—</em></strong></span> 
     </span>
    </p>
   </div>
   <div class='ocr_carea' id='block_1_8' title="bbox 210 798 1776 870">
    <p class='ocr_par' dir='ltr' id='par_1_8' title="bbox 210 798 1776 870">
     <span class='ocr_line' id='line_1_8' title="bbox 210 798 1776 870; baseline -0.006 -12"><span class='ocrx_word' id='word_1_46' title='bbox 210 822 291 858; x_wconf 72' lang='lat' dir='ltr'><strong><em>ma</em></strong></span> <span class='ocrx_word' id='word_1_47' title='bbox 334 805 495 857; x_wconf 88' lang='lat' dir='ltr'><strong><em>victor</em></strong></span> <span class='ocrx_word' id='word_1_48' title='bbox 538 804 720 870; x_wconf 89' lang='lat' dir='ltr'><strong><em>potitus</em></strong></span> <span class='ocrx_word' id='word_1_49' title='bbox 764 811 872 866; x_wconf 82' lang='lat' dir='ltr'><strong><em>est,</em></strong></span> <span class='ocrx_word' id='word_1_50' title='bbox 939 818 1054 856; x_wconf 89' lang='lat' dir='ltr'><strong><em>cum</em></strong></span> <span class='ocrx_word' id='word_1_51' title='bbox 1104 813 1205 855; x_wconf 90' lang='lat' dir='ltr'><strong><em>tota</em></strong></span> <span class='ocrx_word' id='word_1_52' title='bbox 1275 798 1492 869; x_wconf 57' lang='grc' dir='ltr'><strong><em>Αἴθρη)ιί</em></strong></span> <span class='ocrx_word' id='word_1_53' title='bbox 1548 798 1776 866; x_wconf 78' lang='lat' dir='ltr'><strong><em>regione,</em></strong></span> 
     </span>
    </p>
   </div>
   <div class='ocr_carea' id='block_1_9' title="bbox 210 889 1780 964">
    <p class='ocr_par' dir='ltr' id='par_1_9' title="bbox 210 889 1780 964">
     <span class='ocr_line' id='line_1_9' title="bbox 210 889 1780 964; baseline -0.008 -13"><span class='ocrx_word' id='word_1_54' title='bbox 210 896 613 964; x_wconf 74' lang='lat' dir='ltr'><strong><em>prcpositusque</em></strong></span> <span class='ocrx_word' id='word_1_55' title='bbox 649 905 721 947; x_wconf 93' lang='lat' dir='ltr'><strong><em>est</em></strong></span> <span class='ocrx_word' id='word_1_56' title='bbox 760 894 805 946; x_wconf 93' lang='lat' dir='ltr'><strong><em>ei</em></strong></span> <span class='ocrx_word' id='word_1_57' title='bbox 830 892 925 948; x_wconf 92' lang='lat' dir='ltr'><strong><em>Cn.</em></strong></span> <span class='ocrx_word' id='word_1_58' title='bbox 958 890 1219 947; x_wconf 78' lang='lat' dir='ltr'><strong><em>Cornelius</em></strong></span> <span class='ocrx_word' id='word_1_59' title='bbox 1245 889 1424 945; x_wconf 62' lang='lat' dir='ltr'><strong><em>Catius</em></strong></span> <span class='ocrx_word' id='word_1_60' title='bbox 1451 889 1632 951; x_wconf 88' lang='lat' dir='ltr'><strong><em>datus;</em></strong></span> <span class='ocrx_word' id='word_1_61' title='bbox 1661 901 1780 940; x_wconf 91' lang='lat' dir='ltr'><strong><em>nam</em></strong></span> 
     </span>
    </p>
   </div>
   <div class='ocr_carea' id='block_1_10' title="bbox 207 985 1783 1053">
    <p class='ocr_par' dir='ltr' id='par_1_10' title="bbox 207 985 1783 1053">
     <span class='ocr_line' id='line_1_10' title="bbox 207 985 1783 1053; baseline -0.006 -12"><span class='ocrx_word' id='word_1_62' title='bbox 207 996 252 1041; x_wconf 89' lang='lat' dir='ltr'><strong><em>et</em></strong></span> <span class='ocrx_word' id='word_1_63' title='bbox 288 987 452 1040; x_wconf 83' lang='lat' dir='ltr'><strong><em>Roma</em></strong></span> <span class='ocrx_word' id='word_1_64' title='bbox 489 987 742 1038; x_wconf 90' lang='lat' dir='ltr'><strong><em>intantum</em></strong></span> <span class='ocrx_word' id='word_1_65' title='bbox 788 985 965 1051; x_wconf 91' lang='lat' dir='ltr'><strong><em>opibus</em></strong></span> <span class='ocrx_word' id='word_1_66' title='bbox 1003 985 1111 1053; x_wconf 90' lang='lat' dir='ltr'><strong><em>ejus</em></strong></span> <span class='ocrx_word' id='word_1_67' title='bbox 1151 993 1298 1037; x_wconf 89' lang='lat' dir='ltr'><strong><em>aucta</em></strong></span> <span class='ocrx_word' id='word_1_68' title='bbox 1342 992 1448 1048; x_wconf 92' lang='lat' dir='ltr'><strong><em>est,</em></strong></span> <span class='ocrx_word' id='word_1_69' title='bbox 1484 990 1536 1034; x_wconf 90' lang='lat' dir='ltr'><strong><em>ut</em></strong></span> <span class='ocrx_word' id='word_1_70' title='bbox 1580 988 1783 1048; x_wconf 90' lang='lat' dir='ltr'><strong><em>propter</em></strong></span> 
     </span>
    </p>
   </div>
   <div class='ocr_carea' id='block_1_11' title="bbox 208 1073 1781 1145">
    <p class='ocr_par' dir='ltr' id='par_1_11' title="bbox 208 1073 1781 1145">
     <span class='ocr_line' id='line_1_11' title="bbox 208 1073 1781 1145; baseline -0.004 -13"><span class='ocrx_word' id='word_1_71' title='bbox 208 1079 579 1133; x_wconf 83' lang='lat' dir='ltr'><strong><em>abundantiam</em></strong></span> <span class='ocrx_word' id='word_1_72' title='bbox 625 1082 953 1145; x_wconf 75' lang='lat' dir='ltr'><strong><em>pecuniarum</em></strong></span> <span class='ocrx_word' id='word_1_73' title='bbox 996 1078 1224 1145; x_wconf 83' lang='lat' dir='ltr'><strong><em>duplicia</em></strong></span> <span class='ocrx_word' id='word_1_74' title='bbox 1260 1092 1409 1144; x_wconf 91' lang='lat' dir='ltr'><strong><em>quam</em></strong></span> <span class='ocrx_word' id='word_1_75' title='bbox 1438 1091 1597 1144; x_wconf 88' lang='lat' dir='ltr'><strong><em>usque</em></strong></span> <span class='ocrx_word' id='word_1_76' title='bbox 1620 1073 1687 1126; x_wconf 92' lang='lat' dir='ltr'><strong><em>ad</em></strong></span> <span class='ocrx_word' id='word_1_77' title='bbox 1726 1073 1781 1126; x_wconf 91' lang='lat' dir='ltr'><strong><em>id</em></strong></span> 
     </span>
    </p>
   </div>
   <div class='ocr_carea' id='block_1_12' title="bbox 209 1167 1782 1239">
    <p class='ocr_par' dir='ltr' id='par_1_12' title="bbox 209 1167 1782 1239">
     <span class='ocr_line' id='line_1_12' title="bbox 209 1167 1782 1239; baseline -0.004 -15"><span class='ocrx_word' id='word_1_78' title='bbox 209 1181 407 1235; x_wconf 87' lang='lat' dir='ltr'><strong><em>tempus</em></strong></span> <span class='ocrx_word' id='word_1_79' title='bbox 450 1172 678 1239; x_wconf 89' lang='lat' dir='ltr'><strong><em>fuerant,</em></strong></span> <span class='ocrx_word' id='word_1_80' title='bbox 714 1169 1120 1238; x_wconf 86' lang='lat' dir='ltr'><strong><em>possessionum,</em></strong></span> <span class='ocrx_word' id='word_1_81' title='bbox 1152 1167 1462 1231; x_wconf 86' lang='lat' dir='ltr'><strong><em>aliarumque</em></strong></span> <span class='ocrx_word' id='word_1_82' title='bbox 1498 1181 1662 1219; x_wconf 87' lang='lat' dir='ltr'><strong><em>rerum</em></strong></span> <span class='ocrx_word' id='word_1_83' title='bbox 1702 1180 1782 1217; x_wconf 87' lang='lat' dir='ltr'><strong><em>ve-</em></strong></span> 
     </span>
    </p>
   </div>
   <div class='ocr_carea' id='block_1_13' title="bbox 209 1257 1779 1327">
    <p class='ocr_par' dir='ltr' id='par_1_13' title="bbox 209 1257 1779 1327">
     <span class='ocr_line' id='line_1_13' title="bbox 209 1257 1779 1327; baseline -0.003 -13"><span class='ocrx_word' id='word_1_84' title='bbox 209 1262 403 1314; x_wconf 90' lang='lat' dir='ltr'><strong><em>nalium</em></strong></span> <span class='ocrx_word' id='word_1_85' title='bbox 431 1261 589 1327; x_wconf 91' lang='lat' dir='ltr'><strong><em>pretia</em></strong></span> <span class='ocrx_word' id='word_1_86' title='bbox 612 1269 981 1314; x_wconf 80' lang='lat' dir='ltr'><strong><em>statuerentur.</em></strong></span> <span class='ocrx_word' id='word_1_87' title='bbox 1007 1258 1072 1313; x_wconf 84' lang='lat' dir='ltr'><strong><em>Et</em></strong></span> <span class='ocrx_word' id='word_1_88' title='bbox 1096 1270 1151 1312; x_wconf 90' lang='lat' dir='ltr'><strong><em>ut</em></strong></span> <span class='ocrx_word' id='word_1_89' title='bbox 1180 1274 1398 1311; x_wconf 75' lang='lat' dir='ltr'><strong><em>annona:</em></strong></span> <span class='ocrx_word' id='word_1_90' title='bbox 1421 1258 1561 1310; x_wconf 85' lang='lat' dir='ltr'><strong><em>urbis</em></strong></span> <span class='ocrx_word' id='word_1_91' title='bbox 1582 1257 1779 1324; x_wconf 86' lang='lat' dir='ltr'><strong><em>copiam</em></strong></span> 
     </span>
    </p>
   </div>
   <div class='ocr_carea' id='block_1_14' title="bbox 208 1337 1780 1424">
    <p class='ocr_par' dir='ltr' id='par_1_14' title="bbox 208 1337 1780 1424">
     <span class='ocr_line' id='line_1_14' title="bbox 208 1337 1780 1424; baseline -0.004 -16"><span class='ocrx_word' id='word_1_92' title='bbox 208 1356 462 1424; x_wconf 82' lang='lat' dir='ltr'><strong><em>efficeret,</em></strong></span> <span class='ocrx_word' id='word_1_93' title='bbox 502 1358 670 1424; x_wconf 89' lang='lat' dir='ltr'><strong><em>fossas</em></strong></span> <span class='ocrx_word' id='word_1_94' title='bbox 709 1354 908 1407; x_wconf 88' lang='lat' dir='ltr'><strong><em>incuria</em></strong></span> <span class='ocrx_word' id='word_1_95' title='bbox 936 1337 1195 1406; x_wconf 68' lang='lat' dir='ltr'><strong><em>vetustatis</em></strong></span> <span class='ocrx_word' id='word_1_96' title='bbox 1232 1352 1353 1404; x_wconf 85' lang='lat' dir='ltr'><strong><em>lima</em></strong></span> <span class='ocrx_word' id='word_1_97' title='bbox 1382 1352 1583 1403; x_wconf 86' lang='lat' dir='ltr'><strong><em>clausas</em></strong></span> <span class='ocrx_word' id='word_1_98' title='bbox 1610 1349 1780 1402; x_wconf 88' lang='lat' dir='ltr'><strong><em>labore</em></strong></span> 
     </span>
    </p>
   </div>
   <div class='ocr_carea' id='block_1_15' title="bbox 208 1443 1780 1515">
    <p class='ocr_par' dir='ltr' id='par_1_15' title="bbox 208 1443 1780 1515">
     <span class='ocr_line' id='line_1_15' title="bbox 208 1443 1780 1515; baseline -0.003 -15"><span class='ocrx_word' id='word_1_99' title='bbox 208 1447 426 1500; x_wconf 84' lang='lat' dir='ltr'><strong><em>militum</em></strong></span> <span class='ocrx_word' id='word_1_100' title='bbox 456 1448 689 1515; x_wconf 76' lang='lat' dir='ltr'><strong><em>patefecit</em></strong></span> <span class='ocrx_word' id='word_1_101' title='bbox 713 1488 726 1511; x_wconf 91' lang='lat'><strong><em>,</em></strong></span> <span class='ocrx_word' id='word_1_102' title='bbox 756 1456 803 1500; x_wconf 91' lang='lat' dir='ltr'><strong><em>et</em></strong></span> <span class='ocrx_word' id='word_1_103' title='bbox 834 1447 945 1500; x_wconf 85' lang='lat' dir='ltr'><strong><em>urbi</em></strong></span> <span class='ocrx_word' id='word_1_104' title='bbox 984 1463 1156 1500; x_wconf 89' lang='lat' dir='ltr'><strong><em>annua</em></strong></span> <span class='ocrx_word' id='word_1_105' title='bbox 1183 1462 1247 1499; x_wconf 86' lang='lat' dir='ltr'><strong><em>ex</em></strong></span> <span class='ocrx_word' id='word_1_106' title='bbox 1277 1443 1347 1498; x_wconf 53' lang='lat' dir='ltr'><strong><em>1E</em></strong></span> <span class='ocrx_word' id='word_1_107' title='bbox 1352 1453 1503 1515; x_wconf 81' lang='lat' dir='ltr'><strong><em>gypto</em></strong></span> <span class='ocrx_word' id='word_1_108' title='bbox 1528 1445 1780 1497; x_wconf 85' lang='lat' dir='ltr'><strong><em>ducenties</em></strong></span> 
     </span>
    </p>
   </div>
   <div class='ocr_carea' id='block_1_16' title="bbox 207 1534 1782 1606">
    <p class='ocr_par' dir='ltr' id='par_1_16' title="bbox 207 1534 1782 1606">
     <span class='ocr_line' id='line_1_16' title="bbox 207 1534 1782 1606; baseline -0.002 -15"><span class='ocrx_word' id='word_1_109' title='bbox 207 1548 420 1592; x_wconf 85' lang='lat' dir='ltr'><strong><em>centena</em></strong></span> <span class='ocrx_word' id='word_1_110' title='bbox 442 1537 606 1590; x_wconf 87' lang='lat' dir='ltr'><strong><em>millia</em></strong></span> <span class='ocrx_word' id='word_1_111' title='bbox 636 1538 871 1602; x_wconf 78' lang='lat' dir='ltr'><strong><em>frumenti</em></strong></span> <span class='ocrx_word' id='word_1_112' title='bbox 894 1537 1258 1605; x_wconf 87' lang='lat' dir='ltr'><strong><em>inferebantur.</em></strong></span> <span class='ocrx_word' id='word_1_113' title='bbox 1284 1534 1487 1589; x_wconf 86' lang='lat' dir='ltr'><strong><em>Interea</em></strong></span> <span class='ocrx_word' id='word_1_114' title='bbox 1506 1538 1655 1606; x_wconf 85' lang='lat' dir='ltr'><strong><em>jussu</em></strong></span> <span class='ocrx_word' id='word_1_115' title='bbox 1676 1534 1782 1589; x_wconf 77' lang='lat' dir='ltr'><strong><em>Ca!-</em></strong></span> 
     </span>
    </p>
   </div>
   <div class='ocr_carea' id='block_1_17' title="bbox 207 1626 1777 1700">
    <p class='ocr_par' dir='ltr' id='par_1_17' title="bbox 207 1626 1777 1700">
     <span class='ocr_line' id='line_1_17' title="bbox 207 1626 1777 1700; baseline -0.004 -16"><span class='ocrx_word' id='word_1_116' title='bbox 207 1632 339 1685; x_wconf 88' lang='lat' dir='ltr'><strong><em>saris</em></strong></span> <span class='ocrx_word' id='word_1_117' title='bbox 371 1630 524 1682; x_wconf 78' lang='lat' dir='ltr'><strong><em>occisi</em></strong></span> <span class='ocrx_word' id='word_1_118' title='bbox 554 1639 667 1682; x_wconf 90' lang='lat' dir='ltr'><strong><em>sunt</em></strong></span> <span class='ocrx_word' id='word_1_119' title='bbox 711 1633 878 1700; x_wconf 84' lang='lat' dir='ltr'><strong><em>major</em></strong></span> <span class='ocrx_word' id='word_1_120' title='bbox 906 1628 1113 1682; x_wconf 80' lang='lat' dir='ltr'><strong><em>Antonii</em></strong></span> <span class='ocrx_word' id='word_1_121' title='bbox 1137 1628 1274 1694; x_wconf 80' lang='lat' dir='ltr'><strong><em>ﬁlius</em></strong></span> <span class='ocrx_word' id='word_1_122' title='bbox 1295 1668 1307 1690; x_wconf 94' lang='lat'><strong><em>,</em></strong></span> <span class='ocrx_word' id='word_1_123' title='bbox 1335 1636 1383 1680; x_wconf 93' lang='lat' dir='ltr'><strong><em>et</em></strong></span> <span class='ocrx_word' id='word_1_124' title='bbox 1419 1626 1481 1679; x_wconf 85' lang='lat' dir='ltr'><strong><em>P.</em></strong></span> <span class='ocrx_word' id='word_1_125' title='bbox 1514 1626 1777 1690; x_wconf 79' lang='lat' dir='ltr'><strong><em>Canidius,</em></strong></span> 
     </span>
    </p>
   </div>
   <div class='ocr_carea' id='block_1_18' title="bbox 207 1718 1780 1789">
    <p class='ocr_par' dir='ltr' id='par_1_18' title="bbox 207 1718 1780 1789">
     <span class='ocr_line' id='line_1_18' title="bbox 207 1718 1780 1789; baseline -0.003 -14"><span class='ocrx_word' id='word_1_126' title='bbox 207 1723 569 1789; x_wconf 87' lang='lat' dir='ltr'><strong><em>infestissimus</em></strong></span> <span class='ocrx_word' id='word_1_127' title='bbox 595 1721 799 1789; x_wconf 84' lang='lat' dir='ltr'><strong><em>quidem</em></strong></span> <span class='ocrx_word' id='word_1_128' title='bbox 824 1719 1035 1784; x_wconf 78' lang='lat' dir='ltr'><strong><em>Ctesari,</em></strong></span> <span class='ocrx_word' id='word_1_129' title='bbox 1067 1720 1154 1772; x_wconf 91' lang='lat' dir='ltr'><strong><em>sed</em></strong></span> <span class='ocrx_word' id='word_1_130' title='bbox 1178 1730 1225 1771; x_wconf 91' lang='lat' dir='ltr'><strong><em>et</em></strong></span> <span class='ocrx_word' id='word_1_131' title='bbox 1251 1718 1470 1771; x_wconf 87' lang='lat' dir='ltr'><strong><em>Antonio</em></strong></span> <span class='ocrx_word' id='word_1_132' title='bbox 1492 1718 1705 1784; x_wconf 83' lang='lat' dir='ltr'><strong><em>infidus,</em></strong></span> <span class='ocrx_word' id='word_1_133' title='bbox 1734 1727 1780 1770; x_wconf 81' lang='lat' dir='ltr'><strong><em>ct</em></strong></span> 
     </span>
    </p>
   </div>
   <div class='ocr_carea' id='block_1_19' title="bbox 1881 516 3449 581">
    <p class='ocr_par' dir='ltr' id='par_1_19' title="bbox 1881 516 3449 581">
     <span class='ocr_line' id='line_1_19' title="bbox 1881 516 3449 581; baseline 0.008 -13"><span class='ocrx_word' id='word_1_134' title='bbox 1881 518 2130 570; x_wconf 78' lang='lat' dir='ltr'><strong><em>manentis</em></strong></span> <span class='ocrx_word' id='word_1_135' title='bbox 2154 516 2355 572; x_wconf 88' lang='lat' dir='ltr'><strong><em>abolitis</em></strong></span> <span class='ocrx_word' id='word_1_136' title='bbox 2401 519 2609 573; x_wconf 84' lang='lat' dir='ltr'><strong><em>censuit.</em></strong></span> <span class='ocrx_word' id='word_1_137' title='bbox 2642 518 2789 573; x_wconf 90' lang='lat' dir='ltr'><strong><em>Anno</em></strong></span> <span class='ocrx_word' id='word_1_138' title='bbox 2827 521 2890 573; x_wconf 92' lang='lat' dir='ltr'><strong><em>ab</em></strong></span> <span class='ocrx_word' id='word_1_139' title='bbox 2932 520 3067 576; x_wconf 86' lang='lat' dir='ltr'><strong><em>Urbe</em></strong></span> <span class='ocrx_word' id='word_1_140' title='bbox 3103 524 3306 579; x_wconf 86' lang='lat' dir='ltr'><strong><em>condita</em></strong></span> <span class='ocrx_word' id='word_1_141' title='bbox 3342 526 3449 581; x_wconf 72' lang='grc'><strong><em>726</em></strong></span> 
     </span>
    </p>
   </div>
   <div class='ocr_carea' id='block_1_20' title="bbox 1881 608 3444 686">
    <p class='ocr_par' dir='ltr' id='par_1_20' title="bbox 1881 608 3444 686">
     <span class='ocr_line' id='line_1_20' title="bbox 1881 608 3444 686; baseline 0.006 -24"><span class='ocrx_word' id='word_1_142' title='bbox 1881 608 2184 678; x_wconf 85' lang='lat' dir='ltr'><strong><em>imperatore</em></strong></span> <span class='ocrx_word' id='word_1_143' title='bbox 2214 612 2440 681; x_wconf 88' lang='lat' dir='ltr'><strong><em>Augusto</em></strong></span> <span class='ocrx_word' id='word_1_144' title='bbox 2464 611 2661 665; x_wconf 71' lang='lat' dir='ltr'><strong><em>Cesare</em></strong></span> <span class='ocrx_word' id='word_1_145' title='bbox 2688 613 2845 665; x_wconf 87' lang='lat' dir='ltr'><strong><em>sexies</em></strong></span> <span class='ocrx_word' id='word_1_146' title='bbox 2865 653 2880 676; x_wconf 90' lang='lat'><strong><em>,</em></strong></span> <span class='ocrx_word' id='word_1_147' title='bbox 2926 624 2971 666; x_wconf 93' lang='lat' dir='ltr'><strong><em>et</em></strong></span> <span class='ocrx_word' id='word_1_148' title='bbox 3000 614 3074 667; x_wconf 88' lang='lat' dir='ltr'><strong><em>bis</em></strong></span> <span class='ocrx_word' id='word_1_149' title='bbox 3104 613 3177 667; x_wconf 83' lang='grc' dir='ltr'><strong><em>Μ.</em></strong></span> <span class='ocrx_word' id='word_1_150' title='bbox 3214 616 3444 686; x_wconf 80' lang='lat' dir='ltr'><strong><em>Agrippa</em></strong></span> 
     </span>
    </p>
   </div>
   <div class='ocr_carea' id='block_1_21' title="bbox 1882 700 3448 771">
    <p class='ocr_par' dir='ltr' id='par_1_21' title="bbox 1882 700 3448 771">
     <span class='ocr_line' id='line_1_21' title="bbox 1882 700 3448 771; baseline 0.007 -19"><span class='ocrx_word' id='word_1_151' title='bbox 1882 714 2034 764; x_wconf 91' lang='lat' dir='ltr'><strong><em>coss.,</em></strong></span> <span class='ocrx_word' id='word_1_152' title='bbox 2064 700 2234 754; x_wconf 74' lang='lat' dir='ltr'><strong><em>Ctesar</em></strong></span> <span class='ocrx_word' id='word_1_153' title='bbox 2261 718 2441 771; x_wconf 89' lang='lat' dir='ltr'><strong><em>parum</em></strong></span> <span class='ocrx_word' id='word_1_154' title='bbox 2485 704 2538 756; x_wconf 90' lang='lat' dir='ltr'><strong><em>in</em></strong></span> <span class='ocrx_word' id='word_1_155' title='bbox 2570 701 2822 771; x_wconf 79' lang='lat' dir='ltr'><strong><em>Hispania</em></strong></span> <span class='ocrx_word' id='word_1_156' title='bbox 2872 721 2961 770; x_wconf 87' lang='lat' dir='ltr'><strong><em>per</em></strong></span> <span class='ocrx_word' id='word_1_157' title='bbox 3005 706 3245 760; x_wconf 87' lang='lat' dir='ltr'><strong><em>ducentos</em></strong></span> <span class='ocrx_word' id='word_1_158' title='bbox 3286 725 3448 764; x_wconf 92' lang='lat' dir='ltr'><strong><em>annos</em></strong></span> 
     </span>
    </p>
   </div>
   <div class='ocr_carea' id='block_1_22' title="bbox 1882 793 3443 865">
    <p class='ocr_par' dir='ltr' id='par_1_22' title="bbox 1882 793 3443 865">
     <span class='ocr_line' id='line_1_22' title="bbox 1882 793 3443 865; baseline 0.006 -21"><span class='ocrx_word' id='word_1_159' title='bbox 1882 801 2049 845; x_wconf 84' lang='lat' dir='ltr'><strong><em>actum</em></strong></span> <span class='ocrx_word' id='word_1_160' title='bbox 2093 793 2396 862; x_wconf 88' lang='lat' dir='ltr'><strong><em>intelligens,</em></strong></span> <span class='ocrx_word' id='word_1_161' title='bbox 2428 794 2471 846; x_wconf 90' lang='lat' dir='ltr'><strong><em>si</em></strong></span> <span class='ocrx_word' id='word_1_162' title='bbox 2515 793 2791 848; x_wconf 87' lang='lat' dir='ltr'><strong><em>Cantabros</em></strong></span> <span class='ocrx_word' id='word_1_163' title='bbox 2834 804 2982 865; x_wconf 90' lang='lat' dir='ltr'><strong><em>atque</em></strong></span> <span class='ocrx_word' id='word_1_164' title='bbox 3026 794 3269 864; x_wconf 69' lang='lat' dir='ltr'><strong><em>Astures,</em></strong></span> <span class='ocrx_word' id='word_1_165' title='bbox 3313 798 3443 854; x_wconf 89' lang='lat' dir='ltr'><strong><em>duas</em></strong></span> 
     </span>
    </p>
   </div>
   <div class='ocr_carea' id='block_1_23' title="bbox 1884 885 3450 963">
    <p class='ocr_par' dir='ltr' id='par_1_23' title="bbox 1884 885 3450 963">
     <span class='ocr_line' id='line_1_23' title="bbox 1884 885 3450 963; baseline 0.007 -26"><span class='ocrx_word' id='word_1_166' title='bbox 1884 885 2181 954; x_wconf 89' lang='lat' dir='ltr'><strong><em>fortissimas</em></strong></span> <span class='ocrx_word' id='word_1_167' title='bbox 2234 886 2498 957; x_wconf 69' lang='lat' dir='ltr'><strong><em>Hispaniae</em></strong></span> <span class='ocrx_word' id='word_1_168' title='bbox 2538 899 2729 958; x_wconf 80' lang='lat' dir='ltr'><strong><em>gentes,</em></strong></span> <span class='ocrx_word' id='word_1_169' title='bbox 2762 890 2866 943; x_wconf 84' lang='lat' dir='ltr'><strong><em>suis</em></strong></span> <span class='ocrx_word' id='word_1_170' title='bbox 2903 891 2977 943; x_wconf 87' lang='lat' dir='ltr'><strong><em>uti</em></strong></span> <span class='ocrx_word' id='word_1_171' title='bbox 3015 890 3207 961; x_wconf 85' lang='lat' dir='ltr'><strong><em>legibus</em></strong></span> <span class='ocrx_word' id='word_1_172' title='bbox 3244 893 3450 963; x_wconf 91' lang='lat' dir='ltr'><strong><em>sineret,</em></strong></span> 
     </span>
    </p>
   </div>
   <div class='ocr_carea' id='block_1_24' title="bbox 1883 978 3455 1049">
    <p class='ocr_par' dir='ltr' id='par_1_24' title="bbox 1883 978 3455 1049">
     <span class='ocr_line' id='line_1_24' title="bbox 1883 978 3455 1049; baseline 0.006 -20"><span class='ocrx_word' id='word_1_173' title='bbox 1883 979 2078 1047; x_wconf 88' lang='lat' dir='ltr'><strong><em>aperuit</em></strong></span> <span class='ocrx_word' id='word_1_174' title='bbox 2120 978 2245 1032; x_wconf 82' lang='lat' dir='ltr'><strong><em>Jani</em></strong></span> <span class='ocrx_word' id='word_1_175' title='bbox 2292 991 2464 1046; x_wconf 91' lang='lat' dir='ltr'><strong><em>portas</em></strong></span> <span class='ocrx_word' id='word_1_176' title='bbox 2505 990 2652 1049; x_wconf 90' lang='lat' dir='ltr'><strong><em>atque</em></strong></span> <span class='ocrx_word' id='word_1_177' title='bbox 2679 981 2730 1033; x_wconf 92' lang='lat' dir='ltr'><strong><em>in</em></strong></span> <span class='ocrx_word' id='word_1_178' title='bbox 2777 981 3058 1049; x_wconf 80' lang='lat' dir='ltr'><strong><em>Hispanias</em></strong></span> <span class='ocrx_word' id='word_1_179' title='bbox 3095 984 3200 1049; x_wconf 88' lang='lat' dir='ltr'><strong><em>ipse</em></strong></span> <span class='ocrx_word' id='word_1_180' title='bbox 3227 1001 3341 1038; x_wconf 89' lang='lat' dir='ltr'><strong><em>cum</em></strong></span> <span class='ocrx_word' id='word_1_181' title='bbox 3368 1003 3455 1040; x_wconf 73' lang='lat' dir='ltr'><strong><em>ex-</em></strong></span> 
     </span>
    </p>
   </div>
   <div class='ocr_carea' id='block_1_25' title="bbox 1883 1070 3450 1139">
    <p class='ocr_par' dir='ltr' id='par_1_25' title="bbox 1883 1070 3450 1139">
     <span class='ocr_line' id='line_1_25' title="bbox 1883 1070 3450 1139; baseline 0.005 -16"><span class='ocrx_word' id='word_1_182' title='bbox 1883 1070 2042 1123; x_wconf 88' lang='lat' dir='ltr'><strong><em>ercitu</em></strong></span> <span class='ocrx_word' id='word_1_183' title='bbox 2095 1071 2346 1139; x_wconf 89' lang='lat' dir='ltr'><strong><em>profectus</em></strong></span> <span class='ocrx_word' id='word_1_184' title='bbox 2388 1081 2480 1124; x_wconf 86' lang='lat' dir='ltr'><strong><em>est.</em></strong></span> <span class='ocrx_word' id='word_1_185' title='bbox 2545 1071 2789 1126; x_wconf 87' lang='lat' dir='ltr'><strong><em>Cantabri</em></strong></span> <span class='ocrx_word' id='word_1_186' title='bbox 2842 1084 2886 1126; x_wconf 91' lang='lat' dir='ltr'><strong><em>et</em></strong></span> <span class='ocrx_word' id='word_1_187' title='bbox 2937 1074 3145 1129; x_wconf 85' lang='lat' dir='ltr'><strong><em>Astures</em></strong></span> <span class='ocrx_word' id='word_1_188' title='bbox 3194 1074 3450 1131; x_wconf 73' lang='lat' dir='ltr'><strong><em>Gullcecia:</em></strong></span> 
     </span>
    </p>
   </div>
   <div class='ocr_carea' id='block_1_26' title="bbox 1884 1161 3451 1239">
    <p class='ocr_par' dir='ltr' id='par_1_26' title="bbox 1884 1161 3451 1239">
     <span class='ocr_line' id='line_1_26' title="bbox 1884 1161 3451 1239; baseline 0.004 -26"><span class='ocrx_word' id='word_1_189' title='bbox 1884 1161 2153 1230; x_wconf 67' lang='lat' dir='ltr'><strong><em>provinciae</em></strong></span> <span class='ocrx_word' id='word_1_190' title='bbox 2189 1162 2356 1231; x_wconf 88' lang='lat' dir='ltr'><strong><em>portio</em></strong></span> <span class='ocrx_word' id='word_1_191' title='bbox 2395 1172 2534 1226; x_wconf 91' lang='lat' dir='ltr'><strong><em>sunt,</em></strong></span> <span class='ocrx_word' id='word_1_192' title='bbox 2572 1179 2672 1232; x_wconf 90' lang='lat' dir='ltr'><strong><em>qua</em></strong></span> <span class='ocrx_word' id='word_1_193' title='bbox 2716 1174 2966 1218; x_wconf 71' lang='lat' dir='ltr'><strong><em>extentum</em></strong></span> <span class='ocrx_word' id='word_1_194' title='bbox 2999 1163 3230 1236; x_wconf 72' lang='lat' dir='ltr'><strong><em>Pyrenaei</em></strong></span> <span class='ocrx_word' id='word_1_195' title='bbox 3265 1168 3451 1239; x_wconf 87' lang='lat' dir='ltr'><strong><em>jugum</em></strong></span> 
     </span>
    </p>
   </div>
   <div class='ocr_carea' id='block_1_27' title="bbox 1883 1249 3447 1324">
    <p class='ocr_par' dir='ltr' id='par_1_27' title="bbox 1883 1249 3447 1324">
     <span class='ocr_line' id='line_1_27' title="bbox 1883 1249 3447 1324; baseline 0.006 -21"><span class='ocrx_word' id='word_1_196' title='bbox 1883 1249 2024 1304; x_wconf 83' lang='lat' dir='ltr'><strong><em>haud</em></strong></span> <span class='ocrx_word' id='word_1_197' title='bbox 2071 1252 2246 1319; x_wconf 84' lang='lat' dir='ltr'><strong><em>procul</em></strong></span> <span class='ocrx_word' id='word_1_198' title='bbox 2289 1254 2505 1306; x_wconf 88' lang='lat' dir='ltr'><strong><em>secundo</em></strong></span> <span class='ocrx_word' id='word_1_199' title='bbox 2547 1271 2734 1309; x_wconf 87' lang='lat' dir='ltr'><strong><em>oceano</em></strong></span> <span class='ocrx_word' id='word_1_200' title='bbox 2783 1259 3122 1324; x_wconf 86' lang='lat' dir='ltr'><strong><em>septentrione</em></strong></span> <span class='ocrx_word' id='word_1_201' title='bbox 3160 1260 3447 1313; x_wconf 79' lang='lat' dir='ltr'><strong><em>deducitur.</em></strong></span> 
     </span>
    </p>
   </div>
   <div class='ocr_carea' id='block_1_28' title="bbox 1886 1342 3450 1415">
    <p class='ocr_par' dir='ltr' id='par_1_28' title="bbox 1886 1342 3450 1415">
     <span class='ocr_line' id='line_1_28' title="bbox 1886 1342 3450 1415; baseline 0.006 -20"><span class='ocrx_word' id='word_1_202' title='bbox 1886 1342 1958 1395; x_wconf 88' lang='lat' dir='ltr'><strong><em>Hi</em></strong></span> <span class='ocrx_word' id='word_1_203' title='bbox 2002 1359 2100 1396; x_wconf 90' lang='lat' dir='ltr'><strong><em>non</em></strong></span> <span class='ocrx_word' id='word_1_204' title='bbox 2147 1343 2311 1396; x_wconf 91' lang='lat' dir='ltr'><strong><em>solum</em></strong></span> <span class='ocrx_word' id='word_1_205' title='bbox 2353 1346 2608 1413; x_wconf 88' lang='lat' dir='ltr'><strong><em>prapriam</em></strong></span> <span class='ocrx_word' id='word_1_206' title='bbox 2657 1346 2935 1402; x_wconf 89' lang='lat' dir='ltr'><strong><em>libertatem</em></strong></span> <span class='ocrx_word' id='word_1_207' title='bbox 2978 1349 3105 1403; x_wconf 91' lang='lat' dir='ltr'><strong><em>tueri</em></strong></span> <span class='ocrx_word' id='word_1_208' title='bbox 3144 1351 3328 1415; x_wconf 83' lang='lat' dir='ltr'><strong><em>parati,</em></strong></span> <span class='ocrx_word' id='word_1_209' title='bbox 3367 1367 3450 1405; x_wconf 86' lang='lat' dir='ltr'><strong><em>ve-</em></strong></span> 
     </span>
    </p>
   </div>
   <div class='ocr_carea' id='block_1_29' title="bbox 1884 1434 3453 1508">
    <p class='ocr_par' dir='ltr' id='par_1_29' title="bbox 1884 1434 3453 1508">
     <span class='ocr_line' id='line_1_29' title="bbox 1884 1434 3453 1508; baseline 0.006 -22"><span class='ocrx_word' id='word_1_210' title='bbox 1884 1450 1997 1486; x_wconf 88' lang='lat' dir='ltr'><strong><em>rum</em></strong></span> <span class='ocrx_word' id='word_1_211' title='bbox 2036 1434 2184 1486; x_wconf 87' lang='lat' dir='ltr'><strong><em>etiam</em></strong></span> <span class='ocrx_word' id='word_1_212' title='bbox 2232 1436 2556 1502; x_wconf 80' lang='lat' dir='ltr'><strong><em>ﬁnitimorum</em></strong></span> <span class='ocrx_word' id='word_1_213' title='bbox 2599 1439 2871 1507; x_wconf 72' lang='lat' dir='ltr'><strong><em>prwripere</em></strong></span> <span class='ocrx_word' id='word_1_214' title='bbox 2913 1442 3059 1502; x_wconf 88' lang='lat' dir='ltr'><strong><em>ausi,</em></strong></span> <span class='ocrx_word' id='word_1_215' title='bbox 3109 1439 3362 1508; x_wconf 86' lang='lat' dir='ltr'><strong><em>Vacceos,</em></strong></span> <span class='ocrx_word' id='word_1_216' title='bbox 3408 1449 3453 1495; x_wconf 90' lang='lat' dir='ltr'><strong><em>el</em></strong></span> 
     </span>
    </p>
   </div>
   <div class='ocr_carea' id='block_1_30' title="bbox 1883 1523 3451 1600">
    <p class='ocr_par' dir='ltr' id='par_1_30' title="bbox 1883 1523 3451 1600">
     <span class='ocr_line' id='line_1_30' title="bbox 1883 1523 3451 1600; baseline 0.005 -23"><span class='ocrx_word' id='word_1_217' title='bbox 1883 1523 2202 1597; x_wconf 78' lang='lat' dir='ltr'><strong><em>Turmogos,</em></strong></span> <span class='ocrx_word' id='word_1_218' title='bbox 2253 1537 2298 1580; x_wconf 92' lang='lat' dir='ltr'><strong><em>et</em></strong></span> <span class='ocrx_word' id='word_1_219' title='bbox 2346 1527 2627 1596; x_wconf 78' lang='lat' dir='ltr'><strong><em>Aurigouas</em></strong></span> <span class='ocrx_word' id='word_1_220' title='bbox 2665 1530 2879 1584; x_wconf 79' lang='lat' dir='ltr'><strong><em>assiduis</em></strong></span> <span class='ocrx_word' id='word_1_221' title='bbox 2926 1530 3266 1600; x_wconf 73' lang='lat' dir='ltr'><strong><em>eruptionibus</em></strong></span> <span class='ocrx_word' id='word_1_222' title='bbox 3294 1533 3451 1600; x_wconf 80' lang='lat' dir='ltr'><strong><em>depo-</em></strong></span> 
     </span>
    </p>
   </div>
   <div class='ocr_carea' id='block_1_31' title="bbox 1886 1615 3450 1692">
    <p class='ocr_par' dir='ltr' id='par_1_31' title="bbox 1886 1615 3450 1692">
     <span class='ocr_line' id='line_1_31' title="bbox 1886 1615 3450 1692; baseline 0.008 -25"><span class='ocrx_word' id='word_1_223' title='bbox 1886 1617 2207 1685; x_wconf 82' lang='lat' dir='ltr'><strong><em>putabantur.</em></strong></span> <span class='ocrx_word' id='word_1_224' title='bbox 2270 1615 2436 1686; x_wconf 87' lang='lat' dir='ltr'><strong><em>Igitur</em></strong></span> <span class='ocrx_word' id='word_1_225' title='bbox 2483 1617 2653 1672; x_wconf 80' lang='lat' dir='ltr'><strong><em>Ctesar</em></strong></span> <span class='ocrx_word' id='word_1_226' title='bbox 2693 1622 2830 1691; x_wconf 91' lang='lat' dir='ltr'><strong><em>apud</em></strong></span> <span class='ocrx_word' id='word_1_227' title='bbox 2890 1622 3230 1692; x_wconf 85' lang='lat' dir='ltr'><strong><em>Segissamam</em></strong></span> <span class='ocrx_word' id='word_1_228' title='bbox 3281 1636 3450 1679; x_wconf 91' lang='lat' dir='ltr'><strong><em>castra</em></strong></span> 
     </span>
    </p>
   </div>
   <div class='ocr_carea' id='block_1_32' title="bbox 1885 1711 3455 1783">
    <p class='ocr_par' dir='ltr' id='par_1_32' title="bbox 1885 1711 3455 1783">
     <span class='ocr_line' id='line_1_32' title="bbox 1885 1711 3455 1783; baseline 0.01 -24"><span class='ocrx_word' id='word_1_229' title='bbox 1885 1711 2075 1778; x_wconf 86' lang='lat' dir='ltr'><strong><em>posuit,</em></strong></span> <span class='ocrx_word' id='word_1_230' title='bbox 2106 1711 2259 1764; x_wconf 84' lang='lat' dir='ltr'><strong><em>tribus</em></strong></span> <span class='ocrx_word' id='word_1_231' title='bbox 2286 1713 2571 1781; x_wconf 83' lang='lat' dir='ltr'><strong><em>agminibus</em></strong></span> <span class='ocrx_word' id='word_1_232' title='bbox 2613 1723 2769 1767; x_wconf 91' lang='lat' dir='ltr'><strong><em>totam</em></strong></span> <span class='ocrx_word' id='word_1_233' title='bbox 2809 1730 2935 1782; x_wconf 91' lang='lat' dir='ltr'><strong><em>pene</em></strong></span> <span class='ocrx_word' id='word_1_234' title='bbox 2977 1717 3242 1783; x_wconf 85' lang='lat' dir='ltr'><strong><em>amplexus</em></strong></span> <span class='ocrx_word' id='word_1_235' title='bbox 3267 1719 3455 1774; x_wconf 86' lang='lat' dir='ltr'><strong><em>Canta-</em></strong></span> 
     </span>
    </p>
   </div>
   <div class='ocr_carea' id='block_1_33' title="bbox 208 1791 3458 1880">
    <p class='ocr_par' dir='ltr' id='par_1_33' title="bbox 208 1791 3458 1880">
     <span class='ocr_line' id='line_1_33' title="bbox 208 1791 3458 1880; baseline 0.001 -15"><span class='ocrx_word' id='word_1_236' title='bbox 208 1812 417 1866; x_wconf 86' lang='lat' dir='ltr'><strong><em>Cassius</em></strong></span> <span class='ocrx_word' id='word_1_237' title='bbox 461 1810 754 1865; x_wconf 84' lang='lat' dir='ltr'><strong><em>Parmensis</em></strong></span> <span class='ocrx_word' id='word_1_238' title='bbox 781 1855 794 1877; x_wconf 93' lang='lat'><strong><em>,</em></strong></span> <span class='ocrx_word' id='word_1_239' title='bbox 848 1812 1026 1865; x_wconf 87' lang='lat' dir='ltr'><strong><em>ultima</em></strong></span> <span class='ocrx_word' id='word_1_240' title='bbox 1055 1811 1230 1864; x_wconf 88' lang='lat' dir='ltr'><strong><em>violati</em></strong></span> <span class='ocrx_word' id='word_1_241' title='bbox 1276 1810 1435 1880; x_wconf 89' lang='lat' dir='ltr'><strong><em>patris</em></strong></span> <span class='ocrx_word' id='word_1_242' title='bbox 1464 1808 1674 1863; x_wconf 81' lang='lat' dir='ltr'><strong><em>Ctesaris</em></strong></span> <span class='ocrx_word' id='word_1_243' title='bbox 1711 1810 1785 1862; x_wconf 84' lang='lat' dir='ltr'><strong><em>vi-</em></strong></span> <span class='ocrx_word' id='word_1_244' title='bbox 1815 1791 1863 1852; x_wconf 70' lang='grc' dir='ltr'><strong>Β</strong></span> <span class='ocrx_word' id='word_1_245' title='bbox 1893 1803 2070 1855; x_wconf 73' lang='lat' dir='ltr'><strong><em>brium.</em></strong></span> <span class='ocrx_word' id='word_1_246' title='bbox 2107 1802 2205 1855; x_wconf 76' lang='lat' dir='ltr'><strong><em>Diu</em></strong></span> <span class='ocrx_word' id='word_1_247' title='bbox 2236 1805 2449 1874; x_wconf 80' lang='lat' dir='ltr'><strong><em>fatigato</em></strong></span> <span class='ocrx_word' id='word_1_248' title='bbox 2492 1806 2681 1873; x_wconf 87' lang='lat' dir='ltr'><strong><em>frustra</em></strong></span> <span class='ocrx_word' id='word_1_249' title='bbox 2723 1816 2875 1878; x_wconf 88' lang='lat' dir='ltr'><strong><em>atque</em></strong></span> <span class='ocrx_word' id='word_1_250' title='bbox 2917 1808 2969 1861; x_wconf 88' lang='lat' dir='ltr'><strong><em>in</em></strong></span> <span class='ocrx_word' id='word_1_251' title='bbox 3016 1810 3296 1877; x_wconf 86' lang='lat' dir='ltr'><strong><em>periculum</em></strong></span> <span class='ocrx_word' id='word_1_252' title='bbox 3323 1827 3458 1880; x_wconf 71' lang='lat' dir='ltr'><strong><em>saepe</em></strong></span> 
     </span>
    </p>
   </div>
   <div class='ocr_carea' id='block_1_34' title="bbox 208 1902 1784 1969">
    <p class='ocr_par' dir='ltr' id='par_1_34' title="bbox 208 1902 1784 1969">
     <span class='ocr_line' id='line_1_34' title="bbox 208 1902 1784 1969; baseline -0.005 -10"><span class='ocrx_word' id='word_1_253' title='bbox 208 1908 359 1959; x_wconf 90' lang='lat' dir='ltr'><strong><em>ctima</em></strong></span> <span class='ocrx_word' id='word_1_254' title='bbox 386 1948 401 1969; x_wconf 86' lang='lat'><strong><em>,</em></strong></span> <span class='ocrx_word' id='word_1_255' title='bbox 456 1914 502 1958; x_wconf 91' lang='lat' dir='ltr'><strong><em>et</em></strong></span> <span class='ocrx_word' id='word_1_256' title='bbox 550 1904 769 1969; x_wconf 80' lang='lat' dir='ltr'><strong><em>Quintus</em></strong></span> <span class='ocrx_word' id='word_1_257' title='bbox 812 1904 1019 1957; x_wconf 81' lang='lat' dir='ltr'><strong><em>Ovinius</em></strong></span> <span class='ocrx_word' id='word_1_258' title='bbox 1046 1948 1059 1969; x_wconf 90' lang='lat'><strong><em>,</em></strong></span> <span class='ocrx_word' id='word_1_259' title='bbox 1107 1903 1168 1957; x_wconf 90' lang='lat' dir='ltr'><strong><em>ob</em></strong></span> <span class='ocrx_word' id='word_1_260' title='bbox 1197 1918 1304 1955; x_wconf 92' lang='lat' dir='ltr'><strong><em>eam</em></strong></span> <span class='ocrx_word' id='word_1_261' title='bbox 1344 1902 1559 1956; x_wconf 88' lang='lat' dir='ltr'><strong><em>maxime</em></strong></span> <span class='ocrx_word' id='word_1_262' title='bbox 1590 1911 1784 1967; x_wconf 87' lang='lat' dir='ltr'><strong><em>notam,</em></strong></span> 
     </span>
    </p>
   </div>
   <div class='ocr_carea' id='block_1_35' title="bbox 207 1997 1787 2069">
    <p class='ocr_par' dir='ltr' id='par_1_35' title="bbox 207 1997 1787 2069">
     <span class='ocr_line' id='line_1_35' title="bbox 207 1997 1787 2069; baseline -0.003 -17"><span class='ocrx_word' id='word_1_263' title='bbox 207 2000 344 2069; x_wconf 85' lang='lat' dir='ltr'><strong><em>quod</em></strong></span> <span class='ocrx_word' id='word_1_264' title='bbox 374 1998 763 2054; x_wconf 75' lang='lat' dir='ltr'><strong><em>obscaenissimte</em></strong></span> <span class='ocrx_word' id='word_1_265' title='bbox 799 1999 1022 2067; x_wconf 83' lang='lat' dir='ltr'><strong><em>lanificio</em></strong></span> <span class='ocrx_word' id='word_1_266' title='bbox 1043 2040 1057 2062; x_wconf 92' lang='lat'><strong><em>,</em></strong></span> <span class='ocrx_word' id='word_1_267' title='bbox 1087 1998 1403 2067; x_wconf 86' lang='lat' dir='ltr'><strong><em>textrinoque</em></strong></span> <span class='ocrx_word' id='word_1_268' title='bbox 1427 1997 1613 2065; x_wconf 71' lang='lat' dir='ltr'><strong><em>regiam</em></strong></span> <span class='ocrx_word' id='word_1_269' title='bbox 1642 2012 1787 2050; x_wconf 82' lang='lat' dir='ltr'><strong><em>sena-</em></strong></span> 
     </span>
    </p>
   </div>
   <div class='ocr_carea' id='block_1_36' title="bbox 208 2089 1788 2160">
    <p class='ocr_par' dir='ltr' id='par_1_36' title="bbox 208 2089 1788 2160">
     <span class='ocr_line' id='line_1_36' title="bbox 208 2089 1788 2160; baseline -0.002 -14"><span class='ocrx_word' id='word_1_270' title='bbox 208 2105 288 2146; x_wconf 88' lang='lat' dir='ltr'><strong><em>tor</em></strong></span> <span class='ocrx_word' id='word_1_271' title='bbox 316 2096 496 2160; x_wconf 87' lang='lat' dir='ltr'><strong><em>populi</em></strong></span> <span class='ocrx_word' id='word_1_272' title='bbox 523 2094 739 2147; x_wconf 83' lang='lat' dir='ltr'><strong><em>Romani</em></strong></span> <span class='ocrx_word' id='word_1_273' title='bbox 764 2109 974 2158; x_wconf 68' lang='lat' dir='ltr'><strong><em>pra’esse</em></strong></span> <span class='ocrx_word' id='word_1_274' title='bbox 997 2108 1101 2145; x_wconf 90' lang='lat' dir='ltr'><strong><em>non</em></strong></span> <span class='ocrx_word' id='word_1_275' title='bbox 1136 2092 1422 2145; x_wconf 88' lang='lat' dir='ltr'><strong><em>erubuerat.</em></strong></span> <span class='ocrx_word' id='word_1_276' title='bbox 1464 2091 1657 2143; x_wconf 83' lang='lat' dir='ltr'><strong><em>Dehinc</em></strong></span> <span class='ocrx_word' id='word_1_277' title='bbox 1679 2089 1788 2143; x_wconf 76' lang='lat' dir='ltr'><strong><em>Ca:-</em></strong></span> 
     </span>
    </p>
   </div>
   <div class='ocr_carea' id='block_1_37' title="bbox 208 2182 1786 2254">
    <p class='ocr_par' dir='ltr' id='par_1_37' title="bbox 208 2182 1786 2254">
     <span class='ocr_line' id='line_1_37' title="bbox 208 2182 1786 2254; baseline -0.003 -16"><span class='ocrx_word' id='word_1_278' title='bbox 208 2201 296 2238; x_wconf 89' lang='lat' dir='ltr'><strong><em>sar</em></strong></span> <span class='ocrx_word' id='word_1_279' title='bbox 325 2186 640 2252; x_wconf 87' lang='lat' dir='ltr'><strong><em>pedestribus</em></strong></span> <span class='ocrx_word' id='word_1_280' title='bbox 662 2186 820 2254; x_wconf 87' lang='lat' dir='ltr'><strong><em>copiis</em></strong></span> <span class='ocrx_word' id='word_1_281' title='bbox 848 2185 899 2237; x_wconf 91' lang='lat' dir='ltr'><strong><em>in</em></strong></span> <span class='ocrx_word' id='word_1_282' title='bbox 925 2184 1130 2253; x_wconf 83' lang='lat' dir='ltr'><strong><em>Syriam</em></strong></span> <span class='ocrx_word' id='word_1_283' title='bbox 1156 2185 1304 2244; x_wconf 72' lang='lat' dir='ltr'><strong><em>venit,</em></strong></span> <span class='ocrx_word' id='word_1_284' title='bbox 1330 2183 1514 2236; x_wconf 82' lang='lat' dir='ltr'><strong><em>deinde</em></strong></span> <span class='ocrx_word' id='word_1_285' title='bbox 1536 2182 1589 2235; x_wconf 88' lang='lat' dir='ltr'><strong><em>in</em></strong></span> <span class='ocrx_word' id='word_1_286' title='bbox 1615 2183 1786 2235; x_wconf 89' lang='lat' dir='ltr'><strong><em>Asiam</em></strong></span> 
     </span>
    </p>
   </div>
   <div class='ocr_carea' id='block_1_38' title="bbox 209 2273 1788 2345">
    <p class='ocr_par' dir='ltr' id='par_1_38' title="bbox 209 2273 1788 2345">
     <span class='ocr_line' id='line_1_38' title="bbox 209 2273 1788 2345; baseline -0.002 -14"><span class='ocrx_word' id='word_1_287' title='bbox 209 2279 276 2331; x_wconf 90' lang='lat' dir='ltr'><strong><em>ad</em></strong></span> <span class='ocrx_word' id='word_1_288' title='bbox 320 2278 529 2331; x_wconf 77' lang='lat' dir='ltr'><strong><em>hiberna</em></strong></span> <span class='ocrx_word' id='word_1_289' title='bbox 548 2277 812 2345; x_wconf 84' lang='lat' dir='ltr'><strong><em>concessit,</em></strong></span> <span class='ocrx_word' id='word_1_290' title='bbox 836 2293 896 2329; x_wconf 92' lang='lat' dir='ltr'><strong><em>ac</em></strong></span> <span class='ocrx_word' id='word_1_291' title='bbox 919 2285 1027 2345; x_wconf 91' lang='lat' dir='ltr'><strong><em>post</em></strong></span> <span class='ocrx_word' id='word_1_292' title='bbox 1052 2293 1138 2345; x_wconf 89' lang='lat' dir='ltr'><strong><em>per</em></strong></span> <span class='ocrx_word' id='word_1_293' title='bbox 1161 2274 1414 2329; x_wconf 61' lang='lat' dir='ltr'><strong><em>Cnet-iam</em></strong></span> <span class='ocrx_word' id='word_1_294' title='bbox 1440 2273 1788 2328; x_wconf 87' lang='lat' dir='ltr'><strong><em>Brundusium</em></strong></span> 
     </span>
    </p>
   </div>
   <div class='ocr_carea' id='block_1_39' title="bbox 208 2378 588 2438">
    <p class='ocr_par' dir='ltr' id='par_1_39' title="bbox 208 2378 588 2438">
     <span class='ocr_line' id='line_1_39' title="bbox 208 2378 588 2438; baseline 0 -17"><span class='ocrx_word' id='word_1_295' title='bbox 208 2378 470 2438; x_wconf 81' lang='lat' dir='ltr'><strong><em>pervectus</em></strong></span> <span class='ocrx_word' id='word_1_296' title='bbox 496 2378 588 2423; x_wconf 86' lang='lat' dir='ltr'><strong><em>est.</em></strong></span> 
     </span>
    </p>
   </div>
   <div class='ocr_carea' id='block_1_40' title="bbox 818 2457 1201 2514">
    <p class='ocr_par' dir='ltr' id='par_1_40' title="bbox 818 2457 1201 2514">
     <span class='ocr_line' id='line_1_40' title="bbox 818 2457 1201 2514; baseline -0.005 -1"><span class='ocrx_word' id='word_1_297' title='bbox 818 2457 1201 2514; x_wconf 70' lang='lat' dir='ltr'><strong><em>AUGUSTUS.</em></strong></span> 
     </span>
    </p>
   </div>
   <div class='ocr_carea' id='block_1_41' title="bbox 279 2548 1789 2617">
    <p class='ocr_par' dir='ltr' id='par_1_41' title="bbox 279 2548 1789 2617">
     <span class='ocr_line' id='line_1_41' title="bbox 279 2548 1789 2617; baseline -0.002 -11"><span class='ocrx_word' id='word_1_298' title='bbox 279 2554 432 2607; x_wconf 87' lang='lat' dir='ltr'><strong><em>Anno</em></strong></span> <span class='ocrx_word' id='word_1_299' title='bbox 459 2553 521 2606; x_wconf 90' lang='lat' dir='ltr'><strong><em>ab</em></strong></span> <span class='ocrx_word' id='word_1_300' title='bbox 553 2550 689 2606; x_wconf 85' lang='lat' dir='ltr'><strong><em>Urbe</em></strong></span> <span class='ocrx_word' id='word_1_301' title='bbox 714 2551 920 2604; x_wconf 88' lang='lat' dir='ltr'><strong><em>condita</em></strong></span> <span class='ocrx_word' id='word_1_302' title='bbox 949 2550 1083 2616; x_wconf 77' lang='lat'><strong><em>7&#39;25,</em></strong></span> <span class='ocrx_word' id='word_1_303' title='bbox 1117 2551 1228 2617; x_wconf 90' lang='lat' dir='ltr'><strong><em>ipso</em></strong></span> <span class='ocrx_word' id='word_1_304' title='bbox 1257 2550 1562 2617; x_wconf 89' lang='lat' dir='ltr'><strong><em>imperatore</em></strong></span> <span class='ocrx_word' id='word_1_305' title='bbox 1591 2548 1789 2603; x_wconf 77' lang='lat' dir='ltr'><strong><em>Ctesare</em></strong></span> 
     </span>
    </p>
   </div>
   <div class='ocr_carea' id='block_1_42' title="bbox 208 2637 1791 2710">
    <p class='ocr_par' dir='ltr' id='par_1_42' title="bbox 208 2637 1791 2710">
     <span class='ocr_line' id='line_1_42' title="bbox 208 2637 1791 2710; baseline -0.004 -13"><span class='ocrx_word' id='word_1_306' title='bbox 208 2643 440 2710; x_wconf 85' lang='lat' dir='ltr'><strong><em>Augusto</em></strong></span> <span class='ocrx_word' id='word_1_307' title='bbox 465 2641 528 2706; x_wconf 74' lang='grc' dir='ltr'><strong><em>ν,</em></strong></span> <span class='ocrx_word' id='word_1_308' title='bbox 556 2652 605 2696; x_wconf 87' lang='lat' dir='ltr'><strong><em>et</em></strong></span> <span class='ocrx_word' id='word_1_309' title='bbox 636 2640 695 2695; x_wconf 91' lang='lat' dir='ltr'><strong><em>L.</em></strong></span> <span class='ocrx_word' id='word_1_310' title='bbox 720 2641 934 2710; x_wconf 86' lang='lat' dir='ltr'><strong><em>Apuleio</em></strong></span> <span class='ocrx_word' id='word_1_311' title='bbox 956 2655 1114 2707; x_wconf 86' lang='lat' dir='ltr'><strong><em>coss.,</em></strong></span> <span class='ocrx_word' id='word_1_312' title='bbox 1144 2637 1313 2692; x_wconf 65' lang='lat' dir='ltr'><strong><em>Cursor</em></strong></span> <span class='ocrx_word' id='word_1_313' title='bbox 1342 2640 1496 2690; x_wconf 88' lang='lat' dir='ltr'><strong><em>victor</em></strong></span> <span class='ocrx_word' id='word_1_314' title='bbox 1517 2638 1579 2690; x_wconf 92' lang='lat' dir='ltr'><strong><em>ab</em></strong></span> <span class='ocrx_word' id='word_1_315' title='bbox 1606 2638 1791 2690; x_wconf 82' lang='lat' dir='ltr'><strong><em>Orien-</em></strong></span> 
     </span>
    </p>
   </div>
   <div class='ocr_carea' id='block_1_43' title="bbox 207 2729 1790 2799">
    <p class='ocr_par' dir='ltr' id='par_1_43' title="bbox 207 2729 1790 2799">
     <span class='ocr_line' id='line_1_43' title="bbox 207 2729 1790 2799; baseline -0.003 -10"><span class='ocrx_word' id='word_1_316' title='bbox 207 2746 256 2789; x_wconf 90' lang='lat' dir='ltr'><strong><em>te</em></strong></span> <span class='ocrx_word' id='word_1_317' title='bbox 284 2736 489 2788; x_wconf 89' lang='lat' dir='ltr'><strong><em>rediens</em></strong></span> <span class='ocrx_word' id='word_1_318' title='bbox 517 2749 610 2787; x_wconf 84' lang='lat' dir='ltr'><strong><em>vm</em></strong></span> <span class='ocrx_word' id='word_1_319' title='bbox 642 2732 770 2786; x_wconf 88' lang='lat' dir='ltr'><strong><em>ldus</em></strong></span> <span class='ocrx_word' id='word_1_320' title='bbox 798 2730 1035 2785; x_wconf 85' lang='lat' dir='ltr'><strong><em>Januarii</em></strong></span> <span class='ocrx_word' id='word_1_321' title='bbox 1057 2775 1071 2798; x_wconf 91' lang='lat'><strong><em>,</em></strong></span> <span class='ocrx_word' id='word_1_322' title='bbox 1108 2731 1291 2786; x_wconf 82' lang='lat' dir='ltr'><strong><em>Urbem</em></strong></span> <span class='ocrx_word' id='word_1_323' title='bbox 1320 2730 1507 2799; x_wconf 73' lang='lat' dir='ltr'><strong><em>triplici</em></strong></span> <span class='ocrx_word' id='word_1_324' title='bbox 1532 2729 1790 2797; x_wconf 88' lang='lat' dir='ltr'><strong><em>triumpho</em></strong></span> 
     </span>
    </p>
   </div>
   <div class='ocr_carea' id='block_1_44' title="bbox 206 2821 1789 2895">
    <p class='ocr_par' dir='ltr' id='par_1_44' title="bbox 206 2821 1789 2895">
     <span class='ocr_line' id='line_1_44' title="bbox 206 2821 1789 2895; baseline -0.002 -17"><span class='ocrx_word' id='word_1_325' title='bbox 206 2825 471 2895; x_wconf 87' lang='lat' dir='ltr'><strong><em>ingressus</em></strong></span> <span class='ocrx_word' id='word_1_326' title='bbox 500 2833 594 2877; x_wconf 91' lang='lat' dir='ltr'><strong><em>est.</em></strong></span> <span class='ocrx_word' id='word_1_327' title='bbox 624 2822 774 2876; x_wconf 91' lang='lat' dir='ltr'><strong><em>Ducti</em></strong></span> <span class='ocrx_word' id='word_1_328' title='bbox 800 2832 915 2877; x_wconf 88' lang='lat' dir='ltr'><strong><em>sunt</em></strong></span> <span class='ocrx_word' id='word_1_329' title='bbox 943 2832 1058 2876; x_wconf 87' lang='lat' dir='ltr'><strong><em>ante</em></strong></span> <span class='ocrx_word' id='word_1_330' title='bbox 1088 2825 1197 2892; x_wconf 82' lang='lat' dir='ltr'><strong><em>ejus</em></strong></span> <span class='ocrx_word' id='word_1_331' title='bbox 1218 2838 1422 2875; x_wconf 90' lang='lat' dir='ltr'><strong><em>currum</em></strong></span> <span class='ocrx_word' id='word_1_332' title='bbox 1452 2821 1548 2876; x_wconf 89' lang='lat' dir='ltr'><strong><em>Sol</em></strong></span> <span class='ocrx_word' id='word_1_333' title='bbox 1572 2832 1617 2875; x_wconf 92' lang='lat' dir='ltr'><strong><em>et</em></strong></span> <span class='ocrx_word' id='word_1_334' title='bbox 1645 2821 1789 2875; x_wconf 89' lang='lat' dir='ltr'><strong><em>Luna</em></strong></span> 
     </span>
    </p>
   </div>
   <div class='ocr_carea' id='block_1_45' title="bbox 208 2913 1792 2987">
    <p class='ocr_par' dir='ltr' id='par_1_45' title="bbox 208 2913 1792 2987">
     <span class='ocr_line' id='line_1_45' title="bbox 208 2913 1792 2987; baseline -0.001 -16"><span class='ocrx_word' id='word_1_335' title='bbox 208 2915 495 2987; x_wconf 79' lang='lat' dir='ltr'><strong><em>Cleopatra:</em></strong></span> <span class='ocrx_word' id='word_1_336' title='bbox 523 2919 666 2971; x_wconf 89' lang='lat' dir='ltr'><strong><em>liberi</em></strong></span> <span class='ocrx_word' id='word_1_337' title='bbox 689 2933 707 2971; x_wconf 91' lang='lat'><strong><em>:</em></strong></span> <span class='ocrx_word' id='word_1_338' title='bbox 734 2934 794 2970; x_wconf 92' lang='lat' dir='ltr'><strong><em>ac</em></strong></span> <span class='ocrx_word' id='word_1_339' title='bbox 821 2927 923 2970; x_wconf 90' lang='lat' dir='ltr'><strong><em>tum</em></strong></span> <span class='ocrx_word' id='word_1_340' title='bbox 952 2919 1173 2987; x_wconf 90' lang='lat' dir='ltr'><strong><em>primum</em></strong></span> <span class='ocrx_word' id='word_1_341' title='bbox 1198 2919 1305 2987; x_wconf 88' lang='lat' dir='ltr'><strong><em>ipse</em></strong></span> <span class='ocrx_word' id='word_1_342' title='bbox 1333 2925 1505 2987; x_wconf 88' lang='lat' dir='ltr'><strong><em>portas</em></strong></span> <span class='ocrx_word' id='word_1_343' title='bbox 1533 2913 1681 2981; x_wconf 87' lang='lat' dir='ltr'><strong><em>Jani,</em></strong></span> <span class='ocrx_word' id='word_1_344' title='bbox 1709 2932 1792 2970; x_wconf 89' lang='lat' dir='ltr'><strong><em>so-</em></strong></span> 
     </span>
    </p>
   </div>
   <div class='ocr_carea' id='block_1_46' title="bbox 210 3010 1793 3082">
    <p class='ocr_par' dir='ltr' id='par_1_46' title="bbox 210 3010 1793 3082">
     <span class='ocr_line' id='line_1_46' title="bbox 210 3010 1793 3082; baseline -0.001 -18"><span class='ocrx_word' id='word_1_345' title='bbox 210 3011 336 3082; x_wconf 87' lang='lat' dir='ltr'><strong><em>pitis</em></strong></span> <span class='ocrx_word' id='word_1_346' title='bbox 387 3011 641 3080; x_wconf 81' lang='lat' dir='ltr'><strong><em>finitisque</em></strong></span> <span class='ocrx_word' id='word_1_347' title='bbox 669 3011 899 3066; x_wconf 90' lang='lat' dir='ltr'><strong><em>omnibus</em></strong></span> <span class='ocrx_word' id='word_1_348' title='bbox 926 3011 1066 3065; x_wconf 87' lang='lat' dir='ltr'><strong><em>bellis</em></strong></span> <span class='ocrx_word' id='word_1_349' title='bbox 1093 3012 1343 3076; x_wconf 88' lang='lat' dir='ltr'><strong><em>civilibus,</em></strong></span> <span class='ocrx_word' id='word_1_350' title='bbox 1383 3011 1590 3065; x_wconf 86' lang='lat' dir='ltr'><strong><em>clausit.</em></strong></span> <span class='ocrx_word' id='word_1_351' title='bbox 1623 3010 1793 3063; x_wconf 83' lang='lat' dir='ltr'><strong><em>Hodie</em></strong></span> 
     </span>
    </p>
   </div>
   <div class='ocr_carea' id='block_1_47' title="bbox 208 3105 1793 3178">
    <p class='ocr_par' dir='ltr' id='par_1_47' title="bbox 208 3105 1793 3178">
     <span class='ocr_line' id='line_1_47' title="bbox 208 3105 1793 3178; baseline -0.001 -19"><span class='ocrx_word' id='word_1_352' title='bbox 208 3107 436 3178; x_wconf 80' lang='lat' dir='ltr'><strong><em>primum</em></strong></span> <span class='ocrx_word' id='word_1_353' title='bbox 481 3109 765 3173; x_wconf 84' lang='lat' dir='ltr'><strong><em>Augustus,</em></strong></span> <span class='ocrx_word' id='word_1_354' title='bbox 805 3105 937 3174; x_wconf 88' lang='lat' dir='ltr'><strong><em>quod</em></strong></span> <span class='ocrx_word' id='word_1_355' title='bbox 975 3121 1137 3173; x_wconf 87' lang='lat' dir='ltr'><strong><em>remp.</em></strong></span> <span class='ocrx_word' id='word_1_356' title='bbox 1179 3105 1407 3169; x_wconf 88' lang='lat' dir='ltr'><strong><em>auxerit,</em></strong></span> <span class='ocrx_word' id='word_1_357' title='bbox 1448 3105 1793 3158; x_wconf 89' lang='lat' dir='ltr'><strong><em>consalutatus</em></strong></span> 
     </span>
    </p>
   </div>
   <div class='ocr_carea' id='block_1_48' title="bbox 1890 1896 3459 1971">
    <p class='ocr_par' dir='ltr' id='par_1_48' title="bbox 1890 1896 3459 1971">
     <span class='ocr_line' id='line_1_48' title="bbox 1890 1896 3459 1971; baseline 0.008 -24"><span class='ocrx_word' id='word_1_358' title='bbox 1890 1896 2043 1948; x_wconf 90' lang='lat' dir='ltr'><strong><em>ducto</em></strong></span> <span class='ocrx_word' id='word_1_359' title='bbox 2086 1897 2301 1949; x_wconf 83' lang='lat' dir='ltr'><strong><em>exercitu</em></strong></span> <span class='ocrx_word' id='word_1_360' title='bbox 2327 1940 2341 1961; x_wconf 93' lang='lat'><strong><em>,</em></strong></span> <span class='ocrx_word' id='word_1_361' title='bbox 2373 1899 2576 1951; x_wconf 84' lang='lat' dir='ltr'><strong><em>tandem</em></strong></span> <span class='ocrx_word' id='word_1_362' title='bbox 2605 1900 2665 1951; x_wconf 90' lang='lat' dir='ltr'><strong><em>ab</em></strong></span> <span class='ocrx_word' id='word_1_363' title='bbox 2693 1900 2994 1969; x_wconf 80' lang='lat' dir='ltr'><strong><em>Aquitanica</em></strong></span> <span class='ocrx_word' id='word_1_364' title='bbox 3037 1901 3150 1956; x_wconf 87' lang='lat' dir='ltr'><strong><em>sinu</em></strong></span> <span class='ocrx_word' id='word_1_365' title='bbox 3177 1919 3266 1971; x_wconf 88' lang='lat' dir='ltr'><strong><em>per</em></strong></span> <span class='ocrx_word' id='word_1_366' title='bbox 3297 1904 3459 1958; x_wconf 85' lang='lat' dir='ltr'><strong><em>Ocea-</em></strong></span> 
     </span>
    </p>
   </div>
   <div class='ocr_carea' id='block_1_49' title="bbox 1891 1990 3459 2068">
    <p class='ocr_par' dir='ltr' id='par_1_49' title="bbox 1891 1990 3459 2068">
     <span class='ocr_line' id='line_1_49' title="bbox 1891 1990 3459 2068; baseline 0.007 -26"><span class='ocrx_word' id='word_1_367' title='bbox 1891 2005 2008 2042; x_wconf 91' lang='lat' dir='ltr'><strong><em>num</em></strong></span> <span class='ocrx_word' id='word_1_368' title='bbox 2035 1990 2253 2043; x_wconf 85' lang='lat' dir='ltr'><strong><em>incautis</em></strong></span> <span class='ocrx_word' id='word_1_369' title='bbox 2294 1992 2519 2045; x_wconf 83' lang='lat' dir='ltr'><strong><em>hostibus</em></strong></span> <span class='ocrx_word' id='word_1_370' title='bbox 2545 1993 2799 2046; x_wconf 87' lang='lat' dir='ltr'><strong><em>admoveri</em></strong></span> <span class='ocrx_word' id='word_1_371' title='bbox 2847 1995 3057 2048; x_wconf 85' lang='lat' dir='ltr'><strong><em>classem</em></strong></span> <span class='ocrx_word' id='word_1_372' title='bbox 3101 2005 3247 2064; x_wconf 90' lang='lat' dir='ltr'><strong><em>atque</em></strong></span> <span class='ocrx_word' id='word_1_373' title='bbox 3274 1999 3459 2068; x_wconf 80' lang='lat' dir='ltr'><strong><em>exponi</em></strong></span> 
     </span>
    </p>
   </div>
   <div class='ocr_carea' id='block_1_50' title="bbox 1888 2082 3462 2152">
    <p class='ocr_par' dir='ltr' id='par_1_50' title="bbox 1888 2082 3462 2152">
     <span class='ocr_line' id='line_1_50' title="bbox 1888 2082 3462 2152; baseline 0.007 -19"><span class='ocrx_word' id='word_1_374' title='bbox 1888 2082 2062 2147; x_wconf 91' lang='lat' dir='ltr'><strong><em>copias</em></strong></span> <span class='ocrx_word' id='word_1_375' title='bbox 2095 2082 2258 2152; x_wconf 88' lang='lat' dir='ltr'><strong><em>jubet.</em></strong></span> <span class='ocrx_word' id='word_1_376' title='bbox 2309 2082 2440 2135; x_wconf 87' lang='lat' dir='ltr'><strong><em>Tum</em></strong></span> <span class='ocrx_word' id='word_1_377' title='bbox 2470 2083 2671 2137; x_wconf 88' lang='lat' dir='ltr'><strong><em>demum</em></strong></span> <span class='ocrx_word' id='word_1_378' title='bbox 2699 2085 2940 2139; x_wconf 80' lang='lat' dir='ltr'><strong><em>Cantabri</em></strong></span> <span class='ocrx_word' id='word_1_379' title='bbox 2964 2088 3057 2140; x_wconf 89' lang='lat' dir='ltr'><strong><em>sub</em></strong></span> <span class='ocrx_word' id='word_1_380' title='bbox 3086 2088 3328 2143; x_wconf 76' lang='lat' dir='ltr'><strong><em>mnibus</em></strong></span> <span class='ocrx_word' id='word_1_381' title='bbox 3369 2091 3462 2144; x_wconf 89' lang='lat' dir='ltr'><strong><em>At-</em></strong></span> 
     </span>
    </p>
   </div>
   <div class='ocr_carea' id='block_1_51' title="bbox 1892 2172 3456 2243">
    <p class='ocr_par' dir='ltr' id='par_1_51' title="bbox 1892 2172 3456 2243">
     <span class='ocr_line' id='line_1_51' title="bbox 1892 2172 3456 2243; baseline 0.007 -20"><span class='ocrx_word' id='word_1_382' title='bbox 1892 2172 2003 2225; x_wconf 77' lang='lat' dir='ltr'><strong><em>tica:</em></strong></span> <span class='ocrx_word' id='word_1_383' title='bbox 2022 2175 2242 2226; x_wconf 86' lang='lat' dir='ltr'><strong><em>maximo</em></strong></span> <span class='ocrx_word' id='word_1_384' title='bbox 2269 2177 2523 2243; x_wconf 80' lang='lat' dir='ltr'><strong><em>congressi</em></strong></span> <span class='ocrx_word' id='word_1_385' title='bbox 2550 2174 2697 2241; x_wconf 89' lang='lat' dir='ltr'><strong><em>bello,</em></strong></span> <span class='ocrx_word' id='word_1_386' title='bbox 2724 2185 2767 2229; x_wconf 93' lang='lat' dir='ltr'><strong><em>et</em></strong></span> <span class='ocrx_word' id='word_1_387' title='bbox 2799 2179 2931 2239; x_wconf 89' lang='lat' dir='ltr'><strong><em>victi,</em></strong></span> <span class='ocrx_word' id='word_1_388' title='bbox 2956 2179 3009 2231; x_wconf 92' lang='lat' dir='ltr'><strong><em>in</em></strong></span> <span class='ocrx_word' id='word_1_389' title='bbox 3047 2177 3284 2232; x_wconf 84' lang='lat' dir='ltr'><strong><em>Vinnium</em></strong></span> <span class='ocrx_word' id='word_1_390' title='bbox 3308 2196 3456 2234; x_wconf 84' lang='lat' dir='ltr'><strong><em>mon-</em></strong></span> 
     </span>
    </p>
   </div>
   <div class='ocr_carea' id='block_1_52' title="bbox 1889 2264 3460 2337">
    <p class='ocr_par' dir='ltr' id='par_1_52' title="bbox 1889 2264 3460 2337">
     <span class='ocr_line' id='line_1_52' title="bbox 1889 2264 3460 2337; baseline 0.008 -24"><span class='ocrx_word' id='word_1_391' title='bbox 1889 2271 1987 2315; x_wconf 90' lang='lat' dir='ltr'><strong><em>tem</em></strong></span> <span class='ocrx_word' id='word_1_392' title='bbox 2010 2271 2189 2316; x_wconf 89' lang='lat' dir='ltr'><strong><em>natura</em></strong></span> <span class='ocrx_word' id='word_1_393' title='bbox 2215 2264 2516 2317; x_wconf 87' lang='lat' dir='ltr'><strong><em>tutissimum</em></strong></span> <span class='ocrx_word' id='word_1_394' title='bbox 2545 2267 2897 2336; x_wconf 89' lang='lat' dir='ltr'><strong><em>confugerunt,</em></strong></span> <span class='ocrx_word' id='word_1_395' title='bbox 2922 2269 3006 2321; x_wconf 89' lang='lat' dir='ltr'><strong><em>ubi</em></strong></span> <span class='ocrx_word' id='word_1_396' title='bbox 3028 2269 3162 2337; x_wconf 88' lang='lat' dir='ltr'><strong><em>fame</em></strong></span> <span class='ocrx_word' id='word_1_397' title='bbox 3185 2270 3460 2326; x_wconf 86' lang='lat' dir='ltr'><strong><em>obsidionis</em></strong></span> 
     </span>
    </p>
   </div>
   <div class='ocr_carea' id='block_1_53' title="bbox 1888 2355 3464 2426">
    <p class='ocr_par' dir='ltr' id='par_1_53' title="bbox 1888 2355 3464 2426">
     <span class='ocr_line' id='line_1_53' title="bbox 1888 2355 3464 2426; baseline 0.009 -21"><span class='ocrx_word' id='word_1_398' title='bbox 1888 2355 1956 2405; x_wconf 90' lang='lat' dir='ltr'><strong><em>ad</em></strong></span> <span class='ocrx_word' id='word_1_399' title='bbox 1984 2366 2259 2409; x_wconf 83' lang='lat' dir='ltr'><strong><em>extremum</em></strong></span> <span class='ocrx_word' id='word_1_400' title='bbox 2294 2373 2417 2426; x_wconf 87' lang='lat' dir='ltr'><strong><em>pene</em></strong></span> <span class='ocrx_word' id='word_1_401' title='bbox 2457 2362 2742 2426; x_wconf 83' lang='lat' dir='ltr'><strong><em>consumpti</em></strong></span> <span class='ocrx_word' id='word_1_402' title='bbox 2782 2371 2919 2414; x_wconf 91' lang='lat' dir='ltr'><strong><em>sunt.</em></strong></span> <span class='ocrx_word' id='word_1_403' title='bbox 2968 2362 3250 2416; x_wconf 84' lang='lat' dir='ltr'><strong><em>Tracilium</em></strong></span> <span class='ocrx_word' id='word_1_404' title='bbox 3282 2366 3464 2419; x_wconf 89' lang='lat' dir='ltr'><strong><em>deinde</em></strong></span> 
     </span>
    </p>
   </div>
   <div class='ocr_carea' id='block_1_54' title="bbox 1890 2448 3462 2527">
    <p class='ocr_par' dir='ltr' id='par_1_54' title="bbox 1890 2448 3462 2527">
     <span class='ocr_line' id='line_1_54' title="bbox 1890 2448 3462 2527; baseline 0.009 -28"><span class='ocrx_word' id='word_1_405' title='bbox 1890 2448 2133 2514; x_wconf 82' lang='lat' dir='ltr'><strong><em>Oppidum</em></strong></span> <span class='ocrx_word' id='word_1_406' title='bbox 2154 2465 2335 2518; x_wconf 77' lang='lat' dir='ltr'><strong><em>magna</em></strong></span> <span class='ocrx_word' id='word_1_407' title='bbox 2369 2450 2415 2503; x_wconf 91' lang='lat' dir='ltr'><strong><em>vi</em></strong></span> <span class='ocrx_word' id='word_1_408' title='bbox 2460 2466 2523 2503; x_wconf 86' lang='lat' dir='ltr'><strong><em>ao</em></strong></span> <span class='ocrx_word' id='word_1_409' title='bbox 2545 2452 2631 2503; x_wconf 91' lang='lat' dir='ltr'><strong><em>diu</em></strong></span> <span class='ocrx_word' id='word_1_410' title='bbox 2653 2469 2958 2523; x_wconf 85' lang='lat' dir='ltr'><strong><em>repugnans,</em></strong></span> <span class='ocrx_word' id='word_1_411' title='bbox 2985 2467 3233 2522; x_wconf 87' lang='lat' dir='ltr'><strong><em>postremo</em></strong></span> <span class='ocrx_word' id='word_1_412' title='bbox 3260 2467 3462 2527; x_wconf 88' lang='lat' dir='ltr'><strong><em>captum</em></strong></span> 
     </span>
    </p>
   </div>
   <div class='ocr_carea' id='block_1_55' title="bbox 1890 2541 3462 2621">
    <p class='ocr_par' dir='ltr' id='par_1_55' title="bbox 1890 2541 3462 2621">
     <span class='ocr_line' id='line_1_55' title="bbox 1890 2541 3462 2621; baseline 0.008 -28"><span class='ocrx_word' id='word_1_413' title='bbox 1890 2556 1950 2593; x_wconf 92' lang='lat' dir='ltr'><strong><em>ac</em></strong></span> <span class='ocrx_word' id='word_1_414' title='bbox 1974 2541 2200 2594; x_wconf 86' lang='lat' dir='ltr'><strong><em>dirutum</em></strong></span> <span class='ocrx_word' id='word_1_415' title='bbox 2238 2551 2328 2595; x_wconf 91' lang='lat' dir='ltr'><strong><em>est.</em></strong></span> <span class='ocrx_word' id='word_1_416' title='bbox 2378 2541 2631 2598; x_wconf 83' lang='lat' dir='ltr'><strong><em>Prteterea</em></strong></span> <span class='ocrx_word' id='word_1_417' title='bbox 2672 2547 2934 2600; x_wconf 86' lang='lat' dir='ltr'><strong><em>ulteriores</em></strong></span> <span class='ocrx_word' id='word_1_418' title='bbox 2982 2546 3243 2603; x_wconf 79' lang='lat' dir='ltr'><strong><em>Galltecite</em></strong></span> <span class='ocrx_word' id='word_1_419' title='bbox 3270 2560 3462 2621; x_wconf 90' lang='lat' dir='ltr'><strong><em>partes,</em></strong></span> 
     </span>
    </p>
   </div>
   <div class='ocr_carea' id='block_1_56' title="bbox 1892 2635 3462 2714">
    <p class='ocr_par' dir='ltr' id='par_1_56' title="bbox 1892 2635 3462 2714">
     <span class='ocr_line' id='line_1_56' title="bbox 1892 2635 3462 2714; baseline 0.009 -30"><span class='ocrx_word' id='word_1_420' title='bbox 1892 2649 2005 2702; x_wconf 80' lang='lat' dir='ltr'><strong><em>qua:</em></strong></span> <span class='ocrx_word' id='word_1_421' title='bbox 2039 2635 2292 2688; x_wconf 85' lang='lat' dir='ltr'><strong><em>montibus</em></strong></span> <span class='ocrx_word' id='word_1_422' title='bbox 2334 2636 2572 2706; x_wconf 73' lang='lat' dir='ltr'><strong><em>silvisque</em></strong></span> <span class='ocrx_word' id='word_1_423' title='bbox 2612 2639 2815 2692; x_wconf 83' lang='lat' dir='ltr'><strong><em>consita:</em></strong></span> <span class='ocrx_word' id='word_1_424' title='bbox 2865 2637 3065 2694; x_wconf 88' lang='lat' dir='ltr'><strong><em>Oceano</em></strong></span> <span class='ocrx_word' id='word_1_425' title='bbox 3108 2644 3462 2714; x_wconf 84' lang='lat' dir='ltr'><strong><em>terminantur,</em></strong></span> 
     </span>
    </p>
   </div>
   <div class='ocr_carea' id='block_1_57' title="bbox 1893 2727 3465 2806">
    <p class='ocr_par' dir='ltr' id='par_1_57' title="bbox 1893 2727 3465 2806">
     <span class='ocr_line' id='line_1_57' title="bbox 1893 2727 3465 2806; baseline 0.008 -29"><span class='ocrx_word' id='word_1_426' title='bbox 1893 2727 2140 2779; x_wconf 82' lang='lat' dir='ltr'><strong><em>Antistius</em></strong></span> <span class='ocrx_word' id='word_1_427' title='bbox 2169 2737 2213 2781; x_wconf 91' lang='lat' dir='ltr'><strong><em>et</em></strong></span> <span class='ocrx_word' id='word_1_428' title='bbox 2242 2727 2472 2781; x_wconf 82' lang='lat' dir='ltr'><strong><em>Firmius</em></strong></span> <span class='ocrx_word' id='word_1_429' title='bbox 2517 2731 2668 2799; x_wconf 83' lang='lat' dir='ltr'><strong><em>legati</em></strong></span> <span class='ocrx_word' id='word_1_430' title='bbox 2716 2733 2913 2801; x_wconf 87' lang='lat' dir='ltr'><strong><em>magnis</em></strong></span> <span class='ocrx_word' id='word_1_431' title='bbox 2958 2735 3294 2806; x_wconf 84' lang='lat' dir='ltr'><strong><em>gravibusque</em></strong></span> <span class='ocrx_word' id='word_1_432' title='bbox 3323 2737 3465 2790; x_wconf 90' lang='lat' dir='ltr'><strong><em>bellis</em></strong></span> 
     </span>
    </p>
   </div>
   <div class='ocr_carea' id='block_1_58' title="bbox 1895 2820 3464 2897">
    <p class='ocr_par' dir='ltr' id='par_1_58' title="bbox 1895 2820 3464 2897">
     <span class='ocr_line' id='line_1_58' title="bbox 1895 2820 3464 2897; baseline 0.008 -28"><span class='ocrx_word' id='word_1_433' title='bbox 1895 2820 2309 2884; x_wconf 83' lang='lat' dir='ltr'><strong><em>perdomncrunt.</em></strong></span> <span class='ocrx_word' id='word_1_434' title='bbox 2346 2820 2483 2874; x_wconf 85' lang='lat' dir='ltr'><strong><em>Nam</em></strong></span> <span class='ocrx_word' id='word_1_435' title='bbox 2513 2830 2558 2874; x_wconf 90' lang='lat' dir='ltr'><strong><em>et</em></strong></span> <span class='ocrx_word' id='word_1_436' title='bbox 2589 2821 2897 2876; x_wconf 76' lang='lat' dir='ltr'><strong><em>Medullium</em></strong></span> <span class='ocrx_word' id='word_1_437' title='bbox 2920 2835 3136 2878; x_wconf 89' lang='lat' dir='ltr'><strong><em>montem</em></strong></span> <span class='ocrx_word' id='word_1_438' title='bbox 3170 2825 3333 2880; x_wconf 80' lang='lat' dir='ltr'><strong><em>Minio</em></strong></span> <span class='ocrx_word' id='word_1_439' title='bbox 3362 2822 3464 2897; x_wconf 74' lang='lat' dir='ltr'><strong><em>ﬂu-</em></strong></span> 
     </span>
    </p>
   </div>
   <div class='ocr_carea' id='block_1_59' title="bbox 1893 2915 3463 2983">
    <p class='ocr_par' dir='ltr' id='par_1_59' title="bbox 1893 2915 3463 2983">
     <span class='ocr_line' id='line_1_59' title="bbox 1893 2915 3463 2983; baseline 0.004 -15"><span class='ocrx_word' id='word_1_440' title='bbox 1893 2915 2016 2968; x_wconf 89' lang='lat' dir='ltr'><strong><em>mini</em></strong></span> <span class='ocrx_word' id='word_1_441' title='bbox 2042 2915 2403 2981; x_wconf 86' lang='lat' dir='ltr'><strong><em>imminentem,</em></strong></span> <span class='ocrx_word' id='word_1_442' title='bbox 2426 2916 2477 2967; x_wconf 93' lang='lat' dir='ltr'><strong><em>in</em></strong></span> <span class='ocrx_word' id='word_1_443' title='bbox 2502 2931 2601 2983; x_wconf 89' lang='lat' dir='ltr'><strong><em>quo</em></strong></span> <span class='ocrx_word' id='word_1_444' title='bbox 2624 2931 2676 2969; x_wconf 91' lang='lat' dir='ltr'><strong><em>se</em></strong></span> <span class='ocrx_word' id='word_1_445' title='bbox 2695 2933 2878 2983; x_wconf 87' lang='lat' dir='ltr'><strong><em>magna</em></strong></span> <span class='ocrx_word' id='word_1_446' title='bbox 2901 2918 3174 2971; x_wconf 90' lang='lat' dir='ltr'><strong><em>multitudo</em></strong></span> <span class='ocrx_word' id='word_1_447' title='bbox 3197 2918 3463 2974; x_wconf 85' lang='lat' dir='ltr'><strong><em>hominum</em></strong></span> 
     </span>
    </p>
   </div>
   <div class='ocr_carea' id='block_1_60' title="bbox 1894 3007 3462 3079">
    <p class='ocr_par' dir='ltr' id='par_1_60' title="bbox 1894 3007 3462 3079">
     <span class='ocr_line' id='line_1_60' title="bbox 1894 3007 3462 3079; baseline 0.003 -20"><span class='ocrx_word' id='word_1_448' title='bbox 1894 3007 2146 3071; x_wconf 90' lang='lat' dir='ltr'><strong><em>tuebatur,</em></strong></span> <span class='ocrx_word' id='word_1_449' title='bbox 2177 3024 2264 3076; x_wconf 89' lang='lat' dir='ltr'><strong><em>per</em></strong></span> <span class='ocrx_word' id='word_1_450' title='bbox 2291 3007 2578 3075; x_wconf 88' lang='lat' dir='ltr'><strong><em>quindecim</em></strong></span> <span class='ocrx_word' id='word_1_451' title='bbox 2607 3008 2770 3063; x_wconf 91' lang='lat' dir='ltr'><strong><em>millia</em></strong></span> <span class='ocrx_word' id='word_1_452' title='bbox 2810 3026 3051 3077; x_wconf 86' lang='lat' dir='ltr'><strong><em>passuum</em></strong></span> <span class='ocrx_word' id='word_1_453' title='bbox 3077 3010 3214 3079; x_wconf 92' lang='lat' dir='ltr'><strong><em>fossa</em></strong></span> <span class='ocrx_word' id='word_1_454' title='bbox 3240 3013 3462 3066; x_wconf 75' lang='lat' dir='ltr'><strong><em>circum-</em></strong></span> 
     </span>
    </p>
   </div>
   <div class='ocr_carea' id='block_1_61' title="bbox 1892 3098 3462 3176">
    <p class='ocr_par' dir='ltr' id='par_1_61' title="bbox 1892 3098 3462 3176">
     <span class='ocr_line' id='line_1_61' title="bbox 1892 3098 3462 3176; baseline 0.008 -25"><span class='ocrx_word' id='word_1_455' title='bbox 1892 3106 2106 3165; x_wconf 87' lang='lat' dir='ltr'><strong><em>septum,</em></strong></span> <span class='ocrx_word' id='word_1_456' title='bbox 2135 3098 2392 3152; x_wconf 88' lang='lat' dir='ltr'><strong><em>obsidione</em></strong></span> <span class='ocrx_word' id='word_1_457' title='bbox 2420 3101 2707 3155; x_wconf 86' lang='lat' dir='ltr'><strong><em>cinxerunt.</em></strong></span> <span class='ocrx_word' id='word_1_458' title='bbox 2738 3100 2919 3173; x_wconf 83' lang='lat' dir='ltr'><strong><em>Itaque</em></strong></span> <span class='ocrx_word' id='word_1_459' title='bbox 2941 3104 3025 3157; x_wconf 88' lang='lat' dir='ltr'><strong><em>ubi</em></strong></span> <span class='ocrx_word' id='word_1_460' title='bbox 3054 3121 3108 3158; x_wconf 86' lang='lat' dir='ltr'><strong><em>se</em></strong></span> <span class='ocrx_word' id='word_1_461' title='bbox 3135 3122 3255 3176; x_wconf 86' lang='lat' dir='ltr'><strong><em>gens</em></strong></span> <span class='ocrx_word' id='word_1_462' title='bbox 3294 3108 3462 3164; x_wconf 82' lang='lat' dir='ltr'><strong><em>homi-</em></strong></span> 
     </span>
    </p>
   </div>
   <div class='ocr_carea' id='block_1_62' title="bbox 215 3170 1792 3267">
    <p class='ocr_par' dir='ltr' id='par_1_62' title="bbox 215 3193 1790 3267">
     <span class='ocr_line' id='line_1_62' title="bbox 215 3193 1790 3267; baseline -0.002 -16"><span class='ocrx_word' id='word_1_463' title='bbox 215 3208 289 3252; x_wconf 92' lang='lat' dir='ltr'><strong><em>est</em></strong></span> <span class='ocrx_word' id='word_1_464' title='bbox 318 3212 337 3251; x_wconf 90' lang='lat'><strong><em>:</em></strong></span> <span class='ocrx_word' id='word_1_465' title='bbox 363 3197 500 3267; x_wconf 88' lang='lat' dir='ltr'><strong><em>quod</em></strong></span> <span class='ocrx_word' id='word_1_466' title='bbox 541 3212 723 3250; x_wconf 82' lang='lat' dir='ltr'><strong><em>nomen</em></strong></span> <span class='ocrx_word' id='word_1_467' title='bbox 766 3196 959 3249; x_wconf 89' lang='lat' dir='ltr'><strong><em>cunctis</em></strong></span> <span class='ocrx_word' id='word_1_468' title='bbox 993 3204 1142 3248; x_wconf 85' lang='lat' dir='ltr'><strong><em>antea</em></strong></span> <span class='ocrx_word' id='word_1_469' title='bbox 1182 3193 1506 3258; x_wconf 85' lang='lat' dir='ltr'><strong><em>inviolatum,</em></strong></span> <span class='ocrx_word' id='word_1_470' title='bbox 1534 3206 1579 3248; x_wconf 91' lang='lat' dir='ltr'><strong><em>et</em></strong></span> <span class='ocrx_word' id='word_1_471' title='bbox 1608 3194 1790 3248; x_wconf 82' lang='lat' dir='ltr'><strong><em>hucus-</em></strong></span> 
     </span>
    </p>
   </div>
   <div class='ocr_carea' id='block_1_63' title="bbox 1893 3170 3466 3267">
    <p class='ocr_par' dir='ltr' id='par_1_63' title="bbox 1898 3190 3466 3263">
     <span class='ocr_line' id='line_1_63' title="bbox 1898 3190 3466 3263; baseline 0.009 -22"><span class='ocrx_word' id='word_1_472' title='bbox 1898 3206 2021 3242; x_wconf 87' lang='lat' dir='ltr'><strong><em>num</em></strong></span> <span class='ocrx_word' id='word_1_473' title='bbox 2069 3200 2184 3242; x_wconf 84' lang='lat' dir='ltr'><strong><em>trux</em></strong></span> <span class='ocrx_word' id='word_1_474' title='bbox 2229 3200 2275 3243; x_wconf 94' lang='lat' dir='ltr'><strong><em>et</em></strong></span> <span class='ocrx_word' id='word_1_475' title='bbox 2303 3190 2447 3260; x_wconf 83' lang='lat' dir='ltr'><strong><em>ferox</em></strong></span> <span class='ocrx_word' id='word_1_476' title='bbox 2489 3202 2693 3259; x_wconf 88' lang='lat' dir='ltr'><strong><em>natura,</em></strong></span> <span class='ocrx_word' id='word_1_477' title='bbox 2725 3210 2885 3263; x_wconf 85' lang='lat' dir='ltr'><strong><em>neque</em></strong></span> <span class='ocrx_word' id='word_1_478' title='bbox 2912 3195 3190 3252; x_wconf 77' lang='lat' dir='ltr'><strong><em>toleranda:</em></strong></span> <span class='ocrx_word' id='word_1_479' title='bbox 3217 3198 3466 3255; x_wconf 82' lang='lat' dir='ltr'><strong><em>obsidioni</em></strong></span> 
     </span>
    </p>
   </div>
   <div class='ocr_carea' id='block_1_64' title="bbox 208 3287 1791 3359">
    <p class='ocr_par' dir='ltr' id='par_1_64' title="bbox 208 3287 1791 3359">
     <span class='ocr_line' id='line_1_64' title="bbox 208 3287 1791 3359; baseline -0.003 -17"><span class='ocrx_word' id='word_1_480' title='bbox 208 3306 310 3359; x_wconf 84' lang='lat' dir='ltr'><strong><em>que</em></strong></span> <span class='ocrx_word' id='word_1_481' title='bbox 337 3288 530 3343; x_wconf 66' lang='lat' dir='ltr'><strong><em>ceteris</em></strong></span> <span class='ocrx_word' id='word_1_482' title='bbox 561 3288 819 3353; x_wconf 88' lang='lat' dir='ltr'><strong><em>inausum,</em></strong></span> <span class='ocrx_word' id='word_1_483' title='bbox 847 3288 1064 3340; x_wconf 89' lang='lat' dir='ltr'><strong><em>dominis</em></strong></span> <span class='ocrx_word' id='word_1_484' title='bbox 1092 3295 1285 3340; x_wconf 88' lang='lat' dir='ltr'><strong><em>tantum</em></strong></span> <span class='ocrx_word' id='word_1_485' title='bbox 1317 3289 1448 3338; x_wconf 88' lang='lat' dir='ltr'><strong><em>orbis</em></strong></span> <span class='ocrx_word' id='word_1_486' title='bbox 1476 3287 1611 3339; x_wconf 79' lang='lat' dir='ltr'><strong><em>licite</em></strong></span> <span class='ocrx_word' id='word_1_487' title='bbox 1638 3303 1791 3339; x_wconf 90' lang='lat' dir='ltr'><strong><em>usur-</em></strong></span> 
     </span>
    </p>
   </div>
   <div class='ocr_carea' id='block_1_65' title="bbox 207 3380 1794 3451">
    <p class='ocr_par' dir='ltr' id='par_1_65' title="bbox 207 3380 1794 3451">
     <span class='ocr_line' id='line_1_65' title="bbox 207 3380 1794 3451; baseline 0.002 -18"><span class='ocrx_word' id='word_1_488' title='bbox 207 3392 409 3451; x_wconf 87' lang='lat' dir='ltr'><strong><em>patum,</em></strong></span> <span class='ocrx_word' id='word_1_489' title='bbox 446 3381 639 3449; x_wconf 89' lang='lat' dir='ltr'><strong><em>apicem</em></strong></span> <span class='ocrx_word' id='word_1_490' title='bbox 669 3380 896 3433; x_wconf 89' lang='lat' dir='ltr'><strong><em>declarat</em></strong></span> <span class='ocrx_word' id='word_1_491' title='bbox 939 3380 1170 3450; x_wconf 84' lang='lat' dir='ltr'><strong><em>imperii,</em></strong></span> <span class='ocrx_word' id='word_1_492' title='bbox 1211 3389 1361 3449; x_wconf 91' lang='lat' dir='ltr'><strong><em>atque</em></strong></span> <span class='ocrx_word' id='word_1_493' title='bbox 1395 3396 1456 3434; x_wconf 89' lang='lat' dir='ltr'><strong><em>ex</em></strong></span> <span class='ocrx_word' id='word_1_494' title='bbox 1501 3381 1675 3434; x_wconf 88' lang='lat' dir='ltr'><strong><em>eadem</em></strong></span> <span class='ocrx_word' id='word_1_495' title='bbox 1713 3380 1794 3436; x_wconf 80' lang='lat' dir='ltr'><strong><em>die</em></strong></span> 
     </span>
    </p>
   </div>
   <div class='ocr_carea' id='block_1_66' title="bbox 204 3472 1790 3541">
    <p class='ocr_par' dir='ltr' id='par_1_66' title="bbox 204 3472 1790 3541">
     <span class='ocr_line' id='line_1_66' title="bbox 204 3472 1790 3541; baseline -0.002 -15"><span class='ocrx_word' id='word_1_496' title='bbox 204 3487 413 3526; x_wconf 88' lang='lat' dir='ltr'><strong><em>sumnta</em></strong></span> <span class='ocrx_word' id='word_1_497' title='bbox 458 3486 628 3523; x_wconf 89' lang='lat' dir='ltr'><strong><em>rerum</em></strong></span> <span class='ocrx_word' id='word_1_498' title='bbox 672 3486 733 3523; x_wconf 91' lang='lat' dir='ltr'><strong><em>ac</em></strong></span> <span class='ocrx_word' id='word_1_499' title='bbox 784 3478 1086 3538; x_wconf 86' lang='lat' dir='ltr'><strong><em>potestatum</em></strong></span> <span class='ocrx_word' id='word_1_500' title='bbox 1124 3487 1275 3538; x_wconf 88' lang='lat' dir='ltr'><strong><em>penes</em></strong></span> <span class='ocrx_word' id='word_1_501' title='bbox 1304 3488 1459 3524; x_wconf 80' lang='lat' dir='ltr'><strong><em>tinum</em></strong></span> <span class='ocrx_word' id='word_1_502' title='bbox 1487 3487 1593 3524; x_wconf 90' lang='lat' dir='ltr'><strong><em>esse</em></strong></span> <span class='ocrx_word' id='word_1_503' title='bbox 1621 3472 1790 3541; x_wconf 66' lang='lat' dir='ltr'><strong><em>carpit,</em></strong></span> 
     </span>
    </p>
   </div>
   <div class='ocr_carea' id='block_1_67' title="bbox 205 3560 1794 3638">
    <p class='ocr_par' dir='ltr' id='par_1_67' title="bbox 205 3560 1794 3638">
     <span class='ocr_line' id='line_1_67' title="bbox 205 3560 1794 3638; baseline -0.002 -22"><span class='ocrx_word' id='word_1_504' title='bbox 205 3572 254 3617; x_wconf 86' lang='lat' dir='ltr'><strong><em>et</em></strong></span> <span class='ocrx_word' id='word_1_505' title='bbox 284 3562 494 3624; x_wconf 87' lang='lat' dir='ltr'><strong><em>mansit,</em></strong></span> <span class='ocrx_word' id='word_1_506' title='bbox 513 3561 646 3629; x_wconf 87' lang='lat' dir='ltr'><strong><em>quod</em></strong></span> <span class='ocrx_word' id='word_1_507' title='bbox 670 3560 833 3615; x_wconf 63' lang='grc' dir='ltr'><strong><em>(ἐτιτοὲ</em></strong></span> <span class='ocrx_word' id='word_1_508' title='bbox 861 3566 1149 3638; x_wconf 78' lang='grc' dir='ltr'><strong><em>μοναρχίαν</em></strong></span> <span class='ocrx_word' id='word_1_509' title='bbox 1173 3570 1370 3614; x_wconf 88' lang='lat' dir='ltr'><strong><em>vocant.</em></strong></span> <span class='ocrx_word' id='word_1_510' title='bbox 1401 3561 1508 3615; x_wconf 83' lang='lat' dir='ltr'><strong><em>Nec</em></strong></span> <span class='ocrx_word' id='word_1_511' title='bbox 1537 3562 1643 3614; x_wconf 90' lang='lat' dir='ltr'><strong><em>ullo</em></strong></span> <span class='ocrx_word' id='word_1_512' title='bbox 1670 3571 1794 3614; x_wconf 90' lang='lat' dir='ltr'><strong><em>tem-</em></strong></span> 
     </span>
    </p>
   </div>
   <div class='ocr_carea' id='block_1_68' title="bbox 204 3650 1795 3724">
    <p class='ocr_par' dir='ltr' id='par_1_68' title="bbox 204 3650 1795 3724">
     <span class='ocr_line' id='line_1_68' title="bbox 204 3650 1795 3724; baseline -0.002 -17"><span class='ocrx_word' id='word_1_513' title='bbox 204 3650 333 3723; x_wconf 80' lang='lat' dir='ltr'><strong><em>pore</em></strong></span> <span class='ocrx_word' id='word_1_514' title='bbox 361 3663 479 3705; x_wconf 90' lang='lat' dir='ltr'><strong><em>ante</em></strong></span> <span class='ocrx_word' id='word_1_515' title='bbox 504 3651 755 3706; x_wconf 76' lang='lat' dir='ltr'><strong><em>Ca&#39;sarem</em></strong></span> <span class='ocrx_word' id='word_1_516' title='bbox 783 3652 1067 3723; x_wconf 82' lang='lat' dir='ltr'><strong><em>Augustum</em></strong></span> <span class='ocrx_word' id='word_1_517' title='bbox 1088 3654 1249 3724; x_wconf 87' lang='lat' dir='ltr'><strong><em>magis</em></strong></span> <span class='ocrx_word' id='word_1_518' title='bbox 1304 3653 1533 3707; x_wconf 81' lang='lat' dir='ltr'><strong><em>Romana</em></strong></span> <span class='ocrx_word' id='word_1_519' title='bbox 1580 3669 1659 3706; x_wconf 93' lang='lat' dir='ltr'><strong><em>res</em></strong></span> <span class='ocrx_word' id='word_1_520' title='bbox 1697 3653 1795 3721; x_wconf 76' lang='lat' dir='ltr'><strong><em>ﬂo-</em></strong></span> 
     </span>
    </p>
   </div>
   <div class='ocr_carea' id='block_1_69' title="bbox 204 3742 1795 3811">
    <p class='ocr_par' dir='ltr' id='par_1_69' title="bbox 204 3742 1795 3811">
     <span class='ocr_line' id='line_1_69' title="bbox 204 3742 1795 3811; baseline -0.001 -12"><span class='ocrx_word' id='word_1_521' title='bbox 204 3747 335 3799; x_wconf 85' lang='lat' dir='ltr'><strong><em>ruit.</em></strong></span> <span class='ocrx_word' id='word_1_522' title='bbox 363 3742 504 3797; x_wconf 84' lang='lat' dir='ltr'><strong><em>Nam</em></strong></span> <span class='ocrx_word' id='word_1_523' title='bbox 532 3759 643 3797; x_wconf 84' lang='lat' dir='ltr'><strong><em>curn</em></strong></span> <span class='ocrx_word' id='word_1_524' title='bbox 673 3744 857 3811; x_wconf 84' lang='lat' dir='ltr'><strong><em>primo,</em></strong></span> <span class='ocrx_word' id='word_1_525' title='bbox 893 3744 950 3798; x_wconf 90' lang='lat' dir='ltr'><strong><em>C.</em></strong></span> <span class='ocrx_word' id='word_1_526' title='bbox 996 3742 1196 3799; x_wconf 77' lang='lat' dir='ltr'><strong><em>Ctesare</em></strong></span> <span class='ocrx_word' id='word_1_527' title='bbox 1241 3745 1487 3799; x_wconf 83' lang='lat' dir='ltr'><strong><em>avunculo</em></strong></span> <span class='ocrx_word' id='word_1_528' title='bbox 1524 3760 1615 3798; x_wconf 86' lang='lat' dir='ltr'><strong><em>suo</em></strong></span> <span class='ocrx_word' id='word_1_529' title='bbox 1644 3744 1795 3797; x_wconf 89' lang='lat' dir='ltr'><strong><em>inter-</em></strong></span> 
     </span>
    </p>
   </div>
   <div class='ocr_carea' id='block_1_70' title="bbox 210 3834 1794 3907">
    <p class='ocr_par' dir='ltr' id='par_1_70' title="bbox 210 3834 1794 3907">
     <span class='ocr_line' id='line_1_70' title="bbox 210 3834 1794 3907; baseline -0.001 -18"><span class='ocrx_word' id='word_1_530' title='bbox 210 3839 381 3907; x_wconf 89' lang='lat' dir='ltr'><strong><em>fecto,</em></strong></span> <span class='ocrx_word' id='word_1_531' title='bbox 405 3852 467 3888; x_wconf 85' lang='lat' dir='ltr'><strong><em>ex</em></strong></span> <span class='ocrx_word' id='word_1_532' title='bbox 488 3836 763 3901; x_wconf 85' lang='lat' dir='ltr'><strong><em>Apollonia</em></strong></span> <span class='ocrx_word' id='word_1_533' title='bbox 800 3836 996 3889; x_wconf 89' lang='lat' dir='ltr'><strong><em>rediens</em></strong></span> <span class='ocrx_word' id='word_1_534' title='bbox 1049 3834 1232 3890; x_wconf 85' lang='lat' dir='ltr'><strong><em>Urbem</em></strong></span> <span class='ocrx_word' id='word_1_535' title='bbox 1275 3837 1635 3906; x_wconf 83' lang='lat' dir='ltr'><strong><em>ingrederetur,</em></strong></span> <span class='ocrx_word' id='word_1_536' title='bbox 1669 3837 1794 3888; x_wconf 84' lang='lat' dir='ltr'><strong><em>hora</em></strong></span> 
     </span>
    </p>
   </div>
   <div class='ocr_carea' id='block_1_71' title="bbox 209 3928 1797 3998">
    <p class='ocr_par' dir='ltr' id='par_1_71' title="bbox 209 3928 1797 3998">
     <span class='ocr_line' id='line_1_71' title="bbox 209 3928 1797 3998; baseline 0 -17"><span class='ocrx_word' id='word_1_537' title='bbox 209 3928 417 3981; x_wconf 89' lang='lat' dir='ltr'><strong><em>circiter</em></strong></span> <span class='ocrx_word' id='word_1_538' title='bbox 446 3928 616 3994; x_wconf 89' lang='lat' dir='ltr'><strong><em>tertia,</em></strong></span> <span class='ocrx_word' id='word_1_539' title='bbox 639 3938 839 3998; x_wconf 88' lang='lat' dir='ltr'><strong><em>repente</em></strong></span> <span class='ocrx_word' id='word_1_540' title='bbox 864 3945 991 3997; x_wconf 90' lang='lat' dir='ltr'><strong><em>puro</em></strong></span> <span class='ocrx_word' id='word_1_541' title='bbox 1026 3945 1087 3982; x_wconf 89' lang='lat' dir='ltr'><strong><em>ac</em></strong></span> <span class='ocrx_word' id='word_1_542' title='bbox 1140 3928 1334 3996; x_wconf 87' lang='lat' dir='ltr'><strong><em>liquido</em></strong></span> <span class='ocrx_word' id='word_1_543' title='bbox 1361 3944 1538 3981; x_wconf 88' lang='lat' dir='ltr'><strong><em>sereno</em></strong></span> <span class='ocrx_word' id='word_1_544' title='bbox 1576 3928 1797 3993; x_wconf 82' lang='lat' dir='ltr'><strong><em>circulus</em></strong></span> 
     </span>
    </p>
   </div>
   <div class='ocr_carea' id='block_1_72' title="bbox 210 4019 1795 4088">
    <p class='ocr_par' dir='ltr' id='par_1_72' title="bbox 210 4019 1795 4088">
     <span class='ocr_line' id='line_1_72' title="bbox 210 4019 1795 4088; baseline 0 -17"><span class='ocrx_word' id='word_1_545' title='bbox 210 4020 281 4072; x_wconf 93' lang='lat' dir='ltr'><strong><em>ad</em></strong></span> <span class='ocrx_word' id='word_1_546' title='bbox 330 4020 545 4087; x_wconf 88' lang='lat' dir='ltr'><strong><em>speciem</em></strong></span> <span class='ocrx_word' id='word_1_547' title='bbox 591 4020 805 4073; x_wconf 74' lang='lat' dir='ltr'><strong><em>ccclestis</em></strong></span> <span class='ocrx_word' id='word_1_548' title='bbox 848 4036 993 4073; x_wconf 87' lang='lat' dir='ltr'><strong><em>arcus</em></strong></span> <span class='ocrx_word' id='word_1_549' title='bbox 1034 4020 1200 4073; x_wconf 91' lang='lat' dir='ltr'><strong><em>orbem</em></strong></span> <span class='ocrx_word' id='word_1_550' title='bbox 1247 4020 1369 4073; x_wconf 88' lang='lat' dir='ltr'><strong><em>solis</em></strong></span> <span class='ocrx_word' id='word_1_551' title='bbox 1399 4020 1573 4071; x_wconf 87' lang='lat' dir='ltr'><strong><em>ambiit</em></strong></span> <span class='ocrx_word' id='word_1_552' title='bbox 1602 4035 1619 4072; x_wconf 91' lang='lat'><strong><em>:</em></strong></span> <span class='ocrx_word' id='word_1_553' title='bbox 1647 4019 1795 4088; x_wconf 81' lang='lat' dir='ltr'><strong><em>quasi</em></strong></span> 
     </span>
    </p>
   </div>
   <div class='ocr_carea' id='block_1_73' title="bbox 213 4109 1795 4177">
    <p class='ocr_par' dir='ltr' id='par_1_73' title="bbox 213 4109 1795 4177">
     <span class='ocr_line' id='line_1_73' title="bbox 213 4109 1795 4177; baseline 0.001 -17"><span class='ocrx_word' id='word_1_554' title='bbox 213 4125 332 4161; x_wconf 88' lang='lat' dir='ltr'><strong><em>eum</em></strong></span> <span class='ocrx_word' id='word_1_555' title='bbox 361 4125 549 4167; x_wconf 88' lang='lat' dir='ltr'><strong><em>unum.</em></strong></span> <span class='ocrx_word' id='word_1_556' title='bbox 579 4124 639 4160; x_wconf 91' lang='lat' dir='ltr'><strong><em>ac</em></strong></span> <span class='ocrx_word' id='word_1_557' title='bbox 661 4109 1056 4174; x_wconf 79' lang='lat' dir='ltr'><strong><em>potentissimum</em></strong></span> <span class='ocrx_word' id='word_1_558' title='bbox 1089 4111 1141 4163; x_wconf 90' lang='lat' dir='ltr'><strong><em>in</em></strong></span> <span class='ocrx_word' id='word_1_559' title='bbox 1170 4109 1265 4162; x_wconf 84' lang='lat' dir='ltr'><strong><em>hoc</em></strong></span> <span class='ocrx_word' id='word_1_560' title='bbox 1290 4111 1502 4173; x_wconf 89' lang='lat' dir='ltr'><strong><em>mundo,</em></strong></span> <span class='ocrx_word' id='word_1_561' title='bbox 1531 4110 1795 4177; x_wconf 90' lang='lat' dir='ltr'><strong><em>solumque</em></strong></span> 
     </span>
    </p>
   </div>
   <div class='ocr_carea' id='block_1_74' title="bbox 213 4201 1793 4272">
    <p class='ocr_par' dir='ltr' id='par_1_74' title="bbox 213 4201 1793 4272">
     <span class='ocr_line' id='line_1_74' title="bbox 213 4201 1793 4272; baseline 0.001 -18"><span class='ocrx_word' id='word_1_562' title='bbox 213 4201 558 4254; x_wconf 88' lang='lat' dir='ltr'><strong><em>clarissimum</em></strong></span> <span class='ocrx_word' id='word_1_563' title='bbox 584 4201 635 4253; x_wconf 91' lang='lat' dir='ltr'><strong><em>in</em></strong></span> <span class='ocrx_word' id='word_1_564' title='bbox 667 4201 785 4254; x_wconf 86' lang='lat' dir='ltr'><strong><em>orbe</em></strong></span> <span class='ocrx_word' id='word_1_565' title='bbox 806 4210 1127 4265; x_wconf 88' lang='lat' dir='ltr'><strong><em>monstraret,</em></strong></span> <span class='ocrx_word' id='word_1_566' title='bbox 1149 4205 1297 4272; x_wconf 90' lang='lat' dir='ltr'><strong><em>cujus</em></strong></span> <span class='ocrx_word' id='word_1_567' title='bbox 1320 4211 1541 4272; x_wconf 88' lang='lat' dir='ltr'><strong><em>tempore</em></strong></span> <span class='ocrx_word' id='word_1_568' title='bbox 1563 4210 1793 4255; x_wconf 89' lang='lat' dir='ltr'><strong><em>venturus</em></strong></span> 
     </span>
    </p>
   </div>
   <div class='ocr_carea' id='block_1_75' title="bbox 215 4294 1793 4364">
    <p class='ocr_par' dir='ltr' id='par_1_75' title="bbox 215 4294 1793 4364">
     <span class='ocr_line' id='line_1_75' title="bbox 215 4294 1793 4364; baseline -0.002 -15"><span class='ocrx_word' id='word_1_569' title='bbox 215 4304 365 4360; x_wconf 86' lang='lat' dir='ltr'><strong><em>esset,</em></strong></span> <span class='ocrx_word' id='word_1_570' title='bbox 392 4297 482 4364; x_wconf 89' lang='lat' dir='ltr'><strong><em>qui</em></strong></span> <span class='ocrx_word' id='word_1_571' title='bbox 508 4295 671 4363; x_wconf 88' lang='lat' dir='ltr'><strong><em>ipsum</em></strong></span> <span class='ocrx_word' id='word_1_572' title='bbox 701 4294 858 4347; x_wconf 84' lang='lat' dir='ltr'><strong><em>solem</em></strong></span> <span class='ocrx_word' id='word_1_573' title='bbox 884 4297 1046 4360; x_wconf 90' lang='lat' dir='ltr'><strong><em>solus,</em></strong></span> <span class='ocrx_word' id='word_1_574' title='bbox 1080 4294 1419 4362; x_wconf 86' lang='lat' dir='ltr'><strong><em>mundumque</em></strong></span> <span class='ocrx_word' id='word_1_575' title='bbox 1447 4302 1609 4347; x_wconf 91' lang='lat' dir='ltr'><strong><em>totum</em></strong></span> <span class='ocrx_word' id='word_1_576' title='bbox 1640 4301 1683 4346; x_wconf 91' lang='lat' dir='ltr'><strong><em>et</em></strong></span> <span class='ocrx_word' id='word_1_577' title='bbox 1714 4296 1793 4362; x_wconf 86' lang='lat' dir='ltr'><strong><em>fe-</em></strong></span> 
     </span>
    </p>
   </div>
   <div class='ocr_carea' id='block_1_76' title="bbox 214 4384 1795 4451">
    <p class='ocr_par' dir='ltr' id='par_1_76' title="bbox 214 4384 1795 4451">
     <span class='ocr_line' id='line_1_76' title="bbox 214 4384 1795 4451; baseline -0.001 -13"><span class='ocrx_word' id='word_1_578' title='bbox 214 4388 366 4440; x_wconf 87' lang='lat' dir='ltr'><strong><em>cisset</em></strong></span> <span class='ocrx_word' id='word_1_579' title='bbox 415 4392 462 4437; x_wconf 90' lang='lat' dir='ltr'><strong><em>et</em></strong></span> <span class='ocrx_word' id='word_1_580' title='bbox 509 4393 722 4451; x_wconf 82' lang='lat' dir='ltr'><strong><em>regeret.</em></strong></span> <span class='ocrx_word' id='word_1_581' title='bbox 768 4384 961 4437; x_wconf 88' lang='lat' dir='ltr'><strong><em>Deinde</em></strong></span> <span class='ocrx_word' id='word_1_582' title='bbox 995 4400 1109 4437; x_wconf 90' lang='lat' dir='ltr'><strong><em>cum</em></strong></span> <span class='ocrx_word' id='word_1_583' title='bbox 1162 4385 1382 4438; x_wconf 89' lang='lat' dir='ltr'><strong><em>secundo</em></strong></span> <span class='ocrx_word' id='word_1_584' title='bbox 1421 4384 1476 4438; x_wconf 89' lang='lat' dir='ltr'><strong><em>in</em></strong></span> <span class='ocrx_word' id='word_1_585' title='bbox 1509 4384 1689 4438; x_wconf 90' lang='lat' dir='ltr'><strong><em>Sicilia</em></strong></span> <span class='ocrx_word' id='word_1_586' title='bbox 1719 4401 1795 4437; x_wconf 88' lang='lat' dir='ltr'><strong><em>re-</em></strong></span> 
     </span>
    </p>
   </div>
   <div class='ocr_carea' id='block_1_77' title="bbox 216 4474 1795 4547">
    <p class='ocr_par' dir='ltr' id='par_1_77' title="bbox 216 4474 1795 4547">
     <span class='ocr_line' id='line_1_77' title="bbox 216 4474 1795 4547; baseline 0 -17"><span class='ocrx_word' id='word_1_587' title='bbox 216 4479 376 4547; x_wconf 83' lang='lat' dir='ltr'><strong><em>ceptis</em></strong></span> <span class='ocrx_word' id='word_1_588' title='bbox 401 4493 433 4528; x_wconf 90' lang='lat' dir='ltr'><strong><em>a</em></strong></span> <span class='ocrx_word' id='word_1_589' title='bbox 467 4474 730 4545; x_wconf 84' lang='lat' dir='ltr'><strong><em>Pompeio,</em></strong></span> <span class='ocrx_word' id='word_1_590' title='bbox 763 4484 810 4528; x_wconf 92' lang='lat' dir='ltr'><strong><em>et</em></strong></span> <span class='ocrx_word' id='word_1_591' title='bbox 836 4475 1026 4542; x_wconf 88' lang='lat' dir='ltr'><strong><em>Lepido</em></strong></span> <span class='ocrx_word' id='word_1_592' title='bbox 1054 4476 1330 4545; x_wconf 87' lang='lat' dir='ltr'><strong><em>legionibus</em></strong></span> <span class='ocrx_word' id='word_1_593' title='bbox 1348 4519 1361 4541; x_wconf 82' lang='lat'><strong><em>,</em></strong></span> <span class='ocrx_word' id='word_1_594' title='bbox 1398 4478 1604 4547; x_wconf 88' lang='lat' dir='ltr'><strong><em>triginta</em></strong></span> <span class='ocrx_word' id='word_1_595' title='bbox 1633 4476 1795 4530; x_wconf 85' lang='lat' dir='ltr'><strong><em>millia</em></strong></span> 
     </span>
    </p>
   </div>
   <div class='ocr_carea' id='block_1_78' title="bbox 1896 3282 3462 3361">
    <p class='ocr_par' dir='ltr' id='par_1_78' title="bbox 1896 3282 3462 3361">
     <span class='ocr_line' id='line_1_78' title="bbox 1896 3282 3462 3361; baseline 0.004 -25"><span class='ocrx_word' id='word_1_596' title='bbox 1896 3282 2248 3348; x_wconf 81' lang='lat' dir='ltr'><strong><em>sufficientem,</em></strong></span> <span class='ocrx_word' id='word_1_597' title='bbox 2280 3298 2435 3350; x_wconf 91' lang='lat' dir='ltr'><strong><em>neque</em></strong></span> <span class='ocrx_word' id='word_1_598' title='bbox 2479 3284 2798 3353; x_wconf 89' lang='lat' dir='ltr'><strong><em>suscipiendo</em></strong></span> <span class='ocrx_word' id='word_1_599' title='bbox 2828 3285 2958 3339; x_wconf 90' lang='lat' dir='ltr'><strong><em>bello</em></strong></span> <span class='ocrx_word' id='word_1_600' title='bbox 2984 3303 3157 3354; x_wconf 88' lang='lat' dir='ltr'><strong><em>parem</em></strong></span> <span class='ocrx_word' id='word_1_601' title='bbox 3203 3289 3462 3361; x_wconf 84' lang='lat' dir='ltr'><strong><em>intelligit,</em></strong></span> 
     </span>
    </p>
   </div>
   <div class='ocr_carea' id='block_1_79' title="bbox 1893 3373 3466 3438">
    <p class='ocr_par' dir='ltr' id='par_1_79' title="bbox 1893 3373 3466 3438">
     <span class='ocr_line' id='line_1_79' title="bbox 1893 3373 3466 3438; baseline 0.008 -12"><span class='ocrx_word' id='word_1_602' title='bbox 1893 3375 1960 3426; x_wconf 89' lang='lat' dir='ltr'><strong><em>ad</em></strong></span> <span class='ocrx_word' id='word_1_603' title='bbox 1980 3373 2310 3427; x_wconf 89' lang='lat' dir='ltr'><strong><em>voluntariam</em></strong></span> <span class='ocrx_word' id='word_1_604' title='bbox 2327 3384 2536 3427; x_wconf 90' lang='lat' dir='ltr'><strong><em>mortem</em></strong></span> <span class='ocrx_word' id='word_1_605' title='bbox 2562 3376 2813 3429; x_wconf 86' lang='lat' dir='ltr'><strong><em>servitutis</em></strong></span> <span class='ocrx_word' id='word_1_606' title='bbox 2831 3379 3011 3432; x_wconf 89' lang='lat' dir='ltr'><strong><em>timore</em></strong></span> <span class='ocrx_word' id='word_1_607' title='bbox 3031 3384 3305 3435; x_wconf 86' lang='lat' dir='ltr'><strong><em>concurrit.</em></strong></span> <span class='ocrx_word' id='word_1_608' title='bbox 3327 3382 3466 3438; x_wconf 80' lang='lat' dir='ltr'><strong><em>Nam</em></strong></span> 
     </span>
    </p>
   </div>
   <div class='ocr_carea' id='block_1_80' title="bbox 1894 3466 3464 3534">
    <p class='ocr_par' dir='ltr' id='par_1_80' title="bbox 1894 3466 3464 3534">
     <span class='ocr_line' id='line_1_80' title="bbox 1894 3466 3464 3534; baseline 0.009 -17"><span class='ocrx_word' id='word_1_609' title='bbox 1894 3480 1947 3517; x_wconf 92' lang='lat' dir='ltr'><strong><em>se</em></strong></span> <span class='ocrx_word' id='word_1_610' title='bbox 1968 3480 2088 3529; x_wconf 86' lang='lat' dir='ltr'><strong><em>pene</em></strong></span> <span class='ocrx_word' id='word_1_611' title='bbox 2110 3480 2280 3519; x_wconf 87' lang='lat' dir='ltr'><strong><em>omnes</em></strong></span> <span class='ocrx_word' id='word_1_612' title='bbox 2300 3466 2435 3534; x_wconf 84' lang='lat' dir='ltr'><strong><em>igne,</em></strong></span> <span class='ocrx_word' id='word_1_613' title='bbox 2457 3471 2591 3534; x_wconf 89' lang='lat' dir='ltr'><strong><em>ferro</em></strong></span> <span class='ocrx_word' id='word_1_614' title='bbox 2613 3483 2673 3520; x_wconf 91' lang='lat' dir='ltr'><strong><em>ac</em></strong></span> <span class='ocrx_word' id='word_1_615' title='bbox 2694 3484 2880 3522; x_wconf 90' lang='lat' dir='ltr'><strong><em>veneno</em></strong></span> <span class='ocrx_word' id='word_1_616' title='bbox 2904 3482 3227 3526; x_wconf 88' lang='lat' dir='ltr'><strong><em>necaverunt.</em></strong></span> <span class='ocrx_word' id='word_1_617' title='bbox 3255 3475 3464 3531; x_wconf 88' lang='lat' dir='ltr'><strong><em>Astures</em></strong></span> 
     </span>
    </p>
   </div>
   <div class='ocr_carea' id='block_1_81' title="bbox 1892 3556 3461 3633">
    <p class='ocr_par' dir='ltr' id='par_1_81' title="bbox 1892 3556 3461 3633">
     <span class='ocr_line' id='line_1_81' title="bbox 1892 3556 3461 3633; baseline 0.009 -26"><span class='ocrx_word' id='word_1_618' title='bbox 1892 3570 2036 3619; x_wconf 78' lang='lat' dir='ltr'><strong><em>vero,</em></strong></span> <span class='ocrx_word' id='word_1_619' title='bbox 2064 3556 2239 3623; x_wconf 90' lang='lat' dir='ltr'><strong><em>positis</em></strong></span> <span class='ocrx_word' id='word_1_620' title='bbox 2283 3557 2459 3609; x_wconf 88' lang='lat' dir='ltr'><strong><em>castris</em></strong></span> <span class='ocrx_word' id='word_1_621' title='bbox 2486 3559 2624 3623; x_wconf 90' lang='lat' dir='ltr'><strong><em>apud</em></strong></span> <span class='ocrx_word' id='word_1_622' title='bbox 2664 3558 2903 3613; x_wconf 84' lang='lat' dir='ltr'><strong><em>Asturam</em></strong></span> <span class='ocrx_word' id='word_1_623' title='bbox 2934 3563 3147 3631; x_wconf 80' lang='lat' dir='ltr'><strong><em>ﬂumen,</em></strong></span> <span class='ocrx_word' id='word_1_624' title='bbox 3179 3562 3461 3633; x_wconf 82' lang='lat' dir='ltr'><strong><em>Romanos,</em></strong></span> 
     </span>
    </p>
   </div>
   <div class='ocr_carea' id='block_1_82' title="bbox 1895 3647 3464 3724">
    <p class='ocr_par' dir='ltr' id='par_1_82' title="bbox 1895 3647 3464 3724">
     <span class='ocr_line' id='line_1_82' title="bbox 1895 3647 3464 3724; baseline 0.011 -26"><span class='ocrx_word' id='word_1_625' title='bbox 1895 3647 1993 3699; x_wconf 88' lang='lat' dir='ltr'><strong><em>nisi</em></strong></span> <span class='ocrx_word' id='word_1_626' title='bbox 2046 3648 2232 3715; x_wconf 87' lang='lat' dir='ltr'><strong><em>provisi</em></strong></span> <span class='ocrx_word' id='word_1_627' title='bbox 2278 3650 2608 3718; x_wconf 72' lang='lat' dir='ltr'><strong><em>praventique</em></strong></span> <span class='ocrx_word' id='word_1_628' title='bbox 2645 3660 2847 3716; x_wconf 83' lang='lat' dir='ltr'><strong><em>essent,</em></strong></span> <span class='ocrx_word' id='word_1_629' title='bbox 2892 3657 3087 3724; x_wconf 85' lang='lat' dir='ltr'><strong><em>magnis</em></strong></span> <span class='ocrx_word' id='word_1_630' title='bbox 3141 3660 3365 3713; x_wconf 89' lang='lat' dir='ltr'><strong><em>consiliis</em></strong></span> <span class='ocrx_word' id='word_1_631' title='bbox 3415 3672 3464 3716; x_wconf 92' lang='lat' dir='ltr'><strong><em>et</em></strong></span> 
     </span>
    </p>
   </div>
   <div class='ocr_carea' id='block_1_83' title="bbox 1894 3739 3463 3817">
    <p class='ocr_par' dir='ltr' id='par_1_83' title="bbox 1894 3739 3463 3817">
     <span class='ocr_line' id='line_1_83' title="bbox 1894 3739 3463 3817; baseline 0.008 -26"><span class='ocrx_word' id='word_1_632' title='bbox 1894 3739 2081 3791; x_wconf 86' lang='lat' dir='ltr'><strong><em>viribus</em></strong></span> <span class='ocrx_word' id='word_1_633' title='bbox 2110 3739 2494 3806; x_wconf 70' lang='lat' dir='ltr'><strong><em>apprtssissent.</em></strong></span> <span class='ocrx_word' id='word_1_634' title='bbox 2533 3739 2652 3794; x_wconf 83' lang='lat' dir='ltr'><strong><em>Tres</em></strong></span> <span class='ocrx_word' id='word_1_635' title='bbox 2681 3741 2869 3811; x_wconf 89' lang='lat' dir='ltr'><strong><em>legatos</em></strong></span> <span class='ocrx_word' id='word_1_636' title='bbox 2896 3760 3010 3797; x_wconf 90' lang='lat' dir='ltr'><strong><em>cum</em></strong></span> <span class='ocrx_word' id='word_1_637' title='bbox 3038 3746 3316 3817; x_wconf 87' lang='lat' dir='ltr'><strong><em>legionibus</em></strong></span> <span class='ocrx_word' id='word_1_638' title='bbox 3355 3751 3463 3804; x_wconf 89' lang='lat' dir='ltr'><strong><em>suis</em></strong></span> 
     </span>
    </p>
   </div>
   <div class='ocr_carea' id='block_1_84' title="bbox 1895 3831 3467 3906">
    <p class='ocr_par' dir='ltr' id='par_1_84' title="bbox 1895 3831 3467 3906">
     <span class='ocr_line' id='line_1_84' title="bbox 1895 3831 3467 3906; baseline 0.008 -22"><span class='ocrx_word' id='word_1_639' title='bbox 1895 3832 1947 3884; x_wconf 91' lang='lat' dir='ltr'><strong><em>in</em></strong></span> <span class='ocrx_word' id='word_1_640' title='bbox 1974 3831 2071 3883; x_wconf 89' lang='lat' dir='ltr'><strong><em>tria</em></strong></span> <span class='ocrx_word' id='word_1_641' title='bbox 2100 3842 2267 3885; x_wconf 89' lang='lat' dir='ltr'><strong><em>castra</em></strong></span> <span class='ocrx_word' id='word_1_642' title='bbox 2311 3833 2517 3899; x_wconf 78' lang='lat' dir='ltr'><strong><em>divisos,</em></strong></span> <span class='ocrx_word' id='word_1_643' title='bbox 2547 3834 2705 3887; x_wconf 89' lang='lat' dir='ltr'><strong><em>tribus</em></strong></span> <span class='ocrx_word' id='word_1_644' title='bbox 2752 3851 2892 3903; x_wconf 79' lang='lat' dir='ltr'><strong><em>teque</em></strong></span> <span class='ocrx_word' id='word_1_645' title='bbox 2932 3839 3216 3906; x_wconf 89' lang='lat' dir='ltr'><strong><em>agminibus</em></strong></span> <span class='ocrx_word' id='word_1_646' title='bbox 3255 3841 3467 3897; x_wconf 86' lang='lat' dir='ltr'><strong><em>obruere</em></strong></span> 
     </span>
    </p>
   </div>
   <div class='ocr_carea' id='block_1_85' title="bbox 1893 3922 3456 3994">
    <p class='ocr_par' dir='ltr' id='par_1_85' title="bbox 1893 3922 3456 3994">
     <span class='ocr_line' id='line_1_85' title="bbox 1893 3922 3456 3994; baseline 0.009 -21"><span class='ocrx_word' id='word_1_647' title='bbox 1893 3932 2091 3991; x_wconf 86' lang='lat' dir='ltr'><strong><em>repente</em></strong></span> <span class='ocrx_word' id='word_1_648' title='bbox 2140 3922 2320 3989; x_wconf 88' lang='lat' dir='ltr'><strong><em>moliti,</em></strong></span> <span class='ocrx_word' id='word_1_649' title='bbox 2354 3940 2559 3977; x_wconf 87' lang='lat' dir='ltr'><strong><em>suorum</em></strong></span> <span class='ocrx_word' id='word_1_650' title='bbox 2599 3924 2889 3994; x_wconf 88' lang='lat' dir='ltr'><strong><em>proditione</em></strong></span> <span class='ocrx_word' id='word_1_651' title='bbox 2934 3926 3117 3983; x_wconf 89' lang='lat' dir='ltr'><strong><em>detecti</em></strong></span> <span class='ocrx_word' id='word_1_652' title='bbox 3159 3942 3299 3985; x_wconf 91' lang='lat' dir='ltr'><strong><em>sunt.</em></strong></span> <span class='ocrx_word' id='word_1_653' title='bbox 3353 3932 3456 3987; x_wconf 83' lang='lat' dir='ltr'><strong><em>Eos</em></strong></span> 
     </span>
    </p>
   </div>
   <div class='ocr_carea' id='block_1_86' title="bbox 1894 4016 3462 4089">
    <p class='ocr_par' dir='ltr' id='par_1_86' title="bbox 1894 4016 3462 4089">
     <span class='ocr_line' id='line_1_86' title="bbox 1894 4016 3462 4089; baseline 0.006 -19"><span class='ocrx_word' id='word_1_654' title='bbox 1894 4027 2065 4087; x_wconf 89' lang='lat' dir='ltr'><strong><em>postea</em></strong></span> <span class='ocrx_word' id='word_1_655' title='bbox 2096 4016 2339 4070; x_wconf 86' lang='lat' dir='ltr'><strong><em>Carusius</em></strong></span> <span class='ocrx_word' id='word_1_656' title='bbox 2362 4016 2493 4069; x_wconf 85' lang='lat' dir='ltr'><strong><em>bello</em></strong></span> <span class='ocrx_word' id='word_1_657' title='bbox 2532 4029 2761 4086; x_wconf 85' lang='lat' dir='ltr'><strong><em>exceptos</em></strong></span> <span class='ocrx_word' id='word_1_658' title='bbox 2787 4035 2885 4072; x_wconf 90' lang='lat' dir='ltr'><strong><em>non</em></strong></span> <span class='ocrx_word' id='word_1_659' title='bbox 2912 4038 3066 4089; x_wconf 87' lang='lat' dir='ltr'><strong><em>parva</em></strong></span> <span class='ocrx_word' id='word_1_660' title='bbox 3092 4024 3243 4077; x_wconf 90' lang='lat' dir='ltr'><strong><em>etiam</em></strong></span> <span class='ocrx_word' id='word_1_661' title='bbox 3267 4023 3462 4080; x_wconf 83' lang='lat' dir='ltr'><strong><em>Hama-</em></strong></span> 
     </span>
    </p>
   </div>
   <div class='ocr_carea' id='block_1_87' title="bbox 1896 4113 3463 4188">
    <p class='ocr_par' dir='ltr' id='par_1_87' title="bbox 1896 4113 3463 4188">
     <span class='ocr_line' id='line_1_87' title="bbox 1896 4113 3463 4188; baseline 0.008 -25"><span class='ocrx_word' id='word_1_662' title='bbox 1896 4127 2078 4164; x_wconf 90' lang='lat' dir='ltr'><strong><em>norum</em></strong></span> <span class='ocrx_word' id='word_1_663' title='bbox 2123 4113 2340 4165; x_wconf 86' lang='lat' dir='ltr'><strong><em>militum</em></strong></span> <span class='ocrx_word' id='word_1_664' title='bbox 2390 4113 2533 4165; x_wconf 90' lang='lat' dir='ltr'><strong><em>clade</em></strong></span> <span class='ocrx_word' id='word_1_665' title='bbox 2576 4116 2860 4182; x_wconf 86' lang='lat' dir='ltr'><strong><em>superavit,</em></strong></span> <span class='ocrx_word' id='word_1_666' title='bbox 2893 4133 3011 4185; x_wconf 91' lang='lat' dir='ltr'><strong><em>pars</em></strong></span> <span class='ocrx_word' id='word_1_667' title='bbox 3064 4134 3236 4172; x_wconf 90' lang='lat' dir='ltr'><strong><em>eorum</em></strong></span> <span class='ocrx_word' id='word_1_668' title='bbox 3285 4124 3463 4188; x_wconf 81' lang='lat' dir='ltr'><strong><em>prtelio</em></strong></span> 
     </span>
    </p>
   </div>
   <div class='ocr_carea' id='block_1_88' title="bbox 1895 4201 3458 4274">
    <p class='ocr_par' dir='ltr' id='par_1_88' title="bbox 1895 4201 3458 4274">
     <span class='ocr_line' id='line_1_88' title="bbox 1895 4201 3458 4274; baseline 0.006 -18"><span class='ocrx_word' id='word_1_669' title='bbox 1895 4201 2070 4269; x_wconf 83' lang='lat' dir='ltr'><strong><em>elapsa</em></strong></span> <span class='ocrx_word' id='word_1_670' title='bbox 2095 4202 2339 4255; x_wconf 87' lang='lat' dir='ltr'><strong><em>Lanciam</em></strong></span> <span class='ocrx_word' id='word_1_671' title='bbox 2367 4206 2618 4274; x_wconf 87' lang='lat' dir='ltr'><strong><em>confugit.</em></strong></span> <span class='ocrx_word' id='word_1_672' title='bbox 2645 4204 2866 4272; x_wconf 86' lang='lat' dir='ltr'><strong><em>Cumque</em></strong></span> <span class='ocrx_word' id='word_1_673' title='bbox 2887 4207 3069 4264; x_wconf 89' lang='lat' dir='ltr'><strong><em>milites</em></strong></span> <span class='ocrx_word' id='word_1_674' title='bbox 3094 4211 3458 4266; x_wconf 84' lang='lat' dir='ltr'><strong><em>circumdatam</em></strong></span> 
     </span>
    </p>
   </div>
   <div class='ocr_carea' id='block_1_89' title="bbox 1898 4294 3459 4369">
    <p class='ocr_par' dir='ltr' id='par_1_89' title="bbox 1898 4294 3459 4369">
     <span class='ocr_line' id='line_1_89' title="bbox 1898 4294 3459 4369; baseline 0.008 -24"><span class='ocrx_word' id='word_1_675' title='bbox 1898 4296 2070 4346; x_wconf 86' lang='lat' dir='ltr'><strong><em>urbem</em></strong></span> <span class='ocrx_word' id='word_1_676' title='bbox 2096 4294 2326 4346; x_wconf 80' lang='lat' dir='ltr'><strong><em>incendio</em></strong></span> <span class='ocrx_word' id='word_1_677' title='bbox 2370 4294 2566 4347; x_wconf 89' lang='lat' dir='ltr'><strong><em>adoriri</em></strong></span> <span class='ocrx_word' id='word_1_678' title='bbox 2606 4305 2840 4363; x_wconf 89' lang='lat' dir='ltr'><strong><em>pararent</em></strong></span> <span class='ocrx_word' id='word_1_679' title='bbox 2865 4337 2881 4361; x_wconf 89' lang='lat'><strong><em>,</em></strong></span> <span class='ocrx_word' id='word_1_680' title='bbox 2911 4297 3019 4352; x_wconf 85' lang='lat' dir='ltr'><strong><em>dux</em></strong></span> <span class='ocrx_word' id='word_1_681' title='bbox 3061 4298 3321 4369; x_wconf 89' lang='lat' dir='ltr'><strong><em>Carusius,</em></strong></span> <span class='ocrx_word' id='word_1_682' title='bbox 3352 4312 3398 4356; x_wconf 91' lang='lat' dir='ltr'><strong><em>et</em></strong></span> <span class='ocrx_word' id='word_1_683' title='bbox 3428 4320 3459 4357; x_wconf 92' lang='lat' dir='ltr'><strong><em>a</em></strong></span> 
     </span>
    </p>
   </div>
   <div class='ocr_carea' id='block_1_90' title="bbox 1897 4384 3458 4455">
    <p class='ocr_par' dir='ltr' id='par_1_90' title="bbox 1897 4384 3458 4455">
     <span class='ocr_line' id='line_1_90' title="bbox 1897 4384 3458 4455; baseline 0.007 -18"><span class='ocrx_word' id='word_1_684' title='bbox 1897 4385 2001 4437; x_wconf 89' lang='lat' dir='ltr'><strong><em>suis</em></strong></span> <span class='ocrx_word' id='word_1_685' title='bbox 2029 4387 2353 4438; x_wconf 73' lang='lat' dir='ltr'><strong><em>cessationem</em></strong></span> <span class='ocrx_word' id='word_1_686' title='bbox 2383 4384 2664 4453; x_wconf 90' lang='lat' dir='ltr'><strong><em>impetravit</em></strong></span> <span class='ocrx_word' id='word_1_687' title='bbox 2703 4388 2951 4455; x_wconf 87' lang='lat' dir='ltr'><strong><em>incendii,</em></strong></span> <span class='ocrx_word' id='word_1_688' title='bbox 2984 4399 3029 4443; x_wconf 92' lang='lat' dir='ltr'><strong><em>et</em></strong></span> <span class='ocrx_word' id='word_1_689' title='bbox 3059 4406 3092 4443; x_wconf 92' lang='lat' dir='ltr'><strong><em>a</em></strong></span> <span class='ocrx_word' id='word_1_690' title='bbox 3118 4391 3345 4446; x_wconf 90' lang='lat' dir='ltr'><strong><em>barbaris</em></strong></span> <span class='ocrx_word' id='word_1_691' title='bbox 3371 4410 3458 4447; x_wconf 81' lang='lat' dir='ltr'><strong><em>vo-</em></strong></span> 
     </span>
    </p>
   </div>
   <div class='ocr_carea' id='block_1_91' title="bbox 1900 4464 3464 4548">
    <p class='ocr_par' dir='ltr' id='par_1_91' title="bbox 1900 4464 3464 4548">
     <span class='ocr_line' id='line_1_91' title="bbox 1900 4464 3464 4548; baseline 0.007 -19"><span class='ocrx_word' id='word_1_692' title='bbox 1900 4476 2145 4529; x_wconf 89' lang='lat' dir='ltr'><strong><em>luntatem</em></strong></span> <span class='ocrx_word' id='word_1_693' title='bbox 2197 4476 2466 4530; x_wconf 87' lang='lat' dir='ltr'><strong><em>deditionis</em></strong></span> <span class='ocrx_word' id='word_1_694' title='bbox 2513 4479 2694 4548; x_wconf 86' lang='lat' dir='ltr'><strong><em>exegit.</em></strong></span> <span class='ocrx_word' id='word_1_695' title='bbox 2745 4478 2983 4534; x_wconf 86' lang='lat' dir='ltr'><strong><em>Studiose</em></strong></span> <span class='ocrx_word' id='word_1_696' title='bbox 3029 4483 3165 4535; x_wconf 90' lang='lat' dir='ltr'><strong><em>enim</em></strong></span> <span class='ocrx_word' id='word_1_697' title='bbox 3211 4464 3464 4540; x_wconf 61' lang='lat' dir='ltr'><strong><em>nitebatur</em></strong></span> 
     </span>
    </p>
   </div>
   <div class='ocr_carea' id='block_1_92' title="bbox 220 4545 3466 4639">
    <p class='ocr_par' dir='ltr' id='par_1_92' title="bbox 220 4545 3466 4639">
     <span class='ocr_line' id='line_1_92' title="bbox 220 4545 3466 4639; baseline 0.004 -18"><span class='ocrx_word' id='word_1_698' title='bbox 220 4545 478 4622; x_wconf 81' lang='lat' dir='ltr'><strong><em>servorum</em></strong></span> <span class='ocrx_word' id='word_1_699' title='bbox 509 4568 725 4621; x_wconf 86' lang='lat' dir='ltr'><strong><em>dominis</em></strong></span> <span class='ocrx_word' id='word_1_700' title='bbox 772 4568 1064 4620; x_wconf 85' lang='lat' dir='ltr'><strong><em>restituisset</em></strong></span> <span class='ocrx_word' id='word_1_701' title='bbox 1089 4607 1103 4631; x_wconf 90' lang='lat'><strong><em>,</em></strong></span> <span class='ocrx_word' id='word_1_702' title='bbox 1146 4579 1189 4618; x_wconf 88' lang='lat' dir='ltr'><strong><em>et</em></strong></span> <span class='ocrx_word' id='word_1_703' title='bbox 1216 4545 1552 4638; x_wconf 77' lang='lat' dir='ltr'><strong><em>quadraginta</em></strong></span> <span class='ocrx_word' id='word_1_704' title='bbox 1580 4580 1798 4639; x_wconf 89' lang='lat' dir='ltr'><strong><em>quatuor</em></strong></span> <span class='ocrx_word' id='word_1_705' title='bbox 1825 4545 1878 4605; x_wconf 81' lang='grc' dir='ltr'><strong>Ῑ)</strong></span> <span class='ocrx_word' id='word_1_706' title='bbox 1903 4567 2146 4635; x_wconf 84' lang='lat' dir='ltr'><strong><em>integram</em></strong></span> <span class='ocrx_word' id='word_1_707' title='bbox 2202 4577 2353 4636; x_wconf 91' lang='lat' dir='ltr'><strong><em>atque</em></strong></span> <span class='ocrx_word' id='word_1_708' title='bbox 2396 4545 2699 4622; x_wconf 82' lang='lat' dir='ltr'><strong><em>incolumem</em></strong></span> <span class='ocrx_word' id='word_1_709' title='bbox 2724 4572 2974 4625; x_wconf 88' lang='lat' dir='ltr'><strong><em>civitatem</em></strong></span> <span class='ocrx_word' id='word_1_710' title='bbox 3002 4575 3221 4629; x_wconf 79' lang='lat' dir='ltr'><strong><em>victoria:</em></strong></span> <span class='ocrx_word' id='word_1_711' title='bbox 3245 4593 3351 4633; x_wconf 71' lang='lat' dir='ltr'><strong><em>sum</em></strong></span> <span class='ocrx_word' id='word_1_712' title='bbox 3394 4589 3466 4633; x_wconf 85' lang='lat' dir='ltr'><strong><em>te-</em></strong></span> 
     </span>
    </p>
   </div>
   <div class='ocr_carea' id='block_1_93' title="bbox 219 4659 1800 4730">
    <p class='ocr_par' dir='ltr' id='par_1_93' title="bbox 219 4659 1800 4730">
     <span class='ocr_line' id='line_1_93' title="bbox 219 4659 1800 4730; baseline 0 -17"><span class='ocrx_word' id='word_1_713' title='bbox 219 4662 445 4730; x_wconf 89' lang='lat' dir='ltr'><strong><em>legiones</em></strong></span> <span class='ocrx_word' id='word_1_714' title='bbox 480 4660 621 4712; x_wconf 83' lang='lat' dir='ltr'><strong><em>solus</em></strong></span> <span class='ocrx_word' id='word_1_715' title='bbox 654 4659 866 4724; x_wconf 86' lang='lat' dir='ltr'><strong><em>imperio</em></strong></span> <span class='ocrx_word' id='word_1_716' title='bbox 891 4674 984 4710; x_wconf 89' lang='lat' dir='ltr'><strong><em>suo</em></strong></span> <span class='ocrx_word' id='word_1_717' title='bbox 1025 4660 1093 4711; x_wconf 89' lang='lat' dir='ltr'><strong><em>ad</em></strong></span> <span class='ocrx_word' id='word_1_718' title='bbox 1132 4667 1356 4712; x_wconf 89' lang='lat' dir='ltr'><strong><em>tutamen</em></strong></span> <span class='ocrx_word' id='word_1_719' title='bbox 1386 4662 1521 4713; x_wconf 87' lang='lat' dir='ltr'><strong><em>orbis</em></strong></span> <span class='ocrx_word' id='word_1_720' title='bbox 1550 4670 1800 4714; x_wconf 87' lang='lat' dir='ltr'><strong><em>terrarum</em></strong></span> 
     </span>
    </p>
   </div>
   <div class='ocr_carea' id='block_1_94' title="bbox 221 4750 1800 4820">
    <p class='ocr_par' dir='ltr' id='par_1_94' title="bbox 221 4750 1800 4820">
     <span class='ocr_line' id='line_1_94' title="bbox 221 4750 1800 4820; baseline -0.001 -14"><span class='ocrx_word' id='word_1_721' title='bbox 221 4753 561 4806; x_wconf 74' lang='lat' dir='ltr'><strong><em>distribuisset</em></strong></span> <span class='ocrx_word' id='word_1_722' title='bbox 584 4790 598 4814; x_wconf 93' lang='lat'><strong><em>,</em></strong></span> <span class='ocrx_word' id='word_1_723' title='bbox 654 4765 907 4819; x_wconf 83' lang='lat' dir='ltr'><strong><em>ovansque</em></strong></span> <span class='ocrx_word' id='word_1_724' title='bbox 948 4750 1119 4802; x_wconf 85' lang='lat' dir='ltr'><strong><em>urbem</em></strong></span> <span class='ocrx_word' id='word_1_725' title='bbox 1160 4751 1414 4820; x_wconf 80' lang='lat' dir='ltr'><strong><em>ingressus</em></strong></span> <span class='ocrx_word' id='word_1_726' title='bbox 1455 4763 1601 4817; x_wconf 89' lang='lat' dir='ltr'><strong><em>esset,</em></strong></span> <span class='ocrx_word' id='word_1_727' title='bbox 1634 4753 1800 4804; x_wconf 89' lang='lat' dir='ltr'><strong><em>omnia</em></strong></span> 
     </span>
    </p>
   </div>
   <div class='ocr_carea' id='block_1_95' title="bbox 295 4884 1799 4958">
    <p class='ocr_par' dir='ltr' id='par_1_95' title="bbox 295 4884 1799 4958">
     <span class='ocr_line' id='line_1_95' title="bbox 295 4884 1799 4958; baseline 0 -19"><span class='ocrx_word' id='word_1_728' title='bbox 295 4894 323 4923; x_wconf 79' lang='grc'><strong>⁸</strong></span> <span class='ocrx_word' id='word_1_729' title='bbox 356 4912 418 4939; x_wconf 68' lang='grc' dir='ltr'><strong><em>η.</em></strong></span> <span class='ocrx_word' id='word_1_730' title='bbox 458 4895 726 4958; x_wconf 79' lang='lat' dir='ltr'><strong><em>:_e:rttncta</em></strong></span> <span class='ocrx_word' id='word_1_731' title='bbox 768 4895 860 4939; x_wconf 88' lang='lat' dir='ltr'><strong><em>est.</em></strong></span> <span class='ocrx_word' id='word_1_732' title='bbox 902 4884 1161 4955; x_wconf 81' lang='lat' dir='ltr'><strong><em>/Egyplus</em></strong></span> <span class='ocrx_word' id='word_1_733' title='bbox 1194 4904 1280 4952; x_wconf 90' lang='lat' dir='ltr'><strong><em>per</em></strong></span> <span class='ocrx_word' id='word_1_734' title='bbox 1311 4889 1641 4941; x_wconf 78' lang='lat' dir='ltr'><strong><em>Octavianum</em></strong></span> <span class='ocrx_word' id='word_1_735' title='bbox 1668 4890 1799 4958; x_wconf 74' lang='lat' dir='ltr'><strong><em>Aug,</em></strong></span> 
     </span>
    </p>
   </div>
   <div class='ocr_carea' id='block_1_96' title="bbox 223 4952 1805 5026">
    <p class='ocr_par' dir='ltr' id='par_1_96' title="bbox 223 4952 1805 5026">
     <span class='ocr_line' id='line_1_96' title="bbox 223 4952 1805 5026; baseline -0.003 -15"><span class='ocrx_word' id='word_1_736' title='bbox 223 4960 441 5026; x_wconf 89' lang='lat' dir='ltr'><strong><em>imperio</em></strong></span> <span class='ocrx_word' id='word_1_737' title='bbox 474 4955 628 5010; x_wconf 83' lang='lat' dir='ltr'><strong><em>Rom.</em></strong></span> <span class='ocrx_word' id='word_1_738' title='bbox 657 4956 856 5025; x_wconf 82' lang='lat' dir='ltr'><strong><em>adjecta</em></strong></span> <span class='ocrx_word' id='word_1_739' title='bbox 886 4952 993 5017; x_wconf 45' lang='lat' dir='ltr'><strong><em>est;</em></strong></span> <span class='ocrx_word' id='word_1_740' title='bbox 1016 4952 1419 5024; x_wconf 31' lang='lat' dir='ltr'><strong><em>&#39;prcvpositusque</em></strong></span> <span class='ocrx_word' id='word_1_741' title='bbox 1460 4960 1505 5011; x_wconf 88' lang='lat' dir='ltr'><strong><em>ei</em></strong></span> <span class='ocrx_word' id='word_1_742' title='bbox 1549 4959 1642 5014; x_wconf 84' lang='lat' dir='ltr'><strong><em>Cn.</em></strong></span> <span class='ocrx_word' id='word_1_743' title='bbox 1685 4952 1805 5018; x_wconf 56' lang='lat' dir='ltr'><strong><em>Co}.</em></strong></span> 
     </span>
    </p>
   </div>
   <div class='ocr_carea' id='block_1_97' title="bbox 224 5026 1804 5103">
    <p class='ocr_par' dir='ltr' id='par_1_97' title="bbox 224 5026 1804 5103">
     <span class='ocr_line' id='line_1_97' title="bbox 224 5026 1804 5103; baseline -0.002 -22"><span class='ocrx_word' id='word_1_744' title='bbox 224 5032 385 5103; x_wconf 73' lang='lat' dir='ltr'><strong><em>nelias</em></strong></span> <span class='ocrx_word' id='word_1_745' title='bbox 414 5028 613 5103; x_wconf 73' lang='lat' dir='ltr'><strong><em>Callus.</em></strong></span> <span class='ocrx_word' id='word_1_746' title='bbox 666 5026 819 5103; x_wconf 55' lang='lat' dir='ltr'><strong><em>Hinc</em></strong></span> <span class='ocrx_word' id='word_1_747' title='bbox 844 5029 1077 5103; x_wconf 73' lang='lat' dir='ltr'><strong><em>primum</em></strong></span> <span class='ocrx_word' id='word_1_748' title='bbox 1113 5028 1369 5103; x_wconf 44' lang='lat' dir='ltr'><strong><em>i’lfggptus</em></strong></span> <span class='ocrx_word' id='word_1_749' title='bbox 1401 5027 1683 5103; x_wconf 76' lang='lat' dir='ltr'><strong><em>Romanum</em></strong></span> <span class='ocrx_word' id='word_1_750' title='bbox 1714 5036 1804 5103; x_wconf 73' lang='lat' dir='ltr'><strong><em>ju.</em></strong></span> 
     </span>
    </p>
   </div>
   <div class='ocr_carea' id='block_1_98' title="bbox 224 5095 1803 5167">
    <p class='ocr_par' dir='ltr' id='par_1_98' title="bbox 224 5095 1803 5167">
     <span class='ocr_line' id='line_1_98' title="bbox 224 5095 1803 5167; baseline 0.003 -16"><span class='ocrx_word' id='word_1_751' title='bbox 224 5101 389 5151; x_wconf 83' lang='lat' dir='ltr'><strong><em>dicem</em></strong></span> <span class='ocrx_word' id='word_1_752' title='bbox 432 5097 629 5151; x_wconf 85' lang='lat' dir='ltr'><strong><em>habuit.</em></strong></span> <span class='ocrx_word' id='word_1_753' title='bbox 662 5095 745 5149; x_wconf 87' lang='lat' dir='ltr'><strong><em>Ita</em></strong></span> <span class='ocrx_word' id='word_1_754' title='bbox 780 5098 922 5150; x_wconf 83' lang='lat' dir='ltr'><strong><em>bellis</em></strong></span> <span class='ocrx_word' id='word_1_755' title='bbox 952 5106 1055 5149; x_wconf 91' lang='lat' dir='ltr'><strong><em>toto</em></strong></span> <span class='ocrx_word' id='word_1_756' title='bbox 1087 5095 1205 5149; x_wconf 77' lang='lat' dir='ltr'><strong><em>orbe</em></strong></span> <span class='ocrx_word' id='word_1_757' title='bbox 1226 5095 1469 5167; x_wconf 76' lang='lat' dir='ltr'><strong><em>catifeclis</em></strong></span> <span class='ocrx_word' id='word_1_758' title='bbox 1498 5095 1803 5159; x_wconf 58' lang='lat' dir='ltr'><strong><em>Octavianus</em></strong></span> 
     </span>
    </p>
   </div>
   <div class='ocr_carea' id='block_1_99' title="bbox 224 5168 1805 5240">
    <p class='ocr_par' dir='ltr' id='par_1_99' title="bbox 224 5168 1805 5240">
     <span class='ocr_line' id='line_1_99' title="bbox 224 5168 1805 5240; baseline 0.001 -17"><span class='ocrx_word' id='word_1_759' title='bbox 224 5172 361 5240; x_wconf 84' lang='lat' dir='ltr'><strong><em>Aug.</em></strong></span> <span class='ocrx_word' id='word_1_760' title='bbox 394 5169 607 5222; x_wconf 79' lang='lat' dir='ltr'><strong><em>Romam</em></strong></span> <span class='ocrx_word' id='word_1_761' title='bbox 636 5170 783 5221; x_wconf 82' lang='lat' dir='ltr'><strong><em>rediit</em></strong></span> <span class='ocrx_word' id='word_1_762' title='bbox 816 5187 948 5220; x_wconf 84' lang='lat' dir='ltr'><strong><em>anno</em></strong></span> <span class='ocrx_word' id='word_1_763' title='bbox 986 5168 1076 5227; x_wconf 71' lang='lat'><strong><em>12,</em></strong></span> <span class='ocrx_word' id='word_1_764' title='bbox 1105 5185 1256 5230; x_wconf 84' lang='lat' dir='ltr'><strong><em>quant</em></strong></span> <span class='ocrx_word' id='word_1_765' title='bbox 1293 5186 1394 5221; x_wconf 89' lang='lat' dir='ltr'><strong><em>cos.</em></strong></span> <span class='ocrx_word' id='word_1_766' title='bbox 1426 5170 1591 5238; x_wconf 87' lang='lat' dir='ltr'><strong><em>fuerat</em></strong></span> <span class='ocrx_word' id='word_1_767' title='bbox 1612 5215 1623 5231; x_wconf 83' lang='grc'><em>,</em></span> <span class='ocrx_word' id='word_1_768' title='bbox 1659 5189 1719 5225; x_wconf 79' lang='lat' dir='ltr'><strong><em>ex</em></strong></span> <span class='ocrx_word' id='word_1_769' title='bbox 1748 5192 1805 5230; x_wconf 83' lang='lat' dir='ltr'><strong><em>eo</em></strong></span> 
     </span>
    </p>
   </div>
   <div class='ocr_carea' id='block_1_100' title="bbox 223 5241 1805 5308">
    <p class='ocr_par' dir='ltr' id='par_1_100' title="bbox 223 5241 1805 5308">
     <span class='ocr_line' id='line_1_100' title="bbox 223 5241 1805 5308; baseline 0.003 -16"><span class='ocrx_word' id='word_1_770' title='bbox 223 5258 387 5308; x_wconf 89' lang='lat' dir='ltr'><strong><em>remp.</em></strong></span> <span class='ocrx_word' id='word_1_771' title='bbox 418 5256 509 5308; x_wconf 81' lang='lat' dir='ltr'><strong><em>per</em></strong></span> <span class='ocrx_word' id='word_1_772' title='bbox 544 5254 632 5291; x_wconf 72' lang='lat' dir='ltr'><strong><em>xlv</em></strong></span> <span class='ocrx_word' id='word_1_773' title='bbox 670 5255 830 5290; x_wconf 80' lang='lat' dir='ltr'><strong><em>anuos</em></strong></span> <span class='ocrx_word' id='word_1_774' title='bbox 855 5241 995 5291; x_wconf 88' lang='lat' dir='ltr'><strong><em>solus</em></strong></span> <span class='ocrx_word' id='word_1_775' title='bbox 1032 5241 1265 5292; x_wconf 88' lang='lat' dir='ltr'><strong><em>obtinuit.</em></strong></span> <span class='ocrx_word' id='word_1_776' title='bbox 1291 5241 1417 5291; x_wconf 89' lang='lat' dir='ltr'><strong><em>Ante</em></strong></span> <span class='ocrx_word' id='word_1_777' title='bbox 1448 5243 1578 5292; x_wconf 88' lang='lat' dir='ltr'><strong><em>enint</em></strong></span> <span class='ocrx_word' id='word_1_778' title='bbox 1613 5258 1684 5295; x_wconf 77' lang='lat' dir='ltr'><strong><em>xu</em></strong></span> <span class='ocrx_word' id='word_1_779' title='bbox 1714 5262 1805 5298; x_wconf 87' lang='lat' dir='ltr'><strong><em>an-</em></strong></span> 
     </span>
    </p>
   </div>
   <div class='ocr_carea' id='block_1_101' title="bbox 224 5308 1805 5379">
    <p class='ocr_par' dir='ltr' id='par_1_101' title="bbox 224 5308 1805 5379">
     <span class='ocr_line' id='line_1_101' title="bbox 224 5308 1805 5379; baseline 0 -15"><span class='ocrx_word' id='word_1_780' title='bbox 224 5314 305 5364; x_wconf 87' lang='lat' dir='ltr'><strong><em>nis</em></strong></span> <span class='ocrx_word' id='word_1_781' title='bbox 333 5326 452 5363; x_wconf 84' lang='lat' dir='ltr'><strong><em>cum</em></strong></span> <span class='ocrx_word' id='word_1_782' title='bbox 474 5311 691 5363; x_wconf 89' lang='lat' dir='ltr'><strong><em>Antonio</em></strong></span> <span class='ocrx_word' id='word_1_783' title='bbox 719 5320 763 5361; x_wconf 92' lang='lat' dir='ltr'><strong><em>et</em></strong></span> <span class='ocrx_word' id='word_1_784' title='bbox 792 5308 984 5376; x_wconf 89' lang='lat' dir='ltr'><strong><em>Lepido</em></strong></span> <span class='ocrx_word' id='word_1_785' title='bbox 1012 5318 1257 5362; x_wconf 90' lang='lat' dir='ltr'><strong><em>tenuerat.</em></strong></span> <span class='ocrx_word' id='word_1_786' title='bbox 1296 5310 1549 5379; x_wconf 85' lang='lat' dir='ltr'><strong><em>Denique,</em></strong></span> <span class='ocrx_word' id='word_1_787' title='bbox 1594 5323 1718 5379; x_wconf 63' lang='lat' dir='ltr'><strong><em>rm,</em></strong></span> <span class='ocrx_word' id='word_1_788' title='bbox 1750 5326 1805 5371; x_wconf 75' lang='lat' dir='ltr'><strong><em>ut</em></strong></span> 
     </span>
    </p>
   </div>
   <div class='ocr_carea' id='block_1_102' title="bbox 227 5379 1805 5451">
    <p class='ocr_par' dir='ltr' id='par_1_102' title="bbox 227 5379 1805 5451">
     <span class='ocr_line' id='line_1_102' title="bbox 227 5379 1805 5451; baseline 0.004 -18"><span class='ocrx_word' id='word_1_789' title='bbox 227 5386 354 5449; x_wconf 74' lang='lat' dir='ltr'><strong><em>legit</em></strong></span> <span class='ocrx_word' id='word_1_790' title='bbox 382 5383 433 5433; x_wconf 88' lang='lat' dir='ltr'><strong><em>in</em></strong></span> <span class='ocrx_word' id='word_1_791' title='bbox 484 5380 545 5433; x_wconf 92' lang='grc' dir='ltr'><strong>ΙΙ.</strong></span> <span class='ocrx_word' id='word_1_792' title='bbox 588 5381 827 5431; x_wconf 60' lang='grc' dir='ltr'><strong><em>(Σθιιὶδὶιις</em></strong></span> <span class='ocrx_word' id='word_1_793' title='bbox 853 5396 997 5434; x_wconf 85' lang='lat' dir='ltr'><strong><em>nmn.</em></strong></span> <span class='ocrx_word' id='word_1_794' title='bbox 1028 5379 1112 5443; x_wconf 83' lang='grc'><strong><em>17,</em></strong></span> <span class='ocrx_word' id='word_1_795' title='bbox 1160 5397 1321 5451; x_wconf 65' lang='lat' dir='ltr'><strong><em>usque</em></strong></span> <span class='ocrx_word' id='word_1_796' title='bbox 1354 5384 1414 5433; x_wconf 78' lang='lat' dir='ltr'><strong><em>:nl</em></strong></span> <span class='ocrx_word' id='word_1_797' title='bbox 1454 5383 1605 5435; x_wconf 69' lang='lat' dir='ltr'><strong><em>verba</em></strong></span> <span class='ocrx_word' id='word_1_798' title='bbox 1643 5383 1805 5440; x_wconf 88' lang='lat' dir='ltr'><strong><em>Nullo</em></strong></span> 
     </span>
    </p>
   </div>
   <div class='ocr_carea' id='block_1_103' title="bbox 226 5450 1808 5521">
    <p class='ocr_par' dir='ltr' id='par_1_103' title="bbox 226 5450 1808 5521">
     <span class='ocr_line' id='line_1_103' title="bbox 226 5450 1808 5521; baseline 0.004 -17"><span class='ocrx_word' id='word_1_799' title='bbox 226 5464 471 5521; x_wconf 83' lang='lat' dir='ltr'><strong><em>tempore,</em></strong></span> <span class='ocrx_word' id='word_1_800' title='bbox 501 5460 619 5518; x_wconf 61' lang='lat' dir='ltr'><strong><em>past</em></strong></span> <span class='ocrx_word' id='word_1_801' title='bbox 643 5466 761 5517; x_wconf 73' lang='lat' dir='ltr'><strong><em>qua:</em></strong></span> <span class='ocrx_word' id='word_1_802' title='bbox 800 5450 1045 5521; x_wconf 79' lang='lat' dir='ltr'><strong><em>Ambros.</em></strong></span> <span class='ocrx_word' id='word_1_803' title='bbox 1082 5452 1236 5503; x_wconf 67' lang='lat' dir='ltr'><strong><em>habet</em></strong></span> <span class='ocrx_word' id='word_1_804' title='bbox 1274 5463 1388 5505; x_wconf 85' lang='lat' dir='ltr'><strong><em>ante</em></strong></span> <span class='ocrx_word' id='word_1_805' title='bbox 1417 5451 1665 5506; x_wconf 78' lang='lat' dir='ltr'><strong><em>Ctesarem</em></strong></span> <span class='ocrx_word' id='word_1_806' title='bbox 1697 5473 1808 5510; x_wconf 86' lang='lat' dir='ltr'><strong><em>ma-</em></strong></span> 
     </span>
    </p>
   </div>
   <div class='ocr_carea' id='block_1_104' title="bbox 225 5520 1804 5594">
    <p class='ocr_par' dir='ltr' id='par_1_104' title="bbox 225 5520 1804 5594">
     <span class='ocr_line' id='line_1_104' title="bbox 225 5520 1804 5594; baseline 0.005 -21"><span class='ocrx_word' id='word_1_807' title='bbox 225 5526 302 5591; x_wconf 85' lang='lat' dir='ltr'><strong><em>gis</em></strong></span> <span class='ocrx_word' id='word_1_808' title='bbox 334 5522 487 5594; x_wconf 86' lang='lat' dir='ltr'><strong><em>Rom.</em></strong></span> <span class='ocrx_word' id='word_1_809' title='bbox 515 5538 593 5575; x_wconf 89' lang='lat' dir='ltr'><strong><em>res</em></strong></span> <span class='ocrx_word' id='word_1_810' title='bbox 611 5524 925 5594; x_wconf 71' lang='lat' dir='ltr'><strong><em>ﬂoruerunt.</em></strong></span> <span class='ocrx_word' id='word_1_811' title='bbox 964 5520 1100 5573; x_wconf 82' lang='lat' dir='ltr'><strong><em>Nam</em></strong></span> <span class='ocrx_word' id='word_1_812' title='bbox 1128 5524 1345 5587; x_wconf 85' lang='lat' dir='ltr'><strong><em>exceptis</em></strong></span> <span class='ocrx_word' id='word_1_813' title='bbox 1378 5526 1606 5577; x_wconf 80' lang='lat' dir='ltr'><strong><em>cit-ilibus</em></strong></span> <span class='ocrx_word' id='word_1_814' title='bbox 1644 5528 1804 5594; x_wconf 83' lang='lat' dir='ltr'><strong><em>bellis,</em></strong></span> 
     </span>
    </p>
   </div>
   <div class='ocr_carea' id='block_1_105' title="bbox 226 5592 1804 5665">
    <p class='ocr_par' dir='ltr' id='par_1_105' title="bbox 226 5592 1804 5665">
     <span class='ocr_line' id='line_1_105' title="bbox 226 5592 1804 5665; baseline 0.001 -18"><span class='ocrx_word' id='word_1_815' title='bbox 226 5600 279 5665; x_wconf 85' lang='lat' dir='ltr'><strong><em>in</em></strong></span> <span class='ocrx_word' id='word_1_816' title='bbox 319 5593 500 5665; x_wconf 84' lang='lat' dir='ltr'><strong><em>quibus</em></strong></span> <span class='ocrx_word' id='word_1_817' title='bbox 538 5592 838 5665; x_wconf 20' lang='lat' dir='ltr'><strong><em>victorAfuit,</em></strong></span> <span class='ocrx_word' id='word_1_818' title='bbox 877 5592 1107 5646; x_wconf 83' lang='lat' dir='ltr'><strong><em>llomano</em></strong></span> <span class='ocrx_word' id='word_1_819' title='bbox 1129 5595 1311 5663; x_wconf 82' lang='lat' dir='ltr'><strong><em>adjecit</em></strong></span> <span class='ocrx_word' id='word_1_820' title='bbox 1343 5595 1469 5663; x_wconf 89' lang='lat' dir='ltr'><strong><em>imp.</em></strong></span> <span class='ocrx_word' id='word_1_821' title='bbox 1500 5592 1804 5665; x_wconf 70' lang='lat' dir='ltr'><strong><em>.Egyptum,</em></strong></span> 
     </span>
    </p>
   </div>
   <div class='ocr_carea' id='block_1_106' title="bbox 226 5662 1808 5732">
    <p class='ocr_par' dir='ltr' id='par_1_106' title="bbox 226 5662 1808 5732">
     <span class='ocr_line' id='line_1_106' title="bbox 226 5662 1808 5732; baseline 0.002 -14"><span class='ocrx_word' id='word_1_822' title='bbox 226 5663 580 5726; x_wconf 79' lang='lat' dir='ltr'><strong><em>Cantabriam,</em></strong></span> <span class='ocrx_word' id='word_1_823' title='bbox 611 5662 921 5717; x_wconf 80' lang='lat' dir='ltr'><strong><em>Dalmatiam</em></strong></span> <span class='ocrx_word' id='word_1_824' title='bbox 947 5680 1080 5729; x_wconf 64' lang='lat' dir='ltr'><strong><em>stupe</em></strong></span> <span class='ocrx_word' id='word_1_825' title='bbox 1107 5662 1223 5716; x_wconf 84' lang='lat' dir='ltr'><strong><em>ante</em></strong></span> <span class='ocrx_word' id='word_1_826' title='bbox 1252 5666 1428 5717; x_wconf 83' lang='lat' dir='ltr'><strong><em>rictum</em></strong></span> <span class='ocrx_word' id='word_1_827' title='bbox 1455 5707 1470 5732; x_wconf 94' lang='lat'><strong><em>,</em></strong></span> <span class='ocrx_word' id='word_1_828' title='bbox 1494 5662 1591 5719; x_wconf 79' lang='lat' dir='ltr'><strong><em>sed</em></strong></span> <span class='ocrx_word' id='word_1_829' title='bbox 1608 5662 1808 5731; x_wconf 75' lang='lat' dir='ltr'><strong><em>penitus</em></strong></span> 
     </span>
    </p>
   </div>
   <div class='ocr_carea' id='block_1_107' title="bbox 226 5733 1805 5807">
    <p class='ocr_par' dir='ltr' id='par_1_107' title="bbox 226 5733 1805 5807">
     <span class='ocr_line' id='line_1_107' title="bbox 226 5733 1805 5807; baseline 0.002 -18"><span class='ocrx_word' id='word_1_830' title='bbox 226 5747 349 5789; x_wconf 85' lang='lat' dir='ltr'><strong><em>tunc</em></strong></span> <span class='ocrx_word' id='word_1_831' title='bbox 391 5735 672 5807; x_wconf 67' lang='lat' dir='ltr'><strong><em>subactam,</em></strong></span> <span class='ocrx_word' id='word_1_832' title='bbox 714 5733 1072 5807; x_wconf 71' lang='lat' dir='ltr'><strong><em>Pannoniam,</em></strong></span> <span class='ocrx_word' id='word_1_833' title='bbox 1120 5736 1480 5804; x_wconf 83' lang='lat' dir='ltr'><strong><em>Aquitaniam,</em></strong></span> <span class='ocrx_word' id='word_1_834' title='bbox 1514 5736 1805 5807; x_wconf 77' lang='lat' dir='ltr'><strong><em>Illyricum,</em></strong></span> 
     </span>
    </p>
   </div>
   <div class='ocr_carea' id='block_1_108' title="bbox 230 5804 1810 5877">
    <p class='ocr_par' dir='ltr' id='par_1_108' title="bbox 230 5804 1810 5877">
     <span class='ocr_line' id='line_1_108' title="bbox 230 5804 1810 5877; baseline 0.004 -17"><span class='ocrx_word' id='word_1_835' title='bbox 230 5807 524 5870; x_wconf 64' lang='lat' dir='ltr'><strong><em>“acetiam,</em></strong></span> <span class='ocrx_word' id='word_1_836' title='bbox 561 5805 848 5860; x_wconf 87' lang='lat' dir='ltr'><strong><em>Vindelicos</em></strong></span> <span class='ocrx_word' id='word_1_837' title='bbox 887 5817 936 5861; x_wconf 93' lang='lat' dir='ltr'><strong><em>et</em></strong></span> <span class='ocrx_word' id='word_1_838' title='bbox 988 5804 1263 5863; x_wconf 82' lang='lat' dir='ltr'><strong><em>Thalassos</em></strong></span> <span class='ocrx_word' id='word_1_839' title='bbox 1292 5808 1346 5861; x_wconf 92' lang='lat' dir='ltr'><strong><em>in</em></strong></span> <span class='ocrx_word' id='word_1_840' title='bbox 1374 5804 1607 5877; x_wconf 69' lang='lat' dir='ltr'><strong><em>Alpibus,</em></strong></span> <span class='ocrx_word' id='word_1_841' title='bbox 1634 5804 1810 5869; x_wconf 79' lang='lat' dir='ltr'><strong><em>omnes</em></strong></span> 
     </span>
    </p>
   </div>
   <div class='ocr_carea' id='block_1_109' title="bbox 1902 4658 3465 4727">
    <p class='ocr_par' dir='ltr' id='par_1_109' title="bbox 1902 4658 3465 4727">
     <span class='ocr_line' id='line_1_109' title="bbox 1902 4658 3465 4727; baseline 0.01 -17"><span class='ocrx_word' id='word_1_842' title='bbox 1902 4669 2026 4710; x_wconf 90' lang='lat' dir='ltr'><strong><em>stem</em></strong></span> <span class='ocrx_word' id='word_1_843' title='bbox 2072 4658 2371 4727; x_wconf 88' lang='lat' dir='ltr'><strong><em>relinquere.</em></strong></span> <span class='ocrx_word' id='word_1_844' title='bbox 2424 4658 2741 4715; x_wconf 73' lang='lat' dir='ltr'><strong><em>Cantabrica:</em></strong></span> <span class='ocrx_word' id='word_1_845' title='bbox 2784 4662 3003 4717; x_wconf 74' lang='lat' dir='ltr'><strong><em>victoria:</em></strong></span> <span class='ocrx_word' id='word_1_846' title='bbox 3044 4665 3180 4719; x_wconf 84' lang='lat' dir='ltr'><strong><em>hunc</em></strong></span> <span class='ocrx_word' id='word_1_847' title='bbox 3222 4669 3465 4725; x_wconf 85' lang='lat' dir='ltr'><strong><em>honorem</em></strong></span> 
     </span>
    </p>
   </div>
   <div class='ocr_carea' id='block_1_110' title="bbox 1904 4752 3466 4826">
    <p class='ocr_par' dir='ltr' id='par_1_110' title="bbox 1904 4752 3466 4826">
     <span class='ocr_line' id='line_1_110' title="bbox 1904 4752 3466 4826; baseline 0.008 -20"><span class='ocrx_word' id='word_1_848' title='bbox 1904 4752 2070 4807; x_wconf 73' lang='lat' dir='ltr'><strong><em>Ctrsar</em></strong></span> <span class='ocrx_word' id='word_1_849' title='bbox 2091 4752 2311 4820; x_wconf 89' lang='lat' dir='ltr'><strong><em>detulit,</em></strong></span> <span class='ocrx_word' id='word_1_850' title='bbox 2339 4762 2395 4806; x_wconf 87' lang='lat' dir='ltr'><strong><em>ut</em></strong></span> <span class='ocrx_word' id='word_1_851' title='bbox 2425 4762 2542 4807; x_wconf 90' lang='lat' dir='ltr'><strong><em>tunc</em></strong></span> <span class='ocrx_word' id='word_1_852' title='bbox 2566 4770 2760 4824; x_wconf 88' lang='lat' dir='ltr'><strong><em>quoque</em></strong></span> <span class='ocrx_word' id='word_1_853' title='bbox 2784 4756 2901 4811; x_wconf 85' lang='lat' dir='ltr'><strong><em>belli</em></strong></span> <span class='ocrx_word' id='word_1_854' title='bbox 2927 4770 3099 4826; x_wconf 88' lang='lat' dir='ltr'><strong><em>portas</em></strong></span> <span class='ocrx_word' id='word_1_855' title='bbox 3126 4762 3344 4817; x_wconf 88' lang='lat' dir='ltr'><strong><em>claustro</em></strong></span> <span class='ocrx_word' id='word_1_856' title='bbox 3369 4781 3466 4818; x_wconf 84' lang='lat' dir='ltr'><strong><em>co-</em></strong></span> 
     </span>
    </p>
   </div>
   <div class='ocr_carea' id='block_1_111' title="bbox 1903 4890 3471 4970">
    <p class='ocr_par' dir='ltr' id='par_1_111' title="bbox 1903 4890 3471 4970">
     <span class='ocr_line' id='line_1_111' title="bbox 1903 4890 3471 4970; baseline 0.01 -25"><span class='ocrx_word' id='word_1_857' title='bbox 1903 4890 2056 4970; x_wconf 66' lang='lat' dir='ltr'><strong><em>Ponti</em></strong></span> <span class='ocrx_word' id='word_1_858' title='bbox 2083 4894 2366 4970; x_wconf 58' lang='lat' dir='ltr'><strong><em>maritimas</em></strong></span> <span class='ocrx_word' id='word_1_859' title='bbox 2393 4893 2731 4970; x_wconf 46' lang='lat' dir='ltr'><strong><em>civitatesin</em></strong></span> <span class='ocrx_word' id='word_1_860' title='bbox 2765 4898 2841 4951; x_wconf 82' lang='lat' dir='ltr'><strong><em>his</em></strong></span> <span class='ocrx_word' id='word_1_861' title='bbox 2887 4898 3111 4955; x_wconf 92' lang='lat' dir='ltr'><strong><em>nobiliss.</em></strong></span> <span class='ocrx_word' id='word_1_862' title='bbox 3149 4899 3471 4970; x_wconf 77' lang='lat' dir='ltr'><strong><em>Bosphorum</em></strong></span> 
     </span>
    </p>
   </div>
   <div class='ocr_carea' id='block_1_112' title="bbox 1902 4962 3474 5037">
    <p class='ocr_par' dir='ltr' id='par_1_112' title="bbox 1902 4962 3474 5037">
     <span class='ocr_line' id='line_1_112' title="bbox 1902 4962 3474 5037; baseline 0.008 -21"><span class='ocrx_word' id='word_1_863' title='bbox 1902 4972 1946 5016; x_wconf 89' lang='lat' dir='ltr'><strong><em>et</em></strong></span> <span class='ocrx_word' id='word_1_864' title='bbox 1972 4962 2124 5016; x_wconf 88' lang='lat' dir='ltr'><strong><em>Ponti</em></strong></span> <span class='ocrx_word' id='word_1_865' title='bbox 2148 4963 2508 5034; x_wconf 83' lang='lat' dir='ltr'><strong><em>Cappadocice.</em></strong></span> <span class='ocrx_word' id='word_1_866' title='bbox 2545 4966 2670 5018; x_wconf 62' lang='lat' dir='ltr'><strong><em>Vicit</em></strong></span> <span class='ocrx_word' id='word_1_867' title='bbox 2702 4977 2871 5021; x_wconf 89' lang='lat' dir='ltr'><strong><em>autem</em></strong></span> <span class='ocrx_word' id='word_1_868' title='bbox 2899 4973 3089 5037; x_wconf 75' lang='lat' dir='ltr'><strong><em>pra-liis</em></strong></span> <span class='ocrx_word' id='word_1_869' title='bbox 3119 4962 3283 5026; x_wconf 75' lang='lat' dir='ltr'><strong><em>Dacos</em></strong></span> <span class='ocrx_word' id='word_1_870' title='bbox 3302 5015 3318 5037; x_wconf 85' lang='lat'><strong><em>,</em></strong></span> <span class='ocrx_word' id='word_1_871' title='bbox 3345 4973 3474 5029; x_wconf 82' lang='lat' dir='ltr'><strong><em>Cer-</em></strong></span> 
     </span>
    </p>
   </div>
   <div class='ocr_carea' id='block_1_113' title="bbox 1903 5036 3474 5111">
    <p class='ocr_par' dir='ltr' id='par_1_113' title="bbox 1903 5036 3474 5111">
     <span class='ocr_line' id='line_1_113' title="bbox 1903 5036 3474 5111; baseline 0.012 -28"><span class='ocrx_word' id='word_1_872' title='bbox 1903 5050 2168 5111; x_wconf 72' lang='lat' dir='ltr'><strong><em>manorum</em></strong></span> <span class='ocrx_word' id='word_1_873' title='bbox 2200 5036 2436 5111; x_wconf 57' lang='lat' dir='ltr'><strong><em>ingentis</em></strong></span> <span class='ocrx_word' id='word_1_874' title='bbox 2464 5038 2634 5111; x_wconf 81' lang='lat' dir='ltr'><strong><em>copias</em></strong></span> <span class='ocrx_word' id='word_1_875' title='bbox 2661 5036 3053 5111; x_wconf 30' lang='lat' dir='ltr'><strong><em>cecidit,_&#39;ipsos</em></strong></span> <span class='ocrx_word' id='word_1_876' title='bbox 3099 5036 3309 5111; x_wconf 87' lang='lat' dir='ltr'><strong><em>quoque</em></strong></span> <span class='ocrx_word' id='word_1_877' title='bbox 3332 5054 3474 5102; x_wconf 90' lang='lat' dir='ltr'><strong><em>trans</em></strong></span> 
     </span>
    </p>
   </div>
   <div class='ocr_carea' id='block_1_114' title="bbox 1904 5103 3473 5183">
    <p class='ocr_par' dir='ltr' id='par_1_114' title="bbox 1904 5103 3473 5183">
     <span class='ocr_line' id='line_1_114' title="bbox 1904 5103 3473 5183; baseline 0.01 -29"><span class='ocrx_word' id='word_1_878' title='bbox 1904 5103 2073 5183; x_wconf 68' lang='lat' dir='ltr'><strong><em>Albem</em></strong></span> <span class='ocrx_word' id='word_1_879' title='bbox 2102 5103 2599 5183; x_wconf 55' lang='lat' dir='ltr'><strong><em>fluviumnsubmovit</em></strong></span> <span class='ocrx_word' id='word_1_880' title='bbox 2621 5148 2632 5167; x_wconf 79' lang='lat'><strong><em>,</em></strong></span> <span class='ocrx_word' id='word_1_881' title='bbox 2664 5110 2749 5177; x_wconf 89' lang='lat' dir='ltr'><strong><em>qui</em></strong></span> <span class='ocrx_word' id='word_1_882' title='bbox 2789 5110 2843 5161; x_wconf 90' lang='lat' dir='ltr'><strong><em>in</em></strong></span> <span class='ocrx_word' id='word_1_883' title='bbox 2868 5103 3129 5183; x_wconf 69' lang='lat' dir='ltr'><strong><em>barbarico</em></strong></span> <span class='ocrx_word' id='word_1_884' title='bbox 3155 5103 3301 5183; x_wconf 77' lang='lat' dir='ltr'><strong><em>longe</em></strong></span> <span class='ocrx_word' id='word_1_885' title='bbox 3339 5118 3473 5170; x_wconf 90' lang='lat' dir='ltr'><strong><em>ultra</em></strong></span> 
     </span>
    </p>
   </div>
   <div class='ocr_carea' id='block_1_115' title="bbox 1908 5173 3473 5253">
    <p class='ocr_par' dir='ltr' id='par_1_115' title="bbox 1908 5173 3473 5253">
     <span class='ocr_line' id='line_1_115' title="bbox 1908 5173 3473 5253; baseline 0.01 -29"><span class='ocrx_word' id='word_1_886' title='bbox 1908 5173 2141 5253; x_wconf 78' lang='lat' dir='ltr'><strong><em>Rhenum</em></strong></span> <span class='ocrx_word' id='word_1_887' title='bbox 2176 5185 2267 5253; x_wconf 69' lang='lat' dir='ltr'><strong><em>est.</em></strong></span> <span class='ocrx_word' id='word_1_888' title='bbox 2296 5174 2611 5253; x_wconf 77' lang='lat' dir='ltr'><strong><em>Hoc_bellum</em></strong></span> <span class='ocrx_word' id='word_1_889' title='bbox 2643 5173 2819 5253; x_wconf 12' lang='lat' dir='ltr'><strong><em>tamen,</em></strong></span> <span class='ocrx_word' id='word_1_890' title='bbox 2830 5196 2916 5253; x_wconf 86' lang='lat' dir='ltr'><strong><em>per</em></strong></span> <span class='ocrx_word' id='word_1_891' title='bbox 2942 5178 3161 5234; x_wconf 87' lang='lat' dir='ltr'><strong><em>Drusum</em></strong></span> <span class='ocrx_word' id='word_1_892' title='bbox 3188 5173 3473 5253; x_wconf 64' lang='lat' dir='ltr'><strong><em>privignum</em></strong></span> 
     </span>
    </p>
   </div>
   <div class='ocr_carea' id='block_1_116' title="bbox 1905 5246 3475 5322">
    <p class='ocr_par' dir='ltr' id='par_1_116' title="bbox 1905 5246 3475 5322">
     <span class='ocr_line' id='line_1_116' title="bbox 1905 5246 3475 5322; baseline 0.01 -26"><span class='ocrx_word' id='word_1_893' title='bbox 1905 5246 2624 5322; x_wconf 37' lang='lat' dir='ltr'><strong><em>suum‘atlministrarit,_sicut</em></strong></span> <span class='ocrx_word' id='word_1_894' title='bbox 2650 5266 2737 5322; x_wconf 83' lang='lat' dir='ltr'><strong><em>per</em></strong></span> <span class='ocrx_word' id='word_1_895' title='bbox 2763 5246 3019 5322; x_wconf 81' lang='lat' dir='ltr'><strong><em>Tiberium</em></strong></span> <span class='ocrx_word' id='word_1_896' title='bbox 3038 5246 3475 5322; x_wconf 50' lang='lat' dir='ltr'><strong><em>privignumvalte-</em></strong></span> 
     </span>
    </p>
   </div>
   <div class='ocr_carea' id='block_1_117' title="bbox 1904 5312 3475 5390">
    <p class='ocr_par' dir='ltr' id='par_1_117' title="bbox 1904 5312 3475 5390">
     <span class='ocr_line' id='line_1_117' title="bbox 1904 5312 3475 5390; baseline 0.012 -26"><span class='ocrx_word' id='word_1_897' title='bbox 1904 5331 2018 5390; x_wconf 77' lang='lat' dir='ltr'><strong><em>rum</em></strong></span> <span class='ocrx_word' id='word_1_898' title='bbox 2046 5312 2563 5390; x_wconf 79' lang='lat' dir='ltr'><strong><em>Pannonicunt._Quo</em></strong></span> <span class='ocrx_word' id='word_1_899' title='bbox 2595 5318 2723 5372; x_wconf 91' lang='lat' dir='ltr'><strong><em>bello</em></strong></span> <span class='ocrx_word' id='word_1_900' title='bbox 2746 5334 2870 5374; x_wconf 86' lang='lat' dir='ltr'><strong><em>cccc</em></strong></span> <span class='ocrx_word' id='word_1_901' title='bbox 2894 5312 3054 5390; x_wconf 65' lang='lat' dir='ltr'><strong><em>millia</em></strong></span> <span class='ocrx_word' id='word_1_902' title='bbox 3082 5312 3392 5390; x_wconf 60' lang='lat' dir='ltr'><strong><em>captivorum</em></strong></span> <span class='ocrx_word' id='word_1_903' title='bbox 3410 5344 3475 5383; x_wconf 79' lang='lat' dir='ltr'><strong><em>ex</em></strong></span> 
     </span>
    </p>
   </div>
   <div class='ocr_carea' id='block_1_118' title="bbox 1906 5383 3473 5455">
    <p class='ocr_par' dir='ltr' id='par_1_118' title="bbox 1906 5383 3473 5455">
     <span class='ocr_line' id='line_1_118' title="bbox 1906 5383 3473 5455; baseline 0.009 -18"><span class='ocrx_word' id='word_1_904' title='bbox 1906 5383 2175 5437; x_wconf 82' lang='lat' dir='ltr'><strong><em>Germania</em></strong></span> <span class='ocrx_word' id='word_1_905' title='bbox 2220 5388 2509 5449; x_wconf 86' lang='lat' dir='ltr'><strong><em>transtulit,</em></strong></span> <span class='ocrx_word' id='word_1_906' title='bbox 2554 5399 2599 5441; x_wconf 91' lang='lat' dir='ltr'><strong><em>et</em></strong></span> <span class='ocrx_word' id='word_1_907' title='bbox 2640 5406 2795 5455; x_wconf 88' lang='lat' dir='ltr'><strong><em>supra</em></strong></span> <span class='ocrx_word' id='word_1_908' title='bbox 2825 5390 2985 5453; x_wconf 85' lang='lat' dir='ltr'><strong><em>ripam</em></strong></span> <span class='ocrx_word' id='word_1_909' title='bbox 3018 5383 3184 5446; x_wconf 78' lang='lat' dir='ltr'><strong><em>Rheni</em></strong></span> <span class='ocrx_word' id='word_1_910' title='bbox 3219 5396 3267 5447; x_wconf 91' lang='lat' dir='ltr'><strong><em>in</em></strong></span> <span class='ocrx_word' id='word_1_911' title='bbox 3298 5392 3473 5451; x_wconf 83' lang='lat' dir='ltr'><strong><em>Gallia</em></strong></span> 
     </span>
    </p>
   </div>
   <div class='ocr_carea' id='block_1_119' title="bbox 1909 5456 3475 5534">
    <p class='ocr_par' dir='ltr' id='par_1_119' title="bbox 1909 5456 3475 5534">
     <span class='ocr_line' id='line_1_119' title="bbox 1909 5456 3475 5534; baseline 0.01 -27"><span class='ocrx_word' id='word_1_912' title='bbox 1909 5456 2192 5534; x_wconf 68' lang='lat' dir='ltr'><strong><em>collocavit.</em></strong></span> <span class='ocrx_word' id='word_1_913' title='bbox 2231 5457 2519 5534; x_wconf 52' lang='lat' dir='ltr'><strong><em>Agueniant</em></strong></span> <span class='ocrx_word' id='word_1_914' title='bbox 2555 5476 2585 5534; x_wconf 74' lang='grc' dir='ltr'><em>ᾳ</em></span> <span class='ocrx_word' id='word_1_915' title='bbox 2614 5457 2820 5534; x_wconf 46' lang='lat' dir='ltr'><strong><em>Parthis</em></strong></span> <span class='ocrx_word' id='word_1_916' title='bbox 2849 5462 3301 5534; x_wconf 22' lang='lat' dir='ltr'><strong><em>recepit,‘obsides.</em></strong></span> <span class='ocrx_word' id='word_1_917' title='bbox 3338 5471 3475 5534; x_wconf 87' lang='lat' dir='ltr'><strong><em>quod</em></strong></span> 
     </span>
    </p>
   </div>
   <div class='ocr_carea' id='block_1_120' title="bbox 1908 5524 3475 5605">
    <p class='ocr_par' dir='ltr' id='par_1_120' title="bbox 1908 5524 3475 5605">
     <span class='ocr_line' id='line_1_120' title="bbox 1908 5524 3475 5605; baseline 0.01 -29"><span class='ocrx_word' id='word_1_918' title='bbox 1908 5527 2037 5605; x_wconf 69' lang='lat' dir='ltr'><strong><em>nulli</em></strong></span> <span class='ocrx_word' id='word_1_919' title='bbox 2063 5537 2229 5589; x_wconf 88' lang='lat' dir='ltr'><strong><em>antea,</em></strong></span> <span class='ocrx_word' id='word_1_920' title='bbox 2269 5524 2441 5605; x_wconf 63' lang='lat' dir='ltr'><strong><em>Persa?</em></strong></span> <span class='ocrx_word' id='word_1_921' title='bbox 2462 5529 2507 5580; x_wconf 91' lang='lat' dir='ltr'><strong><em>ei</em></strong></span> <span class='ocrx_word' id='word_1_922' title='bbox 2533 5529 2850 5605; x_wconf 77' lang='lat' dir='ltr'><strong><em>dediderunt.</em></strong></span> <span class='ocrx_word' id='word_1_923' title='bbox 2877 5524 3228 5605; x_wconf 75' lang='lat' dir='ltr'><strong><em>Reddideruut</em></strong></span> <span class='ocrx_word' id='word_1_924' title='bbox 3258 5547 3302 5589; x_wconf 76' lang='lat' dir='ltr'><strong><em>ct</em></strong></span> <span class='ocrx_word' id='word_1_925' title='bbox 3330 5524 3475 5605; x_wconf 70' lang='lat' dir='ltr'><strong><em>signa</em></strong></span> 
     </span>
    </p>
   </div>
   <div class='ocr_carea' id='block_1_121' title="bbox 1910 5596 3473 5674">
    <p class='ocr_par' dir='ltr' id='par_1_121' title="bbox 1910 5596 3473 5674">
     <span class='ocr_line' id='line_1_121' title="bbox 1910 5596 3473 5674; baseline 0.008 -25"><span class='ocrx_word' id='word_1_926' title='bbox 1910 5596 2164 5674; x_wconf 82' lang='lat' dir='ltr'><strong><em>Romana,</em></strong></span> <span class='ocrx_word' id='word_1_927' title='bbox 2199 5614 2314 5665; x_wconf 74' lang='lat' dir='ltr'><strong><em>qutu</em></strong></span> <span class='ocrx_word' id='word_1_928' title='bbox 2339 5597 2520 5674; x_wconf 64' lang='lat' dir='ltr'><strong><em>Crasso</em></strong></span> <span class='ocrx_word' id='word_1_929' title='bbox 2543 5600 2669 5651; x_wconf 81' lang='lat' dir='ltr'><strong><em>victo</em></strong></span> <span class='ocrx_word' id='word_1_930' title='bbox 2700 5601 3008 5654; x_wconf 88' lang='lat' dir='ltr'><strong><em>ademerant.</em></strong></span> <span class='ocrx_word' id='word_1_931' title='bbox 3037 5604 3242 5672; x_wconf 80' lang='lat' dir='ltr'><strong><em>Scytha:</em></strong></span> <span class='ocrx_word' id='word_1_932' title='bbox 3265 5618 3308 5660; x_wconf 91' lang='lat' dir='ltr'><strong><em>et</em></strong></span> <span class='ocrx_word' id='word_1_933' title='bbox 3331 5596 3473 5674; x_wconf 69' lang='lat' dir='ltr'><strong><em>Indi,</em></strong></span> 
     </span>
    </p>
   </div>
   <div class='ocr_carea' id='block_1_122' title="bbox 1908 5666 3474 5747">
    <p class='ocr_par' dir='ltr' id='par_1_122' title="bbox 1908 5666 3474 5747">
     <span class='ocr_line' id='line_1_122' title="bbox 1908 5666 3474 5747; baseline 0.008 -28"><span class='ocrx_word' id='word_1_934' title='bbox 1908 5667 2089 5737; x_wconf 87' lang='lat' dir='ltr'><strong><em>quibus</em></strong></span> <span class='ocrx_word' id='word_1_935' title='bbox 2132 5679 2278 5747; x_wconf 81' lang='lat' dir='ltr'><strong><em>antea</em></strong></span> <span class='ocrx_word' id='word_1_936' title='bbox 2330 5666 2672 5747; x_wconf 74' lang='lat' dir='ltr'><strong><em>Romanarum</em></strong></span> <span class='ocrx_word' id='word_1_937' title='bbox 2717 5686 2894 5747; x_wconf 82' lang='lat' dir='ltr'><strong><em>nomen</em></strong></span> <span class='ocrx_word' id='word_1_938' title='bbox 2935 5666 3242 5747; x_wconf 49' lang='lat' dir='ltr'><strong><em>incognitum</em></strong></span> <span class='ocrx_word' id='word_1_939' title='bbox 3284 5666 3474 5747; x_wconf 66' lang='lat' dir='ltr'><strong><em>fuerat,</em></strong></span> 
     </span>
    </p>
   </div>
   <div class='ocr_carea' id='block_1_123' title="bbox 1909 5740 3365 5812">
    <p class='ocr_par' dir='ltr' id='par_1_123' title="bbox 1909 5740 3365 5812">
     <span class='ocr_line' id='line_1_123' title="bbox 1909 5740 3365 5812; baseline 0.008 -22"><span class='ocrx_word' id='word_1_940' title='bbox 1909 5754 2142 5806; x_wconf 89' lang='lat' dir='ltr'><strong><em>munera,</em></strong></span> <span class='ocrx_word' id='word_1_941' title='bbox 2169 5740 2456 5809; x_wconf 88' lang='lat' dir='ltr'><strong><em>legatosque</em></strong></span> <span class='ocrx_word' id='word_1_942' title='bbox 2482 5741 2547 5794; x_wconf 90' lang='lat' dir='ltr'><strong><em>ad</em></strong></span> <span class='ocrx_word' id='word_1_943' title='bbox 2574 5755 2687 5795; x_wconf 87' lang='lat' dir='ltr'><strong><em>eum</em></strong></span> <span class='ocrx_word' id='word_1_944' title='bbox 2712 5742 2973 5797; x_wconf 87' lang='lat' dir='ltr'><strong><em>miserunt.</em></strong></span> <span class='ocrx_word' id='word_1_945' title='bbox 3004 5740 3228 5800; x_wconf 81' lang='lat' dir='ltr'><strong><em>Galatia.</em></strong></span> <span class='ocrx_word' id='word_1_946' title='bbox 3259 5740 3365 5812; x_wconf 65' lang='lat' dir='ltr'><strong><em>etc,</em></strong></span> 
     </span>
    </p>
   </div>
  </div>
