3918 6344
502 283 609 350 859

1353 287 1551 345 PAULI
1592 284 1860 343 nucum
1903 284 2052 341 ore.
2093 281 2269 341 rans
2308 281 2346 339 ι.
2386 314 2460 327 -
2496 283 2884 344 msromcn.
3594 306 3674 369 κ,

501 409 657 463 humi
678 406 900 480 justiti-ret.
952 405 1034 460 Ita
1063 410 1181 459 tunc
1227 406 1446 460 secundo
1475 419 1563 474 per
1591 402 1863 462 Cwsarem.
1898 410 2081 471 quarto
2113 401 2163 461 Α
2186 416 2319 469 stepe
2343 419 2431 467 per
2463 402 2557 453 vim
2585 402 2777 455 doloris
2799 410 2954 469 caput
2982 402 3165 471 parieti
3194 402 3414 463 collident
3446 413 3671 477 clamant,

502 506 613 575 poti
653 502 839 560 Urbem
898 500 1155 557 conditam
1205 502 1410 554 clauSus
1458 511 1532 553 est
1580 497 1769 551 Janus.
1819 495 1942 550 Post
1987 497 2084 548 hoc

501 598 748 651 Claudius
774 593 989 659 Drusus,
1015 594 1275 663 privignus
1295 590 1512 646 Ctesaris
1535 588 1777 652 Galliam,
1804 587 2083 641 Bhretiam-

498 704 594 760 que
622 691 850 751 sortitus;
881 688 1021 740 musci
1044 703 1133 739 πτας
1164 685 1567 755 fortissimosque
1594 692 1765 749 gentes
1791 680 2084 737 Germanias

498 785 652 837 armis
685 786 898 852 subegit.
952 782 1087 835 Nam
1130 794 1250 833 ante
1280 779 1435 833 veluti
1472 778 1539 830 ad
1569 778 1900 832 constitutum
1947 776 2084 842 pacis

497 877 628 929 diem
659 876 975 943 festinarent,
1018 876 1090 926 ita
1132 888 1305 926 omnes
1330 873 1398 925 ad
1436 870 1795 939 experientiam
1827 869 1964 932 belli,
1992 870 2082 921 de-

497 970 794 1022 cisiomemt'e
824 967 1027 1036 {sederis
1053 966 1284 1019 undatim
1316 976 1484 1033 gentes
1505 962 1970 1019 commorcbantur.
1994 968 2082 1013 aut

496 1072 804 1131 susceptura:
831 1061 1143 1115 conditiones
1176 1060 1337 1127 pacis,
1366 1061 1407 1111 si
1438 1060 1775 1119 vinceremur,
1802 1065 1888 1108 aut
1914 1068 2083 1107 usurte

453 1156 456 1158 ⁷
497 1158 664 1224 quieta
684 1154 931 1219 libertate,
956 1154 1000 1207 si
1027 1153 1296 1206 vincerent.
1327 1151 1526 1214 Norici,
1557 1147 1778 1218 Illyrici,
1806 1146 2082 1211 Pannonii,

499 1245 773 1305 Dalmattr.
810 1245 992 1312 Mtesii,
1024 1244 1267 1307 Thraces,
1303 1242 1449 1306 Daci,
1481 1242 1754 1303 Sarmatte,
1779 1239 2087 1306 plurimique

498 1349 544 1392 et
573 1339 780 1391 maximi
808 1336 1096 1391 Germania:
1142 1334 1351 1403 populi,
1386 1349 1475 1400 per
1523 1333 1753 1386 diversos
1799 1332 1975 1394 duces,
2010 1330 2086 1382 vel

497 1431 746 1497 superati,
791 1431 866 1483 vel
910 1430 1158 1497 repressi,
1190 1431 1265 1481 vel
1308 1429 1457 1479 etiam
1502 1427 1701 1496 objectu
1743 1425 2085 1476 maximorum

498 1523 767 1593 ﬂuminum
820 1522 982 1575 Rheni
1029 1516 1344 1588 Danubiique
1396 1520 1579 1572 seclusi
1625 1526 1762 1571 sunt.
1798 1515 2001 1569 Drusus
2031 1515 2084 1568 in

502 1616 774 1669 tier-mania
812 1616 975 1684 primo
1007 1610 1237 1681 Usipetes
1264 1657 1276 1679 ,
1310 1612 1491 1665 deinde
1523 1609 1815 1671 Tencteros,
1848 1619 1889 1662 et
1919 1606 2083 1661 Chat-

499 1717 574 1760 tos
606 1702 891 1774 perdomuit
915 1706 1089 1773 :ipsos
1135 1720 1330 1773 quoque
1360 1714 1499 1756 trans
1530 1704 1692 1753 Albim
1723 1702 1935 1771 fluvium
1966 1698 2086 1751 sub-

2192 494 2403 557 Quintiti
2430 490 2581 556 Vare,
2603 494 2755 546 redde
2776 495 3018 561 legiones.
3036 492 3375 561 Bosphoranos
3386 518 3484 556 vero
3498 508 3676 578 Agrippa

2189 585 2463 653 superavit,
2488 595 2537 639 et
2583 587 2742 653 signis
2790 585 3056 653 Romanis,
3087 604 3201 655 qua:
3244 589 3315 645 illi
3357 598 3570 662 quondam
3604 602 3672 659 sub

2190 676 2489 730 Mithridate
2511 678 2851 744 abstulerant,
2878 678 3007 733 bello
3028 684 3328 750 recuperatis
3352 687 3411 739 ad
3430 687 3676 750 deditionem

2187 774 2366 841 coegit.
2396 772 2436 823 Α
2474 769 2682 824 Parthis
2708 772 2999 827 Armeniam
3030 775 3229 841 recepit.
3259 774 3441 843 Parthi,
3461 754 3579 849 quasi
3602 796 3677 840 tozo

2188 864 2306 917 orbe
2334 871 2586 916 terrarum
2606 906 2618 927 ,
2654 863 2731 917 vel
2776 864 2989 932 domito,
3020 866 3095 917 vel
3124 877 3316 935 pacato,
3342 871 3537 924 omnium
3561 874 3681 929 oculis

2187 955 2509 1025 signarentur
2526 995 2542 1020 ,
2569 965 2715 1025 atque
2742 956 2796 1010 in
2825 973 2879 1010 se
2907 957 3044 1010 solos
3073 959 3234 1012 omnis
3262 960 3388 1029 vigor
3415 962 3592 1016 Romani
3614 967 3681 1019 im-

2189 1050 2315 1131 perii
2344 1049 2612 1104 vertendus
2642 1060 2798 1112 esset;
2839 1051 3026 1121 quippe
3050 1068 3174 1121 quos
3202 1055 3405 1120 pristina
3442 1058 3682 1113 ulciscenda

2189 1142 2469 1196 Crassiame
2527 1146 2683 1198 credis
2725 1145 3035 1199 conscientia
3085 1146 3337 1200 ntordebat
3361 1190 3374 1212 ,
3406 1149 3519 1202 ultro
3555 1153 3680 1220 signa,

2185 1252 2298 1305 qua:
2324 1235 2507 1290 Crasso
2537 1237 2868 1304 abstulerant,
2894 1239 2961 1291 ad
3004 1238 3253 1293 Ca’sarem
3278 1244 3561 1306 remiserunt,
3585 1243 3684 1296 obsi-

2186 1329 2426 1397 dibusque
2446 1332 2597 1401 regiis
2626 1334 2845 1397 traditis,
2880 1335 3087 1401 ﬁrmum
3121 1337 3280 1402 {rudus
3317 1335 3578 1403 ﬁdelissina
3598 1355 3686 1407 sup-

2188 1420 2459 1487 plicatione
2500 1431 2811 1475 meruerunt.
2864 1420 3066 1477 Galatia
3110 1440 3317 1492 quoque
3360 1427 3450 1478 sub
3488 1426 3570 1480 hoc
3596 1442 3686 1493 pro-

2188 1512 2359 1563 vincia
2390 1512 2520 1565 facta
2552 1526 2657 1577 est,
2690 1528 2809 1568 cum
2841 1523 2995 1569 antea
3027 1530 3249 1584 regnum
3299 1518 3488 1579 luisset,
3514 1518 3687 1585 prunus-

2185 1620 2287 1673 que
2317 1620 2432 1659 eum
2462 1605 2529 1658 Μ.
2562 1606 2743 1660 Lolius
2768 1622 2864 1675 pro
2896 1619 3126 1674 praetore
3150 1608 3532 1663 administravit.
3560 1610 3688 1663 Tanto

2185 1709 2360 1753 autem
2393 1714 2573 1753 amore
2605 1701 2764 1754 etiam
2811 1704 2949 1769 apud
2982 1701 3239 1756 barbaros
3271 1702 3381 1767 luit,
3412 1711 3462 1756 ut
3484 1717 3608 1771 reges
3628 1717 3692 1769 po-

498 1800 673 1863 ntouit,
718 1800 803 1868 qui
845 1799 896 1851 in
948 1796 1224 1851 Barbarico
1269 1796 1415 1865 longe
1460 1798 1592 1847 ultra
1644 1792 1881 1846 Rhenum
1939 1801 2079 1846 sunt.
2114 1782 2162 1846 Β
2192 1791 2297 1859 puli
2332 1789 2554 1844 Κουιθηί
2600 1793 2754 1845 amici
2788 1792 2839 1845 in
2872 1796 3128 1847 honorem
3160 1792 3275 1862 ejus
3312 1793 3573 1847 conderent
3593 1794 3691 1847 civi-

501 1891 895 1944 Marcomannes
936 1905 1133 1959 quoque
1162 1898 1287 1958 pene
1314 1889 1381 1939 ad
1432 1886 1819 1939 internecionem
1868 1885 2075 1938 cecidit.

499 1983 684 2038 Postea
732 1983 1036 2053 fortissimas
1080 1980 1342 2043 nationes,
1376 1988 1420 2031 et
1466 1977 1644 2049 quibus
1695 1984 1877 2028 natura
1927 1975 2077 2037 vires,

495 2078 808 2132 consuetudo
861 2076 1228 2144 experientiam
1277 2073 1461 2123 virium
1511 2072 1702 2134 dabat,
1757 2068 2079 2131 Cheruscos,

497 2172 691 2227 Suevos
735 2180 781 2224 et
827 2169 1119 2225 Sicambros
1178 2168 1369 2236 pariter
1425 2181 1527 2217 uno
1587 2164 1715 2215 bel’o
1772 2163 1922 2214 etiam
1977 2160 2082 2213 suis

494 2262 677 2333 aspero
705 2263 982 2330 superavit.
1021 2262 1251 2325 Quorum
1295 2273 1357 2310 ea:
1389 2272 1444 2309 eo
1488 2254 1803 2307 con-iderari
1836 2254 1988 2304 virtus
2022 2266 2081 2301 ac

496 2359 673 2427 feritas
724 2364 905 2422 potest,
934 2352 1067 2422 quod
1116 2351 1350 2403 mulieres
1394 2362 1607 2417 quoque,
1643 2348 1685 2398 si
1713 2344 1917 2413 quando
1950 2359 2083 2409 prte-

492 2456 641 2505 ve'ntu
692 2447 1043 2501 Romanorum
1073 2445 1201 2497 inter
1229 2441 1459 2513 plaustra
1491 2456 1584 2493 sua
1626 2437 2077 2498 concludebantur,

492 2540 844 2611 deﬁcientibus
892 2538 1025 2601 telis,
1054 2537 1130 2590 vel
1169 2533 1390 2603 qualibet
1428 2548 1502 2597 re,
1534 2548 1632 2600 qua
1680 2532 1811 2583 velut
1860 2528 1959 2579 telo
2007 2525 2081 2578 uti

491 2636 639 2707 furor
666 2640 849 2703 posset,
877 2645 1056 2699 parcos
1079 2628 1212 2697 filios
1244 2626 1446 2679 collisos
1472 2625 1629 2686 humi,
1660 2623 1711 2674 in
1736 2620 1958 2674 hostium
1991 2633 2083 2669 ora

492 2727 771 2796 faciebant,
820 2723 875 2775 in
904 2721 1119 2792 singulis
1150 2718 1373 2787 ﬁliorum
1421 2715 1624 2769 necibus
1662 2713 1734 2766 bis
1784 2709 2077 2779 parricide.

492 2817 636 2872 Tunc
664 2818 813 2870 etiam
841 2815 893 2867 in
923 2815 1097 2883 Africa
1123 2810 1448 2864 Massulattos
1478 2816 1523 2859 ct
1560 2805 1770 2860 Getulos
1802 2805 1959 2859 latius
1986 2822 2076 2859 va-

495 2918 669 2983 gantes
716 2912 902 2963 Cessas
947 2908 1051 2959 dua:
1081 2904 1300 2959 Caesaris
1333 2908 1356 2935 ο
1390 2902 1583 2954 artibus
1618 2899 1801 2965 ﬁnibus
1832 2900 2077 2961 coercuit,

492 3014 644 3075 atque
680 3010 709 3055 a
743 3000 988 3055 Romanis
1035 2997 1277 3051 limitibus
1323 2996 1574 3047 abstinere
1623 3001 1757 3044 metu
1810 2990 2076 3055 compulit.

496 3096 697 3152 Interea
724 3097 974 3149 (starem
1003 3091 1140 3162 apud
1166 3092 1186 3139 'i
1210 3098 1507 3141 arraconem
1536 3084 1785 3139 citerioris
1815 3083 1856 3137 Η
1867 3084 2079 3152 ispaniae

2186 1890 2344 1945 tates,
2371 1896 2504 1950 quas
2525 1882 2797 1937 Caesareas
2829 1884 3171 1938 nominarent
3195 1903 3206 1937 :
3229 1886 3361 1939 sicut
3380 1885 3429 1938 in
3452 1884 3694 1937 Mauritania

2183 1990 2211 2026 a
2245 1988 2369 2043 rege
2397 1972 2551 2030 Juba.
2579 1987 2631 2028 et
2669 1976 2718 2028 in
2750 1975 3055 2041 Palaestina,
3081 1991 3201 2045 qua:
3234 1992 3370 2030 nunc
3395 1988 3467 2030 eSt
3494 1976 3599 2030 urbs
3616 1976 3695 2028 cla-

2183 2068 2418 2120 rissima.
2455 2066 2601 2119 Multi
2638 2078 2815 2122 autem
2859 2084 3010 2137 reges
3041 2085 3103 2125 ex
3136 2070 3314 2136 regnis
3340 2069 3444 2123 suis
3480 2077 3694 2131 venerunt,

2186 2168 2243 2212 ut
2271 2162 2317 2212 ei
2349 2158 2792 2227 obsequerentur,
2825 2172 2878 2214 et
2922 2163 3101 2215 habitu
3153 2162 3411 2226 Romam,
3438 2162 3595 2231 togati,
3619 2160 3696 2214 sci-

2185 2248 2331 2313 licet,
2359 2251 2425 2303 ad
2460 2253 2782 2318 vehiculum,
2818 2254 2901 2306 vel
2951 2253 3015 2306 ad
3065 2269 3260 2323 equum
3312 2255 3465 2323 ipsius
3508 2266 3700 2308 cucurre-

2184 2354 2327 2397 runt.
2364 2344 2510 2398 Adeo
2541 2345 2767 2411 denique
2814 2347 3027 2413 turbas,
3061 2348 3223 2414 bella,
3271 2348 3565 2411 simultates,
3588 2362 3699 2400 etse-

2185 2446 2367 2491 cratus
2411 2447 2515 2502 est,
2550 2448 2624 2499 ttt,
2661 2438 2758 2491 nisi
2788 2437 2947 2506 justis
2976 2440 3042 2494 de
3091 2439 3294 2509 causis,
3325 2456 3569 2508 nunquam
3598 2437 3701 2507 genti

2184 2529 2432 2595 cuiquam
2485 2529 2683 2582 bellum
2734 2529 2992 2595 intulerit,
3021 2530 3381 2601 jactantisque
3410 2544 3517 2587 esse
3553 2532 3702 2601 ingenii

2184 2629 2239 2675 et
2266 2622 2524 2675 levissimi
2569 2622 2802 2689 dicebat,
2830 2627 3027 2680 ardore
3068 2624 3448 2695 triumphandi,
3477 2635 3524 2681 et
3548 2626 3604 2679 ob
3627 2626 3706 2677 lau-

2190 2730 2335 2768 ream
2367 2728 2643 2781 coronam,
2677 2715 2727 2770 id
2754 2727 2857 2781 est,
2888 2716 3008 2772 folia
3032 2718 3381 2782 infructuosa,
3406 2718 3454 2772 in
3478 2718 3704 2772 discrimen

2187 2825 2279 2878 per
2308 2808 2543 2865 incertos
2571 2821 2794 2866 eventus
2818 2812 3169 2867 certaminum
3204 2815 3528 2869 securitatem
3551 2810 3701 2866 civium

2186 2904 2551 2971 praecipitare;
2585 2920 2759 2973 neque
2809 2906 3114 2973 imperatori
3150 2909 3293 2962 bono
3340 2908 3596 2977 quidquam
3632 2903 3684 2956 aii

2188 3012 2283 3049 nus
2343 3012 2498 3065 quam
2556 3001 2909 3053 temeritatem
2973 3014 3308 3070 congruere;
3352 3000 3473 3054 satis
3515 2996 3708 3053 celeriter

2185 3091 2295 3143 ﬁeri
2354 3091 2606 3159 quidquid
2660 3094 2939 3148 commode
2988 3105 3297 3162 gereretur;
3351 3108 3599 3159 armaque,
3637 3088 3708 3142 nisi

495 3191 647 3260 legali
693 3190 943 3242 ludorum
984 3193 1030 3238 ει
1072 3183 1417 3253 Scytharum,
1451 3188 1553 3233 ιοεο
1595 3178 1712 3232 orbe
1756 3178 2077 3239 ιναηδυιῦδεον
2108 3153 2155 3216 0
2190 3182 2406 3251 majoris
2454 3185 2799 3239 emolumenti
2829 3201 2943 3253 spe,
2979 3153 3316 3255 nequaquam
3346 3153 3707 3243 movendaesse,

496 3284 703 3337 tandem
744 3282 812 3334 ibi
852 3281 1169 3340 invenerunt,
1208 3277 1341 3327 ultra
1379 3273 1512 3342 quod
1567 3285 1789 3336 qun'rere
1840 3273 1947 3338 iam
1982 3284 2083 3320 non

494 3386 733 3454 possent;
762 3372 1159 3443 refuderuntque
1204 3367 1258 3419 in
1298 3365 1549 3419 (Stesarem
1593 3363 1771 3433 Magni
1802 3361 2085 3414 Alexandri

496 3449 732 3539 gloriam,
763 3474 909 3539 quem
935 3460 1063 3511 sicut
1099 3455 1477 3521 Hispanorum,
1505 3451 1867 3519 Gallorumque
1898 3449 2084 3518 legatio

498 3562 550 3614 in
576 3557 741 3609 medio
768 3538 979 3606 Uriente
1005 3548 1143 3617 apud
1169 3546 1505 3617 Babylmtiam
1538 3541 1963 3611 contemiilatione
1988 3555 2082 3607 pa-

495 3652 567 3705 cis
590 3650 736 3713 adiit,
761 3647 833 3701 ita
858 3647 990 3699 hunc
1012 3644 1150 3713 apud
1177 3641 1484 3711 Hispaniam
1507 3639 1557 3691 in
1585 3640 1641 3690 Ol
1660 3638 1870 3689 cidentis
1892 3636 2085 3687 ultimis

493 3746 711 3815 supplex
738 3752 854 3795 rum
900 3739 1134 3811 gentilico
1173 3750 1379 3789 munere
1413 3734 1568 3798 l'Ious,
1609 3730 1770 3783 ludus
1798 3741 1841 3783 et
1893 3727 2085 3782 Boreas

496 3834 692 3908 Scytha
713 3834 893 3889 orarit.
925 3830 1231 3885 Cantabrico
1256 3827 1387 3881 bello
1408 3843 1498 3897 per
1519 3828 1738 3893 quinque
1762 3836 1923 3876 annos
1948 3832 2081 3888 acto;

495 3941 700 4000 totaque
732 3925 989 3997 Hispania
1015 3924 1068 3977 in
1101 3930 1346 3976 aeternam
1390 3933 1563 3987 pacem
1600 3928 1713 3969 cum
1745 3916 1964 3984 quadam
2005 3929 2086 3966 re-

495 4023 772 4089 spiratione
817 4016 1139 4071 lassitudinis
1176 4012 1421 4065 reclinata
1449 4052 1461 4071 ,
1514 4024 1571 4061 ac
1621 4008 1861 4075 reposita,
1913 4005 2085 4059 Cazsar

502 4113 713 4165 Romam
741 4109 913 4172 rediit,
944 4106 1125 4177 quibus
1164 4106 1316 4157 etiam
1343 4102 1519 4155 diebus
1551 4102 1711 4153 multa
1739 4116 1826 4167 per
1853 4115 1926 4165 se,
1950 4096 2086 4150 mul-

498 4215 642 4273 taque
661 4218 753 4270 per
778 4201 928 4252 duces
955 4207 999 4251 et
1029 4198 1219 4267 legatos
1251 4194 1383 4247 bella
1408 4194 1577 4263 gessit.
1613 4190 1752 4244 Nam
1778 4191 1909 4242 inter
1937 4196 2085 4241 ca’te-

497 4318 579 4352 ros
612 4296 732 4349 Piso
762 4295 1003 4347 adversus
1040 4291 1332 4344 Vindelicos
1364 4289 1546 4341 missus
1592 4295 1684 4339 est.
1735 4283 1933 4352 Quibus
1961 4284 2081 4337 sub-

500 4393 625 4447 actis
670 4392 823 4441 viclor
855 4386 919 4438 ad
962 4383 1214 4437 Cursarem
1245 4382 1549 4451 Lugdunum
1589 4379 1741 4431 venit.
1779 4375 2081 4429 Pannonios

501 4500 628 4539 novo
673 4493 809 4533 motu
853 4481 1235 4532 intumescentes
1284 4473 1514 4527 Tiberius
1561 4472 1821 4542 privignus
1861 4470 2080 4523 Cossaris

2190 3290 2256 3329 ne
2302 3275 2615 3344 compendio
2663 3281 2848 3341 tenui,
2888 3279 3091 3343 jactura
3139 3282 3289 3349 gravi
3337 3280 3493 3347 potiti
3540 3272 3707 3327 victoris

2186 3368 2379 3422 similis
2426 3368 2496 3422 sit
2540 3369 2697 3424 hamo
2746 3386 2910 3430 aureo
2952 3372 3322 3440 piscantibus,
3368 3370 3512 3439 cujus
3555 3363 3711 3432 abrupti

2188 3462 2476 3529 amissique
2507 3461 2882 3517 detrimentum
2930 3465 3077 3518 nullo
3105 3476 3346 3535 captane
3394 3469 3530 3518 lucro
3555 3458 3712 3531 pensari

2188 3562 2382 3620 pOtest.
2415 3555 2671 3609 Avunculi
2717 3571 2927 3625 quoque
2978 3561 3255 3611 inventum
3304 3561 3623 3611 vehementer
3656 3564 3713 3602 ar-

2184 3644 2377 3714 guebat
2407 3684 2421 3709 ,
2461 3649 2549 3715 qui
2602 3647 2796 3701 milites
2851 3647 3246 3706 commilitones
3296 3664 3435 3704 novo
3481 3645 3715 3711 blandoque

2188 3746 2338 3790 more
2368 3737 2661 3805 appellans,
2690 3738 2816 3792 dum
2845 3739 3125 3795 allectabat
3151 3742 3369 3796 cltarior
3396 3734 3717 3804 demandari

2188 3837 2351 3883 tatem
2386 3834 2637 3900 principis
2664 3832 3009 3894 etnollivet‘at.
3046 3836 3067 3867 ι’
3102 3833 3213 3889 Iste
3248 3837 3303 3889 in
3347 3837 3546 3904 imperio
3569 3829 3713 3901 positus

2190 3923 2505 3976 tribunitiam
2536 3933 2831 3989 potestatem
2865 3944 2951 3996 per
2989 3944 3041 3982 se
3088 3929 3337 3982 exercuit.
3392 3926 3602 3993 Denique
3626 3931 3714 3985 ἐπει

2189 4018 2329 4071 cives
2358 4019 2769 4072 clementissime
2787 4029 3044 4083 versatus,
3080 4023 3129 4074 in
3165 4022 3370 4075 amicos
3397 4020 3519 4073 ﬁdas
3538 4012 3713 4069 exstitit:

2189 4130 2414 4185 quorum
2447 4114 2695 4183 praecipui
2727 4123 2901 4179 erant,
2934 4114 3003 4166 ob
3033 4115 3454 4168 taciturnitatem
3483 4110 3715 4165 Mmcenns'.

2189 4208 2257 4262 ob
2290 4208 2591 4275 patientiam
2618 4207 2814 4261 laboris
2844 4208 3274 4278 modestinmque
3300 4208 3546 4277 Agrippa.
3572 4200 3718 4267 {litige-

2189 4300 2277 4354 bat
2328 4311 2582 4368 prmterea
2632 4300 2929 4369 Virgilium,
2968 4300 3336 4372 Flaccumque
3383 4304 3719 4368 poetaszrattts

2189 4391 2399 4461 quidem
2433 4392 2498 4445 ad
2542 4392 2873 4460 recipiendas
2905 4393 3193 4460 amicitias,
3227 4392 3293 4447 ad
3328 4388 3606 4447 retinendas
3633 4400 3719 4437 wn-

2191 4486 2583 4551 stantissimns;
2615 4485 2926 4540 liberalibus
2954 4486 3165 4549 studiis,
3204 4488 3497 4553 praisertim
3526 4484 3720 4546 cloquen-

503 4573 852 4628 cruentissima
882 4588 937 4624 ca
957 4572 1015 4622 dc
1031 4568 1231 4622 delevit.
1262 4564 1508 4633 Idemque
1531 4565 1771 4615 continuo
1796 4561 2083 4615 Germanos

2571 4533 2583 4551 ,
2615 4533 2843 4540 --ην-η-
2869 4533 2924 4539 ---
2954 4533 3165 4549 --_v.-.,,
3615 4533 3621 4546 ,

2196 4578 2303 4641 the,
2335 4576 2596 4630 intantum
2630 4578 2963 4643 incumbens,
2995 4589 3049 4629 ut
3098 4579 3302 4642 nullus,
3334 4594 3398 4632 ne
3426 4580 3471 4629 in
3504 4572 3720 4642 procinctu

504 4668 637 4721 bello
665 4665 905 4731 arripuit,
937 4680 961 4714 e
987 4662 1163 4730 quibus
1207 4659 1548 4727 quadraginta
1579 4656 1738 4707 millia
1770 4654 2087 4721 captivorum

506 4761 660 4814 victor
688 4756 919 4809 abduxit.
958 4754 1106 4818 Quod
1132 4767 1301 4805 revera
1332 4749 1518 4803 bellum
1540 4748 1819 4800 niaximum
1842 4755 1883 4797 et
1911 4744 2089 4814 formi-

505 4852 879 4910 dolosissimum
906 4846 1197 4919 quindecim
1241 4844 1518 4915 legionibus
1556 4857 1643 4909 per
1685 4839 1957 4893 triennium
1998 4854 2087 4906 ge-

506 4960 639 5002 stum
666 4954 773 5007 est;
809 4957 900 4994 nec
924 4942 1023 5009 [ere
1049 4937 1211 4990 ullum
1231 4940 1397 5006 majus
1418 4934 1620 4995 bellum,
1652 4932 1782 4983 sicut
1810 4930 2090 4982 Suetonius

508 5044 793 5099 attestatur,
818 5042 927 5102 post
962 5030 1215 5083 Punicum
1240 5028 1353 5091 fuit.
1383 5024 1490 5079 Sub
1517 5024 1689 5076 eodem
1720 5037 1834 5072 vero
1861 5031 2088 5087 tempore

512 5134 785 5204 Quintilius
820 5128 986 5183 Varus
1010 5130 1291 5194 pt'Oprtt’tor
1314 5136 1428 5173 cum
1457 5118 1615 5171 tribus
1645 5116 1922 5183 legionibus
1948 5125 2089 5171 trans

514 5229 747 5282 Illtenum
791 5221 1001 5294 ﬂuvium
1028 5233 1058 5267 α
1086 5213 1355 5268 Germanis
1408 5209 1790 5272 rebellantibus,
1826 5212 1952 5260 "illa
1996 5226 2087 5261 su-

506 5320 680 5388 perbia
705 5327 850 5383 atque
874 5311 1090 5366 avaritia
1114 5309 1164 5359 in
1192 5306 1440 5371 subiectos
1470 5320 1641 5372 agens,
1676 5304 1906 5369 funditus
1947 5301 2083 5354 dele-

512 5404 593 5465 lus
622 5420 688 5463 est
720 5426 832 5461 cum
862 5394 1070 5457 tribunis
1098 5410 1143 5453 et
1174 5397 1523 5468 qutcstoribus.
1561 5396 1724 5462 Quam
1752 5394 1946 5461 reipub.
1981 5393 2089 5445 cla.

510 5504 628 5556 dem
665 5500 835 5553 Caesar
884 5498 1141 5564 Augustus
1181 5490 1307 5542 adeo
1374 5488 1594 5557 graviter
1640 5485 1794 5550 tulit,
1842 5496 1893 5538 ut
1936 5496 2086 5549 veste,

512 5592 819 5662 capilloque,
841 5602 900 5639 ac
927 5585 1136 5654 reliquis
1178 5580 1459 5651 lugentium
1490 5577 1715 5641 indiciis,
1757 5578 2018 5644 deformis,
2040 5585 2088 5630 et

591 5766 618 5797 ι
642 5748 1019 5824 Corrigendum
1051 5751 1189 5807 forte
1216 5750 1388 5805 arctis.

586 5829 615 5877 δ
644 5828 767 5893 llam
797 5818 850 5885 in
883 5827 971 5892 Α..
1004 5824 1066 5881 Η.
1096 5835 1147 5879 et
1181 5823 1434 5907 Eutropio
1482 5821 1711 5897 Merulae,
1747 5834 1851 5879 non
1908 5818 2090 5897 legunt.

2193 4670 2432 4738 quidem,
2466 4669 2731 4724 laberetur
2785 4670 2896 4723 dies
2946 4671 3073 4740 qttiu
3125 4659 3723 4739 tegeret,srriberct.de'

2192 4762 2467 4818 clamaret.
2522 4761 2673 4831 Leges
2704 4764 2834 4815 alias
2866 4779 3017 4815 noras
3046 4806 3059 4827 ,
3092 4764 3225 4816 alias
3276 4774 3519 4817 correctas
3560 4749 3723 4825 ptotttlil

2191 4873 2283 4909 suo
2306 4859 2522 4909 nomine.
2553 4857 2710 4909 Auxit
2730 4858 3044 4925 ornavitqne
3067 4857 3293 4911 [tonum
3317 4854 3548 4910 mdtﬁciis
3568 4846 3721 4903 multis.

2198 4950 2298 5001 isto
2325 4949 2558 5017 glorians
2586 4949 2728 5002 dicto
2757 4966 2769 5000 :
2801 4948 2997 5003 Urbem
3048 4948 3349 5002 latericiam
3381 4946 3571 5014 reperi,
3600 4939 3723 4993 relin-

2194 5056 2299 5111 quo
2330 5057 2701 5094 marmut'eum.
2740 5040 2855 5093 Fuit
2907 5042 3068 5106 mitis,
3098 5049 3307 5111 gratus,
3342 5038 3505 5096 civilis
3535 5031 3663 5088 animi
3688 5034 3725 5079 cl

2196 5134 2373 5201 lepidi,
2409 5149 2636 5200 oorpore
2669 5144 2780 5187 toto
2812 5133 3047 5201 pulcher,
3069 5132 3162 5188 Sed
3191 5135 3367 5188 oculis
3392 5144 3412 5171 ο
3439 5131 3606 5200 magis,
3628 5136 3724 5191 quos

2194 5243 2309 5279 rum
2340 5226 2482 5279 acies
2510 5226 2924 5279 clarissimorum
2955 5226 3189 5279 siderum
3240 5227 3403 5280 modo
3449 5223 3654 5277 vibrans,
3681 5210 3726 5264 li-

2195 5319 2379 5373 benter
2405 5318 2694 5387 accipiebat
2717 5318 2829 5372 cedi
2853 5318 2919 5371 ab
2946 5318 3352 5372 intendentibus
3379 5327 3605 5383 tanquam
3628 5304 3724 5360 solis

2194 5412 2355 5467 radiis
2384 5423 2599 5481 aspectu
2628 5427 2743 5466 suo.
2799 5412 2842 5465 A
2869 5406 3021 5481 Cujus
3060 5415 3195 5477 acie,
3226 5414 3353 5465 dum
3386 5410 3580 5481 quidam
3609 5397 3725 5455 miles

2192 5516 2457 5562 averteret
2482 5508 2689 5569 oculos,
2719 5518 2766 5561 et
2802 5507 3221 5576 interrogaretur
3263 5506 3335 5561 ab
3361 5519 3427 5559 eo
3451 5516 3539 5556 cur
3569 5500 3629 5552 ita
3663 5496 3719 5544 la'

2193 5610 2359 5664 ceret,
2380 5599 2654 5669 respondit
2677 5616 2690 5652 :
2714 5599 2843 5665 Quia
2870 5597 3070 5652 fulmen
3094 5599 3373 5653 oculorum
3398 5606 3592 5650 tuorum
3616 5587 3723 5642 Ῐεπο

2190 5748 2300 5802 tur,
2328 5741 2418 5793 sed
2452 5748 2566 5806 post
2595 5737 2924 5803 emolliverat,
2952 5738 3149 5792 habent
3182 5734 3437 5805 Ocnique,
3468 5739 3564 5786 etc.

2267 5816 2289 5849 ο
2316 5812 2587 5875 Ambros,
2616 5810 2834 5887 magnis.
