3918 6344
1381 296 1587 357 PAULI
1627 293 1899 354 DIACONI
1935 290 2090 351 OPP.
2130 287 2307 346 PARS
2345 288 2389 345 l.
2417 287 2887 347 —HlSTORlCA.
3608 294 3685 353 θα

514 432 655 503 filius
692 425 942 485 “eandm
983 421 1253 493 imperium
1295 419 1512 486 adeptus
1556 424 1672 471 est:
1700 414 1788 485 qui
1820 411 2097 485 privignus
2126 406 2179 472 Α
2202 407 2492 464 haberetur.
2539 410 2763 467 Senatus
2786 408 3142 479 indignatione
3164 417 3341 473 motus,
3375 412 3494 479 quod
3516 428 3599 468 non
3615 418 3687 472 sibi

512 522 899 587 Cmsaris,mox
922 530 1107 587 gener,
1137 522 1413 584 postremo
1432 508 1716 579 adoptione
1739 505 1879 560 filius
1906 505 2094 559 fueral.

511 616 636 680 Iste,
658 613 778 684 quia
796 610 1051 665 Claudius
1072 606 1322 662 Tiberius
1344 604 1482 658 Nero
1505 600 1807 663 dicebatur,
1827 598 2099 669 eleganter

514 727 545 767 a
571 714 597 742 ⁸
611 706 932 784 jocularibus
962 702 1175 758 Caldius
1204 699 1445 756 Biberius
1475 696 1622 752 Mero
1651 694 1722 748 ob
1750 689 2097 747 vinolentiam

513 781 820 861 nominatus
845 807 946 855 est.
992 796 1133 854 Satis
1163 796 1399 864 prudens
1425 789 1479 845 in
1510 787 1700 851 armis,
1727 785 1966 853 satisque
1994 781 2101 835 lor-

512 909 731 957 tunatus
756 907 879 950 ante
914 901 1183 961 sumptum
1228 887 1514 954 imperium
1562 882 1664 937 sub
1699 881 1937 947 Augusto
1969 875 2099 940 luit,

513 1002 577 1050 ut
605 1008 708 1047 non
751 989 1020 1045 immerito
1060 986 1194 1054 reip.
1224 982 1530 1038 dominatus
1560 976 1609 1031 ei
1643 974 2098 1030 committeretur.

514 1086 692 1142 Inerat
720 1083 768 1137 ei
802 1080 1018 1136 scientia
1062 1078 1355 1132 litterarum
1387 1071 1551 1127 multa
1580 1088 1591 1123 :
1635 1068 1851 1137 eloquio
1881 1063 2099 1130 clarior,

513 1182 609 1237 sed
642 1178 857 1249 ingenio
886 1174 1142 1246 pessimo,
1183 1170 1353 1236 truci,
1385 1183 1570 1233 avaro,
1607 1165 1889 1229 insidioso,
1923 1162 2103 1217 simu-

511 1276 633 1332 lans
677 1288 739 1329 ea
788 1286 847 1326 se
893 1269 1067 1335 velle,
1117 1282 1235 1336 qua:
1278 1264 1478 1325 nollet,
1528 1261 1612 1315 bis
1643 1258 1793 1329 quasi
1826 1256 2100 1319 infensus,

514 1368 710 1437 quibus
739 1362 1044 1419 consultum
1075 1357 1322 1427 cupiebat
1351 1375 1364 1410 :
1417 1352 1501 1407 bis
1533 1367 1682 1417 vero,
1713 1363 1849 1418 quos
1879 1347 2065 1401 oderat
2086 1386 2102 1411 ,

515 1462 665 1533 quasi
690 1458 981 1515 benevolus
1002 1467 1289 1525 apparens.
1316 1444 1632 1512 Repentinis
1662 1439 2105 1510 reSponsionibus

514 1532 608 1609 aut
628 1550 865 1607 consiliis
887 1547 1096 1614 melior,
1120 1557 1281 1613 quam
1301 1540 1328 1579 ιι
1345 1538 1591 1611 ᾳιιωείιὶε.
1624 1535 1853 1600 Denique
1874 1532 2105 1585 delatum

514 1662 547 1699 a
577 1642 805 1714 patribus
835 1638 1216 1711 principatum,
1252 1632 1387 1701 quod
1417 1630 1619 1697 quidem
1650 1636 1764 1681 astu
1796 1630 2103 1695 perfecerat,

514 1738 666 1809 finxit
696 1752 750 1790 se
774 1734 1019 1795 abnuere,
1046 1730 1184 1802 quod
1214 1726 1408 1798 singuli
1438 1725 1692 1787 dicerent,
1742 1721 1819 1774 vel
1861 1721 2106 1773 sentirent

2203 507 2346 575 prius
2384 504 2664 558 secundum
2707 518 2899 556 morem
2939 501 3167 556 delatum
3206 512 3357 568 esset,
3405 512 3455 557 ut
3488 506 3540 560 de
3571 512 3691 563 susci-

2202 598 2386 667 piendo
2427 594 2571 650 cultu
2617 596 2762 666 prius
2813 596 2921 664 ipse
2961 595 3282 661 decerneret,
3341 601 3691 656 consecrationem

2203 689 2393 745 Christi
2438 690 2709 751 recusavit,
2753 691 3017 761 edictoque
3056 690 3330 757 constituit,
3361 695 3693 750 exterminandas

2203 796 2311 835 esse
2358 779 2492 835 Urbe
2532 780 2892 835 Christianos:
2957 781 3212 850 praecipue
3268 797 3379 847 cum,
3429 792 3470 837 et
3527 784 3695 857 Sejanus

2205 876 2475 946 prwfectus
2518 874 2704 929 Tiberii
2745 874 3086 943 suscipiende
3124 875 3349 945 religioni
3382 876 3697 934 obstinatissime

2203 971 2590 1024 contradiceret.
2660 968 2896 1024 Tiberius
2958 978 3126 1022 tamen
3184 969 3345 1022 edicto
3395 970 3699 1024 accusatoribus

2205 1063 2619 1117 Christianorum
2686 1072 2899 1116 mortem
2970 1060 3301 1114 comminatus
3359 1068 3446 1113 est.
3513 1059 3625 1114 Nam
3666 1070 3700 1115 et

2204 1156 2451 1228 plurimos
2494 1163 2786 1209 senatorum
2832 1153 3163 1223 proscripsit,
3207 1160 3255 1206 et
3281 1152 3330 1205 in
3357 1163 3545 1205 mortem
3566 1154 3701 1221 coegit.

2215 1248 2406 1318 Viginti
2441 1247 2538 1301 sibi
2579 1246 2814 1316 patritios
2860 1246 2995 1299 viros
3038 1244 3242 1299 consilii
3268 1259 3413 1297 causa
3439 1244 3618 1313 legerat,
3641 1243 3706 1297 lm-

2206 1358 2322 1395 rum
2342 1341 2427 1394 vix
2448 1340 2575 1393 duos
2596 1339 2877 1393 incolumes
2901 1336 3127 1407 reliquit,
3158 1346 3360 1395 ceteros
3383 1336 3564 1389 diversis
3588 1338 3707 1390 causis

2206 1439 2417 1491 necavit.
2451 1437 2700 1508 Sejanum
2729 1437 3026 1507 prcefectum
3048 1452 3199 1489 suum
3220 1451 3298 1489 res
3320 1451 3464 1489 novas
3488 1434 3709 1488 molientem

2205 1532 2501 1601 interfecit:
2543 1531 2678 1599 filios
2716 1548 2837 1585 suos
2869 1530 3095 1584 Drusum
3120 1570 3136 1594 ,
3191 1539 3236 1582 et
3261 1527 3617 1589 Germanicum,
3651 1530 3710 1595 qui

2208 1624 2435 1690 adoptivi
2459 1633 2628 1687 erant,
2656 1623 2943 1692 manifestis
2963 1622 3144 1675 veneni
3166 1621 3324 1693 signis
3350 1618 3567 1690 perdidit.
3595 1616 3713 1672 Filios

2211 1715 2500 1771 Germanici
2527 1714 2625 1783 ﬁlii
2652 1715 2733 1768 sui
2761 1714 3043 1784 interfecit.
3093 1712 3189 1768 Hic
3229 1711 3382 1766 tertio
3426 1721 3475 1765 et
3520 1709 3713 1778 vigesimo

701 1789 738 1790 η
1008 1789 1017 1795 .
1059 1789 1070 1802 .
1297 1789 1320 1798 ν

511 1831 752 1886 atrociter
784 1828 1083 1893 explorans,
1116 1836 1229 1891 qua:
1256 1836 1337 1873 res
1368 1818 1521 1872 bonos
1556 1830 1783 1884 quosque
1813 1813 2107 1883 pessumde-
2137 1789 2186 1850 Β
2215 1808 2427 1879 imperii
2474 1808 2558 1862 sui
2608 1822 2770 1871 anno,
2801 1806 2974 1861 aetatis
3000 1822 3129 1862 vero
3158 1806 3533 1874 septuagesimo
3557 1813 3711 1868 octavo,

513 1922 610 1977 dit.
660 1919 1000 1976 /Estimantes
1030 1916 1165 1971 enim
1196 1929 1260 1967 ea:
1286 1912 1464 1966 animo
1510 1925 1628 1963 eum
1675 1908 1827 1978 longa
1876 1905 2108 1959 oratione

513 2014 797 2087 imperialis
827 2010 1075 2065 molestiw
1106 2006 1509 2077 magnitudinem
1536 2000 1822 2065 declinare,
1853 2014 1967 2052 cum
1991 2013 2105 2051 sen-

516 2106 697 2159 tentias
737 2103 804 2157 ad
841 2103 954 2171 ejus
998 2098 1309 2155 voluntatem
1358 2102 1640 2166 promunt,
1692 2091 1917 2145 incidere
1946 2088 2106 2143 exitia

513 2217 769 2273 suprema.
802 2197 1071 2267 Nusquam
1099 2195 1214 2263 ipse
1240 2202 1263 2231 ι
1290 2188 1565 2262 pugnavit,
1596 2186 1684 2240 sed
1714 2201 1777 2238 ne
1804 2200 1893 2253 per
1915 2183 2108 2253 legatos

514 2292 718 2360 quidem
747 2290 921 2359 aliqua
949 2288 1126 2357 gravia
1156 2284 1289 2337 bella
1336 2281 1534 2352 gessit:
1583 2278 1682 2332 nisi
1725 2275 1862 2345 quod
1906 2282 2107 2328 tantum

514 2386 791 2457 aliquantis
838 2384 891 2436 in
935 2382 1060 2435 locis
1108 2376 1411 2451 pracogniti
1456 2376 1557 2428 cito
1604 2372 1829 2443 gentium
1876 2384 2108 2423 rumores

515 2474 998 2544 comprimebantur.
1051 2471 1192 2525 Sane
1217 2477 1401 2539 quarto
1438 2464 1641 2536 imperii
1669 2466 1778 2534 ejus
1810 2477 1945 2514 (anno
1975 2456 2110 2513 Ger-

514 2568 747 2625 manicus
781 2564 938 2619 Drusi
970 2562 1141 2632 filius,
1173 2558 1427 2630 Caligula:
1472 2565 1636 2628 pater,
1691 2554 1755 2608 de
1798 2551 2070 2607 Germanis
2092 2591 2106 2617 ,

478 2678 481 2681 '
519 2664 589 2718 ad
618 2678 743 2732 quas
781 2660 844 2715 ab
872 2658 1107 2729 Augusto
1135 2672 1252 2710 sene
1279 2655 1462 2708 missus
1492 2653 1699 2721 fuerat,
1750 2649 2106 2717 triumphavit.

519 2753 790 2823 Quosdam
821 2767 974 2821 reges
1008 2764 1100 2821 per
1131 2746 1417 2803 blanditias
1448 2744 1513 2799 ad
1560 2759 1618 2799 se
1645 2752 1927 2808 evocatos,
1973 2754 2109 2793 nun-

517 2864 675 2921 quam
724 2848 971 2915 remisit,
1024 2844 1076 2898 in
1109 2843 1301 2913 quibus
1332 2839 1654 2896 Archelaum
1700 2834 2067 2906 Cappadocem
2091 2871 2107 2897 ,

518 2942 671 3013 cujus
700 2942 860 2997 etiam
893 2951 1113 3008 regnum
1144 2937 1196 2989 in
1225 2931 1514 3004 provinciae
1546 2929 1772 2984 formam
1804 2923 2032 2993 redegit,
2057 2931 2112 2977 et

522 3039 808 3092 maximam
838 3034 1107 3089 civitatem
1133 3026 1392 3099 appellari
1421 3040 1519 3079 suo
1546 3023 1762 3078 nomine
1790 3019 1966 3090 jussit,
1992 3032 2110 3088 qua:

527 3143 667 3185 nunc
688 3128 931 3182 Caesarea
959 3125 1175 3187 dicitur,
1201 3136 1319 3176 cum
1348 3130 1500 3174 antea
1520 3117 1547 3157 ιι
1568 3116 1784 3170 Mazaca
1813 3114 2106 3168 diceretur.

524 3223 824 3279 Getulorum
854 3218 1120 3273 latrocinia
1141 3214 1405 3282 repressit.
1452 3210 1791 3265 Marobodum
1819 3207 2108 3261 Sueuorum

524 3332 696 3387 regem
736 3313 925 3369 callide
964 3309 1308 3365 circumvenit.
1358 3304 1597 3359 Plurima
1621 3302 1701 3356 sui
1725 3311 1868 3368 parte
1888 3298 2109 3367 imperii,

527 3424 643 3462 cum
680 3420 868 3475 magna
912 3412 959 3456 et
1008 3401 1148 3472 gravi
1207 3397 1452 3452 modestia
1496 3397 1628 3462 reip.
1689 3391 1895 3463 prazfuit
1922 3432 1937 3456 ,
1984 3389 2113 3441 adeo

529 3511 584 3555 ut
620 3501 674 3552 in
702 3497 1002 3569 quibusdam
1038 3493 1315 3562 provinciis
1337 3489 1572 3561 augenda
1594 3484 1902 3557 pra'sidibus
1926 3482 2114 3536 tributa

462 3602 473 3611 '
526 3590 858 3647 suadentibus
900 3587 1177 3656 scripserit,
1207 3583 1323 3637 boni
1367 3582 1586 3652 pastoris
1631 3594 1757 3641 csse,
1789 3576 1996 3629 tondere
2027 3589 2116 3644 pe-

527 3698 639 3746 cus,
678 3696 778 3734 non
818 3678 1104 3749 deglubere.
1151 3674 1217 3728 Et
1253 3684 1522 3744 postquam
1558 3685 1737 3740 passus
1766 3678 1837 3720 est
1868 3666 2116 3719 Dominus

526 3774 678 3831 Iesus
716 3772 968 3836 Christus,
1014 3779 1061 3825 et
1098 3786 1130 3823 a
1170 3767 1385 3823 mortuis
1416 3762 1716 3823 resurrexit,
1754 3768 1798 3813 et
1832 3757 2115 3826 discipulos

526 3884 647 3925 suos
668 3867 736 3919 ad
760 3863 1146 3935 prtrdicandum
1185 3860 1344 3925 misit,
1372 3856 1579 3910 Pilatus
1603 3868 1791 3922 prtt’ses
1817 3849 2117 3903 Paltrstinw

526 3961 803 4034 provincice
839 3959 908 4011 ad
952 3956 1209 4009 Tiberium
1266 3954 1668 4023 imperatorem,
1731 3954 1883 4013 atque
1926 3944 1992 3994 ad
2033 3958 2116 3995 se-

531 4065 705 4109 natum
744 4054 918 4107 retulit
958 4052 1022 4105 de
1060 4041 1296 4118 passione
1323 4089 1337 4114 ,
1386 4054 1427 4096 et
1471 4040 1842 4096 resurrectione
1885 4035 2116 4102 Christi,

528 4144 1048 4217 consequentibusque
1092 4138 1381 4201 virtutibus,
1425 4150 1539 4207 qua:
1576 4132 1651 4186 vel
1695 4148 1785 4201 per
1812 4130 1979 4200 ipsum
2020 4144 2118 4196 pa-

531 4240 636 4294 lam
678 4238 827 4309 factae
866 4236 1092 4303 fuerant,
1116 4233 1192 4287 vel
1231 4246 1320 4303 per
1343 4227 1621 4298 discipulos
1654 4224 1815 4293 ipsius
1838 4224 1891 4274 in
1917 4221 2121 4274 nomine

529 4336 644 4400 ejus
687 4331 893 4397 fiebant,
936 4334 981 4381 'et
1022 4328 1086 4380 de
1131 4342 1210 4390 eo,
1254 4323 1392 4391 quod
1433 4320 1665 4375 certatim
1706 4325 1958 4372 crescente
1997 4314 2119 4386 plu-

529 4424 777 4478 rimorum
806 4422 909 4490 fide
939 4419 1075 4473 Deus
1117 4416 1425 4472 crederetur.
1472 4412 1705 4467 Tiberius
1726 4425 1844 4464 cum
1870 4406 2120 4478 suffragio

2213 1913 2259 1958 et
2283 1918 2447 1957 mense
2466 1911 2667 1973 quarto,
2689 1916 2808 1957 cum
2836 1900 3055 1954 immani
3086 1899 3270 1954 furore
3300 1899 3539 1965 insontes,
3559 1896 3714 1960 noxios,

2211 2010 2338 2051 suos
2368 1997 2587 2065 pariter,
2620 2003 2675 2049 ut
2704 1994 2959 2059 diximus,
2994 2004 3357 2063 externosque
3385 1990 3589 2060 puniret,
3613 2000 3718 2042 roso.

2213 2090 2340 2144 Iulis
2369 2089 2574 2143 militias
2600 2088 2825 2153 artibus,
2857 2085 3109 2141 Armenia
3153 2100 3249 2153 per
3277 2085 3508 2146 Parthos,
3539 2082 3678 2136 Maesia
3699 2094 3718 2132 s

2216 2185 2398 2248 Dacis,
2445 2182 2718 2238 Pannonia
2760 2198 2791 2237 a
2819 2180 3104 2245 Sarmatis,
3136 2178 3310 2234 Gallia
3340 2194 3367 2233 a
3399 2177 3606 2232 ﬁnitimis
3626 2190 3718 2244 gen-

2214 2275 2355 2330 tibus
2386 2274 2609 2343 direptte
2640 2282 2784 2328 sunt.
2837 2272 2957 2342 ipse
2984 2287 3098 2325 cum
3127 2272 3331 2342 ingenti
3377 2271 3588 2323 omnium
3626 2281 3721 2335 gau-

2212 2370 2322 2433 dio,
2372 2369 2571 2423 insidiis
2614 2365 2866 2439 Caligula:
2915 2368 2968 2421 in
2992 2365 3283 2435 Campania
3316 2362 3617 2417 ¢exstinctus
3651 2366 3721 2411 est.

2216 2460 2391 2531 Hujus
2420 2461 2574 2515 etiam
2595 2459 2806 2529 imperii
2832 2474 2968 2512 anno
2992 2458 3321 2521 duodecimo,
3352 2471 3472 2509 nova
3498 2466 3538 2507 et
3563 2449 3723 2505 incredi-

2214 2557 2330 2611 bilis
2362 2556 2534 2611 clades
2563 2556 2705 2627 apud
2728 2552 3062 2608 Fidenatium
3088 2555 3269 2608 urbem
3295 2553 3488 2606 accidit.
3518 2550 3632 2603 Nam
3650 2564 3725 2600 ante

2217 2652 2495 2721 phitheatri
2518 2668 2691 2719 cavea,
2720 2650 2911 2722 papula
2942 2648 3294 2720 gladiatorum
3321 2662 3493 2700 munus
3516 2649 3724 2713 spectante,

2214 2745 2444 2814 collapsa
2471 2752 2568 2811 est,
2594 2754 2645 2798 et
2673 2744 2943 2813 plusquam
2973 2740 3153 2812 viginti
3184 2737 3354 2793 millia
3380 2738 3613 2790 hominum
3635 2730 3729 2786 occi-

2214 2841 2310 2895 dit.
2364 2839 2568 2893 Deinde
2608 2853 2751 2892 anno
2781 2837 3022 2905 ejusdem
3055 2831 3516 2903 septimodecimo,
3543 2842 3634 2879 cum
3658 2825 3729 2875 οου

2216 2932 2385 2983 minus
2428 2926 2582 2983 Iesus
2626 2928 2858 2982 Christus
2908 2926 3203 2980 voluntarie
3250 2924 3449 2992 quidem
3487 2936 3535 2975 se
3572 2912 3731 2971 tradidit

2216 3024 2443 3094 passioni
2460 3065 2474 3089 ,
2509 3024 2599 3077 sed
2628 3023 2785 3088 impie
2813 3039 2845 3074 a
2871 3019 3070 3074 Judtcis
3098 3019 3471 3091 apprehensus,
3498 3026 3538 3068 et
3565 3009 3733 3081 patibulo

2216 3118 2427 3187 suffixus
2458 3124 2554 3183 est,
2583 3116 2808 3169 maximo
2838 3125 2985 3168 terra:
3015 3122 3156 3166 motu
3187 3130 3278 3184 per
3305 3112 3469 3165 orbem
3496 3111 3626 3177 facta,
3644 3115 3733 3155 saxa

2218 3213 2271 3264 in
2317 3209 2569 3263 montibus
2613 3210 2794 3274 scissa,
2842 3208 3288 3274 maximarumque
3333 3203 3521 3256 urbium
3555 3196 3736 3267 plurima

2216 3313 2385 3374 partes
2413 3303 2528 3373 plus
2564 3301 2719 3354 solita
2757 3298 3088 3352 concussione
3115 3297 3424 3350 ceciderunt.
3459 3289 3628 3343 Eadem
3645 3296 3733 3354 quo-

2218 3412 2312 3466 que
2334 3397 2434 3460 die,
2460 3411 2493 3448 a
2511 3403 2656 3447 sexta
2683 3394 2811 3446 hora
2832 3391 2932 3444 diei
2960 3404 3117 3458 usque
3141 3390 3197 3441 in
3222 3388 3403 3442 horam
3426 3398 3612 3443 nonam,
3629 3377 3687 3431 sol
3702 3374 3736 3425 is

2220 3497 2380 3541 torum
2403 3485 2723 3549 obscuratus,
2740 3492 2969 3553 tetraque
2990 3498 3093 3535 no.1:
3114 3480 3289 3535 subito
3311 3477 3519 3532 obducta
3538 3481 3598 3527 est
3616 3467 3735 3531 terris;

2220 3592 2265 3633 et
2294 3580 2425 3633 sicut
2450 3579 2639 3631 dictum
2666 3585 2739 3629 est
2765 3591 2781 3629 :

2346 3672 2599 3733 Impiaque
2626 3678 2863 3718 mternam
2888 3669 3161 3717 timuerunt
3186 3665 3371 3717 saecula
3392 3667 3588 3713 noctem.

2297 3756 2468 3826 Usque
2497 3761 2626 3810 adeo
2654 3766 2845 3820 autem,
2873 3771 3033 3823 neque
3061 3759 3239 3807 lunam
3274 3752 3457 3806 lumini
3485 3748 3610 3811 solis,
3629 3753 3742 3807 nequ

2222 3851 2377 3903 nubes
2409 3850 2659 3902 obstitisse
2689 3849 3015 3915 manifestum
3047 3856 3153 3911 est,
3201 3855 3259 3899 ut
3299 3852 3529 3913 quartam
3556 3835 3740 3889 decim

2221 3961 2281 3998 eo
2307 3946 2389 3996 die
2416 3944 2612 4010 lunam,
2648 3952 2753 3995 tota
2785 3941 2899 3995 caeli
2927 3942 3133 4011 regione
3165 3940 3439 4005 interiecta
3468 3930 3703 4005 longissime
3721 3938 3742 3975 ⁸

2223 4048 2493 4106 conspectu
2524 4037 2647 4088 solis
2676 4036 2925 4105 abfuisse,
2963 4042 3008 4086 et
3040 4034 3221 4088 stellas
3265 4043 3387 4085 tunc
3425 4026 3606 4083 diurnis
3627 4016 3741 4075 horis.

2221 4133 2297 4185 vel
2344 4131 2509 4200 potius
2558 4130 2611 4182 in
2657 4130 2749 4183 illa
2796 4128 3053 4182 horrenda
3097 4136 3250 4180 nocte
3302 4135 3408 4179 toto
3449 4123 3563 4177 caelo
3598 4112 3745 4188 fulsit“

2222 4229 2499 4294 referatur,
2542 4223 2677 4290 quod
2720 4238 2818 4274 non
2864 4221 3031 4274 solum
3073 4229 3379 4274 sanctorum
3425 4209 3743 4282 Iinangeliontn

2224 4320 2372 4388 fides,
2404 4317 2493 4372 sed
2519 4317 2671 4369 etiam
2701 4314 2949 4381 aliquanti
2977 4312 3282 4368 Greecoruns
3330 4309 3451 4364 libri
3492 4308 3744 4361 attestantsr.

2227 4414 2536 4481 Quanquam
2579 4408 2914 4460 nonodecimo
2963 4422 3098 4459 anno
3134 4404 3331 4459 Tiberii
3364 4404 3469 4455 harc
3508 4398 3626 4467 facta
3650 4386 3745 4455 refe-

531 4518 702 4587 magni
744 4514 929 4584 favoris
969 4512 1146 4567 retulit
1186 4511 1254 4564 ad
1297 4518 1569 4573 senatum,
1616 4515 1671 4559 ut
1717 4504 1950 4558 Christus
1993 4502 2117 4554 deus
2145 4534 2201 4595 Β
2225 4472 2429 4557 nuntur.
2467 4500 2704 4555 Scribens
2734 4500 2867 4553 inter
2897 4507 3105 4553 ccteros
3135 4504 3340 4561 autem,
3373 4502 3423 4546 et
3451 4472 3748 4555 ΡνιιεςοΜκί

604 4686 631 4714 ⁸
661 4676 725 4731 Α.
756 4689 854 4743 pro
874 4672 1217 4747 jocularibus,
1241 4668 1641 4747 joculatoribus.

605 4746 631 4787 δ
666 4753 729 4804 Α.
755 4740 850 4817 pro
871 4740 1118 4814 quresitis,
1140 4742 1417 4805 meditatis,
1437 4750 1491 4793 et
1510 4740 1696 4791 omiss.
1711 4743 1833 4790 cast.
1850 4743 2118 4801 sequitur:

533 4820 829 4885 Nusquam,
857 4830 963 4872 etc.

606 4908 625 4932 ε
662 4875 923 4946 llerslcltl.
956 4908 965 4943 :
998 4885 1265 4959 pugnavit,
1286 4882 1544 4959 bella-per
1572 4881 1766 4949 legatos
1797 4875 1949 4949 gessit
1979 4891 2117 4928 suos.

536 4964 799 5030 Quosdam
824 4978 966 5032 reges
991 4954 1137 5032 ad'se
1165 4972 1254 5026 per
1278 4954 1552 5032 blanditias
1579 4960 1831 5032 evocatos,
1862 4961 2122 5028 nunquam

534 5020 752 5101 Emisit,
782 5020 913 5101 etcf,
941 5032 993 5085 in
1018 5020 1209 5098 quibus
1237 5025 1642 5101 cuurEtLtmpio
1670 5020 1923 5101 convenit
1954 5032 2123 5085 usque

536 5111 600 5161 ad
632 5108 717 5162 illa
739 5089 945 5159 'verbu':
997 5089 1229 5154 mortuus
1261 5106 1333 5151 est
1361 5096 1414 5148 in
1444 5092 1746 5162 Campania.
1807 5089 1855 5144 11
1866 5092 1983 5161 ujus
2028 5106 2124 5142 tnt-

535 5181 662 5247 perii
705 5193 841 5229 anno
884 5175 950 5247 l5
994 5170 1269 5247 D._VJesus
1311 5165 1545 5220 Christus
1590 5162 1972 5247 praedicationis
2019 5175 2125 5247 sua

534 5232 747 5316 sumpsit
781 5246 1004 5316 initium.
1063 5242 1258 5316 Octavo
1289 5252 1525 5316 quoque,
1578 5232 1623 5289 et
1670 5232 2125 5316 decimo'ejusdern

532 5302 673 5375 anni;
699 5317 851 5372 Jesns
880 5314 1113 5370 Christus
1151 5302 1322 5364 Filius
1354 5302 1449 5359 Dei
1479 5322 1571 5376 pro
1601 5306 1766 5376 "nobis
1814 5319 1922 5376 sese
1968 5302 2123 5376 morti

532 5372 753 5459 ederem
805 5389 1085 5459 crucifixus
1136 5393 1231 5459 est.
1287 5372 1817 5459 Successit'Tiberio.
1846 5372 1905 5429 C.
1954 5373 2127 5457 Ca’sar

533 5446 863 5534 cbgnomento
891 5446 1130 5534 Caligula
1165 5450 1319 5532 Drusi
1350 5448 1572 5519 privigni
1602 5448 1850 5530 Augusti,
1891 5446 2126 5534 etnipsius

538 5515 725 5587 Tiberii
776 5546 932 5599 nepos
984 5515 1446 5599 sceleratissimus,
1486 5515 1547 5573 'et
1596 5515 1705 5599 qui:
1735 5519 1887 5571 etiam
1935 5515 2127 5569 Tiberii

535 5608 785 5659 dedecora
830 5589 1151 5671 purgaverit.
1186 5590 1409 5671 .Bellunt
1457 5600 1632 5671 contra
1663 5589 1965 5671 Germanos,
1995 5597 2127 5671 θρίξ..

539 5680 591 5731 in
615 5678 805 5747 quibus
828 5659 957 5728 cuni
977 5664 1235 5747 Eulr‘npio
1255 5663 1511 5747 _cpn_venit
1532 5677 1699 5747 usque
1722 5662 1787 5715 ad
1807 5660 1903 5744 illa
1929 5659 2088 5747 verba
2100 5673 2123 5747 ξ

536 5729 858 5803 ὦίεῖᾶιαιὶσ
887 5758 1025 5796 anno
1053 5729 1164 5802 ‘59.,
1216 5734 1305 5788 ubi
1353 5734 1457 5787 [1.7:
1512 5729 1632 5788 obiin
1680 5733 1844 5788 atatis
1894 5745 2032 5783 anno
2058 5729 2123 5785 31

538 5821 662 5891 imp.
690 5818 778 5883 Μ,
810 5826 963 5886 atque
988 5811 1045 5866 in
1071 5823 1133 5863 eo
1159 5805 1326 5862 omnis
1350 5805 1570 5876 Augusti
1598 5805 1802 5878 familia
1827 5810 2129 5870 consumpta

2226 4677 2319 4724 est.
2375 4665 2602 4732 Denique
2633 4662 2863 4715 omnibus
2892 4659 3102 4732 flagitiis
3132 4657 3242 4710 suis
3270 4650 3539 4732 etiam-hoc
3565 4637 3748 4732 addidit;

2226 4722 2363 4807 quod
2393 4722 2593 4791 sanclos
2620 4733 2711 4807 Dei
2743 4722 3000 4807 apostolos
3032 4726 3280 4807 Petrum,-
3310 4722 3751 4807 Paulumquettif:

2610 4782 3007 4860 Galba
3054 4782 3325 4861 successit,
3359 4805 3486 4854 etc..
3535 4782 3749 4863 inquibus

2228 4882 2418 4934 iterum
2450 4894 2572 4932 cum
2608 4856 2864 4941 Eutropio
2917 4872 2980 4925 ll.
3009 4870 3264 4923 convenit
3312 4856 3493 4935 usque
3525 4856 3752 4941 iadnﬁnt’llf

2229 4950 2352 5005 libri
2382 4965 2477 5004 vn.
2531 4918 2878 5002 Atnbros.rab
2934 4942 3199 4997 llersfeld.
3234 4947 3295 4993 et
3327 4918 3569 4999 liuiropio
3592 4918 3752 5005 Meritis}

2230 5001 2501 5076 nannull—is
2533 5001 2601 5072 in
2654 5018 2784 5072 locis
2814 5015 3012 5068 variam
3049 5013 3211 5065 habet
3243 5011 3530 5065 lectionem
3553 5043 3567 5066 ,
3607 5001 3752 5060 ειιεψιε

2228 5094 2341 5149 Suis
2372 5094 2500 5146 locis
2530 5089 2862 5152 notabimus;
2891 5086 2973 5139 hic
3001 5096 3176 5137 tamen
3204 5091 3330 5151 post
3352 5078 3557 5136 remisit,
3580 5076 3755 5152 com?th

2230 5140 2925 5230 dat'cttni'u—t—roqueusque
2951 5157 3017 5210 ad
3049 5140 3232 5217 verba,
3269 5167 3390 5221 qui:
3419 5162 3549 5201 nunc
3573 5140 3754 5195 Casam

2230 5237 2438 5299 dicitur,
2469 5243 2573 5288 etc.

2300 5303 2327 5344 ά
2361 5310 2448 5370 Α..
2483 5303 2724 5375 Mazaga.

2304 5387 2328 5416 ο
2361 5361 2448 5441 Α.ξ
2480 5379 2535 5429 in
2563 5361 3105 5446 Campaniagmortuus
3121 5375 3226 5446 est,
3262 5375 3319 5420 et
3346 5361 3526 5419 omiss.
3546 5361 3755 5446 etet-90$

2232 5422 2403 5503 tinuai
2919 5422 3054 5516 anno
3088 5437 3153 5493 15
3177 5422 3419 5516 Joannes
3446 5422 3757 5516 pradicalt'g'ii

2230 5537 2337 5575 sua:
2376 5490 2590 5588 sumpsilt
2632 5490 2856 5570 initihm.
2884 5513 3113 5588 _0_c_tavo
3130 5526 3335 5588 quoque
3360 5490 3546 5588 decimo
3583 5490 3756 5588 epuli:

2230 5609 2365 5646 anno
2395 5566 2551 5645 ιεεὶε
2580 5566 2851 5643 Cunlsrus
2872 5583 2919 5637 F
2924 5586 3042 5638 ilius
3076 5566 3169 5635 Dei
3213 5566 3314 5648 pro
3352 5577 3495 5648 nobis
3531 5566 3625 5648 sese
3648 5566 3757 5648 mi"

2232 5644 2451 5731 b/j'erens
2477 5644 2754 5729 cruciﬁxus
2781 5667 2874 5731 est.
2926 5653 3181 5731 Successit
3210 5644 3418 5707 Tiberio
3446 5646 3501 5701 G.
3527 5644 3673 5698 σίτων
3693 5646 3756 5700 εθέ

2229 5729 2502 5805 gnomento
2521 5731 2781 5803 Caligula.
2811 5729 2991 5795 Drusi,
3016 5735 3125 5783 etc.
