3918 6344
205 337 292 393 865

1216 338 1538 395 HISTORIA
1576 338 1935 396 MISCELLA.
1981 369 2049 379 —
2088 338 2220 395 LIB.
2260 337 2401 397 VIII.

206 453 521 524 Olympiadas
566 469 720 521 super
748 454 874 521 ipsis
904 461 1208 520 enumerat,
1260 455 1312 509 in
1361 457 1510 510 tertio
1562 456 1759 510 decimo
1789 462 1841 521 Α
1867 457 2027 510 (erato
2055 473 2182 526 equo
2209 456 2427 529 insignis
2453 470 2711 524 querquea
2736 470 2935 509 corona
2962 455 3111 526 quasi
3136 455 3458 528 triumphans

200 560 410 598 sermone
434 544 620 597 eisdem
651 545 811 600 verbis
840 545 1021 599 asserit
1050 546 1197 599 hac:
1225 542 1389 600 Porro
1416 554 1598 614 quarto
1628 562 1763 600 anno

202 638 541 689 ducentesimre
584 640 821 692 secunda:
871 638 1193 709 Olympiadis
1244 642 1381 707 facta
1429 650 1501 694 est
1549 641 1765 709 defectio

199 732 305 783 solis
336 733 558 784 maxima
580 773 595 796 ,
643 741 690 786 et
720 748 824 786 nos:
853 733 981 785 liora
1008 746 1153 786 sexta
1182 734 1283 789 diei
1313 737 1452 803 facta
1484 745 1577 798 est,
1610 737 1683 789 ita
1712 746 1768 790 ut

200 825 333 879 etiam
361 826 525 879 stella
573 827 625 878 in
675 828 800 880 (telo
829 837 1157 896 apparerent.
1210 827 1555 884 Terraeniotus
1610 832 1767 884 etiam

201 935 398 986 magnus
450 919 499 970 in
532 916 777 988 Bithynia
829 922 993 987 factus
1042 920 1316 990 plurimam
1351 920 1527 976 Nicetis
1573 933 1768 990 partem

199 1012 319 1065 urbis
345 1014 601 1065 subvertit.

738 1105 800 1160 C.
838 1105 1203 1162 CALICULA.

253 1198 397 1251 Anno
417 1198 482 1251 ab
509 1196 645 1252 Urbe
674 1200 879 1252 condita
908 1200 1036 1263 790,
1062 1202 1241 1255 tertius
1264 1201 1325 1254 ab
1355 1201 1587 1273 Augusto
1610 1201 1766 1257 Caius

193 1304 514 1360 cognomento
542 1291 635 1347 Cal
647 1295 778 1363 ‘gula
811 1311 1027 1365 regnare
1057 1299 1205 1363 coepit
1226 1340 1239 1361 ,
1288 1294 1575 1350 Germanici
1600 1298 1764 1365 ﬁlius,

195 1384 334 1437 Drusi
370 1386 602 1456 privigni
638 1388 884 1453 Augusti,
933 1402 986 1441 et
1019 1388 1186 1457 ipsius
1212 1389 1413 1443 Tiberii
1443 1392 1468 1419 ⁸
1496 1407 1679 1460 nepos,
1716 1400 1766 1445 et

189 1478 295 1545 quia
321 1487 475 1531 natus
498 1480 549 1531 in
572 1481 792 1534 exercitu
819 1484 1009 1549 fuerat,
1030 1493 1417 1553 cognomentum
1438 1484 1770 1537 calceamenti

177 1572 414 1625 militaris
440 1573 574 1625 idem
597 1571 835 1644 Caligula
861 1576 1073 1628 sortitus
1098 1585 1194 1641 est,
1219 1578 1368 1628 homo
1395 1578 1620 1629 omnium
1650 1586 1769 1629 ante

190 1667 278 1717 reb
300 1664 751 1720 sceleratissimus
778 1708 793 1733 ,
839 1677 893 1720 et
939 1666 1026 1735 qui
1059 1669 1218 1723 etiam
1252 1667 1450 1721 Tiberii
1500 1668 1763 1721 dedecora

189 1760 541 1828 cpurgaverit.
597 1762 728 1812 Ante
784 1760 1127 1828 principatum
1172 1761 1358 1812 chorus
1396 1760 1627 1812 omnibus
1675 1776 1765 1812 ac-

188 1860 452 1918 ceptusque
498 1850 598 1918 fitit
623 1865 642 1903 :
690 1850 742 1903 in
773 1851 1062 1917 principatu
1090 1867 1206 1904 vero
1238 1851 1357 1903 talis
1382 1891 1397 1915 ,
1447 1860 1501 1904 ut
1536 1868 1634 1903 non
1664 1850 1763 1902 im-
1798 1825 1846 1886 Β

189 1946 360 1997 merito
385 1944 701 2015 vulgaretur,
723 1945 1023 1997 atrociorem
1052 1945 1142 1997 illo
1166 1944 1428 1997 dominum
1458 1959 1557 1997 non
1586 1943 1763 2011 fuisse.

190 2037 345 2107 Nam,
376 2047 428 2092 ut
460 2039 667 2092 breviter
694 2039 1101 2108 magnitudinem
1129 2038 1445 2091 crudelitatis
1474 2039 1585 2108 ejus
1610 2054 1769 2108 expo-

188 2148 299 2185 nam
321 2173 334 2195 ,
390 2132 702 2185 exclamasse
748 2132 950 2199 fertur:
986 2129 1194 2184 Utinam
1226 2131 1449 2200 populus
1480 2128 1578 2183 Ro.
1613 2144 1767 2181 unam

190 2225 424 2277 cervicem
454 2222 697 2276 haberet!
720 2222 872 2292 Stepe
899 2225 1051 2276 etiam
1079 2224 1141 2275 de
1168 2223 1455 2276 conditione
1484 2232 1768 2290 temporum

192 2331 393 2368 suorum
423 2324 720 2382 conquestus
754 2324 826 2366 est
850 2354 865 2380 ,
910 2316 1044 2380 quod
1075 2314 1229 2367 nullis
1259 2313 1636 2366 calamitatibus
1665 2329 1766 2382 pu-

193 2405 325 2460 blicis
372 2408 758 2478 insignirentur.
820 2406 1022 2460 Bellum
1076 2407 1184 2477 ipse
1235 2415 1419 2460 contra
1469 2405 1767 2460 Germanos

190 2502 456 2569 suscepit,
502 2509 557 2555 et
596 2500 870 2569 ingressus
906 2497 1160 2552 Sueviam
1204 2497 1331 2551 nihil
1370 2507 1588 2552 strenue
1624 2494 1766 2551 lecit.

192 2592 389 2661 Stupra
419 2593 581 2646 tribus
619 2594 896 2647 sororibus
924 2592 1034 2646 suis
1074 2592 1292 2645 intulit:
1345 2607 1408 2645 ex
1456 2606 1556 2644 una
1604 2589 1767 2643 etiam

189 2698 358 2742 natam
396 2686 555 2740 tiliam
583 2686 851 2756 cognovit.
891 2685 1162 2740 Incedebat
1195 2686 1371 2739 habitu
1402 2686 1613 2739 deorum
1642 2701 1765 2738 suo-

190 2798 293 2833 rum
312 2822 326 2843 ,
360 2778 542 2834 Jovem
570 2780 630 2832 ob
657 2780 899 2833 incestum
922 2822 935 2845 ,
983 2780 1046 2832 de
1074 2778 1228 2832 choro
1258 2788 1427 2832 autem
1456 2776 1770 2831 Bacchaiiali

189 2872 421 2927 Liberum
449 2890 503 2927 se
528 2874 805 2927 asserebat.
850 2871 926 2925 De
954 2888 1053 2940 quo
1083 2872 1272 2935 nescio,
1302 2889 1367 2923 an
1399 2872 1627 2924 decuerit
1661 2885 1766 2923 me-

189 2967 358 3018 moria:
390 2966 558 3033 prodi,
587 2966 686 3018 nisi
714 2966 843 3035 forte
871 2967 989 3033 quia
1011 2968 1163 3036 juvat
1189 2965 1250 3017 de
1275 2965 1591 3033 principibus
1622 2981 1770 3019 nosse

192 3056 380 3123 omnia,
408 3066 463 3109 ut
494 3056 733 3124 improbi,
763 3058 942 3109 saltem
971 3060 1123 3126 fama:
1150 3067 1309 3118 metu,
1337 3057 1589 3109 declinent
1619 3058 1766 3112 talia.

194 3145 257 3200 In
299 3147 492 3217 palatio
518 3159 781 3202 matronas
826 3148 1017 3201 nobiles
1063 3148 1277 3215 publica:
1307 3147 1507 3199 libidini
1534 3148 1765 3218 subjecit.

1871 548 2082 602 indutus
2103 566 2257 603 aureo
2282 549 2672 619 paludamento,
2688 563 2941 618 curruque
2963 548 3125 620 bijugi
3145 549 3456 611 decucurrit.

1875 640 2085 697 Hisdem
2118 655 2288 698 autem
2318 644 2493 697 diebus
2518 642 2714 710 Judai,
2739 642 2827 713 qui
2846 642 2963 713 jam
2993 652 3132 708 tunc,
3163 642 3224 696 ob
3256 644 3459 710 passio»

1871 753 1985 789 nem
2013 736 2242 801 Christi,
2295 738 2488 792 meritis
2530 737 2717 808 ubique
2763 737 2996 791 cladibus
3040 737 3458 809 exagitabantur,

1870 830 2008 896 apud
2037 828 2426 893 Alexandriam,
2455 828 2706 882 seditione
2733 829 2974 889 excitata,
3007 828 3270 899 pro/ligati
3298 827 3456 891 caede,

1872 930 2021 990 atque
2049 938 2111 975 ex
2141 924 2260 976 urbe
2305 922 2540 991 propulsi
2569 964 2581 978 .
2630 923 3096 988 expromendaruni
3139 919 3464 991 querelarum

1872 1029 2027 1066 causa
2066 1011 2331 1067 Philonem
2361 1014 2635 1082 quemdam
2664 1014 2831 1067 virum
2869 1030 2994 1068 sane
3024 1015 3078 1067 in
3116 1013 3297 1083 primis
3328 1029 3460 1066 eru-

1872 1105 2035 1158 ditum
2059 1149 2073 1171 ,
2128 1105 2351 1158 secunda
2384 1107 2487 1159 vice
2519 1106 2742 1177 legatum
2791 1107 2861 1159 ad
2909 1107 3166 1161 Ctesarem
3196 1108 3460 1162 miserant.

1874 1195 1931 1251 Is
1965 1196 2182 1249 Romam
2226 1198 2428 1251 veniens
2473 1196 2674 1251 locutus
2721 1209 2797 1252 est
2848 1215 2962 1252 cum
3009 1201 3242 1267 apostolo
3276 1198 3460 1268 Petro,

1873 1291 2083 1360 ejusque
2124 1290 2376 1342 amicitias
2407 1289 2643 1345 habuisse
2676 1295 2856 1361 fertur.
2916 1291 3023 1346 Sed
3062 1290 3299 1362 Caligula
3341 1310 3459 1347 cum

1873 1381 2100 1435 omnibus
2125 1382 2435 1445 hominibus,
2458 1392 2566 1436 tum
2587 1386 2844 1453 pracipue
2860 1381 3059 1438 Iudaeis
3081 1386 3463 1455 infestissimus,

1870 1485 2040 1541 spreta
2088 1475 2342 1547 legatione
2389 1474 2666 1541 Philonis,
2714 1493 2887 1530 omnes
2930 1474 3234 1530 Juda'orum
3283 1494 3460 1532 sacras

1870 1569 2025 1631 ardes,
2060 1578 2212 1637 atque
2249 1570 2301 1621 in
2341 1569 2519 1635 primis
2548 1569 2813 1638 antiquum
2844 1568 2978 1623 illud
3003 1568 3339 1640 .leroso/ymis
3382 1586 3467 1622 sa-
3506 1571 3513 1585 ‘

1871 1664 2094 1717 crariuin
2146 1663 2416 1733 profanari
2467 1663 2736 1733 sacriﬁciis
2789 1663 3101 1731 gentilium,
3164 1679 3223 1716 ac
3273 1663 3465 1730 repleri

1870 1759 2053 1811 statuis
2073 1801 2087 1825 ,
2142 1758 2527 1827 simulacrisque
2556 1758 2862 1826 imperavit,
2918 1774 3066 1826 seque
3093 1766 3145 1810 ut
3179 1758 3332 1811 deum
3363 1755 3468 1811 coli

1874 1852 2135 1921 pra'cepit.
2170 1850 2377 1905 Pilatus
2399 1865 2567 1906 autem
2592 1868 2797 1920 prcses,
2821 1853 2907 1922 qui
2932 1854 3229 1906 sententiam
3252 1851 3466 1904 damna-

1872 1944 2021 1997 tionis
2067 1945 2121 1998 iii
2152 1943 2410 1999 Christum
2446 1947 2650 1999 dixerat
2676 1986 2691 2011 ,
2745 1956 3010 2015 postquam
3049 1945 3300 2015 plurimas
3328 1942 3465 1999 sedi-

1873 2038 2035 2091 tiones
2060 2035 2398 2109 Jerosolgmis
2425 2040 2656 2108 excepit,
2688 2055 2747 2092 ac
2779 2041 2929 2109 fecit,
2974 2040 3157 2105 tantis,
3205 2042 3466 2111 irrogantc

1872 2128 2018 2191 Caio,
2043 2130 2320 2199 angoribus
2346 2140 2637 2185 coarctatus
2666 2141 2762 2194 est,
2786 2140 2840 2185 ut
2863 2148 2955 2185 sua
2978 2147 3032 2185 se
3057 2132 3466 2186 transverberans

1877 2240 2053 2286 manu,
2091 2224 2345 2277 malorum
2375 2224 2735 2292 compendium
2763 2224 2941 2278 mortis
2967 2224 3227 2278 celeritate
3252 2223 3468 2293 qua'sie:

1874 2315 1962 2368 rit.
1995 2312 2169 2383 Igitur
2195 2315 2373 2380 Caius,
2405 2332 2526 2370 cuin
2562 2316 2820 2371 adversus
2846 2325 3074 2372 cunctos
3102 2316 3305 2387 ingenti
3339 2330 3466 2368 ava-

1875 2407 2014 2469 ritia,
2056 2407 2300 2472 libidine,
2333 2407 2652 2464 crudelitate
2682 2408 2916 2475 saeviret,
2951 2409 3264 2463 interfectus
3310 2417 3392 2462 est
3434 2423 3469 2459 a

1873 2498 2117 2553 militibus
2149 2500 2199 2553 iu
2236 2500 2451 2570 palatio,
2484 2515 2626 2554 anno
2646 2499 2674 2538 ἀ
2696 2499 2766 2554 58
2794 2501 2970 2556 aetatis
2999 2516 3131 2566 sum,
3168 2500 3375 2569 imperii
3402 2498 3461 2569 3,

1874 2605 2058 2645 mense
2086 2590 2175 2656 i0,
2208 2592 2398 2659 dieque
2429 2593 2482 2646 8.
2536 2593 2637 2658 Qui
2674 2604 2946 2663 postquam
2976 2597 3174 2647 occisus
3202 2600 3308 2658 est,
3353 2592 3457 2645 duo

1873 2682 2036 2738 libelli
2074 2685 2126 2736 in
2156 2689 2363 2739 secretis
2391 2687 2502 2755 ejus
2531 2687 2725 2753 reperti
2753 2699 2894 2753 sunt,
2926 2703 3142 2756 quorum
3181 2686 3331 2741 alteri
3354 2685 3462 2740 Pu-

1871 2770 1974 2846 gio,
2009 2776 2158 2829 alteri
2182 2777 2387 2846 gladius
2415 2792 2507 2847 pro
2538 2779 2726 2848 scripto
2758 2778 2981 2832 nominis
3012 2777 3289 2848 ascriptum
3319 2786 3463 2843 erat;

1873 2866 2020 2918 ambo
2067 2866 2328 2922 lectissim.
2365 2867 2589 2920 virorum
2630 2868 2895 2936 utriusque
2940 2868 3173 2931 ordinis,
3221 2868 3468 2921 senatorii

1872 2959 2100 3013 videlicet
2127 3000 2141 3024 ,
2191 2968 2240 3013 et
2278 2961 2521 3028 equestris
2551 2961 2762 3013 nomina
2784 3004 2800 3029 ,
2851 2970 2898 3014 et
2929 2969 3074 3013 notas
3102 2960 3464 3027 continebant,

1873 3052 2023 3105 morti
2054 3053 2446 3106 destinatorum.
2496 3050 2712 3107 Inventa
2740 3061 2814 3107 est
2863 3063 2909 3107 et
2935 3068 3058 3107 arca
3087 3054 3267 3122 ingens
3293 3052 3463 3107 vario-

1877 3162 1991 3198 rum
2028 3161 2369 3211 venenorum,
2408 3144 2589 3214 quibus
2620 3162 2740 3198 mox
2768 3144 2990 3199 Claudio
3020 3143 3222 3199 Caesare
3263 3144 3467 3215 iubente

194 3236 396 3292 Primus
440 3239 733 3292 diademate
780 3239 1052 3307 imposito,
1105 3238 1367 3315 dominum
1412 3255 1465 3292 sc
1513 3239 1768 3309 appellari
1799 3204 1843 3266 Ο
1877 3239 2152 3303 demersis,
2198 3240 2386 3307 infecta
2426 3238 2591 3291 maria
2622 3240 2918 3302 traduntur,
2962 3254 3064 3291 non
3100 3238 3211 3291 sine
3242 3237 3463 3305 piscium

178 3332 354 3401 jussit.
398 3327 466 3384 In
492 3331 663 3399 spatio
693 3328 845 3383 trium
878 3331 1135 3396 millium,
1182 3331 1319 3399 quod
1350 3331 1400 3382 in
1428 3331 1544 3382 sinu
1572 3328 1769 3383 Puteo-

184 3422 299 3480 lano
320 3426 458 3479 intra
479 3424 661 3478 molem
682 3425 845 3496 jacet,
862 3423 1059 3491 duplici
1089 3424 1268 3478 ordine
1296 3440 1445 3478 naves
1470 3434 1763 3489 contexens,

186 3533 350 3572 arente
380 3527 588 3589 aggestis
616 3517 683 3571 ad
715 3526 865 3572 terra:
888 3518 1108 3589 speciem
1137 3518 1270 3571 viam
1302 3517 1604 3584 solidatam,
1641 3519 1767 3585 pha-

252 3662 275 3689 ι
309 3655 398 3716 Α.,
428 3653 586 3720 Iilius.

252 3724 278 3760 δ
311 3728 400 3789 Α.,
431 3724 872 3787 sceleratissimus,
900 3735 945 3778 et
972 3726 1080 3792 qui,
1109 3732 1214 3778 etc.

256 3808 279 3834 ε
313 3800 402 3861 Α.,
433 3812 528 3866 pro
556 3796 868 3865 purgaverit,
901 3804 1160 3866 purgaret.
1196 3793 1395 3848 Bellum
1424 3803 1622 3858 contra,
1653 3800 1759 3848 etc.

1873 3348 2059 3400 magno
2085 3331 2263 3398 exitio,
2288 3347 2416 3400 quos
2441 3341 2675 3387 enecatos
2701 3348 2789 3401 per
2809 3331 3047 3403 proxima
3071 3332 3245 3386 littora
3270 3329 3465 3402 passim

1871 3434 2024 3479 iustus
2052 3424 2222 3492 eiecit.

1941 3647 1968 3686 ἀ
1999 3649 2113 3721 Δεῖ
2136 3647 2229 3714 29,
2258 3649 2465 3721 imperii
2485 3648 2539 3713 b,
2570 3665 2742 3704 mense
2766 3648 2857 3714 10,
2890 3651 3072 3719 dieque
3100 3652 3149 3705 7.
3196 3648 3320 3704 Post
3344 3663 3465 3721 qua

1870 3722 2033 3844 verba
2064 3720 2199 3775 liber
2226 3735 2294 3774 vn
2324 3720 2601 3776 continuat
2630 3736 2799 3791 usque
2830 3721 2897 3776 ad
2928 3722 3038 3791 illa,
3068 3721 3359 3796 ignobiliter
3383 3729 3460 3778 est

1869 3808 1993 3862 sepu
2039 3806 2146 3845 um.

1386 4042 1686 4121 LIBER
1739 4041 2235 4122 OCTAVUS.

787 4283 1151 4341 CLAUDIUS.

268 4389 287 4414 °
315 4383 459 4434 Anno
500 4380 562 4434 ab
595 4378 731 4434 Urbe
769 4379 976 4431 condita
1001 4379 1106 4433 795
1149 4375 1395 4431 Claudius
1434 4376 1498 4431 ab
1538 4378 1769 4447 Augusto

190 4483 392 4538 quartus
421 4489 632 4544 regnum
662 4471 879 4542 adeptus
906 4480 1008 4534 est,
1054 4479 1272 4539 patruus
1302 4468 1578 4538 Calignlm,
1612 4468 1767 4523 Drusi

198 4562 329 4619 ﬁlius
358 4566 576 4636 privigni
604 4563 822 4619 Cesaris
852 4563 1094 4633 Augusti,
1144 4564 1291 4632 cujus
1318 4559 1554 4631 Caligula
1600 4576 1769 4631 nepos

198 4672 341 4728 erat,
387 4662 478 4731 qui
522 4661 663 4731 apud
709 4658 1102 4729 Mogontiacum
1145 4665 1553 4712 monumentum
1586 4657 1764 4712 habet.

202 4749 299 4809 Iste
323 4772 432 4809 cum
468 4762 677 4809 senatus
702 4752 980 4806 censuisset
1009 4758 1210 4821 gentem
1237 4746 1499 4803 Cmarum
1526 4747 1770 4802 extermi-

201 4849 323 4912 nari,
351 4849 571 4919 deformi
599 4847 793 4900 latebra
821 4845 980 4899 latere
1005 4851 1258 4913 repertus,
1289 4842 1411 4912 quia
1438 4857 1611 4895 vecors
1663 4848 1771 4895 erat

202 4945 243 4991 et
274 4941 566 4995 mitissimus
592 4938 855 4993 videbatur
882 4934 1311 5005 imprudentibus,
1343 4950 1377 4985 a
1405 4932 1650 4987 militibus
1677 4932 1773 4985 im-

201 5046 389 5102 perator
432 5042 507 5090 est
556 5032 787 5102 effectus.
841 5030 943 5084 Hic
990 5029 1180 5097 ventri,
1225 5028 1371 5090 vino,
1415 5025 1616 5080 libidini
1643 5024 1773 5094 finde

202 5128 442 5194 obedieiis,
496 5142 669 5182 vecors
706 5134 751 5179 et
786 5139 944 5193 prope
992 5120 1163 5189 hebes,
1192 5120 1408 5188 ignavus
1446 5127 1494 5172 et
1532 5116 1771 5187 pavidus,

200 5217 481 5275 libertorum
531 5227 579 5274 et
629 5217 863 5290 conjugis
894 5214 1123 5281 imperiis
1153 5212 1389 5267 subditus
1419 5209 1543 5280 fuit.
1594 5206 1771 5279 Hujus

200 5318 410 5381 tempore
434 5309 808 5375 Scribonianus
837 5304 1088 5360 Camillus
1117 5304 1256 5357 intra
1292 5298 1583 5354 Dalmatius
1611 5298 1774 5367 impe-

197 5412 330 5457 rator
364 5413 590 5469 creatus,
629 5402 870 5455 continuo
899 5397 1167 5452 occiditur.
1217 5394 1395 5450 Mauri
1433 5392 1709 5455 provinciis
1742 5406 1776 5444 a

323 5568 423 5621 A.:
479 5565 605 5618 Post
641 5563 777 5616 hunc
814 5560 1062 5616 Claudius
1102 5560 1199 5630 fuit
1240 5570 1454 5630 patruus
1483 5554 1774 5630 Caligula,

200 5632 386 5701 Drusi,
432 5639 521 5706 qui
551 5635 691 5706 apud
721 5625 1112 5706 Moguntiacum
1151 5625 1539 5706 monumentarii
1591 5625 1774 5693 habet,

200 5706 352 5778 filius,
374 5700 517 5778 cujus
539 5704 778 5778 Caligula
802 5700 955 5775 nepos
976 5712 1105 5757 erat.
1133 5701 1241 5778 _IIi_c
1268 5700 1643 5778 M‘odiaihiinpp
1666 5706 1773 5778 etc.

202 5767 519 5846 Eutropius:
551 5767 831 5839 Claudius,
865 5767 1092 5842 patruus
1122 5772 1422 5846 Caligulae,
1454 5767 1645 5846 Drusi,
1690 5770 1778 5846 qui

200 5850 337 5917 apud
366 5842 685 5921 Haguntiam
715 5863 831 5902 cum
859 5846 970 5916 filio
1009 5842 1374 5900 monimentum
1403 5842 1581 5909 habet,
1624 5845 1777 5910 cujus

1800 4530 1848 4589 D

1872 4284 2075 4339 Caesare
2094 4282 2249 4355 pulsi,
2267 4298 2401 4338 casa
2422 4281 2836 4337 Husulaniorum
2859 4299 3059 4338 manus.
3081 4284 3227 4355 Aqua
3244 4283 3466 4341 Claudia

1878 4376 2056 4431 Roma
2078 4376 2388 4431 introducta.
2436 4374 2607 4444 Igitur
2633 4375 2688 4429 in
2716 4376 2926 4429 exordio
2954 4377 3101 4446 regni
3134 4380 3247 4449 ejus
3278 4377 3465 4433 Petrus

1873 4470 2136 4538 apostolus
2166 4468 2373 4521 Domini
2404 4468 2563 4521 nostri
2590 4465 2718 4521 Jesu
2748 4466 2939 4522 Christi
2980 4466 3197 4521 Romam
3228 4470 3380 4531 venit,
3414 4479 3462 4523 et

1872 4564 2147 4617 salutarem
2174 4561 2369 4613 cunctis
2397 4560 2720 4613 credentibus
2746 4560 2900 4628 [idem
2924 4560 3067 4628 fideli
3092 4560 3240 4615 verba
3269 4561 3462 4626 docuit,

1871 4655 2315 4728 potentissimeque
2341 4653 2617 4707 virtutibus
2646 4652 2971 4723 approbavit,
2999 4664 3151 4724 atque
3178 4654 3298 4708 exin
3321 4654 3466 4708 Chri-

1871 4747 2025 4802 stiani
2054 4743 2236 4800 Roma:
2268 4761 2372 4800 esse
2401 4755 2682 4815 cmperunt.
2732 4744 2905 4799 Sensit
2938 4748 3033 4799 hoc
3063 4730 3310 4801 collatum
3340 4745 3467 4815 fidei

1871 4855 1977 4894 suae
2013 4840 2179 4893 Roma
2224 4837 2545 4905 beneficium.
2594 4837 2790 4891 Accidit
2835 4838 2968 4892 enim
3016 4837 3194 4891 eodem
3240 4849 3466 4907 tempore

1872 4924 2135 5002 praesentis
2181 4930 2359 4999 gratia:
2408 4926 2507 4983 Dei
2553 4931 2750 4999 grande
2800 4930 3125 4985 miraculum.
3196 4929 3467 5001 Siquidem

1873 5023 2067 5079 Furius
2088 5022 2337 5079 Camillus
2361 5022 2735 5079 Scribonianus
2761 5023 3034 5079 Dalmatia:
3056 5026 3253 5095 legatus
3276 5023 3466 5080 bellum

1874 5119 2020 5172 civile
2040 5119 2269 5186 molitus,
2294 5118 2515 5188 legiones
2543 5118 2750 5183 multas,
2777 5117 3180 5190 fortissimosque
3200 5119 3270 5171 ad
3292 5134 3467 5173 sacra-

1874 5211 2029 5265 menti
2071 5210 2404 5264 mutationem
2440 5211 2736 5281 pellezerat.
2790 5208 2994 5279 Itaque,
3022 5211 3106 5264 die
3131 5211 3273 5278 dato,
3316 5219 3371 5265 ut
3408 5210 3466 5267 in

1875 5320 2036 5358 unum
2081 5304 2308 5373 undique
2345 5304 2415 5358 ad
2460 5320 2648 5358 novum
2694 5304 3049 5376 imperatorem
3094 5306 3465 5375 conveniretur,

1875 5410 2034 5464 neque
2054 5396 2241 5465 aquila:
2262 5396 2458 5463 ornari,
2482 5411 2646 5466 neque
2670 5396 2883 5450 convelli
2906 5398 3263 5466 quoquomodo
3287 5397 3466 5467 signa,

1876 5563 1925 5628 et
1952 5552 2191 5628 Caligula
2235 5570 2395 5622 nepos
2436 5562 2588 5628 erat,
2638 5559 2825 5628 frater:
2875 5554 3142 5610 Hersl'eld.
3173 5570 3293 5609 cum
3325 5557 3469 5628 Am-

1877 5625 2177 5689 bros.,'ubi
2212 5635 2367 5690 nota,
2410 5626 2549 5696 quod
2585 5640 2756 5695 neque
2788 5626 3098 5693 Eutrapius,
3134 5640 3305 5694 neque
3332 5626 3466 5683 Mss.

1883 5712 2088 5825 novumt
2114 5697 2199 5751 hic
2228 5697 2419 5753 librum
2446 5697 2721 5767 inchoant,
2744 5700 2837 5753 sed
2864 5697 2916 5752 in
2940 5712 3009 5751 vn
3036 5697 3175 5753 libro
3201 5697 3314 5754 haec
3337 5710 3473 5755 cono

1874 5779 2060 5825 (mitan
2091 5784 2177 5824 ur.
