3918 6344
527 329 626 388 871

1401 336 1599 395 PAULI
1642 338 1914 396 DMCONI
1954 340 2104 395 OPP.
2149 343 2326 401 PARS
2368 346 2408 400 Ι.
2435 377 2501 388 -
2534 347 2894 404 11181⁸0ὶῖ1οΑ

3613 365 3695 425 873

523 442 751 508 Inerant,
786 443 1090 515 lionoraret,
1123 447 1188 503 ab
1215 448 1448 503 omnibus
1487 468 1670 507 exosus
1697 463 1789 508 est.
1828 451 2108 523 Postquam
2137 464 2187 522 Α
2214 458 2332 513 inde
2358 468 2663 527 protractus,
2698 462 2875 515 vinctis
2906 470 3018 530 post
3050 472 3243 531 tergum
3290 467 3505 533 manibus,
3527 474 3695 535 circum.

521 547 688 591 autem
712 536 775 591 de
815 535 1123 605 Vespasiano
1155 543 1425 611 comperit,
1457 545 1677 613 primum
1727 547 1976 615 deponere
2003 562 2109 598 mo-

520 629 641 684 litus
668 641 740 685 est
770 631 1069 701 imperium;
1101 634 1289 689 deinde
1318 653 1350 690 α
1372 639 1675 703 quibusdam
1704 641 1985 707 animatur,
2011 640 2107 695 Sa-

519 724 689 777 binum
725 721 1027 792 Vespasiani
1053 725 1291 795 fratrem,
1327 730 1402 781 nil
1430 739 1535 784 tum
1594 731 1716 783 mali
1752 732 2109 800 suspicantem,

517 832 633 871 cum
654 821 851 872 cwteris
880 816 1145 875 Flavianis
1171 821 1221 873 in
1245 821 1562 890 Capitolium
1602 822 1870 890 compulit,
1900 838 2108 876 succen-

517 928 676 983 soque
704 913 913 981 templo,
943 925 990 967 et
1014 913 1164 967 mista
1189 912 1343 967 simul
1370 915 1601 983 ﬂamma,
1637 914 1909 983 ruinaque,
1940 930 2111 968 omnes

516 1001 568 1057 in
598 1020 755 1057 unum
784 1004 976 1071 pariter
1001 1005 1261 1059 interitum
1306 1022 1369 1060 ac
1429 1006 1684 1060 tumulum
1711 1006 1872 1060 dedit.
1905 1007 1968 1058 At
1995 1021 2111 1060 vero

522 1098 872 1171 Vespasianus
929 1110 1197 1170 postquam
1242 1101 1385 1174 apud
1440 1100 1779 1156 Palwstinam
1832 1102 2112 1172 imperator

514 1199 713 1245 creatus
735 1201 829 1258 est,
862 1191 914 1245 in
937 1188 1189 1245 Graeciam
1211 1193 1367 1256 venit,
1388 1193 1639 1262 gaudens,
1663 1201 1718 1245 ut
1749 1190 1919 1245 (ἒνωεὶ
1944 1196 2111 1260 faten-

515 1297 618 1354 tur,
653 1288 706 1341 in
735 1287 813 1339 his
838 1302 951 1353 qua:
978 1287 1218 1342 audiebat
1242 1304 1274 1340 a
1298 1286 1558 1358 Tyanensi
1589 1286 1864 1354 Apollonio
1896 1285 1959 1339 de
1990 1296 2112 1339 tem-

515 1396 637 1450 pore
658 1379 859 1447 imperii
880 1381 985 1442 sui,
1012 1395 1073 1432 ac
1114 1381 1308 1433 caeteris
1346 1380 1497 1434 bonis
1551 1378 1875 1449 fortioribus,
1904 1377 2112 1448 loquens

511 1494 626 1533 cum
656 1494 713 1532 eo
738 1478 878 1549 apud
906 1474 1202 1550 ﬂgyptum
1251 1479 1314 1531 ab
1366 1477 1539 1543 Indis,
1594 1486 1640 1529 et
1693 1475 2022 1544 Bragmanis,
2066 1485 2113 1529 et

516 1567 717 1641 Cyamo
743 1567 987 1637 sophistis
1017 1567 1124 1621 illic
1148 1567 1477 1639 diligentibus
1521 1567 1783 1622 redeunte.
1818 1564 1988 1635 Igitur
2026 1564 2111 1619 Vi-

513 1663 680 1714 tellius
698 1678 728 1713 a
763 1659 1062 1730 Vespasiani
1092 1662 1334 1715 militibus
1356 1661 1447 1715 sub
1471 1662 1631 1715 muris
1658 1659 1811 1715 Urbis
1833 1659 2111 1713 certamine

510 1752 681 1807 habito
704 1763 991 1821 superatus,
1024 1754 1086 1805 ab
1117 1753 1341 1807 exercitu
1369 1770 1463 1807 suo
1494 1753 1768 1807 destitutus
1796 1761 1896 1817 est,
1920 1767 2005 1821 ap;
2026 1765 2108 1803 ro-

2217 552 2422 605 ducitur
2444 555 2510 605 ad
2535 555 2881 622 spectaculum
2906 557 3064 627 vulgi.
3093 555 3305 625 Cumque
3326 577 3402 627 per
3422 579 3583 620 sacram
3601 571 3697 627 viam

2215 646 2413 714 publice
2444 648 2613 700 nudus
2638 651 2928 712 duceretur,
2953 666 3018 703 ne
3039 650 3297 717 impudens
3326 654 3373 707 in
3406 662 3601 715 extremis
3621 666 3696 718 sat-

2213 747 2310 793 tem
2334 741 2588 793 malorum
2618 758 2731 807 qua:
2764 752 2988 811 gesserat
3042 742 3224 796 rubore
3266 745 3429 811 [aciem
3467 750 3699 825 demitteret,

2213 842 2377 885 erecta
2393 849 2557 897 coma,
2584 845 2628 887 et
2650 835 2837 901 capite,
2866 836 3090 904 subjecto
3108 837 3157 887 in
3184 849 3389 890 utentum
3413 840 3574 910 gladio.
3591 848 3701 900 serui-

2216 923 2405 987 nudus,
2441 925 2600 977 multo
2624 941 2764 978 caeno
2795 925 3040 996 fimoque,
3083 937 3130 980 et
3160 930 3343 981 carteris
3371 931 3490 982 dictu
3519 935 3703 1000 turpiori-

2214 1017 2305 1070 bus
2328 1019 2679 1088 purgamentis
2707 1033 2794 1070 ore
2818 1030 2867 1071 et
2891 1032 3092 1086 peetore
3134 1019 3396 1086 involutus,
3416 1022 3462 1075 in
3482 1024 3615 1092 forum
3637 1027 3701 1078 de-

2215 1111 2398 1162 ductus
2417 1120 2510 1175 est,
2536 1121 2684 1180 atque
2710 1126 2801 1179 per
2829 1110 2998 1164 scalas
3033 1110 3298 1167 Gemonias
3318 1116 3528 1179 trahitur,
3548 1117 3615 1169 ubi
3636 1116 3704 1172 Sa-

2216 1203 2385 1256 binum
2421 1203 2719 1270 Vespasiani
2749 1211 2965 1277 fratrem
3007 1209 3301 1273 permiserat
3335 1210 3501 1273 necari,
3537 1212 3703 1264 minutis-

2214 1298 2458 1350 simorum
2494 1299 2685 1351 ictuum
2725 1299 2917 1353 crebris
2964 1301 3145 1353 ictibus
3195 1302 3560 1370 excarniﬁcatus,
3601 1313 3706 1369 atque

2214 1389 2335 1443 inde
2376 1406 2504 1444 unco
2543 1399 2733 1443 tractus
2757 1392 2809 1444 in
2844 1391 3062 1444 Tiberim
3096 1410 3303 1461 mersus,
3331 1395 3475 1449 etiam
3501 1397 3704 1450 communi

2214 1484 2385 1535 caruit
2410 1483 2702 1552 sepultura.
2742 1482 2905 1538 Periit
2933 1498 3109 1541 autem
3144 1488 3312 1540 astatis
3355 1503 3479 1541 anno
3507 1488 3705 1553 57,‘im-

2216 1572 2353 1651 perii
2372 1589 2553 1628 mense
2584 1574 2616 1627 8
2644 1583 2699 1629 et
2729 1577 2816 1630 die
2846 1576 3037 1644 primo.
3091 1576 3272 1631 Multis
3311 1590 3467 1632 autem
3491 1589 3530 1633 et
3554 1581 3705 1648 nefariis

2215 1665 2377 1718 modis
2406 1683 2497 1733 per
2524 1668 2808 1738 complures
2841 1668 2950 1721 dies
2981 1686 3013 1722 a
3047 1667 3344 1737 Vespasiani
3366 1673 3709 1724 militibusadrer-

2213 1773 2328 1810 sum
2357 1768 2584 1812 senatum
2616 1757 2681 1814 P.
2846 1759 2914 1815 Β.
2951 1761 3230 1815 indiscreta
3283 1765 3410 1816 ca'de
3435 1764 3623 1817 servitum
3642 1774 3704 1817 est.

507 1847 973 1916 pinquautibusque
992 1846 1219 1900 hostibus
1230 1850 1344 1919 jam
1369 1848 1614 1914 trepidas,
1642 1862 1755 1899 cum
1778 1861 1832 1898 se
1852 1845 1904 1898 in
1928 1861 2109 1913 quam~
2146 1861 2186 1919 Β
2216 1846 2356 1902 IIuic
2390 1847 2733 1920 Vespasianus
2761 1852 2999 1905 successit
3026 1867 3191 1906 nonus
3217 1852 3275 1906 ab
3304 1854 3527 1925 Augusto.

507 1938 628 1991 dam
650 1941 939 2008 proximam
961 1939 1155 2008 palatio
1179 1939 1421 1993 cellulam
1444 1938 1761 2005 contulisset,
1811 1937 2103 2005 turpissime

485 2068 895 2136 'coreinvoluto,
942 2080 993 2126 et
1047 2081 1255 2138 pectus,
1301 2071 1363 2125 ab
1409 2070 1642 2125 omnibus
1698 2068 1854 2123 obviis
1909 2068 2106 2138 appeti-

507 2153 612 2226 tus.
660 2145 925 2198 Postremo
969 2142 1240 2215 jugulatus
1269 2182 1284 2209 ,
1337 2153 1382 2197 et
1459 2144 1513 2196 in
1565 2140 1807 2195 Tiberum
1857 2139 2104 2211 dejectus,

509 2224 686 2283 etiam,
728 2225 832 2271 etc.

2287 2080 2314 2108 α
2344 2071 2651 2144 EutrOpius,
2683 2072 2885 2139 imperti
2907 2088 3080 2126 mense
3101 2086 3171 2128 ιδ
3197 2080 3242 2129 et
3267 2073 3349 2128 die
3367 2073 3571 2144 uno.H.,
3588 2091 3709 2132 nesse

2214 2142 2248 2195 8
2278 2151 2323 2195 et
2349 2142 2430 2195 die
2451 2158 2587 2207 uno;
2617 2156 2738 2197 cum
2768 2144 2832 2198 ﬂ.
2859 2146 3107 2200 Ambros.

521 2352 3699 2383 ‘_____________________——__—————_—-—1

1791 2469 2092 2549 LIBER
2152 2468 2526 2549 NONUS.

1064 2705 1547 2763 VESPASIANUS.

582 2810 608 2838 ⁸
635 2801 786 2856 Anno
815 2798 877 2853 ab
912 2798 1050 2855 Urbe
1079 2800 1287 2853 condita
1314 2798 1442 2866 8l5,
1475 2799 1606 2853 brevi
1627 2799 1717 2853 illa
1740 2800 1970 2868 quidem,
2001 2802 2090 2855 sed

506 2892 712 2947 turbida
758 2902 1094 2962 tyrannorum
1139 2891 1359 2961 caligine
1403 2890 1655 2957 discussa,
1688 2893 1970 2963 tranquilla
1996 2893 2091 2949 sub

517 2983 829 3052 Vespasiano
854 2984 1098 3038 serenitas
1128 2984 1301 3037 rediit.
1336 2982 1391 3036 Is
1419 2984 1643 3048 obscure
1670 2984 1882 3056 quidem
1912 2998 2092 3053 natus,

506 3076 601 3131 sed
651 3076 869 3143 optimis
914 3075 1328 3144 comparandus,
1364 3076 1566 3144 privata
1609 3080 1714 3132 vita
1756 3080 2000 3146 illustris,
2035 3089 2093 3136 ut

2202 2706 2472 2772 machinis,
2502 2706 2797 2777 cunctisque
2828 2706 3020 2762 bellicis
3062 2710 3305 2777 molibus,
3337 2726 3431 2764 non
3469 2711 3561 2763 sine
3597 2711 3710 2764 multa

2199 2809 2410 2852 suorum
2451 2798 2702 2868 sanguine
2747 2798 2951 2851 tandem
2984 2815 3155 2853 muros
3184 2801 3398 2855 civitatis
3436 2801 3612 2867 irrupit.
3633 2798 3707 2855 Sed

2195 2891 2263 2944 ad
2292 2891 2689 2960 expugnandam
2717 2890 3007 2944 interiorem
3034 2893 3213 2961 templi
3244 2893 3568 2955 munitionem,
3594 2905 3705 2958 quam

2197 2986 2445 3038 reclusum
2468 2983 2738 3037 multitudo
2759 2985 3102 3051 sacerdotum,
3125 3002 3190 3039 ac
3215 2987 3488 3057 principum
3510 2984 3710 3046 tuebatur,

2199 3076 2396 3145 majore
2431 3075 2475 3127 vi
2522 3084 2566 3126 et
2608 3090 2750 3127 mora
2777 3090 2904 3143 opus
2934 3076 3051 3146 fuit.
3099 3077 3241 3131 Nam
3284 3079 3416 3131 intra
3456 3076 3607 3149 viginti
3638 3076 3713 3126 dies

504 3170 595 3240 qui
643 3184 676 3224 a
722 3168 947 3223 Claudio
994 3168 1047 3222 in
1087 3168 1427 3224 Germaniam
1449 3209 1463 3233 ,
1510 3170 1705 3226 deinde
1762 3172 2089 3228 Britanniam
2121 3166 2168 3228 C
2197 3179 2347 3238 εαρια
2375 3177 2473 3221 εει.
2509 3166 2660 3233 ρειοά
2702 3176 2895 3234 tamen,
2926 3176 3201 3238 postquam
3236 3172 3289 3223 in
3319 3165 3712 3241 ροιεειαιεηιηάη·

503 3264 722 3328 missus,
755 3264 934 3318 tricies
961 3272 1014 3317 et
1044 3264 1121 3318 bis
1152 3279 1270 3318 cum
1300 3264 1455 3320 hoste
1482 3266 1809 3333 conﬂixerit,
1839 3268 1971 3321 duas
1998 3282 2086 3321 va-

502 3353 795 3413 lidissimas
845 3365 1052 3425 gentes,
1096 3355 1280 3427 viginti
1331 3357 1547 3427 oppida,
1590 3358 1814 3412 insulam
1870 3357 2088 3413 Vectam

503 3447 789 3503 Britannia:
841 3449 1135 3516 proximam
1189 3449 1413 3519 imperio
1464 3448 1709 3504 Romano
1751 3448 1777 3485 ι)
1809 3450 2087 3518 adiecerit.

503 3538 760 3609 Namque,
787 3548 842 3592 ut
871 3541 1026 3610 paulo
1056 3541 1209 3593 altius
1252 3549 1497 3611 repetam,
1525 3539 1701 3595 Judazi
1742 3551 1857 3613 post
1889 3544 2088 3610 passio-

501 3646 617 3685 nem
644 3630 834 3685 Christi
861 3631 1087 3684 destituti
1108 3632 1161 3684 in
1190 3639 1351 3684 totum
1378 3633 1542 3701 gratia
1570 3632 1685 3697 Dei,
1716 3650 1829 3685 cum
1857 3637 2091 3689 omnibus

499 3720 724 3791 undique
745 3720 893 3774 malis
920 3721 1421 3787 circumvenirentur,
1448 3723 1753 3793 quibusdam
1779 3726 1830 3778 in
1857 3725 2091 3784 Carmelo

502 3824 672 3868 monte
698 3813 893 3869 seducti
917 3814 1157 3878 sortibus,
1181 3829 1298 3885 qua
1327 3816 1682 3885 portenderent
1704 3830 1908 3873 exortos
1935 3837 1967 3873 a
1992 3819 2091 3874 Ju-

495 3909 609 3964 dtea
637 3909 788 3962 duces
833 3923 1003 3961 rerum
1049 3908 1297 3975 potituros
1328 3911 1457 3977 fore,
1490 3910 1888 3981 prtedictumque
1916 3912 1985 3964 ad
2035 3929 2090 3967 se

496 3999 752 4054 trahentes
794 3999 847 4052 in
875 3998 1201 4052 rebellionem
1230 4009 1530 4053 exarserunt
1548 4042 1563 4066 ,
1595 4002 1956 4072 exstinctisque
1985 4002 2091 4058 Ro—

496 4091 662 4144 manis
694 4090 965 4158 prtesidiis,
992 4091 1216 4161 legatum
1242 4107 1442 4161 quoque
1468 4091 1639 4162 Syria:
1668 4094 1776 4162 (cui
1803 4090 2091 4149 Palwstina

496 4195 680 4235 nomen
706 4180 801 4249 est)
847 4181 1110 4249 suppetias
1142 4181 1405 4247 ferentem,
1432 4191 1587 4251 rapta
1622 4185 1815 4253 aquila,
1849 4194 1897 4238 et
1946 4186 2091 4240 clasis

495 4275 656 4345 copiis
698 4275 1021 4345 fugaverunt.
1051 4276 1130 4327 Ad
1158 4276 1248 4328 hos
1295 4273 1640 4345 Vespasianus
1668 4295 1700 4331 a
1732 4276 1940 4333 Nerone
1969 4280 2091 4332 mis-

496 4382 579 4421 sus
605 4364 777 4419 Titum
806 4366 970 4435 [ilium
990 4383 1137 4419 suum
1167 4368 1410 4435 majorem
1436 4370 1488 4421 in
1519 4368 1701 4424 itinere
1723 4370 1922 4426 habuit.
1950 4371 2090 4426 Nam

498 4457 707 4519 multas,
738 4466 783 4508 et
829 4456 1027 4508 validas
1072 4456 1296 4525 legiones
1343 4458 1518 4527 viginti
1562 4468 1609 4512 et
1655 4470 1767 4512 octo
1822 4477 1990 4514 secum
2036 4462 2088 4516 in

2194 3269 2354 3326 ctum,
2390 3276 2541 3331 opere
2566 3261 2859 3313 mirandum
2892 3271 3041 3331 atque
3085 3265 3389 3334 antiquitate
3423 3262 3630 3332 suspexit,
3654 3257 3713 3310 dit

2193 3353 2489 3407 deliberavit
2519 3362 2695 3407 utrum
2748 3365 2996 3424 tanquam
3041 3356 3428 3411 incitamentum
3454 3354 3637 3409 hostium
3655 3351 3712 3403 itt-

2193 3444 2451 3510 cenderet,
2480 3460 2547 3497 an
2578 3447 2629 3497 in
2655 3443 3002 3498 testimonium
3027 3446 3263 3502 victoria:
3287 3453 3558 3502 reservaret.
3582 3440 3712 3508 Itaque

2194 3550 2308 3589 cum
2339 3534 2630 3588 nuntiatum
2655 3535 2704 3588 ei
2731 3551 2763 3587 a
2794 3533 2960 3588 Roma
2990 3538 3191 3606 luisset,
3219 3542 3353 3610 quod
3381 3547 3511 3607 pater
3533 3536 3623 3606 ejus
3642 3531 3707 3584 iu-

2193 3626 2335 3696 perio
2380 3626 2648 3696 potiretur,
2685 3640 2748 3680 ea:
2788 3628 3047 3682 hilaritate
3079 3629 3264 3698 nimia,
3294 3647 3414 3684 sura
3439 3631 3539 3698 ejus
3577 3626 3708 3677 dextra

2196 3725 2511 3772 crementum
2559 3718 2726 3772 carnis
2769 3719 2982 3790 accepit,
3024 3720 3097 3773 ita
3146 3729 3203 3773 ut
3251 3721 3608 3774 calceamentum
3643 3723 3711 3764 non

2192 3810 2457 3879 reciperet.
2494 3810 2621 3875 Quae
2663 3806 2874 3878 Iosephi
2935 3810 3082 3864 ducis
3126 3809 3432 3866 Judteorum
3459 3805 3649 3866 consilio,
3672 3806 3708 3851 νε

2193 3904 2299 3957 alia
2347 3905 2581 3957 restituta
2634 3910 2729 3968 est,
2759 3904 2844 3973 qui
2882 3905 3109 3975 jusserat
3154 3915 3277 3959 ante
3315 3920 3425 3958 eum
3468 3893 3711 3959 transirqin

2194 4011 2344 4064 quem
2393 3995 2671 4065 plurimum
2700 3995 2806 4048 odii
2837 3994 3071 4048 habebat.
3108 3994 3281 4066 Igitur
3332 3994 3467 4049 Titus
3508 3993 3711 4060 imperle

2191 4088 2253 4141 ab
2282 4088 2508 4141 exercitu
2547 4087 2909 4158 pronuntiatus
2954 4088 3206 4154 templum
3242 4086 3555 4158 Jerosolymis
3588 4082 3708 4133 incen-

2196 4177 2272 4230 dit
2299 4193 2358 4231 ac
2403 4177 2582 4241 diruit,
2607 4178 2744 4248 quod
2773 4193 2806 4231 a
2831 4178 2917 4231 die
2946 4180 3256 4236 conditionis
3300 4181 3488 4250 prima,
3524 4188 3647 4243 usque
3666 4167 3711 4221 ad

2192 4271 2324 4325 diem
2354 4270 2627 4324 eversionis
2657 4271 2851 4325 ultima:
2872 4283 3130 4327 manserat
3162 4276 3313 4329 annis
3342 4271 3473 4327 mille
3496 4279 3654 4324 centum
3673 4270 3706 4317 et

2193 4365 2409 4419 duobus.
2443 4363 2624 4418 Muros
2654 4366 2794 4419 urbis
2822 4367 3080 4420 universos
3109 4369 3222 4422 solo
3264 4368 3495 4438 sequavit.
3524 4363 3710 4418 Sescenta

2193 4454 2356 4508 millia
2381 4452 2683 4509 Iudaeorum
2708 4471 2767 4507 eo
2798 4456 2927 4510 bello
2960 4458 3228 4526 interfecta
3275 4456 3524 4514 Cornelius
3559 4463 3596 4506 et
3619 4447 3710 4504 Sut-

497 4549 705 4621 Syriam
729 4552 945 4620 trajecit.
978 4550 1159 4620 Itaque
1183 4566 1300 4603 cum
1324 4549 1533 4605 Iudaeos
1574 4552 1752 4605 multis
1780 4569 1953 4606 eorum
1994 4570 2086 4622 op-
2121 4544 2168 4603 D
2194 4548 2362 4601 tonius
2388 4550 2634 4616 referunt.
2676 4548 2935 4615 Iosephus
2978 4567 3090 4603 vero
3123 4552 3235 4605 dux
3262 4550 3563 4611 Judteorum,
3586 4541 3653 4611 qui
3670 4551 3709 4589 ιο

495 4643 632 4713 pidis
698 4645 858 4713 captis
908 4642 960 4695 in
1012 4644 1131 4695 urbe
1186 4641 1660 4713 Jerosolgmorum,
1716 4645 1974 4714 prwciptte
2025 4647 2085 4700 ob

495 4733 625 4785 diem
657 4734 841 4799 festum
870 4743 1220 4803 congregatos,
1251 4734 1509 4788 obsidione
1556 4736 1845 4802 clausisset,
1878 4736 2084 4803 cognita

495 4823 721 4880 Neronis
761 4836 940 4889 morte,
973 4826 1178 4877 hortatu
1208 4825 1545 4890 plurimorum
1578 4842 1750 4895 regum
1794 4834 1841 4877 et
1877 4826 2083 4892 ducum,

493 4919 714 4973 maxime
734 4916 949 4984 Iosephi
978 4918 1120 4970 ducis
1140 4915 1443 4971 Juda'orum
1470 4919 1740 4982 sententia,
1768 4920 1854 4987 qui
1881 4929 2082 4989 captus,

494 5028 608 5066 cum
652 5013 703 5064 in
752 5009 954 5065 vincula
999 5011 1359 5081 conjiceretur,
1403 5009 1810 5065 constantissime
1851 5010 2081 5075 dixerat,

494 5107 621 5163 sicut
653 5105 929 5161 Suetonius
958 5108 1135 5174 refert,
1163 5104 1405 5159 continuo
1440 5122 1494 5158 se
1523 5104 1587 5157 ab
1628 5106 1828 5171 eodem,
1861 5106 1947 5158 sed
1989 5108 2086 5158 im-

497 5208 730 5266 peratore
757 5198 1086 5265 solvendum,
1118 5197 1385 5268 imperium
1428 5198 1638 5267 adeptus
1682 5206 1776 5261 est,
1808 5196 2086 5267 relictoque

495 5293 548 5345 in
574 5291 753 5345 castris
779 5292 847 5344 ad
877 5291 1287 5360 procurationem
1318 5289 1596 5342 obsidionis
1636 5286 2084 5359 Jerosolymorum

499 5385 608 5453 ﬁlio
639 5384 773 5450 Tito,
805 5389 1062 5455 profectus
1091 5393 1164 5437 est
1198 5382 1427 5436 Romam.
1466 5382 1572 5437 Sed
1617 5384 1821 5451 cognita
1870 5382 2081 5450 interfe-

498 5479 663 5532 ctione
721 5477 939 5545 Vitellii,
972 5477 1235 5546 paulisper
1273 5475 1604 5529 Alexandria:
1651 5474 1891 5528 substitit.
1939 5474 2084 5531 Titus

495 5581 613 5621 vero
654 5584 861 5638 ntagna,
890 5584 952 5621 ac
979 5569 1225 5622 diuturna
1264 5567 1525 5620 obsidione
1569 5565 1785 5621 Judteos
1827 5583 2081 5638 premens,

574 5703 601 5733 ⁸
632 5697 687 5753 In
718 5701 780 5752 A.
812 5697 927 5752 haec
952 5713 1121 5769 usque
1156 5697 1222 5753 ad
1253 5695 1472 5769 verbum
1503 5698 1710 5769 obscure
1739 5712 1845 5752 non
1894 5697 2081 5769 legun-

500 5776 609 5835 tur,
637 5784 809 5840 neque
847 5783 1013 5825 novus
1038 5768 1189 5825 liber
1231 5768 1443 5838 incipit,
1487 5768 1580 5823 sed
1630 5779 1749 5839 post
1798 5768 2083 5840 νει-ωειηο

503 5840 664 5897 habet
693 5837 1093 5913 {Vespasianus
1136 5840 1256 5896 huic
1283 5841 1557 5909 successit,
1589 5837 1755 5911 factus
1798 5841 1939 5911 apud
1970 5838 2082 5895 Pa.

2192 4640 2325 4694 bello
2354 4650 2474 4694 tunc
2505 4642 2739 4712 prcefuit,
2767 4652 2815 4695 et
2846 4644 2983 4709 apud
3021 4641 3397 4713 Vespasianum
3420 4646 3593 4712 prapter
3616 4642 3708 4703 ρτιτ·

2192 4732 2387 4786 dictum
2418 4733 2685 4801 imperium
2714 4734 2913 4786 veniam
2957 4740 3280 4805 gratiamque
3313 4740 3564 4792 meruerat,
3588 4721 3708 4778 sui“

2192 4827 2430 4881 undecies
2461 4834 2667 4881 centena
2697 4827 2863 4880 millia
2890 4828 3067 4896 gladio
3122 4838 3169 4883 et
3204 4831 3338 4900 {ante
3378 4814 3706 4896 periisse:rsli-

2189 4920 2337 4988 quias
2386 4935 2502 4974 vero
2554 4919 2892 4986 Judteorum,
2938 4922 3152 4975 diversis
3198 4933 3342 4976 actas
3387 4908 3705 4974 conditionibus.

2190 5020 2291 5064 toto
2341 5012 2459 5066 orbe
2512 5013 2792 5080 dispersas,
2831 5030 3046 5082 quorum
3093 5030 3335 5068 numerus
3382 5011 3447 5065 ad
3493 5000 3706 5074 nouagittl‘

2189 5105 2352 5158 millia
2377 5104 2635 5157 hominum
2668 5106 2827 5175 fuisse
2854 5114 3115 5159 narratur.
3161 5107 3357 5174 Quibus
3405 5113 3512 5156 ante
3535 5098 3707 5152 obsta“

2187 5207 2232 5251 et
2263 5197 2377 5248 dira
2406 5198 2662 5267 prodigia,
2692 5207 2745 5249 ut
2790 5197 2927 5249 idem
2962 5196 3220 5264 Iosephus
3251 5197 3395 5260 dicit,
3425 5194 3492 5247 vel
3516 5190 3627 5248 visa,
3651 5175 3705 5234 εεῙ

2186 5289 2415 5341 nuntiata
2442 5298 2582 5343 sunt.
2612 5286 2813 5342 Etenim
2844 5289 2994 5344 stella
3037 5291 3352 5362 praefulgens
3376 5287 3536 5359 gladio
3570 5274 3706 5335 similis

2187 5396 2277 5449 per
2317 5380 2508 5445 omnia,
2540 5381 2806 5434 imminere
2835 5364 3055 5451 desuper
3082 5383 3296 5449 civitati,
3325 5391 3371 5435 et
3406 5386 3591 5433 cometes
3611 5378 3703 5439 ρτίε·

2185 5481 2318 5525 terea
2348 5472 2639 5525 exitialibus
2678 5473 2905 5541 ﬂammis
2932 5474 3112 5529 ardere
3137 5491 3230 5545 per
3263 5485 3417 5529 totum
3441 5473 3537 5525 visa
3559 5474 3615 5519 est
3638 5474 3705 5553 ait:

2185 5580 2327 5617 num.
2356 5561 2463 5618 Sed
2488 5572 2537 5616 et
2577 5571 2696 5617 ante
2722 5574 2916 5635 tempus
2947 5566 3132 5620 excidii
3181 5582 3245 5620 ac
3274 5566 3408 5633 belli,
3434 5576 3537 5617 cum
3570 5546 3701 5624 ροριιέ

2182 5700 2419 5753 lestinam
2446 5698 2748 5766 imperator,
2773 5699 3005 5768 obscure,
3034 5712 3139 5758 etc.
3528 5764 3537 5768 _
3611 5757 3619 5768 ,
3662 5750 3681 5768 Α,

2253 5768 2282 5808 ιι
2313 5772 2377 5822 Α.
2408 5755 2529 5836 υοεί
2551 5755 2823 5842 adjecerit,
2856 5755 3016 5830 omis'.
3043 5755 3405 5841 inter-mediis,
3433 5764 3586 5826 statim
3608 5755 3702 5824 168⁵⁸

2183 5841 2362 5896 Ranae
2386 5857 2461 5908 se,
2485 5848 2591 5897 etc.
2811 5841 2814 5842 ⁷
2994 5850 2997 5853 ‘

3702 5988 3743 6007 -.λ
