3918 6344
153 401 241 460 873

1208 392 1526 454 HISTORIA
1567 384 1933 446 MISCELLA.
1973 417 2045 435 --
2082 390 2208 449 LIB.
2255 393 2345 451 IX.

3300 392 3408 452 874

151 527 207 581 sd
238 524 359 596 diem
410 523 598 589 festum
648 536 946 593 azymorum
990 518 1347 584 convenirent,
1393 525 1575 570 octavo
1624 508 2057 578 dieAportasse.
2118 511 2284 581 Igitur
2335 514 2674 586 Vespasianus
2723 514 2909 571 Romae
2956 529 3014 573 se
3067 518 3120 572 in
3172 518 3402 588 imperio

154 615 311 668 mensis
337 613 531 681 Aprilis
560 615 723 679 noctis
747 622 971 683 tempore
996 611 1124 665 hora
1152 625 1308 675 nona,
1335 616 1507 661 tantus
1537 602 1716 675 fulgor

153 705 334 758 luminis
378 719 522 756 aram
569 704 913 772 templumque
956 699 1318 766 circumdedit,
1371 708 1427 751 ut
1476 702 1714 763 putarent

153 812 298 852 omnes
341 795 474 848 diem
521 794 864 849 clarissimum
902 792 1119 863 factum,
1146 800 1194 846 et
1235 787 1513 861 permansit
1542 786 1713 857 spatio

153 896 271 943 liora:
296 888 540 942 dimidiae.
591 887 743 952 Quod
789 886 1036 953 imperitis
1062 884 1271 955 quidem
1295 891 1344 937 et
1373 880 1568 951 ignaris
1596 894 1716 948 pro-

150 998 325 1049 sperum
365 979 647 1045 videbatur,
701 978 790 1033 sed
834 976 1149 1048 legisperitos
1175 983 1224 1029 et
1254 973 1437 1045 probos
1481 984 1708 1040 quosque

151 1076 350 1127 doctores
380 1087 482 1125 non
524 1071 675 1126 latuit
704 1069 913 1125 exitiale
940 1077 1249 1138 portentum.
1277 1064 1347 1120 In
1377 1065 1554 1120 eadem
1584 1077 1713 1133 quo-

146 1182 224 1232 qttc
267 1163 528 1233 festivitate
570 1164 771 1216 victima
797 1162 1065 1231 sacriﬁciis
1093 1161 1323 1227 admota,
1352 1169 1399 1214 et
1427 1157 1532 1213 aris
1577 1155 1714 1211 assi-

146 1267 263 1309 stens
290 1257 417 1307 inter
444 1256 581 1325 ipsas
609 1254 955 1308 ministrorum
984 1267 1166 1307 manus
1192 1252 1348 1307 enixa
1374 1259 1448 1306 est
1490 1263 1706 1320 agnum.

143 1348 234 1406 Sed
258 1360 300 1402 et
321 1349 485 1418 janua
513 1347 770 1401 interioris
790 1346 934 1413 tedis,
959 1360 1076 1416 quae
1096 1345 1394 1413 respiciebat
1425 1340 1709 1407 Orientem,

140 1453 240 1491 cum
266 1446 387 1491 esset
414 1452 517 1493 tere
542 1438 710 1491 solido
738 1437 940 1503 induta,
974 1451 1034 1489 ac
1063 1435 1273 1505 perinde
1314 1434 1548 1488 immensi
1576 1448 1709 1503 pon-

139 1529 276 1593 deris,
301 1543 414 1596 qute
450 1530 535 1583 vix
560 1544 593 1582 a
621 1528 801 1599 viginti
830 1528 953 1581 viris
986 1541 1185 1581 summo
1222 1533 1410 1579 conatu
1439 1522 1709 1594 impellen-

138 1620 251 1673 tibus
278 1620 621 1686 clauderetur,
650 1621 826 1690 ferreis
854 1634 1052 1689 quoque
1091 1617 1337 1683 vectibus,
1364 1625 1412 1672 et
1440 1617 1565 1671 seris
1593 1632 1708 1667 mu-

136 1713 249 1778 nita,
274 1728 329 1764 ac
356 1713 569 1781 pessulis
596 1713 651 1766 in
676 1714 841 1766 altum
881 1712 1108 1765 dimissis
1139 1719 1393 1766 teneretur
1436 1708 1705 1773 obstricta,

138 1803 249 1858 liora
288 1806 445 1857 noctis
491 1815 636 1859 sexta
679 1804 923 1873 apparuit
972 1812 1174 1874 repente
1206 1804 1487 1873 patefacta.
1520 1801 1629 1857 Sed
1661 1811 1707 1854 et

1818 601 2241 660 moderatissime
2281 607 2467 674 gessit,
2497 608 2735 682 pecunia:
2780 617 2980 663 tantum
3022 608 3227 663 avidior
3271 608 3402 674 fuit,

1816 692 1889 749 ita
1934 705 1989 749 ut
2038 710 2154 752 eam
2201 698 2473 753 nonnullis
2520 700 2718 768 injuste
2763 702 3018 756 auferret.
3064 702 3234 769 Quam
3277 718 3401 758 cum

1813 785 1960 840 omni
1991 785 2278 858 diligentiae
2311 790 2619 858 provisione
2648 790 2948 861 colligeret,
2983 801 3159 847 tamen
3193 793 3403 848 studio-

1814 877 2026 935 sissime
2070 879 2414 949 largiebatur,
2444 890 2472 919 ⁸
2498 884 2722 937 ntaxime
2766 884 3148 955 indigentibus.
3184 885 3291 940 Nec
3323 888 3403 940 la-

1814 966 1917 1023 cile
1947 978 2071 1024 aote
2111 983 2234 1026 eum
2264 970 2576 1041 cujusquam
2610 974 2864 1043 principis
2903 975 2984 1029 vel
3016 973 3190 1043 major
3216 985 3295 1030 est
3337 974 3404 1028 li-

1814 1058 2067 1117 beralitas
2104 1072 2401 1132 comperta,
2448 1064 2531 1118 vel
2574 1063 2790 1134 justior.
2833 1065 3219 1122 Placidissimm
3270 1067 3403 1124 leni-

1817 1152 1961 1218 tatis,
1990 1155 2155 1223 utqui
2177 1158 2205 1200 b
2230 1154 2523 1225 majestatis
2547 1169 2733 1211 contra
2762 1171 2822 1212 se
2846 1159 3123 1214 atrociores
3154 1173 3274 1213 reos
3295 1174 3399 1214 non

1812 1245 1967 1303 facile
1999 1248 2231 1317 punierit
2257 1250 2394 1305 ultra
2432 1249 2574 1304 exilii
2608 1259 2631 1288 ε
2660 1264 2895 1320 poenam.
2926 1250 3101 1323 Hujus
3132 1253 3262 1306 inter
3299 1268 3403 1308 cte-

1814 1325 1923 1394 εει-ἆ
1974 1339 2104 1395 bona
2149 1339 2281 1394 illud
2331 1342 2596 1411 singulare
2641 1344 2760 1411 fuit,
2802 1341 3033 1396 oblivisci
3082 1343 3400 1411 inimicitias,

1814 1430 1943 1485 adeo
1981 1440 2037 1485 ut
2076 1430 2272 1486 Vitellii
2316 1430 2477 1486 hostis
2527 1431 2689 1500 ﬁliam
2737 1433 3132 1498 locupletissime
3173 1436 3403 1489 dotatam

1812 1523 2225 1593 splendidissimo
2254 1527 2581 1596 conjungeret
2608 1527 2735 1580 viro.
2761 1523 2977 1581 Ferebat
3001 1526 3250 1594 patienter
3274 1530 3403 1582 ami-

1813 1629 1990 1670 corum
2018 1628 2205 1681 motus,
2232 1618 2551 1672 contumeliis
2582 1635 2773 1683 eorum,
2806 1628 2862 1672 ut
2899 1630 3011 1674 erat
3040 1621 3401 1689 facetissimus,

1803 1708 2128 1774 jocularibus
2156 1709 2315 1763 verbis
2346 1715 2674 1780 respondens.
2711 1711 2947 1782 Namque
2976 1712 3231 1768 Licinium
3274 1714 3404 1769 Alu-

1817 1797 2033 1865 tianum,
2060 1814 2162 1869 quo
2186 1800 2428 1869 adjutore
2454 1800 2520 1854 ad
2549 1803 2815 1872 imperium
2858 1815 3171 1871 pervenerat,
3211 1805 3407 1875 ﬁducia

137 1906 371 1949 transacto
403 1895 485 1950 die
512 1898 662 1966 festo,
697 1865 806 1964 post
839 1865 1039 1965 aliquot
1064 1893 1172 1949 dies
1195 1865 1361 1965 prima
1386 1904 1432 1947 et
1462 1891 1719 1947 vicesimd
1737 1865 1788 1928 Β
1817 1865 2116 1945 meritorum
2146 1865 2465 1961 insolentem,
2496 1865 2664 1962 lepide
2689 1865 2944 1965 ﬂectebat,
2967 1865 3406 1968 adhibito'aliquo

136 1989 206 2042 die
243 1988 424 2043 mensis
473 1986 606 2042 Maii
646 1988 972 2060 prodigiosus
1001 1988 1243 2059 apparuit
1286 1987 1442 2054 visus,
1470 1999 1517 2042 et
1548 1986 1707 2055 ﬁdem

132 2098 245 2153 pene
271 2084 534 2147 excedens,
559 2085 695 2152 quod
735 2099 846 2138 vere
876 2083 1066 2152 falsum
1113 2093 1401 2152 putaretur,
1433 2082 1533 2135 nisi
1576 2096 1704 2135 ocu-

131 2173 281 2228 lorum
305 2174 433 2244 ﬁdes
458 2175 825 2243 conﬁrmasset.
857 2173 1066 2229 Etenim
1106 2190 1266 2246 prope
1304 2176 1428 2229 solis
1459 2190 1699 2229 occasum

133 2266 213 2319 visi
237 2274 351 2320 sunt
380 2281 585 2334 currus,
613 2275 660 2319 et
687 2264 956 2337 quadriga:
982 2268 1035 2319 in
1061 2281 1261 2319 omnem
1308 2265 1569 2336 regionem
1614 2280 1705 2333 per

130 2372 306 2424 aerem,
331 2367 377 2412 et
407 2365 726 2413 armatorum
753 2357 983 2413 cohortes
1010 2357 1210 2412 misceri
1240 2356 1484 2425 nubibus,
1516 2366 1565 2411 et
1608 2371 1701 2409 ur-

131 2449 230 2529 bem
254 2450 571 2504 circumdare
616 2450 907 2521 agminibus
935 2450 1242 2520 improvisis.
1275 2449 1343 2504 In
1372 2450 1477 2505 alio
1526 2450 1704 2505 itidem

131 2544 204 2598 die
244 2544 391 2614 festo,
420 2543 511 2614 qui
548 2541 847 2599 Pentecoste
876 2545 1192 2613 appellatur,
1222 2554 1369 2600 nocte
1412 2544 1701 2599 sacerdotes

127 2633 328 2705 ingressi
372 2638 619 2705 templum
660 2636 727 2689 ad
773 2636 1056 2691 ministeria
1082 2652 1145 2692 ex
1191 2653 1332 2692 more
1371 2636 1701 2705 complenda,

125 2732 279 2795 primo
303 2730 509 2800 quidem
547 2739 717 2785 motus
752 2729 1021 2797 quosdam,
1046 2732 1385 2803 strepitusque
1413 2739 1697 2794 senserunt,

123 2831 219 2874 tum
254 2824 437 2876 deinde
466 2838 609 2877 voces
655 2824 852 2877 subitas
891 2824 1110 2877 audiunt
1148 2824 1391 2891 dicentes,
1421 2822 1702 2892 Migremus

122 2915 247 2971 hinc.
276 2915 498 2970 Additur
524 2917 681 2971 etiam
711 2917 789 2970 his
832 2917 975 2970 aliud
1012 2915 1310 2970 terribilius.
1345 2915 1552 2969 Etenim
1580 2913 1700 2984 qui-

121 3012 231 3064 dam
271 3012 490 3066 Ananiw
515 3012 655 3077 ﬁlias
697 3009 848 3065 Jesus
879 3012 1102 3078 nomine,
1131 3011 1208 3065 vir
1236 3009 1486 3080 plebeius,
1515 3017 1562 3061 et
1604 3023 1697 3060 ru-

120 3106 290 3171 sticus,
316 3115 432 3159 ante
460 3106 729 3175 septimum
758 3102 874 3157 belli
907 3118 1119 3167 annum,
1156 3101 1277 3154 dum
1318 3100 1487 3154 adhuc
1525 3099 1699 3152 civitas

118 3198 169 3253 in
191 3198 498 3251 abundantia
525 3197 758 3262 duraret,
790 3196 840 3249 in
863 3196 943 3248 die
975 3196 1103 3263 festo
1128 3193 1594 3247 Tabernaculorum
1613 3207 1695 3246 re-

118 3302 260 3362 pente
300 3294 525 3345 clamare
561 3291 709 3360 carpit
734 3306 752 3342 :
788 3287 903 3342 Vox
934 3287 1000 3340 ab
1049 3276 1277 3353 Oriente,
1306 3301 1403 3340 vox
1443 3287 1507 3340 ab
1538 3284 1695 3340 Occi-

118 3388 277 3453 dente,
300 3402 401 3441 vox
427 3402 460 3439 a
486 3394 706 3456 quatuor
734 3384 911 3448 ventis,
954 3398 1051 3436 vox
1079 3398 1235 3454 super
1272 3380 1697 3452 Hierosolymam

116 3488 156 3530 et
183 3480 454 3550 templum,
483 3493 581 3532 vox
608 3493 759 3547 super
787 3492 999 3547 sponsos
1052 3485 1100 3529 et
1139 3490 1381 3543 sponsas,
1414 3491 1509 3528 vox
1547 3491 1698 3544 super

113 3573 375 3640 papillam.
391 3569 461 3624 Et
484 3571 822 3625 indesinenter
836 3568 939 3635 die,
954 3580 1202 3638 noctuque
1218 3584 1307 3638 per
1318 3583 1485 3621 omnes
1498 3569 1696 3638 plateas

113 3663 355 3720 circuiens
384 3663 497 3718 hcec
519 3661 861 3727 declamabat,
890 3672 1147 3730 usquequo
1174 3660 1388 3729 quidam
1409 3676 1474 3713 ex
1502 3660 1696 3730 populo

110 3756 348 3825 primores
378 3757 497 3822 viri,
528 3755 661 3809 velut
690 3754 902 3823 infausti
933 3754 1155 3824 prodigii
1184 3754 1534 3825 indignatione
1558 3768 1698 3807 com-

110 3851 241 3912 moti,
272 3856 573 3913 correptum
599 3846 856 3901 hominem
899 3844 1072 3899 multis
1117 3844 1401 3899 verberibus
1446 3844 1692 3913 afﬁciunt.

109 3938 282 3993 Atille
329 3954 661 4008 nequaquam
704 3951 799 4009 pro
842 3951 895 3991 se
936 3935 1132 4006 aliquid
1162 3936 1391 4006 loquens,
1420 3935 1507 3988 sed
1538 3950 1700 4002 neque

105 4048 179 4084 eos
208 4032 446 4101 quidem,
476 4031 562 4097 qui
589 4044 642 4084 se
684 4030 1140 4094 circumsteterant,
1168 4028 1463 4097 deprecans,
1497 4026 1699 4080 easdem

106 4138 235 4177 voces
284 4123 413 4193 pari
469 4121 804 4177 obstinatione
842 4131 889 4176 et
934 4121 1157 4175 clamore
1208 4117 1484 4189 repetebat.
1551 4116 1699 4171 Tunc

102 4218 351 4291 principes
401 4217 628 4271 numinis
674 4216 871 4286 aliquid
916 4214 1255 4284 intelligentes
1294 4215 1390 4283 (ut
1438 4228 1520 4268 res
1563 4214 1697 4283 erat)

102 4324 195 4362 esse
236 4312 295 4364 in
341 4311 480 4376 viro,
512 4308 799 4377 producunt
841 4323 959 4362 eum
996 4306 1064 4361 ad
1098 4307 1332 4379 judicent
1382 4305 1695 4362 Romanum.

99 4400 242 4467 Apud
270 4417 438 4471 quem
467 4401 646 4472 ﬂagris
673 4400 741 4452 ad
769 4407 899 4454 ossa‘
914 4414 1073 4469 usque
1114 4398 1355 4462 laniatus,
1389 4414 1550 4470 neque
1576 4417 1700 4470 pre-

98 4507 190 4559 ces,
222 4511 402 4565 neque
430 4493 684 4562 lacrgmas
714 4492 867 4563 fudit,
900 4492 988 4546 sed
1013 4492 1242 4546 eamdem
1270 4507 1439 4546 vocem
1481 4493 1698 4546 misera-

96 4587 277 4652 biliter,
310 4602 364 4643 et
420 4603 536 4641 cum
576 4587 800 4656 quodam
848 4586 1054 4640 ululatu
1094 4586 1345 4652 emittens,
1373 4602 1464 4656 per
1492 4587 1700 4656 singula

96 4697 214 4747 pene
239 4684 465 4737 verbera
493 4678 784 4752 proferebat
813 4680 1009 4733 addens
1033 4680 1187 4733 etiam
1210 4678 1440 4734 hoc:Va:
1465 4695 1539 4734 va:
1572 4678 1698 4734 IIt'e-

92 4779 391 4848 rosolgmis-
439 4773 615 4848 Igitur
662 4773 1043 4844 Vespasianus,
1088 4785 1134 4828 et
1176 4773 1325 4828 Titus
1368 4774 1701 4844 imperatores

94 4872 444 4940 magniﬁcum
469 4868 536 4923 de
558 4866 756 4922 Judwis
785 4867 1101 4938 triumphum
1144 4875 1369 4938 agentes,
1402 4866 1575 4920 urbem
1614 4868 1700 4921 in-

90 4964 242 5027 gressi
270 4972 427 5016 sunt.
457 4958 751 5014 Pulchrum
797 4967 843 5013 et
878 4960 1112 5030 ignotum
1150 4966 1300 5012 antea
1326 4958 1524 5013 cunctis
1556 4974 1700 5012 mor-

92 5052 297 5119 talibus,
350 5055 498 5108 inter
540 5060 788 5105 trecentos
832 5050 1012 5122 viginti
1058 5049 1377 5120 triumphos,
1421 5052 1509 5119 qui
1550 5052 1601 5105 in
1650 5052 1701 5105 id

91 5154 283 5216 tempus
331 5148 450 5200 acti
480 5154 655 5211 erant,
694 5146 790 5199 hoc
835 5144 1185 5213 spectaculum
1227 5146 1326 5215 fuit
1352 5161 1370 5199 .'
1400 5155 1617 5216 patrem,
1650 5158 1701 5202 et

89 5240 252 5307 ﬁlium
284 5258 400 5296 uno
435 5239 742 5311 triumphali
770 5255 926 5293 curru
953 5249 1139 5303 vectos,
1169 5240 1593 5310 gloriosissimam
1636 5241 1700 5295 ab

82 5331 181 5400 his,
224 5337 319 5405 qui
364 5343 575 5404 patrem
626 5343 671 5387 et
716 5330 885 5402 ﬁlium
929 5330 1271 5403 oﬂ'enderant,
1312 5335 1575 5390 victoriam
1616 5352 1700 5391 re-

153 5474 183 5505 ⁸
208 5474 306 5541 Δ.,
339 5472 628 5543 ρνιειίριιε.

154 5550 185 5590 lt
212 5547 311 5612 A.,
347 5554 485 5614 post
512 5544 814 5611 majestatis,
841 5559 1044 5613 quoque
1062 5552 1265 5614 contra,
1291 5555 1392 5601 etc.

156 5617 181 5645 °
215 5619 286 5671 Α.
323 5613 466 5685 post
504 5630 701 5685 plenam
739 5615 901 5683 legit:
934 5616 1026 5669 sub
1056 5614 1147 5668 Itoc
1182 5613 1393 5682 Judwa,
1430 5616 1580 5671 Rom.
1615 5634 1701 5673 ac-

90 5689 234 5757 cessit
282 5683 403 5756 imp
439 5728 457 5751 ,
490 5695 537 5737 et
571 5683 1085 5757 Hierosolyma,qute
1113 5688 1208 5755 fuit
1240 5688 1358 5742 urbs
1385 5689 1703 5745 nobilissima

92 5755 401 5823 Palestintz,
440 5756 715 5821 Achaiam,
748 5755 990 5823 Lyciam,
1045 5756 1310 5823 Rhodum,
1362 5758 1700 5828 Byzantium,

94 5829 333 5894 Samum,
360 5844 491 5897 qua:
512 5828 681 5900 liberat
700 5837 817 5880 ante
841 5828 896 5880 id
918 5839 1115 5896 tempus
1136 5830 1358 5900 fuerant.
1384 5829 1515 5884 Item
1536 5831 1703 5886 Thra-

94 5904 220 5957 ciam
238 5945 255 5973 ,
287 5896 568 5967 Ciliciam,
601 5896 963 5970 Comagenem,
995 5915 1109 5969 qua
1136 5896 1238 5956 'sub
1264 5902 1470 5975 regibus
1499 5905 1700 5961 amicis.

520 6018 795 6085 Puncta
837 6015 1031 6084 XCV.

1722 3237 1772 3305 G

1815 1985 2016 2053 utrique
2059 1984 2331 2053 familiari,
2380 1987 2434 2039 id
2480 2003 2639 2040 unum
2682 1988 2898 2044 dicens:
2927 1988 3079 2045 Nosti
3119 2006 3201 2045 me
3240 1991 3404 2047 virum

1813 2077 1959 2131 esse?
1986 2074 2093 2132 Sed
2121 2078 2245 2147 quid
2273 2079 2459 2131 ntirum
2488 2083 2539 2132 in
2586 2081 2784 2147 amicis,
2815 2097 2932 2135 cum
2970 2084 3125 2137 etiam
3169 2083 3404 2140 oﬂensa-

1813 2184 1933 2225 rum
1997 2180 2053 2226 et
2102 2170 2496 2227 inimicitiarum
2554 2174 2581 2210 α
2612 2174 2893 2231 immemor
2938 2176 3133 2244 fuerit?
3178 2177 3404 2249 Obliqua

1812 2264 2191 2319 causidicorum
2216 2266 2269 2320 in
2310 2280 2372 2321 se
2401 2265 2563 2343 dicta,
2595 2279 2639 2321 et
2674 2269 3097 2338 philosophorum
3136 2282 3405 2327 contuma-

1811 2358 1945 2411 ciam
1971 2356 2161 2412 leniter
2192 2356 2332 2427 tulit,
2357 2358 2581 2427 diligens
2612 2370 2789 2416 tamen
2818 2361 3082 2418 coercitor
3104 2363 3407 2432 disciplina

1818 2460 1841 2487 θ
1871 2451 2138 2507 militaris.
2169 2448 2277 2505 Iste
2318 2466 2623 2524 exsanguem
2668 2453 2777 2519 diu,
2818 2458 3109 2524 fessamque
3154 2466 3407 2512 terrarum

1810 2545 1984 2599 orbem
2015 2544 2149 2598 brevi
2178 2546 2375 2615 refecit,
2409 2547 2804 2614 prudentissime
2839 2560 2981 2602 ratus
3023 2550 3223 2619 nefaria
3250 2551 3407 2605 mini-

1807 2640 1963 2695 steria
1987 2658 2017 2693 a
2044 2639 2275 2711 pluribus
2298 2651 2434 2695 metu
2467 2642 2661 2695 curari.
2696 2640 2957 2697 Prteterea
2986 2643 3179 2714 legibus
3207 2645 3406 2714 aequis-

1807 2734 1949 2786 simis
1990 2733 2264 2798 monendo,
2290 2735 2526 2803 quodque
2572 2736 2914 2788 vehementius
2959 2745 3053 2801 est,
3083 2738 3199 2791 vita:
3239 2738 3408 2806 specie

1807 2826 2047 2880 vitiorum
2075 2825 2226 2895 plura
2251 2825 2539 2880 aboleverat
2566 2843 2583 2880 :
2608 2827 2847 2896 inﬁrmus
2873 2837 3065 2891 (auten,
3090 2830 3163 2881 uti
3195 2830 3401 2897 quidam

1807 2934 1962 2988 prave
1994 2930 2198 2988 putant,
2230 2918 2497 2970 adversum
2541 2919 2831 2985 pecuniam,
2865 2935 2982 2972 cum
3009 2921 3134 2973 satis
3181 2929 3403 2985 constet,

1804 3012 1979 3066 terarii
2010 3011 2208 3081 inopia,
2236 3021 2281 3065 et
2312 3009 2457 3067 clade
2485 3010 2877 3067 urbium'novas
2899 3029 3013 3068 eum
3042 3029 3201 3083 neque
3232 3024 3405 3082 postea

1805 3107 2009 3162 habitas
2039 3106 2366 3177 vectigalium
2395 3105 2660 3174 pensiones
2704 3108 3001 3177 exquisisse.
3034 3106 3137 3161 llic
3176 3106 3397 3162 Romam

1804 3198 2089 3268 deformem
2135 3198 2383 3252 incendiis
2426 3198 2693 3265 veteribus,
2726 3214 2786 3251 ac
2832 3199 3018 3264 ruinis,
3058 3200 3325 3267 permissa,
3358 3200 3403 3254 si

1803 3290 1999 3344 domini
2038 3290 2292 3358 deessent,
2333 3290 2617 3344 volentibus
2647 3290 2941 3356 aediﬁcandi
2984 3290 3154 3358 copia,
3187 3290 3399 3360 Capito-

1803 3382 1952 3447 lium,
1985 3382 2144 3436 wdcm
2175 3379 2351 3450 Pacis,
2377 3379 2584 3436 Claudii
2614 3391 2939 3435 monumenta
2967 3384 3241 3452 reparavit,
3269 3384 3403 3437 muls

1803 3482 1954 3543 taque
1983 3489 2112 3528 nova
2143 3474 2401 3529 instituit:
2428 3490 2517 3544 per
2544 3490 2714 3528 ontnes
2745 3485 2924 3540 terras,
2953 3491 3054 3544 qua
3076 3478 3167 3545 jus
3210 3474 3403 3531 Roma-

1805 3583 1929 3621 num
1969 3575 2064 3634 est,
2096 3576 2351 3621 renovatio
2396 3568 2544 3621 urbes
2589 3566 2732 3621 cultu
2771 3570 2995 3640 egregio,
3027 3570 3122 3625 vite
3164 3571 3399 3638 aperibus

1803 3660 2044 3713 maximis
2072 3659 2282 3713 munita:
2308 3668 2445 3714 sunt.
2472 3657 2618 3713 Tunc
2646 3661 2810 3713 cavati
2842 3671 3036 3715 montes
3066 3678 3157 3729 per
3194 3661 3401 3717 Flami-

1803 3754 1944 3807 niam
1984 3761 2100 3806 sunt
2143 3768 2306 3823 prono
2334 3752 2693 3823 transgressui,
2720 3768 2836 3823 quae
2874 3755 3150 3826 rulgariter
3181 3754 3403 3811 Pertusa

1803 3856 1947 3916 petra
1977 3847 2251 3900 vocitatur.
2283 3846 2429 3902 Mille
2456 3856 2631 3918 gentes
2669 3849 2982 3919 compositae,
3010 3865 3127 3903 cum
3157 3850 3403 3904 ducentas

1802 3940 2068 4013 wgerrime
2097 3942 2384 4010 reperisset,
2410 3941 2669 3996 exstinctis
2699 3944 2895 3997 swvitia
2921 3953 3256 4013 tyrannorum
3286 3945 3403 4014 ple-

1801 4036 1994 4105 risque.
2025 4032 2137 4087 Rex
2166 4031 2488 4088 Parthorum
2522 4033 2799 4105 Vologeses
2829 4043 2966 4089 metu
3001 4034 3112 4089 solo
3139 4035 3193 4089 in
3225 4052 3403 4105 pacem

1803 4138 2013 4184 coactus
2040 4136 2130 4180 est.
2157 4125 2302 4182 Tunc
2328 4126 2514 4181 deinde
2535 4127 2646 4182 sine
2671 4127 2793 4181 ullis
2822 4127 3071 4182 bellorum
3099 4128 3400 4184 tumultibus

1801 4222 1858 4276 in
1906 4223 2207 4275 immensum
2250 4220 2457 4288 respub.
2494 4210 2734 4274 Romana
2780 4220 3099 4289 provehitur.
3128 4220 3400 4292 Siquidem

1801 4314 2026 4381 Achaia,
2064 4311 2246 4383 Lycia,
2291 4310 2527 4378 Rhodus,
2571 4311 2910 4384 Byzantium,
2941 4312 3152 4380 Samus,
3184 4330 3297 4384 qua:
3339 4314 3405 4369 li-

1803 4406 1935 4462 bera:
1975 4419 2090 4460 ante
2128 4405 2185 4459 id
2216 4414 2413 4474 tempus
2452 4406 2698 4474 fuerant:
2728 4407 2849 4462 item
2903 4405 3137 4464 Trachea
3184 4406 3400 4476 Cilicia,

1805 4498 2111 4570 Comagene,
2137 4515 2293 4570 quam
2321 4498 2475 4554 hodie
2505 4500 3010 4572 Augustofratensem
3050 4504 3397 4572 nominamus,

1727 4627 1781 4690 υ
1805 4605 1921 4665 qua:
1949 4592 2041 4646 sub
2070 4592 2268 4663 regibus
2295 4591 2471 4645 amicis
2497 4603 2661 4658 erant,
2691 4600 2814 4648 tunc
2840 4595 3064 4664 printum
3098 4594 3319 4652 redacta:
3346 4597 3405 4651 in

1807 4683 2185 4754 provinciarum
2234 4686 2475 4751 formam,
2498 4682 2762 4752 judicibus
2801 4682 3073 4752 Romanis,
3103 4686 3401 4757 legibusque

1805 4781 2107 4843 paruerunt.
2146 4771 2305 4827 Nono
2333 4782 2506 4828 autem
2534 4790 2670 4829 anno
2710 4772 2928 4846 Imperii
2968 4778 3103 4845 eius,
3135 4787 3234 4833 tres
3271 4778 3399 4832 civi-

1806 4874 1935 4920 tates
1961 4862 2117 4935 Cypri
2145 4873 2433 4921 terrxmota
2458 4874 2785 4935 corruerunt,
2812 4876 2857 4921 et
2885 4866 3065 4923 Romae
3091 4884 3281 4940 magna
3309 4883 3403 4939 pe-

1806 4957 2032 5010 stilentia
2063 4957 2182 5029 fuit.
2208 4957 2312 5012 IIic
2354 4960 2674 5013 monentibus
2713 4960 2911 5025 amicis,
2939 4968 3134 5016 caveret
3174 4975 3210 5015 a
3235 4957 3400 5017 Helio

1808 5050 2179 5119 Pomposiano,
2213 5049 2277 5123 de
2315 5066 2415 5119 quo
2452 5065 2616 5105 sermo
2661 5050 3038 5121 percrebruerat
3067 5058 3399 5121 regnaturum

1807 5145 1935 5214 fore,
1969 5158 2073 5196 cos.
2103 5142 2242 5212 fecit,
2273 5142 2508 5197 atludens
2534 5143 2628 5198 tali
2668 5140 2851 5197 cavillo
2872 5157 2892 5197 :
2925 5142 3243 5212 Quandoque
3281 5156 3401 5197 me-

1807 5251 1920 5290 mor
1940 5236 2034 5289 erit
2064 5235 2192 5290 tanti
2219 5234 2469 5303 beneﬁcii.
2493 5231 2795 5289 Institutum
2822 5249 2939 5290 vero
2969 5233 3228 5304 uniforme
3254 5234 3400 5290 omni

1807 5327 2034 5401 Imperio
2074 5333 2254 5397 tenuit,
2286 5328 2497 5398 vigilare
2540 5329 2603 5382 de
2644 5337 2810 5395 nocte,
2848 5326 3161 5398 publicisque
3203 5326 3400 5383 actibus

1816 5467 1995 5527 Orant,
2035 5465 2087 5520 in
2120 5461 2496 5533 provinciarum
2522 5462 2746 5534 formam
2773 5463 2964 5533 redegit
2991 5470 3200 5535 egerant
3229 5462 3367 5533 oﬁ'en
3393 5494 3400 5506 -

1811 5548 2326 5681 “auﬁfiliftmemor
2374 5605 2493 5677 fuit.
2525 5606 2763 5662 Convicia
2790 5624 2823 5663 a
2849 5605 3121 5662 causidicis
3146 5616 3193 5662 et
3220 5606 3398 5680 philo-

1812 5683 1986 5754 sophis
2015 5684 2068 5735 in
2096 5696 2167 5747 se,
2193 5688 2296 5754 etc.

1888 5758 1913 5787 °
1939 5757 2002 5811 A.
2038 5764 2154 5825 post
2184 5752 2420 5807 militaris
2443 5752 2577 5825 :rﬂic
2603 5767 2717 5805 cum
2746 5752 2856 5820 ﬁlio
2885 5750 3002 5825 Tito
3016 5753 3078 5805 de
3094 5749 3398 5824 Hierosbly-

1811 5831 1907 5887 mis
1935 5823 2288 5898 triumphavit.
2314 5825 2421 5880 Per
2446 5824 2555 5879 haec
2584 5840 2697 5879 cum
2722 5823 2942 5889 senatui,
2971 5833 3075 5880 etc.

2915 6005 2998 6069 28
