3918 6344
531 253 636 309 875

1359 243 1563 303 PAULI
1600 241 1870 301 DIACONI
1911 241 2062 300 OPP.
2103 241 2281 300 psus
2318 227 2372 298 ι.’
2508 226 2906 300 utsrontcs.‘
3605 251 3680 324 8η

529 366 792 438 abselutis,
821 367 1001 424 charos
1027 363 1310 430 admittere,
1333 362 1458 417 dum
1482 361 1738 422 salutatur
1763 359 2110 418 caleeamenta
2141 361 2192 424 Α
2215 357 2344 429 egit,
2375 367 2639 450 poemata,
2666 365 2722 415 et
2747 357 3034 430 tragmdias
3059 357 3238 416 Graece
3261 370 3529 436 composuit.
3550 372 3594 430 In
3616 395 3684 450 op.

527 476 746 532 sumens,
773 468 820 514 et
845 460 1038 530 regium
1066 457 1317 514 vestitum.
1350 453 1477 508 Post
1505 462 1675 512 autem
1703 452 1942 523 negotiis,
1964 465 2108 521 quoe-

527 566 722 622 cunque
752 549 1090 615 advenissent,
1115 548 1330 613 auditis,
1353 547 1574 602 exerceri
1596 545 1904 602 uectatione:
1925 543 2109 600 deinde

527 643 856 714 requiescere.
900 640 1164 698 Postremo
1210 639 1294 693 ubi
1338 639 1562 704 lavisset,
1590 636 1890 692 'remissiore
1937 636 2108 691 animo

525 737 803 791 convivium
826 735 1058 798 curabat.
1084 733 1249 788 Plura
1278 733 1444 790 dicere
1479 731 1705 790 studium
1744 729 1906 799 coegit
1937 727 2109 798 Impe-

524 831 711 894 ratoris
740 829 877 899 boni,
907 844 1054 900 quem
1086 829 1149 884 ab
1178 827 1393 900 Augusti
1435 836 1594 892 morte
1623 835 1734 896 post
1767 825 2106 895 annos'quin-

523 924 774 994 quaginta.
795 931 842 977 et
873 939 984 992 sex,
1019 922 1248 978 Romana
1294 937 1428 990 resp.
1459 920 1734 991 exsanguis
1765 926 2112 989 tyrannorum

523 1018 730 1082 sterilia,
763 1017 912 1088 quasi
939 1016 1047 1085 fato
1069 1015 1285 1086 quodam
1315 1029 1379 1070 ne
1408 1023 1573 1074 rueret
1613 1013 1838 1084 penitus,
1865 1019 2124 1072 assecuta.

523 1119 616 1166 est.
649 1110 918 1178 Postlth
938 1122 1058 1172 cum
1087 1107 1328 1173 Senatui,
1358 1106 1576 1176 populo,
1606 1113 1878 1174 postremo,
1900 1104 2110 1160 cunctis

524 1203 792 1271 amabilis,
821 1217 883 1264 ac
906 1202 1176 1272 iucundus
1201 1209 1365 1266 esset,
1397 1200 1543 1254 seriis
1580 1201 1723 1271 joca,
1754 1197 1934 1267 quibus
1973 1197 2112 1250 dele-

523 1302 776 1364 ctabatur,
807 1295 1095 1354 admiscens
1132 1294 1342 1354 interiit.
1377 1292 1584 1366 Quippe,
1607 1291 1774 1362 primo
1796 1305 1910 1350 ams
1955 1289 2112 1348 crini-

521 1400 629 1454 tum
673 1389 1004 1460 sidus,,quod,
1048 1386 1208 1442 Greci.
1239 1392 1457 1458 κομήτην
1504 1393 1712 1452 vocant,
1753 1383 2108 1454 apparuisset,

521 1481 696 1550 Istud,
728 1481 911 1552 inquit,
935 1480 1199 1550 adregem
1235 1480 1509 1538 Persarum
1539 1477 1776 1547 pertinet,
1807 1477 1892 1536 cui
1912 1483 1986 1530 est
2020 1491 2109 1536 ca—

521 1573 677 1647 pillus
725 1573 976 1642 eﬂ'usiar:
1005 1573 1185 1632 deinde
1236 1573 1499 1644 proﬂuvio
1549 1571 1747 1638 ventris
1779 1576 1803 1604 ⁸
1831 1572 2016 1640 fessus,
2059 1569 2116 1634 in

520 1667 646 1734 villa
677 1665 892 1736 propria
919 1665 1062 1728 circa
1091 1664 1118 1704 ιι
1148 1665 1397 1728 Sabinos,
1423 1679 1718 1733 assurgens,
1752 1660 2011 1730 Stantem,
2038 1663 2112 1714 ait

2217 450 2536 520 pugnatione
2567 449 3054 521 Hierosolymorum
3086 453 3183 512 sub
3209 465 3343 526 patre
3362 460 3568 530 militans,
3589 449 3685 527 duo.

2215 544 2388 602 decim
2437 551 2861 614 propugnatores
2910 543 3192 606 duodecim
3238 550 3506 620 sagittarum
3545 558 3687 620 ictibus

2211 635 2446 692 conlisit.
2479 636 2702 692 Tantam
2734 645 2904 694 autem
2934 639 3172 706 pietatem
3193 657 3310 713 ergo.
3331 642 3508 704 Judaos
3539 651 3688 724 habuit,

2211 738 2268 788 ut
2293 728 2542 788 circuiens
2567 727 2914 798 Hierusalem,
2940 739 2987 786 et
3012 730 3228 801 repletos
3253 733 3540 792 cadaveribus
3560 743 3691 809 rallos,

2212 830 2260 877 et
2285 823 2500 881 humani
2545 822 2773 896 corporis
2814 825 2927 882 tabe
2955 823 3174 889 patriam
3202 840 3363 882 eorum
3399 837 3555 886 terram
3577 835 3691 904 rigari

2211 914 2408 980 videns,
2432 929 2548 974 cum
2572 913 2767 984 ingenti
2794 912 3213 986 gemituelevatis
3231 914 3295 967 ad
3323 916 3483 974 calum
3507 922 3694 988 manibus,

2212 1003 2377 1066 Deum
2399 1005 2654 1060 invocaret
2677 1013 2874 1070 testem,
2901 1004 2995 1064 hoc
3021 1021 3150 1072 Opus
3169 1021 3309 1064 suum
3331 1022 3423 1062 non
3442 1023 3547 1066 esse.
3567 1011 3696 1068 Roma

2213 1103 2374 1166 tanta
2407 1095 2679 1160 civilitatis
2712 1095 2770 1160 iu
2814 1093 3191 1164 ititperio.fuit,
3232 1105 3286 1156 ut
3328 1099 3504 1154 nullum
3544 1106 3700 1162 omnino

2214 1184 2461 1253 puniret.‘
2479 1183 2817 1246 Clementiam
2854 1201 2969 1240 vero
3013 1201 3167 1252 usque
3196 1201 3250 1240 eo
3294 1188 3518 1253 perduxit,
3543 1197 3586 1242 ut
3614 1203 3701 1244 coo-

2212 1277 2384 1332 victos
2414 1277 2700 1340 adversum
2727 1292 2785 1330 se
2814 1276 3200 1346 coniurationis
3230 1291 3379 1334 causa
3419 1277 3641 1343 dimiserit,
3667 1291 3702 1334 et

2213 1369 2269 1426 in
2301 1369 2487 1432 eadem
2521 1369 2880 1434 familiaritate
2905 1369 3161 1435 habuerit,
3185 1383 3283 1440 qua
3312 1377 3426 1424 ante
3451 1373 3471 1413 τι
3495 1369 3700 1426 habuerat.

2216 1459 2377 1527 Nam,
2408 1471 2464 1516 ut
2491 1461 2701 1517 breviter
2732 1464 2843 1532 ejus
2872 1462 3189 1524 clementiam
3217 1462 3508 1530 depromunt,
3532 1479 3620 1518 cum
3638 1465 3702 1514 ad.

2211 1565 2385 1605 versus
2423 1567 2536 1608 eum
2563 1552 2665 1616 duo
2692 1553 2994 1621 autplissimi
3025 1551 3217 1612 ordinis
3248 1552 3577 1620 conjurassent,
3597 1568 3706 1620 neque

2216 1643 2438 1700 abnuere
2468 1645 2744 1715 cogitatum
2774 1644 2940 1702 scelus
2970 1645 3200 1712 quirent,
3231 1645 3412 1700 monuit
3438 1644 3604 1711 primo:
3629 1653 3707 1711 post

524 1733 884 1829 imperatorem
913 1758 1055 1814 terris
1085 1758 1324 1818 excedere
1351 1757 1514 1812 decet.
1542 1752 1856 1824 Genilut‘atp
1884 1753 2111 1822 filiortm

2221 1736 2466 1794 deductos
2493 1737 2552 1796 in
2575 1737 2868 1802 spectaculo
2899 1753 2952 1790 se
2978 1737 3218 1804 utrinque
3244 1736 3450 1794 assidere
3465 1735 3594 1806 jussit
3615 1751 3628 1786 :
3650 1751 3708 1803 pe-

520 1849 596 1920 ita
603 1851 878 1920 cognitam
905 1848 1110 1922 habuit,
1134 1858 1192 1916 ut
1217 1863 1338 1904 cum
1365 1848 1546 1914 multa:
1566 1847 1970 1918 coniurationes.
1987 1859 2116 1900 con-

529 1950 616 2010 tra
641 1957 766 2010 eum
801 1941 1024 2009 fierent,
1052 1957 1185 2012 quas
1230 1939 1520 2010 patelactas
1565 1937 1766 2010 ingenti
1813 1937 2117 2006 dissimula-

518 2033 672 2106 tione,
714 2035 1066 2108 contempsit,
1106 2033 1158 2087 in
1205 2038 1393 2088 senatu
1439 2029 1662 2098 dixerit,
1697 2038 1789 2086 aut
1826 2027 1968 2100 filios
2014 2027 2114 2088 sibi

516 2141 884 2200 successuros,
912 2136 1006 2186 aut
1034 2127 1302 2194 neminem
1327 2136 1376 2180 ε.

942 2259 1148 2317 TITUS
1193 2256 1678 2315 V-ESPASIANUS.

588 2376 738 2432 Anno
763 2375 825 2430 ab
851 2373 988 2429 Urbe
1015 2375 1222 2429 condita
1253 2373 1380 2441 89.8,
1406 2373 1552 2428 Titus
1587 2373 1889 2447 Vespasiani
1926 2382 1974 2428 et
2006 2373 2111 2428 Do-

525 2469 728 2524 micilla:
758 2468 948 2522 liberae
973 2467 1132 2536 ﬁlius,
1159 2467 1381 2520 decimus
1410 2467 1474 2519 ab
1500 2469 1730 2539 Augusto
1758 2477 1870 2538 post
1899 2475 2109 2523 mortem

513 2561 700 2634 patris,
725 2559 1006 2624 successit,
1036 2559 1124 2628 qui
1151 2569 1200 2613 et
1226 2559 1337 2629 ipse
1363 2557 1719 2630 Vespasianus
1742 2562 1931 2615 dictus.
1955 2560 2062 2616 Iste
2081 2577 2115 2615 a

517 2669 676 2725 puero
706 2652 969 2722 praclaris
1000 2651 1261 2721 probitatis
1306 2645 1510 2715 studiis,
1544 2650 1762 2716 militiae,
1793 2653 2111 2719 litterarum,

517 2746 883 2802 instantissime
920 2744 1128 2810 delitus,
1163 2745 1288 2814 qttid
1327 2747 1667 2812 contenderit,
1699 2747 1857 2798 animi
1875 2785 1889 2810 ,
1917 2755 1964 2799 et
1993 2763 2110 2800 cor-

513 2839 656 2909 poris
682 2837 975 2891 muneribus
1017 2835 1256 2890 ostendit.
1290 2835 1391 2889 Hic
1421 2837 1504 2889 ubi
1536 2838 1715 2906 patria:
1743 2854 1918 2891 curam
1946 2854 2113 2892 susce-

511 2929 609 3002 pit,
637 2927 932 2983 incredibile
955 2936 1050 2994 est,
1079 2937 1350 2998 quantum,
1381 2945 1527 3000 quem
1568 2930 1884 2998 imitabatur,
1917 2943 2109 3001 patrem

516 3023 766 3090 anteierit,
800 3023 1056 3093 prwcipue
1079 3023 1364 3087 clementia,
1395 3021 1729 3087 liberalitate,
1757 3022 2112 3076 honorificen-

2219 1830 2405 1896 tyoque
2447 1829 2796 1886 mirmilonum
2826 1845 2888 1882 ea:
2916 1829 3192 1892 industria,
3218 1844 3422 1899 quorum
3456 1844 3604 1898 pugilli?
3625 1829 3711 1882 tite-

2218 1921 2421 1986 bantur,
2451 1921 2645 1990 gladio,
2671 1921 2821 1990 quasi
2844 1921 2910 1972 ad
2937 1920 3306 1989 explorandam
3331 1921 3476 1974 aciem
3514 1921 3584 1980 tuti
3604 1930 3706 1985 atque

2217 2011 2366 2066 alteri
2411 2013 2685 2067 commisit.
2723 2011 2915 2080 Quibus
2949 2013 3217 2083 perculsis,
3256 2022 3301 2065 et
3345 2013 3627 2070 constantiam
3647 2011 3711 2062 mi-

2215 2103 2448 2158 rantibus
2475 2103 2675 2158 dicebat
2701 2120 2719 2157 :
2759 2103 3018 2157 Videtisne
3047 2113 3316 2173 potestates
3348 2107 3447 2172 fato
3483 2100 3600 2164 dati,
3635 2101 3715 2168 fru-

2217 2210 2420 2269 straque
2470 2202 2653 2255 tentari
2703 2200 2930 2270 facinus,
2977 2198 3218 2267 potiundi
3266 2195 3490 2276 spept'el
3527 2193 3718 2260 amittendi

2216 2295 2390 2348 metu?
2414 2294 2655 2354 Fratrem
2676 2310 2874 2364 quoque
2901 2291 3255 2358 Domitianum
3288 2300 3524 2361 parantem
3545 2288 3715 2354 insidias,

2216 2385 2533 2450 militumque
2580 2385 2776 2442 animos
2825 2385 3217 2450 sollicitantem,
3267 2385 3396 2452 [iens
3430 2383 3587 2452 sapius
3613 2379 3712 2442 obte-

2215 2485 2377 2530 status
2429 2484 2522 2544 est,
2572 2491 2634 2530 ne
2674 2475 2952 2546 parricidio
2999 2477 3201 2546 assequi
3241 2485 3456 2546 cuperet,
3503 2473 3611 2544 quod
3633 2480 3726 2528 etis

2223 2570 2423 2624 volente
2469 2577 2597 2624 esset
2626 2568 2976 2635 ,"obvenlurum
3015 2569 3082 2635 ei,
3113 2577 3164 2622 et
3197 2570 3310 2639 jam
3340 2566 3542 2631 haberet,
3565 2580 3657 2624 cunt
3677 2563 3719 2615 sit

2216 2661 2471 2731 particeps
2520 2660 2806 2729 potestatis.
2837 2658 3127 2716 Facilitatis
3173 2670 3227 2715 et
3272 2660 3582 2716 liberalitatis.
3613 2664 3723 2712 tanta

2217 2751 2335 2816 fuit,
2364 2760 2421 2804 ut
2446 2766 2568 2806 cum
2596 2751 2724 2808 nulli
2754 2735 3042 2820 quidquain
3074 2759 3314 2822 negaret,
3343 2760 3393 2804 et
3419 2750 3480 2806 ab
3503 2745 3723 2802 amicisre-

2217 2843 2660 2913 prehenderetur,
2708 2843 3049 2914 responderit
3099 2845 3305 2898 nullum
3363 2845 3546 2896 tristem
3584 2838 3722 2893 debere

2216 2936 2494 2994 discedere
2520 2937 2588 2994 ab
2634 2937 2979 3008 imperatore.
3008 2938 3282 2993 Prmterea
3320 2952 3435 2992 cum
3463 2932 3647 3004 quadam
3666 2930 3723 2986 die

2217 3029 2526 3094 recordatus
2556 3030 2609 3086 in
2637 3044 2786 3086 coena
2818 3029 3006 3084 fuisset
3036 3031 3168 3084 nulli
3206 3045 3265 3086 se
3297 3029 3388 3084 illo
3409 3027 3487 3084 die
3508 3025 3726 3096 quidquam

513 3117 590 3173 tia
623 3131 688 3174 ac
721 3118 957 3186 pecuniae
980 3125 1289 3186 contemptu.
1317 3116 1445 3182 ρυω
1466 3133 1521 3171 eo
1540 3119 1762 3185 amplius
1787 3130 1932 3188 grata
1958 3121 2118 3190 fuere,
2146 3112 2194 3176 C
2235 3124 2257 3152 θ
2285 3119 2612 3192 praestitisse,
2640 3119 2949 3186 venerando,
2975 3120 3266 3190 caelestique
3291 3120 3418 3173 dicto
3439 3118 3500 3171 ait
3520 3114 3588 3172 :0
3606 3111 3726 3177 amici,

513 3209 649 3280 quod
685 3225 747 3279 ea;
792 3207 1056 3263 nonnullis
1083 3224 1114 3260 a
1143 3192 1337 3273 p‘l‘ii'ato
1381 3209 1550 3260 adhuc
1596 3210 1810 3278 patratis
1857 3211 2105 3278 asperior,

515 3291 854 3376 luxuriwqite,
895 3313 942 3359 et
984 3304 1208 3358 avaritia:
1238 3319 1416 3358 amans
1453 3304 1751 3358 credebatur
1799 3307 1925 3373 fore.
1971 3305 2109 3360 Nam

2211 3209 2345 3265 hanc
2393 3210 2535 3265 diem
2585 3209 2933 3281 perdidimus.
2975 3211 3072 3288 ilic
3129 3213 3318 3274 Roma:
3362 3210 3727 3284 amphitheatra

2212 3298 2520 3370 aedificavit,
2552 3311 2607 3358 et
2636 3303 2870 3370 quinque
2899 3304 3065 3356 millia
3113 3301 3348 3358 ferarum
3380 3304 3426 3357 in
3455 3297 3722 3356 dedicatione

516 3400 876 3470 prtefecturum
927 3397 1321 3465 prwtorianam,
1364 3407 1508 3467 patre
1559 3399 1854 3468 imperante,
1896 3401 2110 3473 adeptus
2210 3395 2326 3465 ejus
2360 3395 2380 3434 ί
2406 3395 2617 3450 occidit.
2659 3394 2837 3466 Hujus
2885 3408 3108 3467 tempore
3147 3397 3462 3466 repentinum
3505 3390 3722 3446 incendium

519 3501 806 3559 suspectum
836 3499 1168 3562 quemque,et
1196 3491 1483 3561 appositum
1507 3493 1621 3560 sibi,
1639 3495 1875 3548 immissis
1901 3497 1990 3566 qui
2022 3513 2112 3561 per

517 3583 817 3660 theatra,let
842 3591 1032 3644 castra,
1064 3580 1312 3635 invidiosa
1331 3582 1584 3652 jactantcs
1607 3584 1673 3634 ad
1699 3600 1897 3653 pennam
1936 3601 2113 3656 posce-

516 3686 648 3743 rent,
685 3677 832 3746 quasi
867 3674 1093 3729 criminis
1121 3675 1374 3729 convictos
1403 3677 1668 3746 oppressit.
1699 3677 1761 3729 In
1801 3680 1941 3748 queis
1970 3677 2113 3734 Ceci-

517 3785 640 3826 nam
690 3767 1009 3823 consularem
1053 3765 1337 3820 adhibitum
1382 3782 1555 3832 etnnce,
1586 3768 1670 3819 vix
1717 3769 1838 3820 dum
1889 3770 2110 3824 triclinio

517 3876 794 3934 egressum,
815 3859 875 3914 ob
900 3858 1239 3928 suspicionem
1261 3867 1505 3929 stupratae
1527 3857 1784 3912 Berenicis
1812 3863 1984 3914 uxoris
2007 3877 2116 3916 sua:

517 3954 748 4030 iugulari
761 3953 940 4026 jussit.
963 3950 1149 4022 Iurgia
1173 3961 1340 4004 autem
1361 3951 1500 4004 abeo
1520 3950 1613 4005 sub
1635 3961 1777 4020 patre
1800 3954 2109 4019 venundata,

517 4049 820 4120 rapinarum
850 4059 1048 4115 quoque
1081 4043 1295 4113 cupidus
1321 4051 1451 4096 erat.
1483 4040 1630 4096 Unde
1663 4041 1916 4096 Neronem
1945 4045 2116 4098 cuncti

523 4142 819 4214 apinantes,
842 4146 1190 4206 vocantesque,
1216 4151 1466 4188 summam
1488 4151 1656 4188 rerum
1676 4145 1876 4188 nactum
1898 4137 2118 4205 graviter

523 4242 842 4304 acceperant.
864 4230 970 4286 Sed
991 4231 1098 4284 lucc
1124 4231 1175 4283 in
1198 4228 1378 4283 melius
1405 4244 1665 4297 conuersa,
1685 4229 1810 4283 adeo
1840 4229 1884 4281 ei
1910 4228 2119 4282 immor-

527 4327 680 4380 talem
703 4325 918 4396 gloriam
947 4321 1226 4387 contulere,
1248 4331 1303 4374 ut
1327 4320 1521 4375 deliciae
1568 4330 1718 4390 atque
1745 4337 1888 4374 amor
1911 4322 2118 4375 humani

529 4417 725 4491 generis
747 4414 1114 4487 appellaretur.
1139 4401 1384 4482 Denique,
1411 4423 1466 4466 ut
1490 4413 1644 4467 subiit
1671 4415 1874 4483 pondus
1901 4416 2113 4484 regium,

2213 3485 2393 3540 Romae
2410 3489 2517 3540 sine
2539 3496 2784 3540 nocturna
2805 3488 2972 3556 requie
2991 3505 3079 3558 per
3097 3489 3325 3541 triduum
3350 3488 3462 3558 fuit,
3475 3483 3729 3556 plurimm“

2213 3582 2345 3633 mdes
2368 3580 2582 3650 publica:
2610 3591 2942 3634 concrematre
2969 3588 3106 3634 sunt.
3133 3581 3366 3656 Abrupta
3388 3592 3498 3642 tunc
3519 3580 3642 3632 etiam
3659 3587 3731 3627 vcr-

2214 3673 2308 3728 lice
2347 3674 2518 3728 Vesevi
2546 3675 2730 3729 montis
2759 3674 3052 3746 Campania:
3088 3692 3280 3747 magna
3327 3677 3525 3746 profusa
3555 3665 3727 3725 incendia

2217 3767 2403 3835 ferunt,
2436 3768 2834 3837 torrentibusque
2861 3769 3196 3836 ﬂammarum
3223 3772 3386 3822 uicina
3413 3765 3622 3836 regionis,
3646 3772 3723 3812 cum

2217 3858 2425 3911 urbibus
2453 3858 2857 3930 hominibusque,
2881 3860 3043 3914 deleta
3065 3878 3195 3917 esse.
3229 3862 3363 3916 Lues
3383 3874 3562 3933 quoque
3583 3856 3726 3916 Rome.

2216 3959 2405 4017 quanta
2444 3949 2529 4002 via:
2569 3966 2798 4019 unquam
2842 3953 3122 4020 ante,.]uit_
3147 3968 3168 4008 :
3199 3954 3383 4022 quibus
3422 3962 3570 4004 tamen
3606 3943 3725 4005 ntulit,

2219 4041 2361 4092 nullo
2407 4047 2608 4107 vexato,
2643 4042 2858 4109 pecunia
2902 4045 3111 4113 prapria
3149 4045 3377 4099 subvenit
3419 4040 3588 4098 cunctis
3619 4049 3731 4088 rente-

2219 4131 2421 4183 diorum
2447 4132 2727 4201 generibus,
2759 4149 2891 4186 nunc
2917 4145 3229 4204 aegrotantes
3259 4152 3348 4206 per
3375 4135 3652 4202 semetipsum
3673 4138 3730 4176 re-

2220 4219 2414 4289 ﬁciens,
2443 4236 2577 4274 nunc
2602 4222 2873 4276 consolans
2903 4240 3112 4278 suorum
3142 4228 3392 4282 mortibus
3421 4225 3620 4297 aﬂlictos.
3645 4215 3730 4270 Potl

2223 4312 2358 4378 haec,
2392 4313 2642 4368 inusitato
2674 4313 2858 4371 favore
2904 4316 3154 4387 dilectus,
3191 4321 3382 4376 morbo
3428 4318 3586 4389 periit,
3612 4312 3651 4367 in
3675 4323 3732 4373 εει

2222 4422 2323 4476 qua
2374 4417 2525 4478 pater
2573 4409 2726 4477 villa,
2774 4421 2892 4481 post
2947 4411 3267 4481 biennium,
3313 4423 3366 4468 et
3413 4424 3597 4470 nienses
3636 4415 3734 4464 οειο.

527 4484 805 4562 Ϊίετεηὶσείι
834 4505 1044 4573 nuptias
1073 4520 1194 4558 suas
1238 4513 1525 4573 sperantem
1563 4503 1763 4574 regredi
1794 4504 2026 4571 domum,
2068 4515 2115 4558 et
2149 4484 2199 4546 D
2226 4510 2252 4549 ις
2284 4501 2506 4572 diesque
2563 4503 2776 4572 viginti,
2827 4520 2984 4574 quam
3041 4516 3154 4575 post
3197 4517 3390 4576 patrem
3443 4504 3736 4570 imperarem,

529 4609 878 4656 enervatorum
923 4611 1100 4666 greges
1145 4596 1284 4649 abire
1325 4595 1580 4665 prazcepit.
1618 4597 1730 4659 Quo
1780 4598 1938 4665 facta,
1971 4599 2115 4666 quasi

530 4695 734 4764 signum
759 4689 970 4760 protulit
1003 4697 1213 4742 mutata:
1241 4689 1644 4758 intemperantiw
1674 4691 1878 4760 prioris.
1911 4689 1971 4742 Et
2001 4707 2116 4744 cum

529 4787 743 4852 donata,
768 4797 1068 4838 concessure
1092 4797 1123 4835 a
1154 4780 1467 4850 principibus
1496 4781 1745 4849 prioribus
1789 4783 1994 4850 ﬁrmare
2035 4784 2115 4838 in-

530 4887 792 4951 sequentes
815 4874 1058 4944 solerent,
1088 4871 1242 4928 simul
1269 4881 1324 4926 ut
1354 4873 1619 4944 imperium
1649 4873 1816 4940 coepit,
1847 4875 1972 4929 talia
2001 4890 2116 4946 pos-

533 4970 812 5028 sidentibus
861 4967 1026 5021 edicto
1072 4975 1253 5036 sponte
1298 4965 1446 5019 cavit.
1500 4964 1608 5020 Iste
1669 4965 2116 5034 facundissimus,

534 5062 994 5128 bellicosissimus,
1025 5059 1483 5130 moderatissimus
1535 5060 1650 5131 fuit.
1686 5060 1884 5116 Causas
1933 5061 2121 5118 Latine

612 5195 1082 5281 fdi-tutelam.
1104 5194 1520 5266 resentment»
1669 5275 1677 5281 ι
1724 5267 1754 5281 __
2091 5269 2101 5281 ,

607 5271 639 5312 b
669 5261 770 5339 ,ξ
785 5261 1198 5342 petit-“Sabinos,
1211 5261 1416 5324 annum
1432 5261 1597 5342 agens
1614 5267 1902 5342 (etatisli9,
1921 5269 2123 5338 imperii

539 5337 772 5402 nonum,’
797 5337 845 5392 et
886 5339 1019 5391 diem
1066 5339 1363 5407 septimum,
1393 5337 1543 5410 atque
1583 5340 1712 5392 inter
1746 5337 2117 5395 divos’relatus

543 5422 637 5476 est.
661 5410 981 5474 (leniturum,
1011 5418 1115 5464 etc.

617 5491 642 5520 ε
675 5479 738 5534 Α.
772 5491 890 5548 post
931 5479 1148 5542 verbum
1179 5481 1430 5551 neminem
1461 5481 1604 5549 legit.
1647 5481 1786 5535 Iluic
1816 5482 1957 5544 Titus
1988 5482 2122 5551 ﬁlius

541 5553 798 5614 successit,
831 5552 914 5615 qui
943 5559 989 5604 et
1029 5553 1135 5622 ipse
1185 5550 1518 5620 Vespasianus
1561 5563 1633 5610 est
1678 5555 1865 5618 dictus,
1899 5550 1992 5606 vir
2017 5571 2125 5608 om-

543 5622 686 5676 nium
716 5625 952 5673 virtutum
982 5639 1158 5690 genere
1209 5623 1474 5685 mirabilis,
1502 5625 1630 5677 adeo
1661 5633 1715 5677 ut
1754 5642 1899 5680 amor
1925 5635 1971 5680 et
2001 5626 2126 5682 deli-

545 5694 640 5769 cia;
667 5693 880 5769 humani,
901 5695 1096 5769 generis
1125 5693 1885 5769 diceretur.Facundissimus,
1910 5706 2018 5754 etc.

617 5767 645 5809 ιι
670 5766 758 5824 Α..
789 5761 1039 5819 habuerit.
1411 5767 1422 5776 '

2224 4595 2396 4648 aetatis
2444 4610 2584 4649 anno
2640 4597 2812 4650 altero
2853 4606 2908 4652 et
2939 4594 2963 4632 ¹²
2996 4599 3431 4672 quadragesimo.
3465 4594 3614 4664 Hujus
3645 4599 3734 4640 ηιοη

2223 4687 2359 4740 credi
2387 4687 2470 4739 vix
2495 4695 2658 4757 potest
2687 4697 2934 4756 quantum
2962 4690 3157 4742 luctum
3191 4687 3321 4746 Urbi
3349 4685 3672 4761 provinciisque
3690 4677 3737 4728 is-

2224 4778 2414 4840 tulerit,
2447 4781 2574 4832 adeo
2604 4788 2666 4833 ut
2690 4793 2881 4836 omnes
2927 4791 3174 4850 tanquam
3210 4781 3264 4836 in
3301 4779 3504 4852 [impria
3540 4771 3738 4829 tlolucrinl

2225 4871 2473 4928 orbitate.
2502 4875 2755 4940 Senatus,
2785 4875 2934 4930 obitu
2981 4874 3149 4945 ipsius
3180 4877 3326 4931 circa
3355 4884 3605 4943 vesperam
3641 4877 3738 4919 nun-

2228 4970 2381 5034 tiato,
2413 4980 2567 5024 nocte
2608 4971 2798 5040 irrupit
2849 4973 2902 5026 in
2951 4970 3178 5037 curiam,
3215 4981 3272 5027 et
3304 4981 3473 5026 tantas
3499 4967 3543 5021 ei
3585 4966 3738 5016 πιοτωο

2225 5061 2407 5117 laudes
2463 5064 2771 5134 gratiasque
2828 5062 2842 5102 ¹
2899 5067 3205 5131 concessit,
3269 5076 3488 5136 quantas
3537 5071 3618 5112 nec
3658 5049 3742 5103 tito

2297 5207 2321 5236 ο
2348 5199 2594 5274 A.,_post._
2639 5199 2953 5274 prastitisse,
2998 5201 3198 5274 dixerit.
3237 5199 3410 5274 amici.
3464 5190 3741 5274 ῌιξάἱσςηέξξς

2221 5268 2381 5342 Eos:
2423 5255 2594 5324 'A'mici
2634 5255 2786 5326 hodie
2837 5255 2974 5338 una
3016 5273 3241 5342 perdidi.
3293 5267 3582 5339 numen.
3617 5255 3750 5314 Redit.

2221 5342 2354 5394 diem
2383 5344 2604 5408 perdidi.

2297 5412 2314 5451 ί
2350 5413 2439 5478 Α.,
2470 5422 2587 5480 post
2609 5412 2825 5468 occidit:
2856 5411 2958 5468 Per
2983 5413 3110 5478 lucc,
3135 5422 3243 5471 etc.

2296 5488 2320 5553 fi
2353 5487 2439 5544 A.,
2471 5493 2591 5552 post
2618 5485 2813 5553 viginti,
2845 5502 2998 5553 quam
3026 5489 3308 5553 imperator
3336 5492 3442 5537 erat
3467 5483 3628 5549 [aclu-

2295 5547 2320 5626 ιξ
2344 5625 2347 5626 ν
2369 5543 2614 5620 A.,'post
2651 5543 3034 5626 q'ttatlragesimo
3053 5573 3072 5610 .'
3099 5543 3310 5612 “lautus
3341 5543 3498 5610 luctus
3521 5565 3572 5604 eo
3595 5543 3740 5598 milia”

2224 5623 2458 5695 publicus
2484 5629 2600 5693 fuit,
2627 5635 2679 5678 ut
2703 5623 2896 5692 omnes,
2927 5641 3030 5682 etc.

2307 5692 2452 5772 i_A.,_
2478 5692 2748 5766 congessit,
2775 5708 2830 5754 et
2851 5710 2967 5768 post
2993 5709 3182 5772 egerat.
3217 5699 3330 5754 Nec
3355 5700 3477 5758 inter
3501 5694 3625 5746 divos
3643 5693 3730 5758 ρη-

2229 5769 2354 5824 tenti
2378 5767 2566 5824 relatus
2594 5779 2690 5824 est.
