3918 6344
175 258 256 316 8‘77

1226 253 1545 313 HISTORIA
1583 250 1952 312 MISCELIJA.
1990 285 2063 299 —
2098 254 2228 312 UB.
2268 256 2337 313 Χ.

3308 266 3413 322 878

174 386 375 444 unquam
398 381 602 444 egerat,
631 382 687 430 et
715 374 1005 445 presenti:
1038 374 1179 431 inter
1204 373 1357 429 divos
1383 368 1716 426 “translatus
1745 366 1796 428 Δ
1824 378 1949 423 esset
1979 413 1994 436 ,
2044 371 2310 441 imperium
2362 372 2643 440 corripuit,
2695 380 2743 428 et
2787 372 3109 429 Domitianus
3152 394 3268 431 eum
3325 398 3415 450 per

172 474 254 524 δι’
644 534 750 592 FL.
791 534 1226 592 DOMITIANUS.

228 626 361 679 Anno
404 624 466 678 ab
501 624 636 681 Urbe
676 627 879 681 condita
921 626 1027 682 850
1056 626 1380 681 Dousitianus
1423 623 1729 695 Vespasiani

171 728 208 772 et
248 717 529 775 Domicillte
558 720 747 776 liberta:
776 706 934 790 filius,
963 739 1232 796 germanus
1264 721 1364 777 Titi
1396 723 1605 793 junior,
1634 736 1733 775 un—

170 812 367 866 decimus
408 813 470 867 ab
512 813 744 885 Augusto
773 816 989 885 suscepit
1025 817 1316 887 imperium.
1347 814 1458 872 Iste
1504 815 1729 881 Neroni,

168 916 243 962 aut
270 906 540 978 Caligulae,
591 918 683 962 aut
724 908 940 965 Tiberio
986 909 1211 969 similior
1251 911 1371 981 fuit,
1402 924 1563 978 quam
1594 909 1730 977 patri

169 1006 245 1051 aut
271 996 417 1052 fratri
441 1013 560 1054 suo.
591 999 784 1055 Primis
816 1010 994 1056 tamen
1020 1001 1175 1059 annis
1207 1002 1512 1057 moderatus
1538 1003 1589 1056 in
1628 1001 1727 1057 im-

170 1091 301 1158 perio
329 1090 442 1146 luit:
473 1106 594 1147 mox
625 1093 690 1147 ad
720 1094 952 1163 ingentia
981 1093 1157 1152 vitiah
1187 1096 1447 1166 profusus,
1473 1094 1729 1163 libidinis,

168 1181 457 1249 iracundiae,
504 1183 857 1253 crudelitatis,
905 1186 1161 1251 avaritia,
1191 1196 1396 1243 tantum
1442 1188 1496 1242 in
1538 1201 1598 1243 se
1625 1187 1733 1243 odii

166 1277 461 1343 concitavit,
490 1285 548 1331 ut
574 1278 760 1332 merita
792 1277 974 1335 fratris
1003 1287 1056 1336 et
1082 1280 1246 1348 patris
1270 1280 1533 1336 aboleret.
1563 1279 1735 1337 later-

169 1369 278 1427 lecit
323 1369 682 1427 nobilissimos
722 1386 754 1427 e
797 1383 982 1429 senatu
1014 1411 1032 1439 ,
1074 1372 1351 1428 dominum
1381 1386 1440 1428 se
1483 1383 1536 1428 et
1576 1372 1735 1429 deum

165 1463 356 1532 primus
382 1464 662 1534 appellari,
688 1465 839 1520 scribi
865 1467 1063 1537 colique
1086 1466 1262 1535 jussit.
1297 1466 1579 1539 Segnisque
1608 1466 1738 1520 ridi-

165 1557 287 1622 cule,
315 1558 523 1614 remotii
551 1560 803 1627 omnibus,
834 1576 1126 1615 muscarum
1154 1562 1361 1633 agmina
1399 1562 1732 1632 persequeba-

164 1661 238 1703 tur
266 1651 442 1720 [urens
482 1650 708 1715 libidine,
731 1654 876 1722 cujus
905 1652 1098 1723 fwdum
1122 1655 1419 1709 exercitium
1441 1654 1740 1710 Grecorum

1834 466 2135 521 Norbanum
2148 467 2376 535 Appium
2403 468 2510 522 acie
2526 470 2722 524 stravit.
2755 467 2941 523 Romae
2960 484 3182 537 quoque
3204 475 3365 526 multa
3386 480 3410 521 t

1830 559 2050 628 adiﬁcia
2071 561 2151 613 oet
2166 568 2348 629 coepta,
2378 559 2453 613 vel
2478 576 2509 613 a
2535 561 2881 630 fundamentis
2909 564 3215 617 construxit.
3250 562 3303 618 In
3334 565 3417 629 his

1832 648 2143 718 Pantheum,
2177 651 2519 720 Capitolium,
2550 652 2719 707 forum
2741 655 3119 721 transitorium,
3149 666 3176 705 tt
3207 656 3415 727 odeum,

1832 742 2088 810 porticus,
2139 742 2318 808 lsium,
2365 757 2427 797 ac
2475 740 2779 813 Serapium,
2820 753 2875 800 et
2900 744 2926 781 δ
2952 744 3202 815 stadium,
3236 748 3418 805 horrea

1831 835 2082 903 piperata,
2116 834 2419 905 Vespasiani
2450 837 2712 908 templum,
2764 835 3047 893 Minervam
3079 837 3415 914 Calcidiram,

1832 925 2033 982 Ludum
2058 927 2384 992 matutinum,
2429 926 2620 981 Micam
2651 944 2879 995 auream,
2905 928 3099 985 Metam
3125 930 3418 1001 sudantem,

1833 1020 2159 1075 bibliothecas
2182 1022 2416 1076 incendio
2443 1032 2792 1093 consumptas,
2824 1025 2990 1095 petitis
3019 1026 3260 1097 undique.
3283 1043 3419 1096 prter

1832 1114 2009 1167 sertint
2031 1113 2370 1181 Alexandria,
2411 1116 2652 1183 exemplis
2682 1118 2953 1186 reparavit.
2981 1116 3296 1186 Sagittarum
3317 1126 3424 1175 tam

1834 1206 2018 1259 doctus
2062 1206 2186 1275 fuit,
2230 1216 2281 1259 ut
2323 1207 2453 1260 inter
2497 1215 2723 1277 patentes
2766 1207 2951 1279 digitos
2993 1217 3207 1264 extentae
3240 1224 3423 1264 manus

1834 1298 1931 1351 viri
1961 1297 2143 1368 procul
2167 1299 2320 1367 positi
2343 1297 2540 1367 spicula
2562 1299 2949 1354 transvolarent.
2980 1298 3089 1353 Iste
3117 1300 3425 1370 persecutio-

1837 1405 1953 1444 nem
1990 1390 2045 1442 in
2076 1388 2390 1465 Christianos
2419 1389 2506 1459 agi
2531 1388 2783 1443 secundus
2829 1405 2863 1444 a
2905 1386 3112 1446 Nerone
3138 1390 3425 1463 imperavit,

1837 1498 1941 1553 qua
1985 1481 2133 1535 multi
2184 1481 2430 1551 martyrio
2475 1481 2705 1534 coronati
2740 1487 2879 1549 sunt,
2907 1489 2964 1535 ut
2996 1480 3206 1537 Orosius
3233 1481 3426 1539 scribit.

1838 1572 1984 1628 Inter
2008 1590 2132 1643 quos
2150 1582 2197 1628 ct
2227 1571 2409 1628 Flavia
2440 1571 2742 1638 Domicilla,
2774 1573 2941 1627 Flavii
2966 1573 3233 1630 Clementis
3246 1588 3431 1630 cos.ex

1840 1682 2015 1721 sorore
2043 1666 2225 1735 neptis,
2253 1667 2309 1718 in
2338 1665 2562 1719 insulam
2594 1663 2830 1719 Pontiam
2856 1669 2916 1720 ob
2945 1665 3068 1735 ﬁdei
3087 1666 3431 1721 testimonium

164 1745 332 1814 lingua
391 1744 686 1803 κλινοπὰλην
739 1745 963 1799 vocabat.
1034 1744 1169 1800 Hinc
1236 1749 1584 1817 percunctanti
1630 1738 1816 1803 σαί-Β
1844 1759 2130 1814 minam.
2188 1758 2303 1821 Quo
2350 1766 2577 1826 tempore
2627 1758 2781 1811 etiam
2840 1757 3159 1812 beatissimus
3204 1754 3433 1813 Joannes

162 1836 275 1889 dam
330 1836 596 1904 quisquam
639 1852 703 1889 ne
743 1836 796 1890 in
844 1838 1034 1907 palatio
1078 1845 1223 1906 esset,
1273 1856 1572 1909 responsum
1609 1859 1627 1896 :
1657 1841 1745 1899 Ne

162 1944 331 1982 musca
351 1928 575 1999 quidem.
593 1928 800 1984 Nullam
828 1929 929 1985 sibi
955 1929 1056 1987 nisi
1082 1948 1299 1989 auream
1325 1942 1416 1989 aut
1434 1944 1745 2005 argenteam

162 2030 393 2079 statuam
444 2024 495 2075 in
554 2021 806 2093 Capitolio
834 2039 1022 2091 passus
1052 2037 1134 2082 est
1182 2027 1328 2096 poni.
1383 2027 1747 2085 Consobrinus

162 2132 277 2173 suos
304 2114 593 2171 interiecit.
639 2114 900 2185 Superbia
928 2131 1139 2187 quoque
1185 2117 1239 2174 in
1290 2133 1357 2175 eo
1403 2120 1747 2178 exsecrabilis

162 2210 276 2265 fuit.
309 2208 420 2264 Iste
448 2209 589 2277 apud
622 2208 882 2262 Romanos
908 2212 1244 2268 eunuchizari
1266 2215 1400 2269 viros
1425 2215 1597 2289 iussit,
1621 2217 1749 2271 utin

162 2304 354 2373 palatio
381 2304 611 2373 haberet,
640 2322 947 2377 uxoremque
966 2322 1112 2363 suam
1128 2306 1417 2378 Augustam
1435 2308 1745 2375 nuncupari.

162 2394 545 2466 Expeditiones
581 2405 807 2466 quatuor
864 2397 1048 2454 habuit
1083 2416 1097 2453 :
1127 2413 1285 2455 unam
1328 2397 1586 2455 adversus
1630 2399 1751 2456 Sar-

160 2498 370 2555 matas,
429 2489 650 2545 alteram
708 2490 964 2547 adversus
1020 2490 1276 2559 Chattos,
1318 2492 1453 2549 duas
1496 2495 1755 2553 adversus

160 2581 356 2636 Dacos.
388 2579 531 2635 Nam
570 2590 761 2652 quanta
788 2583 975 2652 fuerint
1017 2582 1301 2655 Diurpanei
1332 2583 1592 2642 Dacorum
1620 2590 1755 2658 regis

158 2687 277 2725 cum
308 2670 484 2726 Fusco
504 2672 633 2726 duce
660 2671 1166 2747 prtelia,quantaque
1180 2676 1533 2733 Romanorum
1560 2680 1752 2746 clades,

158 2766 239 2819 ubi
299 2764 500 2836 Oppius
546 2765 770 2821 Sabinus
818 2767 1101 2825 consularis
1146 2775 1191 2822 et
1239 2768 1502 2824 Cornelius
1553 2768 1756 2826 Fuscus

161 2865 441 2932 praefectus
466 2862 695 2931 prcetorii
720 2877 835 2916 cum
864 2863 1063 2934 magnis
1092 2864 1392 2918 exercitibus
1434 2865 1587 2919 occisi
1614 2874 1755 2930 sunt,

158 2956 319 3025 longo
349 2961 492 3009 textu
518 2952 818 3023 evolverem,
844 2954 944 3009 nisi
970 2954 1235 3010 Cornelius
1257 2954 1489 3022 Tacitus,
1519 2958 1605 3025 qui
1626 2956 1759 3012 hanc

159 3047 436 3103 historiam
486 3046 869 3115 diligentissime
914 3050 1195 3116 contexuit,
1224 3050 1288 3102 de
1316 3048 1571 3103 reticendo
1600 3049 1758 3103 inter-

1842 1851 2106 1921 apostolus
2151 1851 2203 1902 in
2255 1847 2533 1903 Pot/tntum
2582 1848 2806 1903 insulam
2844 1849 3093 1919 relegatus
3123 1849 3240 1920 fuit.
3288 1847 3435 1904 Inter

1843 1944 2055 1999 Judceos
2078 1957 2275 2013 quoque
2294 1940 2569 1995 acerbitate
2591 1947 2957 1994 tormentorum
2984 1947 3035 1994 et
3050 1952 3053 1953 '
3071 1939 3435 1995 cruentissimi:

1846 2036 2137 2107 quaestionis
2183 2034 2379 2099 exquiri
2428 2048 2589 2104 genus
2642 2030 2808 2085 Dauid
2850 2041 3000 2101 atque
3039 2030 3262 2100 interﬁci
3296 2045 3435 2099 prce-

1847 2137 2045 2197 ceptunt
2078 2133 2171 2191 est,
2204 2122 2349 2191 quasi
2372 2122 2542 2175 adhuc
2570 2120 2773 2191 futurus
2796 2127 2923 2174 esset
2949 2134 3012 2173 ex
3037 2119 3225 2172 semine
3245 2115 3437 2184 Dauid,

1849 2220 1975 2274 dum
2020 2216 2279 2288 prophetis
2326 2214 2514 2267 sanctis
2568 2221 2615 2266 et
2649 2211 2934 2278 invidetur,
2976 2218 3025 2264 et
3063 2210 3315 2277 creditur,
3350 2208 3442 2277 qui
3516 2202 3517 2205 “

1848 2330 2056 2387 regnum
2084 2310 2243 2383 possit
2273 2306 2509 2377 adipisci.
2541 2304 2706 2375 Igitur
2752 2302 3079 2357 Domitianus
3104 2312 3242 2357 metu
3263 2300 3443 2355 crude-

1852 2407 2012 2463 litatis
2055 2414 2103 2457 et
2146 2399 2471 2455 conscientias
2506 2412 2615 2451 sua:
2648 2393 3063 2464 perculsusest’:
3112 2392 3445 2465 conjuravere

1854 2504 2098 2573 plerique,
2117 2492 2481 2569 impulsoribus
2513 2490 2793 2546 Parthenio
2810 2495 3111 2559 procurante
3129 2485 3441 2554 cubiculum,

1854 2595 2250 2663 Stephanoque,
2298 2597 2347 2642 et
2379 2596 2487 2641 tum
2524 2584 2584 2638 ob
2616 2582 2847 2653 fraudem
2886 2582 3178 2647 interceptae
3217 2576 3448 2646 pecunice

1858 2685 2169 2759 supplicium
2197 2686 2519 2749 suspectante
2544 2675 2816 2735 Clodiano,
2849 2670 3010 2725 ascita
3036 2670 3187 2723 etiam
3321 2680 3446 2759 con-

1854 2756 1971 2837 silio
1998 2775 2199 2848 tyranni
2228 2784 2386 2827 uxore
2417 2767 2663 2833 Domitia,
2691 2767 2752 2819 ob
2766 2776 2991 2818 amorem
3015 2759 3225 2815 Paridis
3242 2756 3448 2813 histrio-

1857 2873 1939 2926 nis
1968 2887 1998 2923 a
2027 2865 2258 2939 principe
2284 2861 2540 2916 cruciatus
2567 2856 2893 2929 formidante.
2940 2851 3293 2906 Domitianum
3316 2849 3450 2903 muto

1862 2965 1924 3018 tis
1943 2957 2231 3016 vulneribus
2253 2952 2574 3025 confodiwrt,
2605 2956 2719 3019 post
2751 2944 2769 2985 ί
2796 2943 3133 3001 amrunt'oitar
3153 2941 3389 3013 quintum
3403 2948 3455 2996 et

1862 3051 2331 3129 quadragesimum,
2359 3044 2561 3115 imperii
2588 3043 2817 3115 quintum
2862 3040 3133 3093 decimum.
3156 3036 3222 3089 At
3237 3040 3454 3129 senatus

156 3142 419 3212 fectorum
456 3155 667 3194 numero
690 3178 706 3205 ,
756 3148 803 3193 et
855 3140 1163 3196 Sallustium
1200 3141 1438 3212 Crispum
1465 3184 1482 3209 ,
1537 3150 1585 3195 et
1625 3141 1751 3195 alios

1862 3118 2162 3223 gladiatoris
2178 3158 2316 3198 more
2331 3143 2487 3210 {unus
2509 3141 2622 3210 ejus
2644 3133 2996 3209 ignoyniose,
3015 3139 3060 3187 et
3077 3144 3193 3185 cum
3209 3128 3456 3223 dedecore

155 3239 433 3298 auctores,
488 3248 642 3301 quant
691 3230 935 3300 plurimos
976 3232 1240 3301 sanxisse,
1284 3242 1331 3286 et
1364 3233 1584 3300 seipsum
1622 3233 1759 3285 idem

156 3326 498 3396 potissimum
528 3324 739 3394 elegisse
768 3324 999 3381 dixisset.
1033 3324 1355 3379 Domitianus
1380 3335 1549 3379 autem
1569 3325 1762 3395 prauis-

154 3422 299 3475 sima
329 3420 492 3472 elatus
512 3419 791 3490 jactantia,
824 3417 889 3473 de
922 3418 1096 3482 Dacis,
1122 3428 1144 3456 ο
1175 3416 1505 3488 Chattisque,
1546 3416 1643 3470 sub
1660 3433 1764 3471 no-

157 3514 308 3566 mine
330 3521 689 3581 superatorum
716 3510 954 3575 hostium,
975 3508 1037 3564 de
1057 3510 1320 3563 exstinctis
1348 3508 1454 3563 suis
1486 3507 1764 3578 legionibus

158 3603 531 3675 triumphavit.
561 3603 634 3657 De
663 3601 925 3658 Sarmatis
952 3601 1120 3656 solam
1151 3600 1385 3655 lauream
1416 3597 1442 3637 ἀ
1472 3599 1764 3668 usurpavit,

1860 3219 1949 3314 per
1987 3236 2287 3309 vespillones
2335 3232 2501 3301 efferri
2529 3228 2710 3302 jussit,
2754 3224 3137 3314 radendumque
3159 3236 3347 3275 nomen
3373 3219 3457 3275 de-

1862 3313 2012 3388 crevit
2037 3373 2052 3398 ,
2121 3340 2168 3384 et
2222 3325 2517 3399 ignobiliter
2566 3330 2642 3377 est
2700 3316 2951 3388 sepultus.
3012 3313 3190 3386 Hujus
3236 3324 3459 3376 tempore

1864 3426 2135 3483 saeculares
2183 3421 2291 3475 ludi
2336 3416 2575 3472 celebrati
2628 3420 2764 3469 sunt.
2814 3407 3078 3463 Hactenus
3138 3403 3319 3459 Romae
3368 3416 3461 3457 seu

1864 3535 1955 3588 per
2018 3515 2231 3571 Italiam
2279 3510 2377 3564 orti
2438 3505 2709 3576 imperium
2774 3515 2967 3556 rexere.
3026 3494 3166 3550 Hinc
3226 3495 3458 3588 advenat.

1873 3610 2023 3667 Unde
2074 3613 2388 3678 compertum
2441 3608 2513 3656 est
2541 3598 2717 3652 urbem
2747 3594 2963 3649 Romam
3003 3600 3325 3673 externorum
3351 3586 3462 3640 vir-

158 3702 250 3754 ubi
280 3697 426 3767 legio
454 3697 572 3766 ejus
592 3711 712 3750 cum
748 3695 887 3750 duce
918 3696 942 3725 °
966 3694 1247 3750 interiecta
1272 3702 1371 3749 est.
1412 3693 1620 3759 Verum,
1654 3708 1751 3747 cun

1869 3662 2267 3756 t'uteﬁcrevis'se.
2352 3691 2490 3761 Quid
2550 3689 2687 3744 enim
2761 3683 2937 3740 Nerva
3006 3662 3309 3751 prudentius
3374 3682 3475 3731 aut

156 3791 222 3846 ob
267 3791 470 3845 scelera
521 3788 768 3844 universis
811 3798 995 3843 exosus
1036 3796 1182 3853 esset,
1233 3786 1483 3841 Antonius
1532 3801 1773 3841 accensus
1870 3792 2222 3853 moderatius?
2253 3788 2377 3860 quid
2417 3785 2641 3857 Trojano
2680 3777 2949 3835 divinius?
2984 3775 3108 3847 quid
3135 3770 3465 3847 prtvstantius

161 3885 407 3937 maxime
451 3884 644 3953 injuria
686 3880 951 3937 verborum
994 3879 1300 3945 Domitiani,
1332 3895 1433 3948 qua
1470 3895 1521 3934 se
1548 3887 1774 3933 scortum
1872 3884 2132 3943 Adriano?

153 3977 349 4031 uocari
408 3974 650 4041 dolebat,
700 3988 818 4027 cum
866 3969 1424 4026 curansGermaniant
1460 3970 1775 4041 superiorem

238 4121 270 4150 ⁸
317 4118 412 4180 A.,
455 4120 576 4180 post
601 4111 790 4165 relatus
813 4117 918 4163 est:
950 4107 1270 4180 Domitianus
1311 4120 1432 4160 mox
1458 4105 1651 4176 accepit
1680 4104 1776 4159 im-

154 4189 379 4260 perium
399 4179 747 4255 ’frateripsius
768 4182 972 4252 junior,
1001 4179 1216 4260 Neroni,
1247 4188 1351 4234 etc.

237 4258 745 4325 bA.,progrcssus.
871 4323 876 4325 Α
1094 4324 1098 4325 ν
1190 4258 1203 4267 ‘

246 4326 273 4353 °
314 4320 410 4393 A.,
433 4320 730 4395 Cutiliisque
753 4323 1022 4395 duplicem
1038 4320 1347 4395 triumphum
1377 4320 1493 4391 egit.

1953 4104 1973 4145 ί
2000 4106 2093 4174 Α.,
2116 4102 2279 4157 multa
2308 4113 2460 4168 opera
2491 4097 2609 4174 [ectt
2633 4096 2695 4174 in,
2716 4092 2819 4161 his,
2845 4098 2952 4149 etc.

1951 4183 1976 4243 β
2007 4169 2095 4243 A.,
2130 4174 2361 4228 divorum
2385 4169 2625 4243 porticus,
2649 4172 2756 4221 etc.
2928 4231 2942 4243 _
3083 4230 3096 4243 .
3300 4228 3312 4242 ι
3432 4226 3446 4242 ι

1950 4242 1978 4283 ¹³
2010 4230 2121 4311 Ᾰί,
2168 4230 2423 4301 Stadium.
2469 4238 2699 4311 Verum,
2734 4250 2851 4290 cum
2891 4231 2952 4289 ob
2992 4230 3491 4311 scelera‘univnersis

1883 4335 2065 4377 exosus
2109 4304 2216 4371 esse
2249 4313 2503 4380 (cupisset,
2540 4307 2835 4382 interfectus
2875 4314 2949 4382 est
2987 4319 3212 4382 _suorunr_
3229 4304 3472 4382 conjura-

240 4400 274 4440 δ
1254 4373 1428 4467 tamen,
1443 4389 1782 4467 calamitates
1884 4373 2017 4446 tione
2160 4373 2388 4467 palatio,
2432 4373 2576 4467 anno
2625 4373 3475 4467 mtdtis'trigesimoh‘innt:
3520 4426 3527 4429 ,

154 4474 368 4532 iisdem
388 4462 733 4536 bellisvpassus
756 4462 828 4521 est
842 4485 856 4531 ;
887 4483 1009 4520 nam
1025 4467 1089 4536 in
1113 4462 1413 4536 Sarmatina
1435 4464 1596 4536 legio,_
1609 4471 1710 4536 etc.

1889 4443 2006 4536 per.
2038 4462 2127 4516 l5.
2161 4443 2738 4536 'Funus'ejulshingenti
2777 4443 3022 4536 dedecore
3059 4443 3148 4519 per
3176 4443 3475 4517 vespillones

250 4520 1058 4609 zva—i.',‘postrinvterfecta'est:Et
1079 4555 1110 4588 a
1142 4535 1293 4589 Dacis
1323 4520 1521 4609 Oppius
1559 4520 1785 4587 Sabinus
1814 4520 1861 4552 υ
1889 4520 2210 4609 exportatum
2232 4537 2278 4583 et
2304 4520 2983 4609 ignobiliter'estpsepultum.

155 4606 509 4678 consularis,
564 4623 609 4666 et
651 4606 917 4665 cornelius
977 4606 1180 4661 Furcas
1224 4608 1371 4676 prati.
1418 4614 1627 4675 prator.
1668 4618 1784 4657 cum

156 4687 390 4760 magnis
415 4684 715 4742 exercitibus
734 4683 886 4736 occisi
912 4689 1047 4735 sunt.
1079 4678 1280 4744 liomw,
1303 4685 1407 4733 etc.

1966 4586 1985 4643 λ
2020 4605 2266 4673 Eulrop.,
2294 4586 2620 4653 annoatatis
2648 4592 2739 4649 45.
2759 4591 2853 4660 Η.,
2877 4605 3015 4645 om
3036 4589 3200 4646 amis
3228 4586 3319 4646 35.

160 4826 3467 4877 ____________________________.__________.__._____._._.

1380 4978 1677 5058 LIBER
1730 4977 1757 5017 ³

876 5218 1127 5277 NERVA.

271 5326 307 5359 ⁸
360 5281 519 5381 Anno
573 5320 641 5378 ab
688 5317 820 5375 urbe
844 5316 1056 5372 condita
1097 5314 1222 5383 846,
1270 5312 1466 5368 Vetere
1494 5318 1548 5367 et
1576 5308 1803 5365 Valente

164 5434 377 5487 coss.,
407 5432 555 5488 resp.
604 5416 669 5470 ad
726 5412 1141 5485 prosperrimum
1182 5415 1375 5463 statum
1414 5405 1593 5471 rediit,
1648 5403 1804 5460 bonis

287 5576 314 5605 ⁸
348 5575 403 5629 In
448 5571 514 5628 A.
563 5572 695 5627 liber
727 5571 812 5625 hic
851 5566 1159 5624 inscribitur
1188 5578 1307 5629 vm,
1342 5576 1464 5617 nam
1485 5574 1654 5631 usque
1698 5559 1802 5615 huc

171 5648 498 5707 contith
517 5661 608 5700 vn.

286 5715 315 5753 δ
348 5719 571 5785 Eutrop.
616 5713 711 5770 lib.
762 5727 890 5785 XIII:
912 5710 1121 5785 EtA_H.:
1156 5723 1296 5785 anno
1318 5702 1805 5785 octingentesimo“

176 5776 635 5860 quinquagesimo
665 5785 727 5840 ab
756 5783 821 5841 U.
854 5783 939 5855 C.,
973 5782 1151 5839 Vetere
1179 5789 1223 5835 et
1262 5778 1470 5835 Valente
1498 5791 1629 5831 coss.
1665 5776 1806 5836 Alias

1812 4971 2297 5053 DECIMUS.

1908 5209 2235 5282 principibus
2281 5207 2482 5281 ingenti
2538 5204 2789 5262 felicitate
2832 5201 3141 5261 commissa.
3183 5200 3486 5260 Domitiano

1905 5304 2047 5359 enim
2098 5300 2348 5358 exitiabili
2402 5311 2633 5372 tyranno.
2675 5298 2958 5381 interfecto,
2990 5294 3227 5350 Cocceius
3258 5306 3280 5334 ο
3312 5293 3486 5351 Nerva

1908 5397 2097 5469 Oppido
2128 5394 2403 5450 Narniensi
2434 5394 2651 5463 genitus,
2684 5390 3009 5445 duodecimus
3034 5387 3097 5443 ab
3125 5387 3352 5460 Augusto
3391 5389 3491 5443 im-

1911 5558 1977 5614 ll.
2030 5572 2148 5611 cum
2201 5555 2425 5622 Eutrop.
2482 5552 2549 5606 ad
2598 5550 2849 5622 verbum,
2884 5545 3138 5622 convenit
3179 5546 3246 5603 ab
3292 5544 3445 5605 initio
3469 5583 3509 5616 ,,

1911 5630 2147 5698 exceptis
2224 5619 2681 5698 pauculisgvariis
2732 5619 3103 5693 lectionibus,
3150 5633 3285 5692 quas
3337 5627 3491 5685 unto.

1911 5693 2089 5759 Csars.
2120 5701 2183 5755 A.
2212 5693 2369 5753 etiam
2400 5696 2525 5766 legit
2545 5693 2669 5749 850.

1988 5778 2008 5805 ο
2039 5778 2124 5842 Α.,
2159 5767 2331 5829 Nerua
2357 5765 2593 5827 successit
2616 5767 2671 5821 in
2693 5765 2911 5841 privata,
2942 5773 3045 5827 etC.
