3918 6344
548 257 651 314 879
1426 259 1627 319 PAULI
1664 258 1934 319 DIACONI
1970 258 2121 318 OPP.

2165 259 2338 317 PARS
2377 260 2417 315 1.
2447 289 2518 301 —
2538 246 2917 317 lllSTORlCA.
3614 278 3686 336 sui

545 382 749 445 perator
778 372 962 430 electus
1005 383 1096 430 est.
1130 374 1187 430 Is
1215 375 1266 431 in
1295 376 1501 447 privata
1541 378 1647 431 vita
1689 376 2019 441 moderatus,
2069 382 2124 430 et
2152 379 2203 439 Α
2227 384 2406 438 maret,
2431 377 2617 430 sudore
2657 383 2921 445 correptus
2948 381 3041 429 est.
3072 372 3184 442 Qua
3222 377 3542 448 refrigescente,
3561 386 3689 443 horror

545 474 822 531 strenuus,
887 466 1175 523 nobilitatis
1225 470 1251 499 ⁸
1293 468 1521 537 mediae,
1572 484 1735 525 senex
1789 467 2074 523 admodum
2108 508 2124 534 ,

544 572 762 625 operam
794 558 955 613 dante
1004 559 1253 615 Petronio
1282 561 1531 616 Secundo
1556 560 1804 630 praefecto
1854 560 2124 629 praetorio,

536 644 671 704 item
725 650 1003 706 Parthenio
1060 652 1398 709 interfectore
1447 653 1748 719 Domitiani,
1777 660 1806 699 δ
1839 653 2129 720 imperator

541 738 737 809 factus,
790 742 1148 812 atquissimum
1198 761 1257 800 se
1303 757 1354 799 et
1409 746 1771 803 civilissimum
1805 748 1827 776 ε
1878 747 2126 818 prtebuit.

544 828 651 886 Iste
670 850 783 886 cum
809 835 1075 905 imperium
1121 839 1441 909 suscepisset,
1483 856 1621 904 mox,
1652 856 1858 895 rumore
1886 852 2019 907 orto,
2049 842 2125 896 vi-

539 936 655 977 vere
682 936 830 995 atque
867 925 1032 992 affore
1058 926 1427 998 Domitianum,
1468 932 1674 1000 perinde
1716 933 2015 1001 trepidavit,
2047 942 2119 1001 ut,

538 1014 710 1069 colore
747 1026 960 1083 mutato,
999 1020 1159 1074 verbis
1199 1023 1420 1089 amissis,
1471 1025 1555 1078 vix
1591 1026 1900 1079 consisteret.
1940 1025 2046 1082 Sed
2094 1046 2127 1084 a

539 1103 822 1162 Parthenio
868 1112 1199 1180 confirmatus
1229 1155 1243 1176 ,
1291 1126 1491 1187 recepta
1522 1119 1741 1187 fiducia,
1785 1121 1853 1173 ad
1903 1121 2123 1175 solemne

539 1198 956 1256 deliniamentum
997 1219 1264 1259 conversus
1316 1216 1407 1262 est.
1460 1208 1564 1276 Qui
1602 1226 1717 1264 cum
1755 1211 1809 1264 in
1857 1213 2052 1266 curiam
2089 1229 2121 1267 a

536 1303 720 1347 senatu
747 1306 1009 1363 gratanter
1031 1310 1268 1369 acceptus
1289 1311 1436 1366 esset,
1468 1304 1604 1357 solus
1624 1319 1687 1357 ex
1715 1305 1943 1359 omnibus
1970 1307 2123 1359 Arius

537 1386 847 1455 Antoninus,
871 1391 947 1443 vir
996 1407 1132 1459 acer,
1185 1394 1332 1465 eique
1381 1396 1739 1462 amicissimus,
1782 1397 2119 1452 conditionem

535 1478 891 1550 imperantium
936 1484 1212 1552 prudenter
1269 1487 1588 1556 exprimens,
1658 1489 1921 1553 amplexus
1973 1505 2120 1555 eum,

534 1568 792 1643 gratulari
842 1588 897 1625 se
942 1576 1013 1627 ait
1056 1577 1269 1639 senatui,
1318 1576 1529 1645 papula,
1585 1579 1973 1647 provinciisque,
2022 1580 2121 1647 ipsi

533 1673 701 1717 autem
730 1681 1081 1736 nequaquam;
1102 1670 1183 1721 cui
1209 1671 1367 1723 satius
1396 1672 1558 1740 fuerat
1580 1674 1742 1726 malos
1765 1689 1956 1743 semper
1975 1676 2115 1743 prin-

2231 469 2456 536 corporis
2498 466 2678 520 nimius
2720 465 2866 519 initia
2912 464 3041 534 febri
3090 468 3317 536 prwbuit,
3351 486 3427 523 nec
3459 475 3585 528 multo
3613 490 3691 546 post

2228 560 2385 613 vitam
2408 559 2589 626 finivit,
2607 567 2726 623 post
2755 573 2949 612 annum
2977 566 3032 612 et
3056 567 3273 625 quatuor
3298 566 3642 635 mensesimperii
3657 578 3695 627 et

2229 649 2341 703 dies
2358 658 2501 717 octo,
2517 651 2688 703 astatis
2712 650 3102 719 septuagesimo
3117 661 3267 719 atque
3290 651 3571 721 alteroanno,
3586 668 3696 728 atque

2232 746 2370 800 intcr
2395 747 2547 801 divos
2572 745 2592 785 ί
2623 747 2822 801 relatus
2853 755 2956 802 est.
2987 745 3179 816 Corpus
3199 763 3228 800 a
3252 758 3427 812 senatu,
3448 759 3491 801 ut
3512 754 3695 817 quondam

2228 838 2467 906 Augusti,
2486 839 2707 893 humeris
2727 841 2971 904 delatum,
2987 841 3039 891 in
3068 838 3293 903 sepulcro
3312 841 3494 910 Augusti
3512 843 3552 895 in
3569 860 3695 913 campo

2230 928 2419 984 Martio
2451 930 2706 1001 sepultum
2738 940 2831 987 est.
2873 930 2949 986 Eo
2974 931 3058 985 die
3086 948 3184 1001 quo
3214 931 3385 986 interiit
3418 933 3518 987 solis
3539 934 3696 1006 defectio

2227 1027 2363 1097 facta
2388 1034 2477 1080 est.

2831 1117 3204 1175 TRAIANUS.

2296 1212 2445 1266 Anno
2466 1212 2528 1266 ab
2560 1210 2695 1267 Urbe
2722 1212 2925 1267 condita
2946 1212 3069 1277 847,
3100 1209 3275 1278 Ulpius
3296 1210 3491 1264 Crinitus
3516 1211 3700 1283 Trajanus

2223 1324 2287 1362 ex
2313 1309 2435 1363 urbe
2480 1307 2784 1375 Tudertina,
2821 1308 3007 1380 Ulpius
3036 1310 3099 1363 ab
3130 1325 3218 1362 av.)
3246 1310 3417 1369 dictus,
3460 1308 3655 1377 Trojanut
3680 1325 3701 1360 α

2227 1400 2406 1472 Trajo,
2450 1404 2651 1472 paterni
2685 1404 2880 1476 generis
2913 1413 3139 1473 auctore,
3170 1405 3241 1458 vel
3278 1403 3335 1459 de
3357 1404 3527 1457 nomine
3549 1401 3700 1472 Traiani

2224 1498 2386 1564 patris
2414 1497 2486 1550 sic
2532 1498 2841 1568 appellatus,
2872 1499 3099 1553 decimus
3126 1500 3297 1551 tertius
3348 1497 3403 1550 ab
3430 1497 3615 1564 Augusto
3634 1496 3701 1547 im-

2223 1590 2420 1659 perium
2449 1593 2662 1657 adeptus
2692 1603 2785 1657 est,
2818 1602 2969 1646 natus
2999 1593 3052 1646 in
3080 1593 3341 1662 Hispania,
3362 1591 3530 1644 familia
3551 1595 3703 1657 antiqua

2226 1682 2395 1751 magis
2421 1699 2579 1751 quam
2606 1684 2772 1739 clara.
2799 1684 2929 1739 Nam
2963 1695 3110 1753 pater
3135 1682 3250 1752 ejus
3281 1683 3485 1751 primum
3509 1697 3596 1735 cos.
3624 1678 3702 1733 luit.

531 1754 668 1824 cipes
699 1757 917 1821 eludere,
949 1774 1100 1825 quam
1143 1761 1271 1813 tanti
1312 1739 1477 1814 oneris
1509 1763 1607 1815 vim
1630 1764 1981 1831 sustinentem,
2015 1782 2117 1819 non
2146 1739 2194 1798 Β
2228 1739 2518 1843 Imperator
2545 1786 2720 1832 autem
2751 1778 2889 1845 apud
2922 1778 2945 1815 ε
2970 1777 3331 1847 Agrippinam,
3371 1775 3555 1827 nobilem
3578 1772 3704 1825 Gallio:

532 1846 686 1897 modo
734 1846 977 1901 molestiis
1034 1850 1370 1919 periculisque
1420 1852 1625 1924 subjici,
1656 1853 1744 1908 sed
1789 1855 1942 1921 fama
1970 1858 2122 1910 etiam

531 1934 853 1989 inimicorum
908 1938 1115 2008 pariter,
1158 1952 1206 1993 et
1252 1943 1550 2009 amicorum,
1592 1944 1679 2012 qui
1721 1960 1920 1999 cumse
1945 1950 2123 2003 mereri

533 2027 704 2079 omnia
728 2040 1060 2098 praesumant,
1085 2032 1130 2086 si
1164 2035 1441 2103 quidquam
1489 2054 1589 2092 non
1620 2045 1938 2108 extorserint,
1971 2056 2122 2099 atro-

530 2120 688 2175 ciores
735 2133 852 2175 sunt
904 2125 1029 2193 ipsis
1074 2141 1272 2196 quoque
1298 2127 1545 2186 hostibus.
1579 2130 1684 2187 Iste
1724 2136 1976 2205 quidquid
2002 2148 2123 2193 ante

531 2228 691 2279 paena:
721 2216 921 2270 nomine
950 2217 1151 2271 tributis
1194 2232 1472 2275 accesserat
1497 2223 1735 2292 indulsit,
1765 2227 1973 2296 amittas
1996 2229 2120 2282 civi-

528 2319 657 2364 tates
706 2312 964 2377 relevavit,
1009 2315 1227 2381 puellas,
1260 2300 1543 2386 puerosque
1582 2329 1725 2373 natos
1765 2324 2002 2389 egestosis
2028 2341 2121 2392 pa-

528 2403 779 2464 rentibus,
812 2413 1017 2472 sumptu
1043 2406 1247 2475 publica
1295 2425 1385 2475 per
1432 2406 1604 2464 Italia:
1628 2412 1815 2479 oppida
1846 2413 1918 2465 ali
1938 2415 2116 2483 jussit.

530 2492 636 2547 Hic
691 2494 855 2560 primo
908 2497 1071 2549 edicto
1100 2513 1190 2549 suo
1216 2508 1420 2552 cunctos
1450 2503 1647 2557 exsules
1675 2506 1940 2558 revocavit.
1973 2505 2119 2560 Unde

528 2593 575 2639 et
620 2582 846 2639 Joannes
874 2586 1133 2653 apostolus
1162 2588 1256 2641 hac
1277 2592 1498 2661 generali
1522 2592 1837 2663 indulgentia
1880 2597 2119 2651 liberatus

528 2674 790 2741 Ephesum
832 2678 1001 2732 rediit.
1053 2677 1175 2745 Hic,
1208 2697 1268 2733 ne
1296 2696 1501 2737 accessu
1526 2684 1887 2740 malevolorum
1916 2698 2120 2744 terrere-

525 2777 631 2838 tur,
656 2767 808 2825 Junii
834 2770 1056 2827 Maurici
1083 2777 1366 2829 constantis
1395 2777 1490 2830 viri
1514 2777 1650 2833 dicto
1691 2781 1764 2834 sic
1788 2782 2112 2837 admonetur.

527 2859 629 2926 Qui
657 2862 882 2917 convivio
902 2864 1153 2932 familiari
1179 2866 1460 2937 adhibitus,
1491 2885 1605 2923 cum
1642 2869 1969 2927 Veientonem
1997 2891 2116 2928 con-

525 2953 691 3031 sulari
735 2954 928 3010 honore
955 2956 1188 3025 functum
1216 2960 1422 3027 quidem
1450 2962 1590 3031 apud
1618 2960 1992 3034 Domitianum,
2041 2976 2117 3019 ta-

525 3060 640 3100 men
666 3045 856 3102 multos
876 3050 1089 3104 occultis
1114 3051 1551 3108 criminationibus
1579 3066 1917 3126 persecutum,
1940 3060 2116 3115 adesse

522 3136 750 3203 vidisset,
791 3138 925 3192 inter
968 3141 1219 3207 colloquia
1264 3144 1518 3197 mentione
1542 3140 1709 3199 Catuli
1737 3146 1891 3214 facta,
1922 3148 2111 3201 calum-

524 3230 741 3283 niatoris
766 3231 1027 3301 praecipui,
1062 3232 1258 3287 dicente
1290 3234 1495 3289 Nerva:
1521 3237 1656 3301 Quid
1678 3256 1809 3293 nunc
1842 3242 2043 3305 faceret,
2069 3246 2112 3296 si

527 3315 822 3373 Domitiano
851 3325 1207 3390 supervixisset
1224 3327 1247 3379 Ρ
1262 3325 1565 3396 Nobiscum,
1583 3330 1765 3397 inquit,
1784 3329 1809 3367 ά
1824 3332 2107 3402 Mauricus,

522 3422 758 3466 caneret.
820 3412 924 3467 Hic
949 3418 1243 3488 jurgiorum
1281 3421 1589 3488 disceptator
1621 3425 1891 3487 maximus,
1935 3438 1979 3478 et
2009 3432 2110 3493 fre-

521 3518 677 3579 quens
706 3506 824 3572 fuit,
852 3515 900 3560 et
921 3508 1302 3565 scientissimus.
1337 3510 1705 3581 Calphurnium
1728 3514 1967 3569 Crassum
1990 3534 2109 3587 pro-

522 3599 690 3651 missis
737 3601 1023 3669 ingentibus
1074 3604 1267 3656 animos
1317 3605 1535 3660 militum
1589 3616 1974 3677 pertentantem,
2022 3612 2110 3664 dc-

521 3697 708 3769 tfctum
756 3693 1140 3761 confessumque
1180 3694 1454 3748 Tarentum
1509 3714 1623 3751 cum
1659 3716 1818 3753 uxore
1856 3705 2103 3769 removit,

521 3759 766 3835 Patribus
811 3782 1066 3836 lenitatem
1106 3786 1217 3855 ejus
1246 3787 1642 3855 increpantibus.
1692 3789 1917 3861 Cumque
1959 3795 2107 3857 inter_

518 3874 730 3944 factores
774 3874 1053 3930 Domitiani
1113 3879 1181 3931 ad
1226 3881 1436 3933 exitium
1486 3892 1851 3952 poscerentur,
1911 3892 2106 3939 tantum

514 3977 868 4021 consternatus
906 3979 999 4033 est,
1056 3979 1109 4022 ut
1162 3986 1320 4040 neque
1354 3973 1616 4042 vomitum,
1658 3992 1817 4045 neque
1864 3978 2105 4047 impetum

516 4061 701 4114 ventris
727 4063 944 4114 valuerit
974 4062 1200 4131 differre,
1233 4072 1282 4117 et
1330 4074 1497 4118 tamen
1537 4066 1849 4121 vehementer
1891 4069 2099 4135 obstitit,

515 4153 753 4205 dictitans
779 4155 972 4222 sequius
1001 4170 1108 4209 esse
1150 4158 1297 4221 mori,
1329 4174 1481 4228 quam
1506 4161 1858 4215 auctoritatem
1904 4163 2103 4232 imperii

513 4243 731 4312 fcetlare,
746 4246 963 4315 proditis
984 4250 1243 4304 sumenda:
1269 4253 1505 4321 potentia:
1527 4254 1836 4309 auctoribus.
1869 4256 1975 4311 Sed
2001 4258 2100 4310 mi-

514 4337 644 4402 lites,
665 4341 888 4406 neglecto
917 4342 1160 4411 principe,
1180 4341 1475 4405 Petronium
1496 4362 1597 4400 uno
1626 4349 1747 4413 ictu,
1764 4347 2100 4403 Parthenium

2221 1869 2613 1931 urbem,‘factus
2643 1880 2746 1937 est,
2778 1872 2967 1928 habens
2990 1870 3307 1940 diligentiam
3332 1870 3381 1924 in
3405 1885 3452 1919 re
3478 1867 3653 1930 militari,
3672 1866 3705 1916 in

2221 1961 2452 2017 civilibus
2494 1964 2776 2032 lenitatem,
2818 1965 2872 2018 in
2910 1963 3232 2018 sublevandis
3268 1961 3523 2015 civitatibus
3547 1958 3706 2027 largitio-

2221 2072 2356 2109 nem.
2398 2055 2626 2127 Cumque
2665 2057 2766 2110 duo
2818 2058 2920 2123 sint
2956 2072 3067 2126 qua:
3115 2056 3178 2109 ab
3228 2054 3430 2125 egregiis
3478 2050 3707 2117 principibus

2221 2156 2591 2216 exspectentur,
2634 2150 2880 2202 sanctitas
2911 2149 3071 2213 domi,
3105 2148 3157 2200 in
3185 2148 3337 2200 armis
3364 2144 3591 2212 fortitudo,
3614 2149 3707 2192 utro

2221 2242 2367 2313 bique
2393 2243 2707 2311 prudentia,
2747 2253 2914 2297 tantus
2942 2244 2993 2295 in
3027 2259 3083 2297 eo
3118 2250 3225 2296 erat
3268 2239 3565 2293 maximarum
3596 2249 3709 2286 rerum

2221 2335 2401 2386 modus
2432 2376 2446 2397 ,
2517 2344 2572 2386 ut
2633 2336 2777 2403 quasi
2844 2342 3240 2401 temperamento
3307 2330 3506 2397 quodam
3568 2327 3709 2377 virtutes

2221 2428 2480 2479 miscuisse
2523 2427 2805 2490 videretur,
2850 2426 2948 2479 nisi
2983 2426 3119 2493 quod
3160 2425 3269 2476 cibo
3302 2424 3494 2489 vinoque
3523 2414 3710 2486 palulum

2221 2516 2418 2569 deditus
2466 2525 2592 2572 erat.
2643 2516 2833 2585 Remp.
2894 2516 2965 2569 ita
3022 2514 3427 2576 administravit,
3457 2518 3503 2561 ut
3535 2505 3710 2560 omnibus

2220 2608 2549 2676 principious
2610 2611 2801 2662 merito
2844 2608 3189 2677 praeferatur,
3239 2603 3489 2658 inusitata:
3520 2596 3713 2653 civilitatis

2219 2708 2273 2754 et
2298 2700 2640 2755 fortitudinis.
2674 2700 2901 2755 Romani
2931 2699 3165 2767 imperii,
3191 2697 3336 2780 quod
3359 2701 3469 2762 post
3492 2693 3710 2758 Αυὲ¹¹⁵¹¹¹⁸¹

2219 2792 2493 2845 defensum
2531 2792 2698 2858 magis
2757 2791 2929 2846 fuerat
2966 2808 3124 2855 quam
3178 2789 3419 2844 nobiliter
3455 2781 3712 2851 ampliatum,

2222 2882 2353 2937 fines
2382 2884 2537 2950 longe
2580 2884 2787 2953 lateque
2816 2884 3044 2938 dill’udit.
3101 2883 3270 2938 Urbes
3305 2893 3440 2934 trans
3468 2877 3659 2931 Rhenum
3680 2871 3712 2922 in

2228 2971 2508 3028 Germania
2558 2976 2841 3045 reparavit.
2878 2974 3089 3029 Dat-iam
3123 2974 3370 3029 Decibalo
3393 2972 3516 3025 victo
3540 2966 3714 3033 subegit:

2227 3068 2496 3134 provincia
2537 3079 2679 3122 trans
2725 3068 3019 3123 Danubium
3058 3068 3227 3135 facta,
3263 3069 3312 3121 in
3354 3066 3430 3119 his
3455 3063 3714 3132 agris,qIIOS

2726 3110 3019 3123 .,.......,......
3058 3110 3227 3135 ...πη
3356 3110 3429 3119 ...υ
3455 3110 3603 3132 ..θην
3631 3110 3650 3129 τ

2143 3110 2188 3173 C
2219 3178 2356 3214 nunc
2387 3161 2686 3229 Thaiphali,
2707 3160 2887 3216 nuncll
2910 3161 3227 3227 Victophali,
3246 3172 3297 3216 et
3317 3158 3541 3223 Terviugi
3560 3153 3715 3208 habent.

2217 3252 2286 3305 Ea
2316 3251 2583 3319 provincia
2602 3253 2778 3309 decies
2800 3265 3023 3310 centena
3048 3254 3216 3308 millia
3244 3266 3479 3321 passuum
3502 3250 3545 3302 in
3558 3244 3715 3301 circuitu

2216 3348 2404 3401 tenuit.
2435 3350 2767 3415 Armeniam,
2792 3365 2950 3419 quam
2979 3358 3376 3417 occupaverant
3417 3342 3592 3405 Parthi,
3618 3353 3716 3392 rece-

2213 3442 2307 3507 pit,
2348 3438 2363 3477 ί
2409 3441 2790 3496 l’harmatasire
2818 3443 3017 3505 occiso,
3046 3444 3137 3512 qui
3179 3458 3296 3497 eam
3329 3440 3539 3495 tenebat.
3563 3430 3717 3487 Albanis

2213 3545 2390 3600 regem
2417 3532 2580 3591 dedit.
2617 3532 2929 3587 Hiberorum
2957 3549 3160 3603 regem,
3193 3544 3247 3588 et
3269 3532 3665 3587 Sauromatarum.
3681 3532 3716 3575 et

2214 3621 2701 3690 ltospltorauorum,
2748 3624 3006 3687 Arabum,
3055 3635 3108 3679 et
3144 3625 3550 3679 llosdroenorum
3574 3614 3716 3673 etCUI-

2208 3715 2429 3771 chorum
2463 3718 2512 3769 in
2547 3716 2703 3771 ﬁdem
2736 3720 2957 3784 accepit.
2990 3717 3002 3767 i
3036 3716 3335 3773 Corduenos
3364 3715 3387 3755 κ
3414 3712 3717 3770 Μανάοηιεάυδν

2208 3811 2509 3878 occupavit.
2532 3810 2593 3864 Et
2614 3810 2977 3865 Antetnusium
2993 3826 3241 3879 magnam
3264 3811 3482 3867 Persidis
3496 3809 3714 3873 regionem,

2207 3903 2504 3957 Seleuciam
2534 3912 2586 3957 et
2608 3902 3027 3972 Ctesiphontem,
3052 3902 3067 3941 ι
3098 3904 3420 3974 Babylonem
3450 3912 3493 3956 et
3520 3899 3714 3956 Edessam,

2206 3994 2333 4049 vicit
2356 4010 2418 4048 ac
2448 3996 2636 4051 tenuit.
2668 3996 2846 4065 Ustlue
2879 3996 2942 4051 ad
2976 3996 3140 4051 India:
3176 3998 3330 4061 lines,
3358 4006 3409 4050 et
3437 3998 3495 4047 ad
3524 4004 3638 4045 mare
3660 4003 3715 4038 rn-

2205 4086 2363 4141 brum
2384 4088 2628 4151 accessit,
2660 4098 2818 4155 atque
2841 4088 2912 4141 ibi
2942 4096 3049 4142 tres
3076 4090 3378 4157 provincias
3417 4086 3547 4147 fecit,
3580 4086 3714 4136 Arine-

2206 4179 2365 4243 niam,
2391 4179 2683 4250 Assyriam,
2711 4179 3146 4248 Mesopotamiam
3169 4198 3291 4236 cum
3318 4180 3395 4234 his
3414 4177 3714 4248 gentibusqm!

2204 4272 2478 4327 Madenam
2522 4274 2803 4343 attingunt.
2854 4275 3102 4328 Arabiam
3153 4285 3341 4343 postea
3393 4274 3444 4328 in
3493 4263 3713 4341 provincia.

2204 4366 2426 4423 formam
2457 4366 2679 4435 redegit,
2726 4367 2778 4421 in
2812 4368 2943 4421 mari
2984 4352 3165 4423 ltub'ro
3198 4370 3422 4423 classem
3451 4364 3716 4420 instituit.ut

514 4444 646 4492 vero,
677 4432 893 4499 demptis
920 4434 1061 4503 prius
1086 4436 1406 4504 genitalibus,
1446 4449 1491 4488 et
1512 4438 1564 4489 in
1587 4455 1642 4491 os
1665 4441 1924 4510 conjectis,
1949 4444 2095 4511 jugu-
2127 4472 2179 4530 υ
2207 4472 2300 4526 per
2320 4471 2438 4511 eam
2471 4432 2630 4512 ludii};
2656 4460 2788 4513 ﬁnes
2825 4469 3076 4514 vastaret,
3109 4458 3350 4515 marium
3381 4473 3542 4514 tamen
3574 4453 3715 4509 milita-

512 4521 701 4589 lavere,
755 4528 1014 4592 redempta
1056 4528 1252 4595 magnis
1278 4528 1557 4593 sumptibus
1587 4529 1843 4599 Casperio,
1875 4534 1961 4601 qui
1999 4552 2100 4589 scc-

511 4613 616 4668 lere
672 4625 775 4669 tam
822 4617 953 4669 truci
1004 4619 1317 4685 insolentior,
1375 4621 1602 4676 Nervam
1629 4627 1874 4690 compulit
1910 4631 2102 4696 referre

510 4707 652 4772 apud
676 4705 920 4774 populum
951 4708 1145 4777 gratias
1174 4709 1441 4777 militibus,
1470 4713 1607 4783 quod
1633 4716 1879 4781 pessimos
1930 4717 2102 4784 nefan-

508 4800 845 4870 dissimosque
867 4801 1092 4853 omnium
1122 4804 1414 4856 mortalium
1456 4808 1805 4872 peremissent.
1838 4808 1990 4878 Reip.
2018 4812 2099 4865 di-

511 4895 631 4947 vina
666 4892 968 4959 provisione
994 4894 1278 4958 consuluit,
1304 4895 1588 4963 Trajanum
1613 4898 1665 4951 in
1695 4898 1840 4952 liberi
1871 4902 2036 4955 locum
2051 4914 2097 4957 et

509 4994 705 5050 partem
758 4992 783 5021 υ
832 4982 1154 5052 adoptando.
1204 4985 1302 5047 Qui
1339 4986 1477 5051 dum,
1508 5001 1804 5057 suggerente
1842 4996 1938 5058 ira,
1979 5012 2097 5050 voce

506 5090 659 5145 quant
686 5074 909 5128 matrima
930 5084 1108 5128 contra
1128 5077 1397 5145 quemdam
1430 5077 1682 5149 Regulum
1704 5082 1905 5138 nomine
1934 5084 2067 5141 incla

578 5259 601 5323 ξ’
636 5249 724 5319 Α.,
756 5263 870 5318 post
899 5254 1098 5323 mediae,
1124 5257 1229 5323 qui.

576 5320 605 5396 ξ)
638 5325 725 5396 ᾼ.,
750 5324 873 5393 imp.
901 5336 972 5377 est
1004 5320 1183 5393 factus.
1215 5327 1449 5396 Λῖᾳιιίδ..
1471 5337 1575 5383 etc.

575 5393 600 5425 °
632 5394 722 5469 4.,
751 5407 865 5469 post
897 5397 1143 5469 prie/iuit:
1172 5393 1315 5468 Reip.
1345 5399 1535 5469 divina,
1561 5410 1664 5457 etc.

574 5472 601 5511 d
628 5464 737 5528 AL,
769 5464 1087 5520 Maturicius.

577 5533 721 5621 1A“?
758 5546 889 5621 post
937 5538 1271 5607 adoptando:
1333 5539 1567 5599 Mortuus
1618 5554 1690 5600 est
1739 5544 1917 5605 Roma:
1972 5563 2082 5621 ροει

500 5616 717 5667 unum,
749 5612 853 5658 etc.

577 5669 597 5710 τ
629 5673 730 5726 A.:
762 5672 1092 5752 Relatusest.
1125 5682 1379 5737 Successit
1407 5686 1453 5737 ei
1484 5684 1664 5752 Ulpius
1706 5686 1927 5748 Crinitus
1947 5693 2079 5750 Tra-

502 5755 676 5815 ianus,
700 5754 851 5819 natus
877 5748 1097 5811 Italiciw
1121 5755 1174 5808 in
1205 5751 1473 5825 Hispania,
1509 5748 1727 5829 familia,
1758 5771 1861 5819 etc.

2204 4564 2316 4603 rem
2348 4546 2600 4604 civilitate
2633 4560 2687 4605 et
2732 4550 3097 4606 moderatione
3139 4553 3457 4621 superavit,
3494 4550 3644 4603 Romae
3680 4548 3716 4594 εί

2203 4655 2297 4709 per
2365 4641 2663 4709 provincias
2728 4641 2985 4710 mqualcm
3052 4657 3109 4698 se
3174 4644 3425 4700 omnibus
3482 4639 3712 4697 exhibens,

2200 4735 2406 4787 amicos
2437 4733 2696 4788 salutandi
2721 4749 2876 4788 causa
2909 4734 3257 4805 frequentans
3277 4779 3294 4803 ,
3329 4738 3409 4791 vel
3430 4739 3709 4803 aegrotantes.

2199 4830 2280 4879 vel
2326 4841 2444 4878 cum
2473 4824 2637 4879 festos
2676 4826 2790 4881 dies
2818 4825 3113 4892 habuisset,
3147 4829 3395 4883 cotwivia
3431 4841 3538 4882 cum
3565 4820 3733 4878 eisdem

2198 4916 2481 4971 indiscreta
2512 4918 2743 4971 vicissim
2796 4918 3016 4986 habens,
3050 4938 3193 4987 saepe
3226 4922 3279 4976 in
3303 4918 3553 4976 vehicolis
3578 4923 3713 4968 eorum

2195 5008 2420 5076 sedens,
2479 5010 2678 5063 nullum
2717 5021 3021 5066 senatorum
3073 5014 3312 5079 laedens,
3359 5010 3481 5068 nihil
3520 5006 3713 5075 iniustum

2193 5103 2258 5157 ad
2286 5104 2586 5174 augendum
2613 5102 2799 5158 fiscum
2826 5120 3013 5175 agens,
3047 5107 3288 5162 liberalis
3322 5108 3373 5163 in
3401 5113 3616 5166 cunctos,
3641 5110 3711 5165 pu-

2263 5277 2951 5354 fAgrippinaminGalliis;
3567 5343 3594 5354 η

2258 5339 2287 5379 ἰ
2345 5339 2649 5417 Viciophali.
2706 5352 2779 5404 Ita
2820 5359 2873 5405 et
2913 5349 3070 5417 Eut.;
3117 5351 3211 5407 sed
3256 5352 3360 5421 ll.,
3396 5339 3712 5406 Victoali.A-:

2192 5416 2467 5475 Victohali.

2262 5489 2275 5527 ί
2309 5495 2397 5557 A.,
2426 5493 2828 5547 Farmatosiriat.

2255 5560 2271 5612 t'
2305 5564 2395 5627 Α..
2427 5562 2743 5617 Corduenos.
3147 5612 3151 5618 .

2252 5630 2278 5704 ξ
2305 5634 2549 5700 Entrop.,
2586 5634 2989 5692 Marchomedes.
3023 5636 3109 5702 H.,
3133 5646 3187 5691 et
3220 5639 3311 5704 A.,
3335 5630 3658 5692 Marsorum.

2257 5701 2275 5742 ι
2310 5705 2401 5775 Α.,
2426 5704 2764 5777 Babylonem,
2801 5707 3079 5765 Messenios
3101 5701 3244 5795 vicit,
3270 5701 3375 5768 etc.
