3918 6344
189 453 274 514 88l
1248 460 1565 522 HISTORIA
1605 462 1966 521 MISCELLA.
2007 491 2078 506 -
2118 462 2251 522 LIB.
2293 449 2360 524 x.

3341 469 3448 530 882

185 576 317 631 hliee
348 574 699 648 privatimque
720 577 895 634 dimns
914 592 1123 647 omnes,
1149 588 1203 636 et
1224 580 1513 638 honoribus
1532 597 1754 653 augens,
1784 584 1836 642 Α
1866 582 2182 635 atrocissima
2207 580 2339 636 bella
2363 588 2661 653 gesserunt:
2694 578 2819 653 quis
2862 580 2991 637 adeo
3031 588 3150 638 tunc
3179 583 3463 654 interfectis

182 682 311 737 quos
347 668 428 724 vel
474 671 725 725 mediocri
759 672 1117 727 familiaritate
1164 675 1526 742 cognovisset,
1575 676 1759 729 orbem

183 766 443 816 terrarum
483 763 775 831 aediﬁcans,
820 766 1011 820 multas
1054 765 1417 823 immunitates
1457 769 1760 824 civitatibus

180 850 436 916 tribuens,
470 854 600 907 nihil
632 870 735 909 non
782 857 1123 925 tranquillum
1167 858 1538 929 placidumque
1569 875 1755 930 agens,

178 942 309 995 adeo
339 951 395 996 ut
425 944 473 997 in
496 942 639 998 omni
665 949 780 1012 ejus
802 957 961 1001 aetate
982 963 1118 1001 unus
1143 958 1344 1002 tantum
1368 960 1586 1004 senator
1606 950 1761 1005 dam-

177 1043 330 1088 natus
375 1035 474 1101 sit,
526 1047 683 1106 atque
730 1040 775 1093 is
820 1049 997 1094 tamen
1031 1056 1125 1108 per
1165 1050 1429 1105 senatum,
1478 1043 1758 1111 ignorante

175 1124 428 1192 Traiano.
459 1127 539 1181 0b
570 1127 684 1182 haec
709 1143 802 1197 per
827 1130 1011 1185 orbem
1042 1130 1146 1185 deo
1176 1133 1447 1202 proximus
1486 1133 1615 1186 nihil
1648 1149 1751 1189 non

170 1217 527 1270 venerationis
553 1221 772 1285 meruit,
804 1229 858 1272 et
887 1219 1064 1285 vivus,
1096 1231 1149 1275 et
1172 1232 1432 1277 mortuus.
1476 1222 1619 1279 Inter
1649 1224 1753 1279 alia

169 1307 305 1361 dicta
357 1309 458 1363 hoc
504 1310 670 1377 ipsius
702 1312 869 1367 fertur
897 1316 1192 1393 egregium.
1227 1318 1426 1372 Amicis
1464 1319 1605 1373 enim
1634 1320 1755 1374 cul-

167 1399 412 1465 pantihus
432 1404 573 1469 quod
608 1402 826 1458 nimium
854 1406 993 1459 circa
1030 1422 1216 1461 omnes
1256 1411 1554 1464 communis
1583 1420 1750 1477 esset,

165 1494 441 1558 restiondit
471 1495 624 1548 talem
652 1512 710 1552 se
740 1498 1116 1564 imperatorem
1146 1515 1265 1556 esse
1288 1504 1524 1571 privatis,
1559 1505 1584 1533 λ
1614 1523 1744 1574 qua-

162 1584 254 1635 lem
280 1585 378 1637 sibi
401 1586 751 1656 imperatorem
774 1592 998 1657 privatus
1018 1603 1273 1662 optasset.
1299 1594 1403 1649 Hic
1424 1598 1485 1650 ob
1508 1598 1747 1652 honorem

163 1677 330 1744 Suras,
365 1682 513 1749 cujus
544 1683 716 1737 studio
744 1685 1012 1753 imperium
1042 1688 1349 1757 arripuerat,
1392 1688 1595 1744 lavacra
1625 1709 1749 1745 con-

160 1769 308 1823 didit.
362 1768 440 1824 De
483 1788 579 1841 quo
609 1789 1034 1844 supervacaneum
1062 1777 1258 1831 videtur
1294 1790 1474 1832 cuncta
1506 1781 1627 1833 velle
1654 1797 1746 1834 no-

158 1862 389 1916 minatim
418 1880 669 1933 promere,
712 1883 825 1919 cum
855 1869 979 1922 satis
1007 1870 1071 1922 sit
1114 1870 1369 1923 excultum
1395 1881 1546 1941 atque
1574 1889 1745 1927 emen~

156 1952 334 2006 datum
381 1956 591 2010 dixisse.
647 1955 768 2010 Fuit
810 1960 943 2011 enim
991 1960 1186 2029 patiens
1232 1960 1439 2028 laboris,
1488 1965 1745 2019 studiosus
1776 1941 1823 2001 Β

155 2047 330 2114 optimi
356 2049 601 2117 cujusque
628 2064 689 2101 ac
727 2048 973 2118 bellicosi,
1004 2053 1166 2122 magis
1205 2054 1514 2123 simpliciora
1543 2057 1745 2127 ingenia

154 2155 305 2205 quam
352 2141 721 2195 eruditissimos
773 2143 908 2211 (cum
946 2145 1055 2214 ipse
1092 2163 1261 2214 parca:
1304 2158 1432 2202 esset
1480 2150 1742 2219 scientia,

153 2231 507 2299 moderateque
534 2232 793 2304 eloquens)
826 2235 1084 2305 diligebat.
1116 2238 1341 2293 Justitite
1376 2257 1490 2294 vero
1528 2258 1587 2294 ac
1603 2244 1745 2315 juris

152 2323 362 2377 humani
394 2326 667 2395 divinique,
719 2337 819 2381 tam
863 2340 1092 2397 repertor
1136 2333 1249 2386 novi
1284 2350 1435 2405 quam
1485 2336 1745 2390 inveterati

150 2428 337 2470 custos.
392 2418 519 2483 Qua:
565 2422 734 2474 omnia
777 2439 838 2476 eo
888 2426 1084 2494 majora
1127 2426 1431 2491 visebantur,
1480 2430 1617 2499 quod
1655 2446 1745 2499 per

149 2509 338 2562 multos
364 2521 511 2580 atque
547 2523 739 2567 atroces
783 2524 1027 2585 tyrannos
1071 2520 1268 2587 perdito
1294 2529 1444 2589 atque
1490 2532 1743 2592 prostrato

146 2613 277 2656 statu
310 2604 568 2672 Romano,
598 2608 648 2660 in
680 2611 956 2663 remedium
982 2621 1233 2666 tantorum
1271 2615 1525 2668 malorum
1556 2616 1741 2670 divini-

145 2702 221 2747 tus
249 2696 547 2749 credebatur
574 2709 858 2767 Opportune
886 2701 1053 2766 datus,
1082 2718 1238 2772 usque
1269 2719 1346 2765 eo,
1390 2715 1443 2756 ut
1468 2704 1742 2761 adveniens

144 2790 417 2858 imperium
437 2794 547 2862 ejus
569 2790 809 2862 pleraque
830 2794 1046 2862 miri/ica
1072 2795 1498 2849 denuntiaverint.
1520 2794 1584 2849 In
1606 2799 1743 2865 queis

145 2885 483 2952 pra‘cipuum,
516 2885 765 2938 cornicem
790 2903 818 2939 e
839 2887 1044 2958 fastigio
1075 2886 1314 2955 Capitolii
1352 2889 1531 2943 Atticis
1556 2907 1741 2945 sermo-

146 2975 290 3028 nibus
328 2976 560 3042 e/Iatam,
586 2976 738 3034 ἔσται
772 2980 955 3042 καλῶς.
1000 2979 1097 3033 llic
1136 2982 1188 3035 in
1232 2984 1589 3052 persequendis
1620 3000 1742 3040 sane

147 3067 445 3122 Christianis
473 3086 641 3126 errore
667 3072 926 3140 deceptus,
961 3075 1137 3129 tertius
1163 3091 1193 3127 a
1228 3074 1457 3141 Nerone,
1493 3093 1609 3130 cum
1633 3094 1741 3147 pas-

147 3161 241 3213 sim
268 3173 495 3231 repertos
519 3165 633 3233 cogi
654 3165 721 3216 ad
749 3165 1142 3233 sacriﬁcandum
1169 3166 1344 3232 idolis,
1367 3185 1426 3221 ac
1451 3169 1736 3224 detrectan-

147 3262 219 3305 tes
266 3254 498 3323 interﬁci,
549 3257 898 3328 pracepisset,
942 3267 990 3311 et
1035 3257 1244 3326 plurimi
1291 3259 1732 3329 interﬁcerentur,
1761 3301 1808 3365 ο

147 3346 305 3403 Plinii
347 3350 607 3418 Secundi,
656 3353 741 3420 qui
768 3352 899 3405 inter
927 3360 1129 3406 exteros
1162 3352 1396 3425 iudices,
1432 3363 1487 3407 ut
1530 3352 1736 3410 Tertul—

145 3445 307 3500 lianus
336 3450 513 3517 refert,
542 3458 830 3518 persecutor
868 3451 1016 3506 datus
1048 3461 1184 3519 erat,
1230 3454 1396 3506 relatu
1441 3454 1733 3508 admonitus

147 3550 215 3595 est
240 3558 326 3596 eos
350 3541 579 3598 homines
607 3543 736 3597 nihil
776 3554 937 3599 morte
975 3560 1145 3616 gerere
1188 3545 1420 3618 dignum,
1470 3547 1569 3601 nisi
1595 3546 1734 3617 quod

146 3634 241 3687 diis
282 3651 385 3688 non
429 3635 775 3701 immolarent,
819 3646 864 3690 et
913 3636 1169 3691 Christum
1214 3638 1369 3693 veluti
1407 3637 1573 3693 Deum
1615 3646 1734 3694 ante

144 3724 307 3779 lucem
327 3735 586 3797 surgentes
609 3726 902 3793 laudarent,
926 3744 958 3781 a
979 3727 1131 3783 malis
1152 3729 1385 3784 omnibus
1404 3730 1726 3785 abstinentes.

147 3818 226 3871 Ad
251 3835 397 3887 quem
429 3818 690 3889 Trajanus
714 3819 941 3873 rescribit
971 3818 1289 3876 Christianos
1320 3838 1410 3887 pro
1433 3822 1535 3890 ﬁde
1560 3822 1730 3876 nulla-

145 3919 293 3965 tenus
318 3913 665 3980 inquirendos.
706 3910 1064 3969 Verumtamen
1094 3915 1335 3969 continuo
1372 3915 1549 3969 Romae
1572 3932 1730 3970 aurea

140 4004 325 4060 domus
366 4023 398 4059 a
447 4004 657 4061 Nerone
701 4008 819 4060 totis
857 4007 1067 4074 privatis
1114 4006 1429 4076 publicisque
1458 4009 1602 4061 rebus
1630 4007 1729 4061 int-

138 4099 308 4167 pensis
334 4100 557 4165 condita,
601 4099 865 4165 repentino
902 4099 1237 4169 conﬂagravit
1285 4098 1542 4163 incendio,
1572 4109 1623 4152 ut
1650 4100 1727 4153 in-

137 4189 445 4260 telligeretur
494 4191 649 4245 missa
692 4191 844 4244 etiam
891 4189 953 4243 ab
990 4190 1094 4244 alio
1140 4192 1422 4261 persecutio
1470 4192 1521 4243 in
1570 4191 1727 4261 ipsius

140 4280 400 4347 potissima
421 4282 765 4347 monimentis,
792 4299 820 4335 a
842 4298 941 4350 quo
965 4283 1184 4349 primum
1210 4290 1383 4336 exorta
1405 4291 1551 4347 esset,
1580 4292 1728 4349 atque

138 4375 204 4424 in
230 4375 331 4439 ipso
357 4382 562 4428 auclore
589 4375 782 4443 puniri.
812 4372 1129 4429 Terrwmotu
1157 4385 1374 4445 quatuor
1414 4374 1557 4428 urbes
1594 4374 1729 4430 Asia:

139 4466 412 4533 subuersis,
439 4464 604 4532 Elwa,
640 4463 882 4535 Myrina,
923 4464 1169 4536 Pytante,
1216 4464 1408 4536 Cyme;
1458 4475 1505 4520 et
1534 4464 1727 4520 Crebra:

137 4553 361 4609 civitates
384 4557 525 4621 dum,
562 4555 901 4625 Opuntiorum
921 4566 970 4634 et
1005 4555 1315 4610 Oriciorum.
1363 4555 1405 4609 T
1406 4566 1487 4610 res
1507 4556 1548 4611 G
1558 4559 1727 4612 alatite

1868 674 2151 727 cultoribus
2179 673 2409 728 desolata
2450 684 2555 742 est,
2583 682 2637 729 ut
2664 675 2763 729 nisi
2788 685 2962 744 postea
3003 675 3261 729 Adrianus
3289 676 3458 745 impe-

1866 776 2007 819 rator
2051 766 2288 820 collectas
2334 764 2557 836 undique
2602 769 2809 822 aliunde
2857 769 3084 822 colonias
3124 769 3451 836 deduxisset,
3487 754 3498 793 ¹

1864 872 2024 910 vacua
2050 858 2251 925 penitus
2278 867 2431 922 terra,
2458 859 2637 912 abraso
2667 858 2953 912 habitatore
2973 859 3256 912 mansisset.
3280 855 3355 911 1E
3358 875 3453 929 gy-

1864 958 2006 1017 ptum
2032 964 2147 1003 vero
2168 958 2348 1015 totam,
2397 959 2445 1002 et
2476 947 2720 1019 Cyrenen,
2753 957 2799 1001 et
2831 947 3141 1005 Thebaidam
3165 988 3183 1017 ,
3228 948 3454 1002 cruentis

1860 1043 2189 1097 seditionibus
2221 1042 2565 1097 turbaverunt.
2597 1042 2664 1095 ln
2688 1043 3003 1097 Alexandria
3036 1053 3152 1096 tunc
3174 1042 3447 1095 commisso

1860 1134 2037 1205 prtelio
2064 1134 2183 1187 victi
2214 1144 2260 1186 cl
2286 1135 2451 1186 attriti
2480 1144 2615 1188 sunt.
2646 1133 2713 1193 In
2741 1132 3113 1204 Mesopotamia
3141 1148 3335 1202 quoque
3362 1148 3449 1186 re-

1860 1224 2158 1278 bellantibus
2179 1228 2330 1294 jussu
2356 1224 2670 1291 imperatoris
2697 1224 2881 1277 bellum
2903 1224 3106 1277 illatum
3136 1232 3229 1279 est.
3264 1221 3447 1293 Itaque

1857 1317 2018 1369 multa
2047 1318 2207 1370 millia
2231 1334 2401 1371 eorum
2430 1324 2570 1371 vasta
2593 1317 2731 1369 carde
2756 1316 2923 1369 deleta
2949 1325 3082 1369 sunt.
3120 1313 3259 1371 Sane
3288 1314 3451 1370 Sala-

1859 1410 2046 1461 minam
2073 1410 2245 1463 urbem
2275 1410 2459 1480 Cypri,
2494 1410 2771 1476 interfectis
2800 1407 3032 1461 omnibus
3058 1406 3268 1474 accolis,
3300 1406 3441 1460 dele-

1855 1509 2050 1553 verunt.
2092 1500 2261 1577 Igitur
2302 1502 2556 1572 Trajanus
2584 1510 2704 1569 post
2730 1502 3001 1569 ingentem
3041 1498 3264 1568 gloriam
3299 1497 3446 1565 belli,

1855 1590 2107 1660 domique
2133 1592 2435 1660 quaesitam,
2467 1608 2497 1646 e
2541 1591 2756 1646 Perside
2786 1586 3029 1657 rediens,
3063 1590 3201 1659 apud
3248 1589 3441 1645 Seleu-

1854 1688 1988 1741 ciam
2021 1688 2231 1742 lsauria:
2262 1686 2519 1754 proﬂuvio
2547 1686 2753 1742 ventris
2793 1688 3090 1740 exstinctus
3116 1693 3217 1739 est.
3245 1683 3273 1721 ³³
3297 1683 3443 1738 Obiit

1852 1787 2031 1832 autem
2064 1780 2234 1833 :elatis
2264 1792 2405 1833 anno
2427 1779 2765 1849 sexagesimo
2795 1778 2971 1842 tertio,
3014 1788 3066 1831 et
3098 1790 3281 1831 mense
3313 1790 3439 1844 uno,

1851 1869 1937 1924 die
1964 1881 2150 1938 quarto
2171 1910 2188 1937 ,
2235 1871 2438 1939 imperii
2469 1885 2611 1926 nono
2632 1872 2863 1935 decimo,
2912 1885 3096 1925 mense
3132 1879 3308 1937 sexto,
3355 1869 3440 1924 die

1850 1962 2032 2029 quinto
2056 1959 2455 2017 decimo.'lnter
2482 1962 2633 2018 divos
2660 1972 2681 2000 ο
2713 1963 2914 2017 relatus
2940 1971 3043 2018 est.
3073 1960 3244 2034 Hujus
3272 1961 3439 2016 exusti

1848 2054 2077 2121 corporis
2104 2054 2295 2107 cineres
2324 2053 2377 2107 in
2403 2070 2531 2107 urna
2556 2070 2711 2108 aurea
2739 2054 2885 2108 relati
2931 2052 3143 2109 Romam
3161 2096 3176 2120 ,
3220 2053 3439 2107 humati-

1848 2160 1945 2210 que
1968 2147 2019 2198 in
2050 2143 2265 2215 Trajani
2294 2145 2408 2213 foro
2435 2146 2526 2200 sub
2560 2147 2681 2217 ejus
2721 2146 2990 2212 columna,
3037 2145 3187 2213 cujus
3218 2143 3438 2199 altitudo

1847 2246 2061 2293 centum
2094 2239 2445 2307 quadraginta
2476 2238 2641 2309 pedes
2667 2240 2859 2293 habet:
2889 2249 2935 2293 et
2972 2240 3142 2307 imago
3182 2253 3435 2308 supcrpo-

1846 2329 1961 2393 sita,
1992 2332 2122 2383 sicut
2145 2330 2518 2399 triumphantes
2543 2331 2725 2391 solent,
2744 2331 2798 2384 in
2817 2329 3004 2384 Urbem
3025 2330 3235 2393 invecta,
3259 2338 3436 2382 senatu

1845 2431 2104 2488 praeeunte
2150 2429 2199 2473 et
2246 2421 2489 2474 exercitu.
2526 2418 2603 2473 Eo
2634 2428 2858 2486 tempore
2896 2421 3055 2473 multo
3102 2420 3436 2490 perniciosius

1845 2527 1998 2580 quam
2028 2513 2120 2565 sub
2150 2510 2320 2565 Nerva
2351 2510 2546 2565 Tiberis
2566 2513 2851 2579 inundavit,
2876 2528 3062 2584 magna
3082 2513 3227 2564 clade
3246 2512 3434 2566 mdium

1844 2604 2192 2672 proximarum
2214 2619 2234 2669 ;
2270 2614 2315 2656 et
2345 2612 2663 2657 teri-mmotus
2690 2604 2854 2673 gravis
2876 2620 2964 2673 per
2991 2604 3277 2673 provincias
3297 2603 3434 2657 mul-

1844 2704 1951 2762 tas,
1996 2704 2237 2763 atroxque
2286 2696 2584 2765 pestilentia,
2640 2696 2898 2765 famesque
2932 2703 2979 2749 et
3021 2694 3255 2748 incendia
3298 2695 3433 2764 facta

1841 2798 1979 2840 sunt.
2026 2788 2221 2852 Quibus
2250 2788 2481 2841 omnibus
2515 2787 2773 2853 Traianus
2813 2805 2901 2857 per
2931 2788 3178 2858 exquisita
3207 2787 3432 2841 remedia

1843 2877 2193 2948 multip.’icitcr
2218 2880 2493 2950 opitulatus
2533 2888 2627 2944 est,
2668 2890 2896 2933 statuens
2927 2897 2989 2933 ne
3015 2880 3283 2933 domorum
3313 2878 3431 2933 alti-

1842 2971 1963 3022 tudo
2010 2973 2273 3042 sexaginta
2319 2980 2581 3041 superaret
2628 2966 2797 3039 pedes,
2846 2971 2906 3024 ob
2949 2972 3124 3025 ruinas
3162 2969 3338 3040 faciles
3385 2978 3430 3026 el

1840 3071 2091 3131 sumptus,
2143 3063 2187 3115 si
2213 3062 2415 3131 quando
2446 3062 2569 3115 talia
2597 3064 2918 3133 contigerint,
2972 3063 3228 3117 exitiosus.
3283 3060 3429 3116 Unde

1841 3154 2018 3206 merito
2046 3151 2200 3206 Pater
2224 3154 2402 3223 patria!
2430 3155 2593 3207 dictus
2614 3163 2707 3208 est.
2736 3155 2897 3223 llujns
2922 3164 3122 3209 tantum
3154 3154 3429 3211 memoria:

1841 3243 2072 3298 delatum
2100 3255 2201 3309 est,
2231 3254 2287 3299 ut
2309 3260 2475 3315 usque
2498 3246 2525 3287 ιι
2547 3246 2612 3300 ad
2647 3256 2884 3301 nostram
2912 3255 3121 3302 aetatem
3146 3263 3248 3301 non
3273 3246 3428 3302 aliter

1842 3332 1893 3387 in
1944 3344 2132 3389 senatu
2182 3336 2505 3406 principibus
2554 3335 2964 3406 acclamaretur,
3016 3340 3149 3407 nisi,
3198 3336 3427 3393 Felicior
3488 3384 3497 3389 -

1839 3430 2098 3500 Augusto,
2132 3431 2316 3486 melior
2348 3432 2597 3500 Traiano.
2628 3431 2776 3486 Adeo
2802 3433 2853 3487 in
2883 3447 2949 3487 eo
2971 3431 3140 3502 gloria
3172 3432 3425 3488 bonitatis

1836 3521 2085 3586 obtinuit,
2120 3532 2174 3575 ut
2219 3524 2302 3577 vel
2331 3523 2750 3589 assentantibus,
2794 3525 2876 3578 vel
2919 3539 3048 3580 vere
3086 3524 3423 3582 laudantibus

1835 3611 2171 3667 occasionem
2204 3611 2715 3683 magniﬁcentissimi
2749 3622 2965 3683 praestet
2997 3621 3022 3650 ο
3050 3614 3302 3684 exempli.

2442 3725 2811 3781 ADRIANUS.

1905 3816 2053 3871 Anno
2080 3816 2142 3870 ab
2175 3815 2310 3871 Urbe
2339 3817 2545 3870 condita
2573 3816 2675 3871 867
2696 3857 2709 3881 ,
2754 3815 2930 3871 zElius
2960 3817 3219 3873 Adrianus
3248 3819 3421 3891 stirpis

1833 3906 2033 3962 Italica:
2056 3924 2116 3961 ex
2136 3905 2418 3975 Hispania,
2444 3905 2595 3961 /Elio
2634 3908 2882 3972 Adriano,
2919 3906 3134 3979 Trajani
3174 3911 3420 3980 principis

1832 3998 2151 4065 consobrino,
2200 3999 2375 4052 Adrite
2413 4009 2545 4064 orto,
2585 4000 2780 4068 genitus
2805 4042 2819 4065 ,
2869 4002 3006 4069 quod
3035 4000 3277 4071 oppidum
3306 4002 3420 4073 agri

1832 4090 2034 4157 Piceni,
2067 4093 2220 4145 etiam
2248 4093 2377 4144 mari
2408 4093 2669 4145 Adriatico
2699 4109 2981 4163 cognomen
3019 4094 3181 4159 dedit,
3202 4104 3420 4164 quartus

1829 4186 2051 4238 decimus
2081 4185 2143 4237 ab
2172 4185 2402 4255 Augusto
2432 4186 2710 4250 imperator
2731 4194 2804 4239 est
2831 4198 3047 4239 creatus.
3076 4185 3175 4241 Hic
3195 4188 3301 4242 sine
3321 4189 3418 4242 ali-

1827 4292 1929 4346 qua
1970 4276 2227 4330 voluntate
2274 4275 2489 4346 Trajani
2533 4277 2809 4346 imperator
2848 4287 2921 4330 est
2952 4282 3143 4345 factus,
3195 4293 3414 4347 operam

1830 4370 1992 4424 dante
2020 4380 2184 4423 tamen
2214 4370 2421 4423 Plotina
2452 4384 2617 4424 uxore
2641 4369 2875 4438 Trajani.
2918 4368 3047 4424 Nam
3079 4386 3197 4424 eum
3227 4370 3417 4440 Trajai

1828 4476 1948 4528 nus,
1981 4474 2277 4531 quanquam
2309 4458 2325 4496 ί
2361 4459 2649 4514 consobrini
2674 4462 2751 4514 sui
2778 4460 2965 4527 lilium,
2994 4460 3144 4514 vivus
3168 4462 3416 4517 noluerat

1830 4554 2104 4624 adoptare.
2147 4553 2243 4620 Qui
2294 4552 2512 4622 Trajani
2552 4552 2735 4622 glorite
2766 4549 3034 4620 invidens,
3079 4554 3255 4607 statim
3300 4567 3415 4622 pro-

141 4647 359 4703 civitates
385 4650 561 4703 eodem
588 4659 878 4703 terrazmotu
909 4649 1112 4702 dirutte.
1155 4645 1445 4701 Pantheum
1488 4646 1665 4703 Roma:
1689 4666 1723 4703 a
1750 4663 1803 4724 ι)
1824 4647 2024 4701 vincias
2056 4656 2161 4699 tres
2191 4647 2215 4684 ε
2246 4645 2475 4710 abstulit,
2508 4640 2535 4680 ιι
2566 4658 2697 4713 quas
2720 4642 2982 4714 Traianus
3020 4643 3316 4712 addiderat,
3353 4644 3410 4701 id

149 4737 430 4795 Domitiano
459 4749 800 4794 constructum
824 4740 1037 4809 fulmine
1063 4748 1433 4793 concrematam
1473 4751 1567 4793 est.
1597 4740 1722 4795 Ter-

145 4842 375 4885 rtrmotus
417 4835 471 4885 in
519 4832 788 4885 Antiochia
830 4846 958 4901 pene
1000 4840 1156 4884 totum
1203 4830 1403 4883 subruit
1450 4833 1719 4886 civitatem.

146 4919 431 4977 Incredibili
460 4922 645 4977 deinde
668 4932 809 4976 motu
836 4922 928 4975 sub
970 4937 1072 4975 uno
1114 4932 1334 4992 tempore
1359 4922 1533 4976 λιιάωὶ
1579 4925 1724 4992 quasi

145 5018 278 5071 rabie
314 5016 512 5084 efferati
550 5033 641 5083 per
688 5017 907 5069 diversas
951 5022 1200 5068 terrarum
1249 5021 1419 5082 partes
1465 5032 1719 5071 exarsere.

149 5111 283 5166 Nam
305 5131 387 5183 per
411 5123 567 5168 totam
598 5111 808 5183 Libyam
836 5110 1074 5165 adversus
1104 5108 1299 5163 incolas
1328 5119 1645 5176 exarserunt,
1673 5119 1722 5164 et

222 5290 243 5318 ⁸
271 5296 361 5347 A.:
392 5291 581 5359 Quales
608 5306 714 5344 esse
734 5288 827 5343 sibi
852 5288 1181 5359 imperatores
1215 5287 1444 5355 privatus
1473 5295 1716 5351 aptasset.

155 5356 274 5413 Post
301 5356 573 5429 ingentem,
607 5371 711 5415 etc.

223 5430 245 5467 δ
273 5424 484 5497 EuirOp.
512 5453 523 5484 :
558 5424 693 5485 Obiit
723 5441 892 5484 autem
919 5429 1082 5484 wtatis
1111 5444 1245 5481 anno
1274 5428 1360 5493 62,
1393 5443 1560 5481 mense
1586 5428 1638 5491 9,
1675 5440 1723 5484 et

143 5500 233 5553 die
247 5515 416 5574 quarto
445 5506 576 5556 inter
596 5504 738 5574 divos
760 5504 1064 5574 relattts_est._
1091 5500 1153 5553 ll.
1177 5518 1187 5551 :
1217 5498 1352 5574 Obiit
1372 5511 1536 5551 autem
1558 5503 1721 5555 a’talis

141 5569 277 5625 anno
302 5576 387 5639 (55,
422 5590 592 5627 mense
620 5572 801 5635 lunia,
833 5575 917 5625 die
940 5569 1001 5636 4,
1048 5572 1174 5640 imp.
1226 5572 1309 5634 l9,
1343 5584 1514 5621 mense
1557 5583 1717 5637 sexto,

64 5646 81 5665 ’
141 5642 232 5691 die
256 5646 331 5711 lii,
363 5648 494 5699 inter
523 5646 664 5697 divos
689 5644 878 5697 relatus
908 5652 998 5696 est.

226 5718 354 5771 cA.:
392 5717 602 5770 llelatus
630 5726 721 5767 est.
774 5713 932 5769 Solus
960 5712 1186 5765 omnium
1225 5713 1362 5767 intra
1407 5714 1592 5769 Urbem
1641 5730 1720 5768 se-

138 5781 309 5848 pultus
336 5799 431 5841 est.
470 5789 599 5839 Ossa
629 5784 813 5838 collata
834 5787 885 5837 in
909 5798 1089 5835 urnam
1113 5798 1323 5837 auream
1352 5787 1403 5839 in
1425 5791 1559 5851 foro,
1585 5785 1718 5851 quod

135 5854 426 5925 aediﬁcavit,
457 5859 549 5910 sub
579 5857 817 5909 columna
848 5856 1012 5921 posita
1040 5861 1182 5919 sunt,
1201 5856 1381 5925 _cujus,
1415 5866 1518 5910 etc.

224 5923 246 5965 τι
266 5930 340 5983 Ad
359 5938 586 5985 nostram
608 5936 826 5983 nitatem.
850 5926 985 5982 Sunt
1014 5926 1171 5981 verba
1197 5923 1433 5996 Eu’trOpii
1455 5965 1471 5995 ,
1518 5941 1635 5997 qua:
1662 5933 1718 5981 et

1825 4748 1927 4804 est,
1961 4739 2027 4794 de
2056 4738 2273 4806 Assyria
2298 4778 2314 4802 ,
2358 4736 2760 4805 Mesopotamia,
2812 4738 3090 4801 Armenia,
3141 4738 3411 4792 revocavit

1822 4831 2106 4897 exercitus,
2158 4843 2220 4884 ac
2263 4829 2420 4883 linem
2471 4828 2679 4898 imperii
2719 4817 2837 4885 esse
2864 4826 3027 4883 voluit
3059 4827 3409 4895 Euphratem.
3454 4876 3463 4887 .

1826 4929 1969 4983 Idem
1994 4928 2061 4982 de
2091 4926 2243 4981 Dacia
2277 4925 2452 4979 lacere
2480 4933 2758 4978 conantem
2800 4924 2954 4976 amici
2990 4930 3312 4988 terruerunt,
3341 4938 3408 4977 ne

1824 5020 2046 5075 Romani
2075 5015 2267 5074 civesi
2315 5017 2463 5071 multi
2506 5016 2872 5080 traderentur,
2921 5022 3232 5083 propterea,
3282 5012 3406 5082 quia

1824 5113 2107 5181 'l‘rajauus,
2139 5109 2277 5164 victa
2308 5107 2488 5175 Dacia,
2512 5122 2573 5162 ex
2604 5116 2713 5160 toto
2743 5105 2871 5160 orbe
2902 5102 3144 5157 Romano
3175 5102 3404 5158 inﬁnitas

1823 5298 2018 5353 Paulus
2048 5295 2192 5349 Diae.
2218 5292 2312 5347 Ms.
2350 5292 2440 5356 H.,
2472 5299 2528 5346 et
2558 5290 2813 5355 Miscella,
2846 5290 3079 5344 retinuit.
3113 5288 3291 5344 Canus.

1894 5378 1917 5405 ε
1948 5371 2043 5421 A.:
2079 5365 2332 5433 Exempli.
2367 5363 2617 5429 Defuncto
2656 5361 2881 5433 'l'rajano
2928 5359 3105 5433 Helius
3146 5360 3402 5433 Adrianus

1822 5448 2021 5493 creatus
2050 5447 2119 5489 est
2145 5429 2375 5503 princeps
2399 5435 2505 5486 sine
2534 5432 2709 5499 aliqua
2729 5429 2933 5500 quidem
2975 5431 3231 5483 voluntate
3274 5429 3399 5485 Tra-

1821 5511 1949 5577 jani,
1983 5510 2069 5561 sed
2098 5513 2453 5577 aperant,ietc.

1896 5584 1915 5622 ί
1941 5569 2277 5647 Spartianus,
2311 5575 2465 5638 liut.,
2510 5570 2734 5627 Hersfel.
2763 5580 2815 5625 et
2848 5569 2999 5627 Amb.
3022 5616 3037 5640 ,
3084 5573 3394 5627 consobrina:

1818 5658 2208 5779 “(fidicinem
2236 5722 2281 5767 et
2309 5712 2417 5782 ipse
2447 5710 2664 5766 ltalicite
2692 5712 2746 5765 in
2777 5710 3050 5778 Hispania.

1890 5789 1917 5827 Ιι
1948 5790 2011 5845 Α.
2024 5832 2036 5855 ,
2068 5786 2287 5854 reliquit.

1897 5860 1910 5898 ί
1945 5864 2033 5925 Α..
2066 5857 2211 5913 multi
2236 5856 2463 5911 barbaris
2491 5856 2828 5909 traderentur.
