3918 6344
532 349 636 404 885
1381 348 1580 406 PAULI
1621 345 1888 404 DIACONI
1929 346 2080 403 OPP.

2200 345 2300 403 tRS
2339 345 2380 402 l.
2421 376 2490 387 —
2529 346 2913 405 HISTORICA.
3618 369 3693 424 33.,

531 484 598 526 eo
626 467 807 539 copias
831 465 1195 536 transtulerat,
1221 475 1289 525 att
1333 483 1491 541 agros
1537 477 1588 524 et
1634 469 1799 524 urbes
1843 467 2113 524 colendas.
2223 482 2396 520 omnes
2436 467 2647 538 pedibus
2689 467 3046 534 circumierat,
3091 483 3264 536 agmen
3287 471 3696 549 comitantiumpra.

515 559 708 617 'Dacite
754 559 897 616 enim
943 559 1197 617 diuturno
1239 561 1378 618 bello
1426 559 1656 616 Decibali
1689 562 1714 592 ⁸
1751 561 1881 617 vires
1910 548 2119 617 fuerant
2220 568 2440 625 vertens,
2467 575 2581 613 cum
2605 561 2798 630 oppida
2829 559 3061 614 universa
3091 562 3384 632 restitueret,
3414 561 3583 638 augeret
3600 548 3698 629 arui.

532 647 824 719 exhausue,
875 659 1060 722 pacem
1091 660 1267 708 tamen
1297 651 1445 708 omni
1490 651 1572 708 sui
1621 651 1830 721 imperii
1877 660 2120 722 tempore
2220 641 2389 710 nibus.
2419 654 2654 724 Namque
2681 658 2747 708 ad
2776 655 3027 726 specimen
3056 654 3302 727 legionum
3339 659 3614 730 militarium,
3641 669 3698 737 [η-

511 744 741 799 ‘habuit.
773 743 952 800 Semel
987 755 1188 801 tantum
1217 761 1313 816 per
1340 746 1621 816 prtesidetn
1653 761 1766 800 cunt
1795 745 2118 802 Sauromatis
2220 745 2355 812 bros,
2389 748 2913 816 perpendiculatores,
2943 749 3261 814 architectos,
3285 765 3507 821 genusque
3524 766 3698 814 cunctus:

532 837 827 906 dimicavit,
851 849 896 894 et
913 839 1050 893 vicit.
1068 839 1262 895 Orbem
1287 839 1585 895 Romanum
1610 839 1926 903 circumivit,
1951 839 2118 894 multa
2165 897 2172 907 ,
2219 843 2644 895 exstruendorum
2664 843 2929 910 moenium,
2952 859 3040 896 seu
3063 844 3518 914 decorandorum,in
3534 850 3700 906 cohortes

529 929 834 987 aedificavit.
875 925 981 986 Hic
1020 947 1108 1002 per
1156 931 1478 997 Quadratum
1509 932 1816 999 discipulum
1859 930 2119 1000 apostolo-
2218 936 2606 989 centuriaverat.
2649 933 2855 1000 Varius,
2881 935 3168 1004 multiplex,
3197 937 3506 1004 multiformis,
3533 943 3702 1010 atqueat

529 1037 661 1086 rum,
694 1031 740 1075 et
765 1021 1040 1076 Aristidem
1067 1021 1422 1076 Atheniensem
1451 1022 1616 1076 virum
1643 1021 1745 1090 ﬁde
1768 1023 2120 1092 sapientiaque
2218 1025 2343 1080 vitia
2366 1036 2412 1080 et
2439 1028 2648 1081 virtutes
2677 1029 2827 1098 quasi
2857 1029 3045 1082 arbiter
3089 1023 3312 1097 genitus,
3340 1031 3547 1100 impetum
3577 1036 3703 1090 utentis

503 1113 753 1185 plenum,
785 1123 832 1166 et
863 1129 952 1182 per
981 1111 1235 1169 Serenum
1265 1103 1514 1168 Granium
1564 1115 1820 1184 legatum,
1869 1114 2012 1168 libris
2056 1114 2118 1167 de
2218 1118 2435 1188 quodam
2466 1119 2686 1189 artiﬁcio
2714 1136 2914 1190 regens,
2946 1121 3476 1205 ingeniumjnvidum,
3498 1123 3633 1192 triste,
3653 1125 3704 1179 la-

523 1201 818 1258 ‘Christiuna
845 1203 1090 1275 religione
1108 1207 1401 1277 compositis
1435 1207 1730 1273 instructus,
1761 1213 1912 1276 atque
1935 1201 2117 1259 crudi»

522 1303 623 1362 tus,
657 1297 913 1367 prazcepit,
961 1313 1051 1365 per
1089 1297 1357 1367 epistolam
1396 1301 1465 1352 ad
1495 1297 1771 1353 Minatium
1801 1296 2115 1353 Fundanum

522 1391 877 1458 proconsulem
908 1390 1046 1444 Asia:
1073 1389 1270 1456 datam,
1301 1399 1355 1445 ut
1381 1390 1573 1445 nemini
1601 1391 1770 1445 liceret
1801 1391 2116 1446 Christianos

520 1479 630 1534 sine
652 1481 850 1552 objecta
877 1482 1106 1536 criminis
1133 1490 1226 1536 aut
1255 1482 1551 1552 probatione
1577 1485 1853 1548 damnare,
1884 1483 2116 1551 idemque

519 1577 762 1627 continuo
787 1571 944 1628 Pater
972 1575 1152 1644 patria:
1176 1575 1230 1628 in
1259 1587 1436 1629 senatu
1465 1575 1600 1628 ultra
1619 1584 1830 1628 mortem
1859 1577 2115 1643 majorum

521 1666 832 1736 appellatur,
878 1675 926 1721 et
956 1681 1088 1720 uxor
1116 1665 1227 1738 ejus
1268 1667 1516 1739 Augusta.
1557 1665 1750 1722 Textus
1793 1677 1962 1721 autem
2008 1667 2088 1737 epi

2215 1693 2303 1730 sus
2357 1676 2767 1746 praemeditatum
2823 1673 3052 1728 crederes
3103 1676 3336 1728 adversus
3377 1672 3542 1726 omnia.
3589 1669 3706 1742 Hujus

521 1761 668 1814 stola:
697 1757 780 1813 hic
807 1770 920 1814 est:
955 1777 974 1812 ι
1010 1760 1197 1830 Accepi
1235 1760 1428 1816 litteras
1474 1761 1542 1814 ad
1588 1777 1666 1816 me
1711 1762 1930 1831 scriptas
1960 1777 1991 1814 a
2021 1763 2109 1815 de—
2140 1829 2180 1836 Α
2217 1784 2345 1822 uxor
2376 1768 2594 1833 Sabina,
2623 1767 2746 1821 dum
2767 1783 2925 1836 prone
2952 1763 3212 1819 servilibus
3239 1763 3430 1834 injuriis
3449 1761 3707 1832 afﬁcitur,“

516 1867 714 1906 cessare
745 1861 828 1906 tuo
862 1851 1077 1908 Serenio
1105 1851 1135 1892 δ
1159 1851 1412 1908 Germano
1439 1851 1724 1908 clarissimo
1761 1853 1888 1923 viro,
1921 1864 1967 1908 et
2007 1870 2109 1907 non
2139 1829 2186 1889 Β
2214 1871 2425 1914 mortem
2451 1839 2798 1914 voluntariam
2821 1859 3104 1928 compulsa,
3149 1871 3259 1923 quae
3285 1855 3442 1926 palam
3459 1852 3706 1923 jactabatse,

515 1943 682 2013 p'lacvl
711 1945 835 1998 mihi
862 1945 1158 1998 relationem
1186 1942 1388 1999 silentio
1409 1945 1668 2017 praeterire
1686 1985 1701 2010 ,
1745 1961 1807 1999 ne
1836 1955 1882 2000 et
1911 1946 2110 2000 innoxii
2210 1952 2347 2024 quod
2370 1953 2590 2006 immane
2617 1951 2882 2022 ingenium
2923 1949 3250 2020 probavisset,
3292 1945 3581 2010 elaborasset,
3604 1958 3707 1996 necs

515 2039 896 2110 perturbentur,
941 2047 989 2092 et
1033 2039 1488 2095 calumniatoribus
1521 2040 1860 2094 latrocinandi
1911 2043 2110 2096 occasio
2211 2061 2269 2099 eo
2317 2045 2386 2097 ad
2429 2043 2640 2097 humani
2701 2042 2900 2114 generis
2945 2041 3222 2113 perniciem
3279 2037 3601 2111 gravidaretur.
3637 2031 3708 2087 Hic

516 2130 792 2184 tribuatur.
826 2127 1011 2201 Itaque
1039 2131 1084 2185 si
1107 2131 1370 2186 evidenter
1387 2131 1722 2202 provinciales
1743 2128 1862 2184 huic
1883 2131 2110 2200 petitioni
2210 2137 2386 2191 morbo
2405 2135 2740 2201 subcutaneo,
2766 2149 2915 2204 quem
2936 2133 3026 2187 diu
3049 2131 3252 2203 placide
3270 2129 3564 2190 sustinuerat,
3580 2125 3705 2188 victus,

515 2237 622 2279 sui:
643 2223 823 2278 adesse
846 2223 1015 2280 valent
1041 2223 1310 2280 adversum
1341 2223 1681 2287 Christianos,
1727 2233 1780 2278 ut
1810 2240 1905 2294 pro
1944 2225 2106 2278 tribu-
2209 2228 2389 2284 dolore
2434 2229 2619 2282 ardens
2664 2227 3056 2297 impatiensque,
3087 2223 3260 2293 plures
3284 2239 3309 2276 e
3337 2229 3499 2277 senatu
3518 2215 3706 2272 exstinxit.

513 2313 622 2368 nali
645 2330 729 2369 eos
759 2316 812 2368 in
837 2315 1010 2386 aliquo
1044 2325 1298 2389 arguunt,
1330 2315 1426 2369 hoc
1464 2315 1536 2370 eis
1563 2316 1767 2385 exsequi
1799 2333 1898 2373 non
1929 2317 2107 2385 prohi-
2208 2320 2253 2374 A
2299 2318 2502 2392 regibus
2545 2319 2720 2372 multis
2767 2333 2892 2388 pace
2936 2315 3149 2371 occultis
3178 2316 3438 2384 impetrata
3475 2307 3704 2370 muneribus,

2218 1211 2430 1278 scivum,
2453 1221 2499 1266 et
2519 1211 2588 1264 ad
2610 1213 2994 1266 ostentationem
3016 1214 3093 1266 sui
3112 1213 3347 1280 insolens,
3369 1213 3531 1268 callide
3546 1215 3702 1286 tegebat,

2218 1307 2601 1371 coittinentiam,
2650 1305 2994 1373 clementiam,
3044 1307 3334 1377 facilitatem
3369 1307 3593 1372 simulans,
3614 1324 3705 1363 con-

2221 1407 2399 1465 traque
2451 1397 2785 1450 dissimulans
2837 1399 3076 1451 ardorem
3125 1397 3298 1468 gloriae
3345 1413 3435 1465 quo
3482 1397 3706 1466 ﬂagrabat;

2219 1497 2500 1547 acerrimus
2531 1493 2597 1546 ad
2627 1493 2978 1546 lacessendum
3021 1500 3066 1545 et
3095 1491 3482 1561 respondendum
3499 1491 3612 1543 seriis
3624 1491 3707 1559 joco

2216 1583 2523 1649 maledictis,
2557 1585 2747 1651 referre
2769 1599 2972 1637 carmen
2994 1582 3232 1646 carmini,
3261 1581 3436 1634 dictum
3461 1580 3589 1644 dicto,
3607 1595 3707 1648 pror-

513 2403 624 2461 beb.
658 2401 898 2462 Precibus
924 2418 1092 2462 autem
1135 2411 1188 2462 in
1217 2409 1312 2462 hoc
1350 2411 1493 2480 solis,
1540 2419 1588 2464 et
1630 2410 2102 2481 acclamationibus,

515 2495 594 2550 uti
620 2496 692 2550 eis
717 2513 820 2552 non
840 2500 1099 2568 permitto.
1125 2495 1330 2554 Etenim
1358 2499 1519 2554 multo
1548 2501 1742 2570 sequius
1780 2511 1874 2570 est,
1922 2503 1967 2556 si
1995 2503 2108 2573 quis

509 2589 640 2644 uolet
666 2605 927 2659 accusare,
957 2599 1004 2646 te
1030 2607 1330 2663 cegnoscere
1355 2593 1416 2646 de
1447 2593 1673 2663 objectis.
1707 2593 1768 2650 Si
1808 2595 1922 2665 quis
1950 2594 2108 2664 igitur

507 2692 738 2752 accusat,
769 2695 814 2736 et
837 2683 1016 2752 probat
1045 2684 1318 2738 adversum
1346 2683 1479 2754 leges
1508 2685 1789 2756 quidquam
1819 2703 1970 2755 agere
1995 2704 2102 2742 me-

508 2787 734 2831 moratos
756 2775 1004 2844 homines,
1021 2794 1116 2849 pro
1137 2778 1313 2832 merito
1335 2791 1659 2849 peccatorum
1679 2781 1834 2834 etiam
1855 2782 2104 2852 supplicia

509 2853 718 2921 statues.
751 2865 898 2922 Illud
937 2870 1186 2924 mehercle
1226 2887 1528 2942 magnopere
1575 2872 1794 2939 curabis,
1823 2883 1897 2939 ut,
1921 2873 1965 2925 si
1993 2873 2102 2945 quis

505 2960 775 3015 calumnia:
802 2961 970 3031 gratia
995 2977 1302 3033 quemquam
1332 2965 1515 3018 horum
1561 2966 1893 3031 postulaverit
1923 2981 2100 3033 reum,

504 3053 560 3108 in
590 3053 722 3108 hunc
742 3069 835 3126 pro
855 3055 937 3109 sui
957 3054 1184 3126 nequitia
1201 3055 1468 3127 suppliciis
1489 3059 1782 3113 stvvioribns
1807 3060 2050 3113 vindices.
2074 3076 2094 3108 ι

506 3141 680 3216 Igitur
725 3144 986 3200 Adriantts
1033 3162 1196 3217 remp.
1234 3147 1534 3216 justissimis
1581 3148 1776 3221 legibus
1820 3150 2092 3205 ordinavit.

502 3235 721 3293 Iudaeos
752 3254 874 3294 sane
901 3240 1278 3311 perturbatione
1306 3243 1550 3296 scelerum
1583 3260 1793 3297 suorunt
1813 3245 2096 3317 exagitatos

502 3340 554 3388 et
582 3330 914 3389 Palaestinam
939 3337 1252 3406 provinciam
1282 3339 1539 3406 quondam
1561 3356 1708 3394 suam
1728 3341 2097 3412 depopulantes

501 3428 687 3488 ultima
714 3429 850 3483 crede
873 3429 1182 3500 perdomuit,
1200 3431 1396 3485 excidio
1410 3429 1783 3504 Hierosolymis
1825 3436 2095 3491 novissime

501 3521 761 3587 desolatis,
789 3523 862 3576 ita
890 3530 945 3576 ut
973 3538 1064 3578 nec
1093 3522 1228 3592 lapis
1253 3541 1403 3594 super
1434 3526 1658 3596 lapidem
1687 3528 1969 3582 secundum
2013 3529 2093 3583 di-

500 3616 674 3670 vinam
699 3630 869 3670 vocem
895 3619 961 3671 sit
983 3618 1036 3672 in
1057 3634 1115 3672 ea
1143 3618 1372 3686 relictus,
1399 3620 1633 3690 ultusque
1653 3631 1723 3674 est
1745 3621 2090 3690 Christianos,

497 3722 625 3777 quos
650 3707 730 3764 illi
760 3719 784 3749 ε
815 3707 1044 3766 Chozbea
1068 3712 1228 3778 duce,
1259 3712 1396 3780 quod
1425 3714 1522 3766 sibi
1561 3713 1800 3768 adversus
1830 3713 2092 3782 Romanos

499 3815 602 3856 non
646 3802 1030 3871 assentirentur,
1078 3805 1459 3861 excruciabant.
1505 3803 1856 3878 Prtvcepitque
1900 3823 1962 3862 ne
2007 3805 2093 3860 cui

496 3891 688 3952 ludteo
732 3897 1026 3952 introeundi
1057 3895 1474 3969 Hierosolymam
1521 3912 1646 3954 esset
1679 3900 1911 3968 licentia,
1935 3898 2090 3955 Chri-

499 3987 681 4043 slianis
729 3998 925 4043 tantum
955 3987 1153 4043 civitate
1205 3992 1476 4059 permissa,
1507 4007 1656 4060 quam
1688 3993 1798 4058 ipse
1827 3993 1879 4045 in
1910 3991 2090 4060 oppidi

496 4085 686 4134 statum
713 4093 980 4134 murorum
1010 4079 1344 4136 exstructione
1369 4083 1651 4150 reparavit,
1698 4091 1742 4136 et
1788 4081 1991 4136 ZEliam
2026 4082 2090 4137 de

495 4171 808 4245 prtenomine
835 4185 927 4224 suo
960 4173 1127 4226 vocari
1156 4174 1340 4244 jussit.
1375 4171 1480 4227 Per
1507 4173 1640 4227 idem
1685 4183 1879 4245 tempus
1911 4171 2089 4228 Romae

495 4261 790 4318 Favorinus
830 4273 877 4318 et
918 4261 1185 4319 Palaemon
1229 4264 1456 4320 rhetores
1505 4263 1748 4331 insignes,
1798 4281 1992 4318 necnon
2041 4274 2088 4319 et

495 4355 730 4414 Herodes
778 4359 1098 4413 Atheniensis
1127 4365 1172 4413 et
1214 4357 1421 4415 Marcus
1466 4359 1798 4416 habebantur.
1846 4357 1955 4414 Iste
2003 4358 2084 4414 fa-

495 4449 856 4528 cundissimus
884 4449 1076 4508 Latino
1098 4467 1370 4524 sermone,
1396 4453 1598 4510 Graccis
1621 4453 1812 4510 litteris
1837 4452 2086 4510 eruditis-

2121 3189 2170 3254 C

2197 2413 2430 2484 jactabat
2461 2414 2632 2484 palam
2663 2411 2778 2482 plus
2819 2426 2874 2464 se
2902 2410 3005 2464 otio
3035 2410 3282 2476 adeptum
3318 2420 3460 2474 quam
3486 2401 3611 2455 armis
3641 2411 3707 2450 ca-

2208 2517 2359 2563 teros.
2393 2506 2581 2578 Ofﬁcia
2611 2523 2736 2560 sane
2757 2504 2980 2575 publica,
3003 2511 3050 2556 et
3074 2499 3344 2565 Palatina,
3365 2512 3535 2552 necnon
3554 2489 3706 2554 militia,

2204 2599 2258 2656 in
2290 2616 2401 2654 eam
2423 2601 2640 2669 fortnam
2684 2597 2894 2663 statuit,
2939 2610 3054 2666 qute
3080 2595 3261 2663 paucis
3299 2584 3578 2662 permutatis,
3602 2579 3706 2634 hodie

2205 2702 2485 2768 permanet.
2517 2688 2716 2746 Dehinc
2743 2689 3021 2744 miserabili
3045 2687 3190 2742 exitu
3214 2691 3517 2752 consumptus
3547 2683 3619 2740 est,
3637 2685 3710 2725 cnt-

2205 2769 2342 2840 eiatu
2371 2785 2707 2840 membrorum
2736 2783 2958 2837 omnium
2980 2781 3268 2849 confectus,
3299 2777 3351 2831 in
3387 2779 3560 2828 tantum
3588 2775 3629 2820 ut
3644 2777 3711 2818 ere

2206 2873 2294 2932 bro
2319 2894 2424 2933 sese
2453 2876 2858 2946 interﬁciendum
2901 2873 3252 2927 ministrorum
3289 2861 3527 2938 ﬁdissimis
3559 2865 3712 2928 precati

2205 2969 2432 3038 offerret,
2455 2976 2534 3023 'ac
2570 2986 2633 3024 ne
2676 2970 2728 3022 in
2753 2967 3081 3037 semetipsum
3114 2963 3339 3025 steviret,
3382 2952 3712 3012 charissimorlttll

2206 3065 2438 3118 custodia
2466 3072 2772 3119 servaretur.
2801 3059 2903 3114 Hic
2941 3075 3044 3114 non
3077 3071 3326 3128 magnam
3356 3045 3614 3108 clementia!
3635 3039 3711 3109 310-

2204 3155 2338 3209 riam
2368 3154 2570 3220 habuit,
2601 3151 3044 3221 diligentissimus
3083 3157 3268 3203 tamen
3302 3144 3436 3200 circa
3463 3133 3658 3230 sentitlﬂl
3677 3132 3713 3181 θῑ

2203 3244 2434 3301 militaui
2461 3243 2815 3314 disciplinam.
2846 3240 2990 3296 Obiit
3013 3237 3039 3276 ιι
3061 3239 3114 3292 in
3136 3233 3423 3306 Campania
3443 3227 3562 3299 apud
3583 3221 3710 3322 Bajff.

2202 3337 2411 3409 imperii
2439 3349 2581 3392 anno
2599 3311 2868 3404 ivigesinto
2899 3331 3089 3402 primo,
3123 3343 3320 3385 mense
3351 3324 3570 3387 decimo,
3593 3323 3636 3372 et
3657 3311 3712 3366 die

2198 3432 2494 3502 vigesimo:
2527 3437 2549 3466 ⁸
2579 3427 2743 3483 atatis
2770 3421 3082 3494 sexagesimo
3117 3431 3166 3476 et
3207 3419 3367 3475 altera
3390 3429 3530 3470 anno.
3549 3410 3713 3465 Senatus

2197 3525 2248 3582 ei
2277 3525 2511 3580 tribuere
2539 3523 2703 3577 noluit
2732 3519 2940 3576 divinos
2971 3520 3234 3574 honores.
3265 3513 3480 3574 Tamen,
3503 3519 3603 3564 cum
3629 3510 3713 3556 sue-

2197 3633 2382 3678 cessor
2410 3617 2578 3688 ipsius
2617 3613 2770 3671 Titus
2801 3611 3052 3670 Aurelius
3097 3609 3402 3667 Antoninus
3429 3599 3622 3688 Fulvius
3644 3595 3710 3647 ltot

2197 3687 2548 3768 vehementer
2572 3707 2830 3778 exigeret,
2864 3713 2919 3759 et
2943 3700 3183 3759 universi
3211 3705 3481 3758 senatores
3497 3687 3640 3763 palam
3653 3692 3710 3738 te-

2196 3801 2474 3872 sisterent,
2491 3799 2719 3854 tandem
2749 3795 3000 3853 obtinuit.

2678 3887 3066 3947 ANTONI‘NUS
3119 3884 3299 3942 PIUS.

2265 3993 2408 4065 Ergo
2436 3991 2671 4049 Adriano
2707 3991 2962 4045 successit
2991 3985 3200 4055 quintus
3235 3980 3451 4036 decimus
3470 3973 3526 4030 ab
3541 3965 3710 4068 Augflo

2195 4086 2267 4142 Μ.
2319 4057 2622 4141 Antoninus
2670 4081 2886 4137 Fulvius
2927 4075 3220 4148 Bojonius,
3273 4073 3411 4130 idem
3453 4068 3591 4124 etiam
3623 4057 3710 4113 Ρὶιιε

2193 4190 2372 4250 postea
2400 4179 2724 4243 nominatus,
2771 4187 2964 4246 genere
3003 4173 3171 4238 claro,
3228 4169 3326 4226 sed
3369 4179 3468 4222 non
3495 4151 3710 4215 admodum

2193 4281 2394 4328 vetere.
2430 4270 2532 4326 Iste
2553 4270 2617 4323 ab
2638 4269 2867 4322 Adriano
2887 4266 2938 4321 in
2963 4265 3128 4333 ﬁlium
3152 4264 3445 4331 adaptatus,
3465 4255 3590 4320 cuitu
3607 4255 3712 4318 9m?

2195 4369 2389 4440 fuerat,
2421 4365 2502 4421 vir
2528 4363 2772 4435 insignis,
2805 4361 2892 4432 qui
2933 4358 3126 4415 merito
3158 4344 3712 4444 Numa-Pompilio?"

2193 4437 2419 4524 leratur,
2454 4459 2524 4512 ita
2553 4468 2610 4512 ut
2639 4455 2864 4511 Romulo
2887 4453 3154 4523 Trajanus
3183 4455 3498 4521 mquaretur.
3528 4437 3646 4494 Vixit
3662 4437 3716 4484 itt-

493 4543 666 4602 Bimus
695 4543 812 4614 fuit,
859 4546 933 4602 ita
970 4555 1024 4600 ut
1072 4562 1105 4601 a
1146 4548 1398 4618 plerisque
1424 4547 1686 4604 Gra'culus
1714 4548 2080 4621 appellaretur.
2103 4582 2166 4645 ΙΙ)
2189 4553 2335 4626 genti
2365 4557 2384 4597 t
2415 4551 2714 4616 honestate,
2747 4549 2944 4618 privato
2982 4545 3152 4616 major
3183 4539 3426 4645 imperio,
3459 4529 3724 4645 nulli-filii“,

493 4613 876 4693 Atheniensium
899 4638 1069 4692 studia
1100 4613 1361 4710 moresque
1383 4641 1544 4707 auxit,
1573 4613 1767 4709 peritus
1793 4658 1894 4696 non
1915 4643 2086 4697 solum
2103 4613 2311 4716 "ius,
2344 4643 2550 4701 cunctis
2579 4643 2841 4712 benignus
2862 4681 2878 4708 ,
2914 4642 2968 4694 in
3014 4653 3072 4694 re
3104 4633 3331 4692 militari
3361 4627 3603 4688 moderata
3636 4613 3712 4687 glo-

499 4743 751 4792 sermone,
774 4730 863 4783 sed
881 4741 930 4786 et
959 4729 1156 4786 caeteris
1181 4731 1484 4802 disciplinis,
1519 4729 1764 4799 canendi,
1806 4733 2081 4803 psallendi,

475 4811 834 4892 'tnedendique
859 4823 1087 4892 scientia,
1116 4824 1358 4888 musicus,
1387 4834 1664 4894 geometra,
1695 4825 1876 4896 pictor,
1910 4825 2084 4893 ﬁctor-

491 4928 590 4984 que
615 4929 678 4968 ex
703 4928 822 4981 are,
866 4925 912 4969 et
941 4930 1226 4983 marmore,
1269 4917 1498 4987 proxime
1547 4915 1859 4989 Polycletus,
1891 4929 1938 4974 et
1968 4917 2081 4973 Eu-

489 5007 800 5080 phranoras.
844 5005 1073 5064 Proinde
1102 5009 1306 5064 omnino
1331 5009 1400 5064 ad
1436 5011 1536 5065 ista
1563 5021 1636 5066 est
1666 5013 1865 5082 factus,
1897 5021 1952 5066 ut
1979 5015 2082 5067 ele-

489 5103 700 5176 gantius
728 5117 992 5174 nunquam
1034 5104 1314 5175 quidquam
1357 5103 1595 5160 humanae
1634 5120 1714 5159 res
1753 5116 1970 5175 experta:
2009 5107 2082 5162 vi-

489 5195 732 5251 deantur.
769 5193 966 5252 Memor
1008 5212 1163 5268 supra
1207 5190 1362 5268 quani
1407 5197 1644 5268 cuiquam
1684 5197 1924 5252 credibile
1969 5209 2078 5268 est,

487 5286 650 5357 locos,
675 5290 906 5360 negotia,
921 5289 1141 5354 milites,
1185 5289 1415 5347 absentes
1459 5306 1659 5362 quoque
1684 5291 1970 5346 nontinibus
1999 5308 2080 5347 re-

490 5395 731 5448 censere;
772 5397 881 5436 rem
921 5383 1157 5438 immensi
1185 5382 1376 5439 laboris
1395 5423 1410 5451 ,
1451 5386 1637 5456 quippe
1674 5386 1764 5456 qui
1791 5386 2077 5457 prouincias

559 5525 592 5592 ξι
622 5521 712 5587 Α.,
735 5535 835 5592 pro
863 5522 1114 5590 Decibali,
1152 5524 1312 5580 habet
1338 5525 1473 5580 civili
1495 5539 1598 5582 res.

562 5587 590 5626 ³³
623 5587 1049 5660 ΑΙ.,’(;ταηὶιιηο.
1081 5587 1212 5651 Vide
1233 5595 1512 5653 Zonaram.

567 5660 590 5732 ξ
626 5662 814 5716 Euseb.
851 5665 1074 5732 Chron.,
1105 5665 1382 5722 Chorebas.

566 5719 593 5758 δ
619 5733 682 5786 Α.
711 5750 728 5788 :
763 5732 828 5813 In
843 5719 1132 5813 pomponio
1150 5719 1690 5813 majorsexagenario,
1716 5742 1918 5813 imperii
1938 5758 2074 5798 anno

488 5805 581 5864 21,
613 5819 780 5880 mense
803 5807 892 5880 ll),
915 5807 1108 5880 die72f2.
1142 5805 1364 5862 Senatus
1383 5805 1586 5868 nolebat
1617 5805 1686 5880 ei,
1715 5805 1820 5869 etc.

568 5881 590 5910 ε
619 5871 689 5928 lla
721 5885 775 5928 cl.
805 5876 892 5944 ll.,
923 5879 1016 5934 sed
1051 5879 1268 5951 EuIrOp.
1297 5883 1388 5939 ‘29.

2189 4743 2288 4808 tia,
2318 4739 2606 4796 defendere
2635 4736 2804 4806 magis
2835 4731 3139 4802 provincias
3165 4743 3331 4802 quam
3371 4717 3603 4791 ampliare
3631 4717 3712 4763 stu-

2188 4838 2360 4902 dens,
2403 4835 2547 4890 viros
2597 4829 2929 4901 tequissimos
2967 4825 3035 4882 ad
3079 4814 3712 4902 administraudamircmll-

2187 4941 2452 5001 quierens,
2485 4925 2644 4982 bonis
2669 4921 2930 4978 honorem
2961 4917 3185 4984 habens,
3231 4909 3497 4984 improbos
3528 4901 3625 4958 sine
3645 4892 3713 5001 all-

2186 4995 2288 5095 qua
2326 5020 2616 5080 acerbitate
2661 5016 2937 5074 detestans
2986 5014 3011 5052 ⁸
3047 5010 3266 5083 regibus
3309 5005 3497 5063 amicus
3533 4995 3708 5098 esse

2187 5084 2340 5181 deus;
2387 5131 2504 5168 cum
2547 5113 2719 5167 orbem
2759 5118 2908 5163 terrae
2944 5103 3088 5160 nullo
3117 5103 3250 5158 bello
3278 5117 3368 5173 per
3409 5105 3558 5150 annos
3586 5084 3704 5154 vigit!

2185 5219 2284 5264 tres
2305 5206 2416 5260 sola
2437 5205 2738 5259 auctoritate
2762 5201 2970 5266 rexerit,
2993 5197 3124 5252 adeo
3145 5190 3475 5250 trementibus
3492 5195 3590 5240 eum
3607 5185 3694 5243 tu‘i'I

2185 5300 2472 5354 amantibus
2503 5297 2696 5351 cunctis
2722 5294 2944 5366 regibus,
2973 5289 3386 5357 nationibusque,
3409 5290 3454 5337 et
3474 5271 3732 5376 populisHi-

2183 5403 2464 5466 parentem,
2497 5407 2585 5446 seu
2613 5399 2906 5462 patronum,
2937 5385 3098 5457 magis
3134 5398 3295 5452 quam
3325 5377 3572 5434 dominum
3593 5375 3715 5429 IMP"

2257 5526 2280 5596 ξ
2315 5530 2404 5596 Α.,
2437 5525 2692 5578 honestate
2719 5522 2968 5596 privatus,
2992 5519 3042 5571 in
3072 5515 3264 5596 majori
3292 5515 3419 5581 imp.
3601 5575 3710 5596 ..Μ
3759 5567 3771 5590 ο

2257 5595 2282 5632 ⁸
2438 5575 2691 5667 “Regibus
2719 5575 2911 5667 fatrit‘cis
2937 5575 3240 5667 venerabilis
3279 5575 3381 5640 non
3405 5578 3567 5667 minus
3591 5575 3710 5667 ﬁt:

2189 5643 2447 5737 terribilis,
2471 5643 2688 5722 3.228;}
2709 5643 3038 5719 barbarorum
3062 5659 3304 5737 plurimae
3331 5655 3563 5737 nationes,

2189 5707 2447 5737 scrlwuw,
2475 5707 2602 5722 unum
2633 5707 2686 5720 υσ-
2709 5707 2878 5719 ν-ν-ν-ι
2892 5707 2936 5717 ν-
2956 5707 3038 5715 ν...-
3062 5707 3165 5731 ru"
3183 5707 3295 5712 μμ..
3331 5707 3390 5736 ﬁ:
3551 5707 3560 5712 ,

2181 5745 2294 5798 sitis
2315 5743 2493 5806 armis,
2527 5737 2593 5790 ad
2633 5753 2747 5790 eum
2777 5735 3145 5806 controversias
3179 5745 3327 5796 suos,
3353 5727 3546 5793 ιιιαιμιε
3572 5707 3708 5780 δεῖθ’

2182 5828 2314 5884 rent,
2347 5803 2702 5878 sententuvque
2730 5817 2982 5879 parerent.
3016 5803 3138 5860 llic.

3825 2503 3827 2570 ς

3825 3073 3827 3224 ἕ
