3918 6344
206 352 291 425 885
1244 346 1573 414 'nrsroms
1614 338 1975 413 uiscum.
2021 387 2089 398 —
2126 346 2255 415 us.
2286 348 2363 414 ix.

3315 348 3417 421 sse

202 484 465 537 ratoretnve,
500 473 809 538 reputarent,
840 474 1105 537 omnesque
1142 468 1195 521 in
1226 474 1414 523 inorem
1456 469 1732 525 caelestium
1762 462 1812 530 Α
1839 469 1939 538 ipsi
1964 469 2028 525 de
2054 466 2130 526 nis
2151 473 2515 542 quamplurimi
2544 471 2843 539 retulerunt,
2888 474 3070 545 quibus
3107 482 3197 548 ego
3236 482 3413 549 pater-

200 565 432 640 propitium
459 569 702 629 optantes,
750 558 814 614 tle
854 559 1204 615 controversiis
1254 561 1381 615 inter
1420 578 1473 615 se
1507 562 1738 633 judicent

201 666 437 731 poscerent.
471 653 600 719 Quin
637 652 788 706 etiam
837 650 979 718 Indi,
1030 650 1231 719 Bactri,
1287 650 1499 707 Hircani
1544 654 1737 723 legatos

198 750 359 810 misere,
385 744 572 813 iustitia
618 744 746 796 tanti
774 743 1094 813 imperatoris
1146 755 1435 813 comperta,
1475 760 1625 815 quam
1656 756 1735 798 ar-

196 843 319 895 nabat
345 841 367 869 °
393 838 523 891 vultu
548 837 674 891 serie
699 837 928 906 Pulchro,
966 850 1201 905 procerus
1236 837 1473 903 membra,
1506 839 1737 891 decenter

196 933 396 995 solidas;
442 928 730 996 priusquam
779 928 1079 983 salutandus
1129 930 1396 1000 prodiret,
1460 930 1737 1001 degustans

196 1024 314 1090 panis
338 1022 657 1087 aliquantum,
680 1037 742 1074 ne
768 1021 1065 1088 frigesrente
1095 1008 1283 1075 circum
1314 1021 1597 1091 prtecordia
1618 1036 1737 1074 san-

192 1116 330 1187 guine,
354 1130 436 1183 per
450 1113 705 1184 jejunium
734 1113 918 1168 viribus
944 1115 1103 1167 exesis
1130 1115 1513 1185 interciperetur
1534 1155 1548 1181 ,
1580 1128 1736 1183 eoque

192 1211 305 1263 actui
341 1206 649 1279 publicorum
693 1209 899 1261 minime
939 1208 1220 1277 sufﬁceret,
1263 1224 1409 1278 quem
1450 1207 1736 1262 incredibili

188 1301 415 1372 diligentia
442 1300 507 1353 ad
535 1299 752 1369 speciem
782 1298 957 1366 Optimi
1003 1300 1385 1369 patrisfamilias
1425 1298 1732 1370 exsequeba-

188 1404 266 1461 tur,
312 1392 586 1461 appetenti'a
632 1388 809 1460 gloria:
858 1404 1053 1455 carens,
1104 1394 1149 1443 et
1196 1390 1557 1455 oitentatione,
1608 1389 1735 1442 adeo

184 1496 459 1551 mansuetus,
488 1492 541 1538 ut
574 1483 875 1537 instantibus
920 1478 1161 1537 Patribus
1203 1482 1271 1536 ad
1312 1499 1397 1537 eos
1425 1484 1513 1553 qui
1556 1489 1735 1535 contra

184 1595 276 1634 eum
315 1582 667 1648 conjurarant,
706 1579 1075 1647 persequendos
1114 1579 1462 1645 compresserit
1492 1578 1732 1647 quaestio-

182 1682 292 1736 nem,
324 1671 540 1739 profecto
563 1670 727 1723 sciens
751 1683 947 1721 necesse
974 1676 1075 1722 n‘on
1106 1685 1214 1722 esse
1244 1668 1444 1723 sceleris
1473 1670 1524 1720 in
1552 1676 1733 1722 seruet-

181 1761 321 1832 ipsum
340 1762 540 1830 cupidos
574 1763 884 1832 pertinacius
912 1762 1184 1832 indagari,
1226 1762 1347 1831 quia
1378 1765 1423 1815 si
1451 1762 1620 1832 plures
1651 1778 1732 1814 re-

1838 574 1957 614 nam
2005 568 2203 617 secutus
2254 567 2555 619 sententiam
2603 566 2715 635 pari
2766 568 3110 623 moderatione
3158 571 3416 641 rescripsi.

1842 651 1992 719 Quod
2037 654 2081 707 si
2120 656 2232 720 quis
2280 657 2495 725 persistit
2541 658 2894 730 hujuscemodi
2923 661 3207 715 hominibus
3236 664 3423 732 absque

1837 743 1943 798 ulla
1970 747 2179 800 crimine
2208 762 2402 803 movere
2449 752 2683 819 negotia,
2734 750 2820 804 ille
2865 751 3065 818 quidem
3096 754 3183 819 qui
3226 754 3423 806 delatus

1837 850 1929 904 pro
1959 835 2051 887 hoc
2076 838 2275 891 nomine
2298 839 2469 906 fuerit,
2499 838 2793 892 absolvatur
2812 880 2826 904 ,
2874 841 3073 894 etiamsi
3098 841 3337 912 probetur
3370 842 3423 897 id

1838 941 1960 990 esse,
1988 929 2124 997 quod
2142 932 2188 983 ei
2209 931 2465 1000 objicitur,
2489 930 2831 988 Christianus.
2854 932 2910 987 Is
2935 944 3101 988 autem
3124 937 3213 1006 qui
3234 938 3426 991 crimen

1840 1020 2105 1087 obtendit,
2153 1036 2272 1076 reus
2316 1036 2475 1091 poznce
2524 1026 2686 1096 ipsius
2736 1036 2888 1096 quam
2936 1028 3116 1099 objecit
3152 1029 3362 1083 existat.
3401 1048 3419 1081 ι

1842 1108 2120 1181 Proposita
2164 1113 2352 1183 Ephesi
2380 1117 2578 1186 publice
2604 1121 2656 1172 in
2682 1129 2927 1173 conventu
2954 1120 3107 1174 Αδίιυ.
3146 1119 3252 1175 Per
3292 1122 3426 1174 idem

1838 1216 2035 1281 tempus
2067 1213 2243 1267 liomtc
2279 1218 2576 1285 agnoscitur
2620 1217 2842 1272 Arianus
2883 1219 3220 1288 philosophus
3270 1220 3427 1275 Nico-

1837 1305 2107 1357 mediensi‘s
2135 1314 2344 1374 praetor,
2388 1318 2582 1363 necn'on
2614 1318 2661 1363 et
2685 1309 2950 1364 Maximus
2981 1312 3186 1382 Tyrius,
3219 1312 3428 1384 Apollo-

1837 1396 1951 1450 nius
1984 1390 2209 1465 Stcicus,
2244 1395 2636 1466 Chalcedonius,
2672 1400 2945 1469 Basilides,
2976 1400 3002 1439 ἀ
3033 1394 3423 1470 Citopolitanus.

1839 1486 1939 1541 Isti
1967 1488 2120 1541 etiam
2167 1490 2393 1559 magistri
2435 1492 2678 1546 verissimi
2723 1491 2939 1546 thsaris
2984 1496 3213 1547 extitere.
3259 1486 3429 1565 Igitur

1839 1580 2091 1634 Antonius
2125 1582 2148 1611 θ
2177 1572 2316 1649 apud
2364 1572 2543 1635 Larius
2592 1582 2711 1637 villa
2751 1585 2990 1652 propria,
3041 1580 3262 1637 millibus
3309 1602 3430 1653 pas-

1838 1680 1987 1724 suum
2012 1671 2281 1725 duodecim
2310 1672 2372 1724 ab
2407 1664 2560 1739 Urbe,
2593 1673 2721 1741 febri
2753 1691 3034 1742 paucorum
3063 1677 3280 1741 dierum,
3315 1686 3431 1743 post

1842 1760 1955 1813 t'ita:
1984 1772 2174 1814 annum
2205 1764 2633 1832 septuagesimum
2675 1767 2943 1833 septimum
2965 1806 2981 1833 ,
3026 1767 3228 1836 imperii
3258 1768 3431 1821 vicesi-

179 1855 445 1924 perirentur,
484 1859 695 1926 quantis
733 1859 848 1911 odio
885 1867 1011 1911 esset
1040 1856 1424 1927 intelligeretur.
1474 1854 1571 1911 Hic
1610 1867 1733 1913 ante
1764 1842 1813 1907 Β
1841 1860 1980 1906 nium
2012 1854 2215 1906 tertium
2237 1860 2567 1923 consumptus
2592 1864 2686 1920 est,
2719 1864 2875 1924 atque
2900 1858 3037 1910 inter
3060 1858 3211 1912 divos
3233 1860 3430 1917 relatus

180 1944 419 2013 imperium
448 1945 750 2003 ditissimus
782 1950 877 2020 fuit
906 1966 923 2007 .'
954 1965 1140 2004 omnes
1171 1949 1383 2018 Quidam
1431 1964 1561 2017 opes
1608 1963 1733 2003 suas

176 2038 423 2108 stipendiis
470 2040 705 2096 militum
732 2052 785 2098 et
811 2043 949 2098 circa
981 2052 1007 2091 b
1037 2047 1238 2101 amicos
1287 2043 1578 2099 liberaliter
1622 2058 1734 2096 ero-

176 2132 317 2199 ganda
342 2134 667 2189 contmiuuit.
722 2134 919 2189 Verum
962 2136 1209 2190 aerarium
1258 2134 1565 2204 Opulentum
1612 2133 1731 2187 reli-

175 2225 281 2291 quit.
324 2225 443 2279 Pius
494 2234 720 2296 prOpter
760 2227 1098 2283 clementiam
1144 2226 1372 2282 c'dictus
1408 2235 1509 2283 est.
1558 2224 1735 2296 Hujus

175 2316 445 2385 temporibus
474 2315 717 2371 Justinus
746 2318 1080 2388 philosOphus
1110 2319 1291 2372 librum
1319 2334 1410 2387 pro
1438 2317 1736 2372 Christiana

175 2410 383 2476 religione
425 2414 768 2481 compositum
815 2414 980 2466 eidem
1007 2414 1263 2469 Antonino
1310 2412 1553 2477 tradidit,
1600 2411 1737 2464 beni-

173 2512 389 2568 gnumque
417 2516 527 2556 eum
557 2510 686 2574 erga
710 2500 1022 2558 Christianos
1052 2504 1281 2559 homines
1307 2506 1445 2575 fecit.
1494 2502 1594 2569 Qui
1634 2520 1734 2557 non

173 2590 293 2661 longe
319 2602 425 2659 post
450 2597 734 2647 suscitante
761 2608 815 2647 se
842 2595 1206 2663 persecutione,
1237 2604 1281 2648 et
1314 2603 1581 2660 crescente,
1609 2592 1738 2645 scri-

171 2683 249 2751 psit
288 2687 526 2740 nnit-ersis
556 2680 797 2756 plebibus
842 2689 975 2742 Asia:
1012 2687 1277 2758 epistolam
1320 2689 1373 2741 in
1420 2687 1498 2741 his
1536 2686 1696 2741 verbis
1720 2703 1739 2742 :

174 2786 190 2824 t
223 2774 317 2845 ligo
342 2778 540 2845 quidem
572 2790 685 2832 ston
712 2776 929 2850 ambigo,
963 2782 1114 2833 etiam
1142 2781 1265 2847 ipsis
1306 2779 1403 2833 diis
1433 2790 1571 2833 cura:
1595 2797 1701 2833 esse
1720 2812 1736 2845 ι,

169 2874 222 2918 ne
242 2870 317 2935 qui
342 2874 521 2925 noxius
546 2872 766 2935 lateat;
795 2872 951 2925 multo
982 2872 1111 2925 enim
1150 2871 1314 2941 magis
1356 2870 1480 2939 ipsis
1512 2872 1738 2924 convenit

170 2960 322 3022 punire
345 2976 446 3030 eos,
478 2964 569 3033 qui
610 2954 706 3016 sibi
734 2961 1001 3017 immolare
1038 2964 1241 3026 nolunt,
1270 2976 1421 3031 quam
1448 2963 1605 3017 vobis.
1633 2962 1737 3015 Sed

166 3054 559 3120 tosconﬁrmatis
618 3070 794 3106 eorum
842 3070 967 3121 quos
1012 3053 1370 3123 persequimini
1410 3053 1730 3118 sententiam,

168 3154 292 3209 quam
317 3146 373 3197 tle
398 3146 536 3199 vobis
584 3144 779 3198 habent
810 3147 1027 3199 (licentes
1057 3158 1142 3197 vos
1171 3146 1378 3212 impios,
1422 3154 1465 3197 et
1497 3144 1604 3197 sine
1646 3144 1739 3197 deo

1839 1944 1923 1997 est
1956 1950 2009 1997 et
2049 1944 2241 1998 merito
2285 1952 2651 2010 consecratus,
2698 1950 2715 1987 ί
2748 1948 2819 2000 ita
2858 1957 2908 2002 ut
2954 1949 3003 2001 in
3054 1950 3293 2003 honorem
3323 1953 3431 2021 ejus

1839 2035 2045 2101 templa,
2096 2034 2413 2099 sacerddtes,
2459 2048 2613 2107 atque
2668 2037 2875 2106 inﬁnita
2922 2041 3026 2092 alia
3067 2042 3265 2095 decreta
3308 2044 3431 2096 sint.
3488 2070 3489 2073 η

1845 2128 2014 2199 Usque
2041 2130 2169 2184 adeo
2196 2141 2364 2183 autem
2397 2132 2532 2185 mitis
2558 2135 2677 2202 fuit,
2703 2143 2753 2186 ut
2781 2149 2893 2186 cum
2924 2135 2984 2187 ob
3008 2136 3193 2203 inapia:
3219 2135 3434 2206 frumen~

1841 2222 1989 2274 tariw
2020 2222 2358 2292 suspicionem
2384 2224 2642 2292 lapidibus
2671 2239 2700 2276 a
2725 2226 2920 2294 popqu
2948 2224 3176 2280 Romano
3202 2228 3435 2297 perstrin-

1842 2323 2062 2381 geretur,
2094 2314 2330 2368 maluerit
2356 2314 2552 2370 ratione
2572 2316 2801 2385 exposita
2824 2318 3050 2386 placare,
3084 2334 3234 2388 quam
3257 2317 3435 2373 ulcisci

1841 2405 2165 2461 seditionem.
3216 2418 3223 2419 ί

2391 2494 2461 2553 Μ.
2503 2490 2869 2557 AUItELIUS.

1916 2591 2064 2646 Anno
2118 2590 2179 2646 ab
2241 2590 2375 2647 Urbe
2430 2590 2635 2647 condita
2680 2591 2810 2661 9H,
2863 2586 2941 2646 Μ.
2974 2584 3210 2647 Aurelius
3265 2591 3435 2651 Anto-

1845 2685 2004 2741 ninus
2054 2686 2260 2751 Verus,
2290 2684 2694 2740 sextusdecimus
2741 2686 2803 2739 ab
2852 2687 3116 2757 Augusto,
3152 2683 3435 2756 Imperium

1845 2780 2061 2852 adeptus
2105 2790 2209 2849 est,
2252 2781 2393 2836 haud
2426 2780 2586 2837 dubie
2618 2779 2983 2836 nobilissimus
3016 2798 3027 2833 :
3083 2782 3279 2852 quippe
3308 2795 3431 2836 cum

1847 2870 1962 2943 ejus
2013 2872 2165 2942 origo
2215 2880 2436 2943 paterna
2488 2888 2515 2925 a
2568 2864 2736 2927 Numa
2788 2862 3083 2940 Pompilio,
3120 2876 3359 2926 materna
3404 2886 3434 2925 a

1845 2963 2126 3018 Salentitto
2175 2979 2302 3034 rege
2357 2963 2643 3033 penderet,
2696 2973 2750 3018 et
2799 2970 2919 3018 eum
2969 2976 3033 3017 eo
3065 2961 3179 3019 3L.
3231 2958 3435 3019 Annius

1851 3054 2159 3110 Antoninus
2190 3050 2383 3111 Verus.
2418 3054 2443 3092 ¹¹
2478 3055 2723 3122 Tumque
2750 3046 2993 3110 Ronnnna
3034 3044 3198 3125 Resp.
3231 3055 3437 3110 duobus

1848 3158 2002 3218 sequo
2028 3146 2152 3218 jure
2192 3144 2473 3217 imperium
2516 3146 3014 3203 administrantibus
3062 3142 3271 3220 paruit,
3312 3164 3434 3205 cum

171 3247 274 3287 me.
301 3235 438 3291 Unde
464 3244 509 3292 et
534 3237 823 3309 optabilius
851 3238 1033 3291 habent
1054 3239 1275 3291 animum
1298 3251 1483 3307 ponere
1513 3251 1603 3305 pro
1629 3234 1736 3289 Deo
1773 3212 1817 3271 C
1857 3212 2120 3309 us-zmevsd
2171 3212 2293 3296 cum
2325 3240 2565 3311 singulos
2596 3250 2808 3311 semper
2842 3212 3118 3297 habuisset
3145 3241 3434 3313 Augustos.

167 3339 262 3389 suo,
283 3337 323 3380 et
345 3340 554 3384 mortem
585 3330 807 3385 libenter
844 3331 1114 3399 amplecti,
1167 3340 1318 3399 quam
1361 3328 1500 3383 vobis
1546 3330 1744 3396 acquie-

164 3434 296 3486 scere,
323 3432 367 3475 et
394 3426 444 3476 in
469 3433 663 3479 vestrtc
680 3424 945 3494 religionis
959 3426 1079 3495 jura
1104 3422 1396 3478 concedere.
1420 3416 1498 3476 De
1526 3422 1742 3477 matibns

162 3524 305 3568 autem
332 3526 497 3584 terrae,
532 3520 633 3589 qui
675 3520 753 3585 vel
782 3519 906 3590 facti
933 3526 1085 3583 sunt,
1116 3519 1192 3571 vel
1232 3517 1389 3571 etiam
1422 3528 1554 3570 uuae
1580 3516 1741 3583 ﬁunt,

159 3606 404 3662 absurdum
433 3626 537 3664 non
572 3611 677 3664 erit
707 3622 968 3665 mwrorem
1014 3621 1235 3663 vestrum
1273 3608 1417 3679 justa
1458 3607 1740 3662 commoni-

162 3694 273 3749 tione
300 3702 473 3755 solari.
516 3702 785 3766 Quoniam
809 3701 1013 3771 quidem
1043 3700 1285 3766 comperi,
1316 3700 1451 3769 quod
1477 3698 1529 3753 in
1560 3698 1743 3770 hujus-

157 3791 326 3843 cemodi
374 3792 530 3847 rebus
572 3792 652 3847 ad
704 3793 912 3846 illorum
955 3793 1201 3845 invidiam
1254 3804 1542 3845 communes
1592 3806 1743 3843 casus

159 3880 433 3947 transfertis.
484 3883 556 3938 In
582 3900 687 3954 quo
714 3883 792 3938 illi
819 3884 1020 3953 quidem
1048 3885 1293 3955 majorem
1335 3882 1581 3951 ﬁduciam
1609 3876 1745 3935 acci-

156 3967 276 4030 Piunt
306 3973 445 4041 apud
479 3973 682 4028 Deum.
738 3973 840 4028 Vos
869 3984 1035 4027 autem
1066 3975 1118 4027 in
1164 3975 1302 4027 onmi
1344 3984 1596 4041 tempore,
1642 3986 1741 4041 quo

155 4054 205 4107 de
244 4059 425 4116 talibus
456 4064 744 4134 ignoratis,
793 4074 998 4118 ca’teros
1037 4065 1241 4135 quidem
1289 4063 1407 4118 deos
1456 4063 1734 4134 negligitis,

152 4150 324 4205 cultum
348 4169 466 4211 vero
510 4156 829 4210 immortalis
865 4155 996 4223 Dei,
1028 4172 1170 4226 quem
1217 4155 1497 4210 Christiani
1525 4156 1698 4209 colunt
1725 4198 1739 4222 ,

155 4234 380 4313 eepeltitis
408 4259 455 4304 et
484 4250 801 4319 deturbatis,
835 4264 992 4321 usque
1022 4253 1088 4306 ad
1119 4260 1330 4307 mortem
1358 4251 1577 4306 cultores
1599 4246 1743 4306 illius

152 4336 459 4399 observantia:
482 4355 892 4417 persequentes:
919 4362 1069 4417 super
1097 4348 1278 4416 quibus
1308 4347 1517 4419 plurimi
1539 4364 1601 4401 ex
1622 4364 1743 4417 pro-

152 4432 305 4490 vinciis
326 4439 536 4509 judices
569 4441 732 4495 etiam
751 4440 1027 4495 venerabili
1046 4442 1182 4510 patri
1208 4452 1378 4495 nostro
1401 4444 1732 4510 scripserant.

1851 3324 1949 3401 lli,
1975 3340 2029 3389 et
2070 3348 2266 3403 genere
2309 3334 2581 3405 conjuncti
2614 3336 2751 3389 inter
2782 3351 2840 3389 se
2869 3333 3115 3401 fuerunt,
3164 3344 3220 3390 et
3262 3334 3436 3390 afﬁni-

1854 3428 1978 3483 tate.
2008 3412 2143 3481 Nam
2184 3426 2199 3464 ί
2234 3414 2409 3482 Verus
2440 3440 2626 3498 nepos,
2658 3426 2956 3482 Antoninus
2986 3442 3149 3497 gener
3180 3424 3435 3482 Antonini

1850 3512 1929 3574 Pii
1974 3519 2109 3585 fuit,
2154 3530 2250 3589 per
2290 3534 2514 3575 uxorem
2550 3516 2563 3569 i
2608 3520 2873 3575 Galeriam
2922 3510 3230 3574 Faustinam
3272 3518 3436 3574 mino-

1850 3628 1963 3667 rem
2015 3611 2396 3668 consobrinam
2445 3627 2618 3667 suam.
2669 3612 2734 3668 lii
2785 3612 2981 3669 bellum
3032 3608 3059 3649 κ
3107 3619 3289 3669 contra
3326 3609 3434 3667 Vo-

1851 3704 2081 3774 logesum
2120 3714 2288 3776 regem
2336 3702 2654 3769 Parthorum
2692 3715 3012 3776 gesserunt,
3057 3706 3147 3776 qui
3198 3714 3319 3776 post
3338 3706 3435 3759 ovi-

1847 3796 2070 3851 etorium
2125 3792 2340 3865 Trajani
2395 3798 2622 3865 primum
2671 3793 2689 3834 ι
2746 3796 3134 3865 rebellaverat,
3186 3806 3242 3852 et
3288 3796 3434 3867 gravi

1847 3888 2111 3956 “eruptione
2156 3886 2488 3954 Armeniam,
2539 3886 2952 3958 Cappadociam,
3004 3884 3313 3960 Syriamque
3342 3906 3433 3943 va-

1850 3984 2036 4034 stabat.
2085 3978 2149 4033 L.
2196 3976 2354 4033 Verus
2404 3978 2652 4034 Antonius
2704 3978 3001 4034 Antoninus
3046 3972 3186 4035 adid
3232 3972 3433 4036 bellum

1851 4066 2122 4138 prolectus
2149 4078 2251 4124 est.
2316 4069 2416 4137 Qui
2445 4069 2568 4122 dum
2599 4064 2806 4124 Athenis
2838 4070 3153 4141 sacriﬁcaret
3173 4113 3187 4139 ,
3217 4070 3345 4141 ignis
3376 4071 3430 4124 in

1846 4158 1971 4215 ercto
2003 4160 2064 4214 ab
2101 4156 2378 4214 Occidente
2422 4160 2473 4214 in
2522 4159 2779 4215 Orientem
2820 4162 2941 4232 ferri
2984 4162 3117 4214 visus
3160 4172 3250 4215 est.
3294 4158 3432 4231 Qui,

1848 4248 2152 4307 Antiochia:
2185 4260 2241 4308 et
2273 4254 2415 4308 circa
2448 4252 2754 4307 Armeniam
2784 4258 2981 4321 agens,
3014 4242 3176 4307 multa
3213 4262 3303 4320 per
3336 4246 3433 4307 du-~

1846 4348 2089 4396 cessuos
2118 4342 2349 4411 ingentia
2382 4340 2630 4410 patravit.
2659 4336 2959 4397 Seleuciam
2988 4336 3218 4412 Assyriae
3249 4340 3432 4397 urbem

1845 4434 2249 4502 nobilissimam,
2279 4448 2429 4505 super
2450 4430 2725 4505 Hydaspen
2751 4435 2963 4505 fluvium
2985 4434 3136 4488 sitam
3158 4450 3277 4489 cum
3302 4449 3432 4504 qua-

153 4522 325 4587 Quibus
352 4532 675 4603 rescriptum
698 4530 761 4586 ab
783 4548 861 4598 eo,
888 4542 943 4587 u‘t
963 4534 1091 4588 nihil
1112 4534 1354 4589 molestia:
1380 4534 1733 4603 hujuscemodi
1774 4574 1823 4637 Β
1846 4531 2143 4601 dringentis
2162 4532 2393 4586 millibus
2418 4528 2691 4586 hominum
2722 4530 2882 4599 cepit.
2903 4524 3207 4585 Parthicum
3236 4528 3423 4585 trium-

154 4612 337 4637 I.-.-_s,,:s
746 4632 755 4637 .
874 4625 885 4637 ι
920 4626 930 4637 ο
966 4625 987 4637 ι-
1032 4632 1059 4637 Α-
1580 4627 1611 4637 η
1686 4626 1696 4637 ι
1723 4626 1735 4637 ι
1860 4626 1900 4637 ν.
2045 4632 2077 4637 ψ
2276 4624 2306 4637 ι-
2368 4618 2425 4637 Α».
2450 4623 2500 4637 ιο.
2544 4633 2552 4637 .
2749 4616 2779 4635 6η
2830 4632 2853 4637 ..
2890 4616 2929 4637 αν
3047 4623 3077 4637 ,ο
3150 4616 3160 4633 ό
3208 4635 3214 4637 Α
3322 4621 3406 4637 ιι.-

151 4612 409 4676 hominibus
440 4632 789 4695 generarent,
833 4625 930 4679 nisi
958 4625 1090 4695 forte
1119 4637 1454 4697 arguerentur
1474 4666 1489 4692 ,
1539 4626 1735 4697 aliquid

148 4710 392 4769 adversum
441 4716 680 4772 Romani
720 4717 869 4787 regni
917 4725 1103 4772 statum
1150 4715 1339 4772 moliri.
1393 4716 1498 4773 Sed
1526 4725 1573 4771 et
1616 4718 1741 4771 mihi

206 4922 226 4986 ξ
261 4911 547 4985 Bongars,
584 4924 730 4968 mutu
760 4916 963 4981 invicto,
988 4922 1035 4970 et
1063 4928 1265 4986 sereno,
1290 4925 1338 4970 et
1364 4917 1600 4986 pulchro.

199 4981 232 5047 ,δ
253 4986 339 5049 Α.,
368 4981 573 5040 amicos
606 4986 999 5043 liberalitatibus
1023 4989 1225 5042 minuit.

209 5061 239 5127 ε
258 5058 342 5119 Α..
377 5067 502 5126 post
530 5058 707 5111 dictus
734 5067 838 5113 est:
863 5058 999 5112 Obiit
1022 5061 1163 5127 apud
1188 5060 1366 5113 Urium
1389 5059 1562 5114 villam
1592 5074 1742 5115 suam

148 5124 462 5200 milliaria-ab
494 5127 566 5184 U.
590 5144 697 5200 _x_tt,
726 5131 838 5182 vita:
872 5146 1006 5183 anno
1033 5124 1124 5195 '77,
1151 5132 1274 5200 imp.
1306 5129 1400 5194 23,
1429 5140 1599 5197 atque,
1630 5142 1735 5185 etc.

206 5194 530 5283 fhﬁusebius
588 5194 720 5267 Ms.,
752 5194 1191 5273 Syropolitanus;
1219 5194 1546 5271 impressus,
1582 5194 1739 5273 Cyto»

150 5277 419 5334 politianus.

208 5348 229 5374 ε
259 5342 483 5413 Eutrop.
533 5350 615 5413 et_
655 5341 894 5413 Euseb.:
954 5341 1095 5399 Obiit
1140 5343 1279 5413 apud
1324 5343 1506 5400 Lorios
1560 5343 1734 5399 villam

153 5422 302 5483 suam.
334 5408 444 5480 HJ
462 5411 616 5483 apud
656 5412 853 5467 Urium.

179 5480 225 5560 ,ί
261 5487 355 5560 A._,_
374 5480 543 5540 omis.
581 5492 705 5539 cast.
736 5503 747 5539 :
783 5483 918 5541 Post
943 5485 1079 5540 hunc
1120 5486 1388 5557 imperavit
1433 5485 1512 5541 Μ.
1558 5487 1736 5541 Anto-

146 5552 280 5606 ninus
311 5552 503 5609 Verus.

205 5623 332 5681 Illa
368 5635 426 5683 et
484 5624 720 5695 Eutrop.
778 5625 884 5684 Sed
940 5626 1046 5695 H.,
1108 5626 1173 5683 L.
1232 5626 1426 5684 Annius
1483 5630 1737 5687 Antonius

145 5692 368 5759 Severus.

206 5760 231 5838 if
258 5766 347 5836 Λ.,
386 5765 636 5838 Tumque
666 5767 879 5833 primum
911 5767 1093 5833 Rom.,
1127 5779 1235 5825 etc.

213 5835 228 5875 ί
263 5835 354 5910 A.,
391 5835 567 5896 Verus
600 5839 800 5896 Annius
827 5841 1118 5897 Antoninus
1146 5858 1318 5914 gener,
1349 5853 1455 5901 etc.

1850 4626 2011 4697 plmm
2044 4632 2084 4664 ιη
2110 4624 2334 4682 revexit.
2365 4618 2507 4680 Obiit
2542 4633 2716 4679 tamen
2749 4616 2801 4678 in
2830 4632 2857 4659 ιι
2890 4616 3113 4679 Venetia
3144 4616 3276 4678 inter
3300 4621 3433 4677 Alti-

1848 4730 1971 4773 num
2015 4728 2062 4774 et
2106 4717 2447 4773 Concordiam
2485 4716 2769 4783 civitatem,
2816 4732 2930 4770 cum
2981 4714 3429 4786 proﬁcisceretur,

1923 4922 1937 4972 l
1980 4921 2052 4975 lla
2090 4928 2143 4975 et
2182 4916 2447 4973 Hersield.
2489 4917 2595 4987 Sed
2656 4917 2879 4987 Eutrop.
2907 4913 3234 4987 ,AVaAleriam.
3295 4912 3428 4969 Vide

1845 4990 2442 5065 Orosium_,__cpnomen
2495 4982 2762 5065 Victoris,
2818 4980 3431 5065 ét_C:_npitolinum,.es

1847 5064 2041 5134 quibus
2086 5053 2318 5116 Miscens
2366 5062 2456 5134 hic
2497 5058 2627 5134 tein
2675 5068 2793 5134 sua.
2845 5057 2927 5113 Ab
2967 5053 3068 5134 hoc
3098 5054 3248 5120 loco,
3293 5055 3433 5134 sicut.

1848 5123 1978 5187 alios
2010 5133 2121 5187 iure
2150 5146 2386 5199 semper,
2417 5132 2555 5184 sicut
2583 5128 2647 5184 P.
2682 5129 2950 5199 Diaconos
2982 5127 3142 5199 plura
3182 5123 3428 5199 quadam

1852 5205 2042 5267 habet,
2075 5217 2231 5266 quam
2262 5194 2482 5269 Eutrop.
2511 5242 2526 5265 ,
2560 5202 2627 5253 ita
2674 5210 2860 5269 auctor
2907 5194 3154 5269 Miscellu:
3202 5194 3429 5269 subinde

1849 5274 2000 5343 plura
2028 5264 2184 5328 addit
2214 5264 2484 5334 Diacono,
2512 5264 2570 5325 ut
2599 5268 2900 5326 conierenli
2928 5266 3172 5337 Singulos
3200 5264 3424 5335 patebit.

1848 5345 2070 5481 mysi.”
2102 5422 2277 5467 contra
2310 5412 2543 5481 Parthos,
2559 5417 2843 5481 gesserunt.
2880 5407 3018 5474 Qui,
3047 5416 3151 5481 etc.

1929 5483 1948 5523 1
1984 5476 2076 5551 A.,
2116 5484 2499 5538 rebellaverant.
2533 5476 2697 5535 Verus
2733 5480 3017 5535 Antonium
3062 5478 3129 5533 ad
3156 5478 3212 5532 id
3248 5476 3429 5551 prafe-

1849 5566 1959 5613 etus
1987 5567 2083 5611 est.
2114 5556 2217 5622 Qui
2244 5554 2559 5618 Antiochiae,
2588 5564 2692 5605 etc.

1923 5638 1963 5665 ιη
1996 5632 2058 5680 Α.
2086 5667 2101 5691 ,
2135 5621 2249 5695 post
2300 5626 2530 5678 revexit:
2577 5622 2707 5676 Cant
2757 5621 2914 5693 fratre
2941 5621 3211 5691 eodemque
3248 5626 3427 5675 tecm

1854 5698 2204 5768 triumphavit.
2241 5695 2412 5759 Obiit,
2446 5704 2550 5748 etc.

1923 5779 1952 5807 ιι
1986 5760 2053 5824 Ᾰ.
2084 5786 2095 5823 :
2139 5768 2347 5822 Venetia
2370 5800 2387 5831 ς
2418 5780 2529 5819 cum
2554 5765 2622 5817 de
2649 5761 2937 5819 Concordia
2964 5765 3164 5820 civitate
3187 5760 3423 5819 Al-litlitm

1855 5842 2275 5912 proficisceretur,
2310 5848 2355 5892 et
2385 5851 2502 5891 cum
2535 5836 2724 5902 fratre,
2750 5845 2855 5892 ac.
