3918 6344
518 289 620 348 887

1391 290 1594 350 PAULI
1633 290 1903 350 DIACONI
1943 289 2096 349 OPP.
2134 287 2313 347 PARS
2351 289 2481 346 I.--
2518 290 2909 350 HISTORICA.
3608 314 3683 375 338

516 414 569 464 et
608 418 729 461 cum
768 403 934 461 fratre
960 403 1014 459 in
1046 403 1289 461 vehicqu
1318 409 1579 477 sederet,.
1610 409 1791 465 subito
1840 412 2103 480 sanguine
2129 413 2183 479 Α
2207 399 2401 477 rasset;
2422 408 2914 467 Marcomannicum
2946 407 3142 467 bellum
3172 413 3410 473 confecit:
3435 406 3686 490 tquodcum

514 504 651 552 tctus
670 536 687 562 ,
718 510 847 552 casu
880 496 1085 560 morbi,
1110 512 1267 566 quem
1296 499 1466 555 Graeci
1493 501 1774 566 ἀπὸπληξιν
1805 510 1831 539 ι
1858 509 2052 555 vocant
2076 517 2092 556 :

512 589 794 642 carminum
840 590 1061 643 maxime
1116 592 1427 662 tragicorum
1453 594 1711 648 studiosus
1735 634 1750 657 ,
1780 594 1975 665 ingenii
2005 610 2093 647 as-

509 683 648 751 peri,
697 668 1102 753 atque'loscivi,
1158 688 1459 740 reverentia
1509 697 1683 740 tamen
1735 685 1915 741 fratris
1964 685 2096 741 nihil

509 787 741 841 unquam
788 782 941 829 atrox
972 790 1178 841 ,ausus.
1229 773 1471 847 Cumque
1527 776 1751 832 obiisset
1802 778 2094 832 undecimo

508 877 650 917 anno
706 864 953 934 imperii,
1004 868 1145 923 inter
1192 869 1345 924 divos
1394 871 1594 926 relatus
1643 879 1745 926 est.
1797 872 1927 927 Post
1970 888 2093 928 eum

508 951 717 1008 Morcus
746 956 1048 1012 Antoninus
1086 957 1252 1014 Verus
1295 976 1466 1031 remp.
1511 962 1659 1016 solus
1698 961 1902 1028 tenuit,
1934 978 2093 1034 quem

508 1043 689 1097 mirari
744 1045 949 1101 facilius
997 1050 1281 1119 quisquam
1327 1066 1489 1120 quam
1535 1051 1755 1107 laudare
1802 1055 2012 1123 possit:
2063 1070 2093 1109 a

507 1134 768 1205 principio
796 1137 919 1192 vita:
950 1142 1465 1210 tranquillissimus,
1500 1143 1635 1199 adeo
1667 1152 1723 1200 ut
1750 1146 1817 1201 ab
1865 1146 2091 1203 infantia

504 1239 718 1296 quoque
747 1229 950 1284 vultum
980 1247 1078 1286 nec
1108 1248 1171 1286 ex
1202 1234 1417 1302 gaudio,
1450 1249 1547 1290 nec
1571 1250 1636 1290 ex
1668 1250 1900 1293 maerore
1938 1244 1967 1285 b
1998 1254 2095 1308 pu-

507 1318 732 1385 taverit,
765 1320 1115 1390 philosophiae
1143 1323 1355 1379 deditus
1385 1324 1602 1381 Stoicae.
1639 1326 1755 1395 Ipse
1782 1328 1943 1383 etiam
1985 1344 2094 1385 non

503 1409 675 1464 solum
708 1412 829 1466 vita:
862 1413 1135 1482 moribus,
1170 1417 1266 1471 sed
1298 1418 1456 1473 etiam
1498 1418 1803 1475 eruditione
1843 1421 2092 1491 philoso-

511 1499 691 1567 phus,
747 1512 906 1557 tantae
957 1506 1331 1577 admirationis
1379 1510 1553 1567 adhuc
1592 1512 1835 1581 juvenis,
1885 1524 1941 1570 ut
1968 1532 2090 1572 eum

502 1603 871 1650 successorem
897 1600 1165 1665 paraverit
1187 1601 1456 1657 Adrianus
1479 1603 1815 1674 relinquere;
1838 1608 2094 1678 adoptato

504 1691 681 1740 tamen
704 1686 974 1743 Antonino
1005 1690 1117 1755 Pio,
1137 1701 1160 1731 ο
1183 1709 1425 1763 generum
1456 1695 1503 1751 ei
1535 1697 1736 1754 idcirco
1761 1714 1882 1755 esse
1909 1703 2094 1758 volue-

2199 501 2278 555 his
2308 501 2501 569 Quadi,
2529 501 2790 568 Vandali,
2820 503 3079 558 Sarmata:
3101 546 3117 571 ,
3144 502 3294 560 Suevi
3312 548 3326 574 ,
3349 517 3489 580 atque
3515 520 3538 559 ι
3562 522 3689 578 omnis

2198 609 2325 663 pene
2365 591 2677 660 Germania,
2709 596 2990 667 gerebant‘;
3019 604 3068 651 et
3109 597 3159 651 in
3208 598 3478 665 Quadorum
3501 622 3623 675 usque
3643 614 3690 682 ῤ.

2198 699 2283 738 nes
2304 698 2601 754 progressus
2634 686 2909 754 exercitus,
2940 688 3393 760 circumventusque
3418 695 3470 746 ab
3498 696 3687 771 hostibus,

2197 786 2408 845 propter
2434 794 2689 847 aquarum
2735 780 3005 848 penuriam
3024 820 3039 844 ,
3071 797 3185 834 cum
3214 793 3311 835 tam
3339 785 3463 847 sitis,
3488 804 3609 857 quam
3631 792 3692 845 to.

2198 867 2291 920 stis
2319 868 2609 934 periculum
2639 871 2955 940 sustineret,
2988 873 3057 926 ad
3082 875 3431 932 invocationem
3453 879 3608 937 Christi
3626 901 3693 939 no-

2196 960 2367 1023 minis,
2420 976 2577 1029 quam
2629 962 2794 1017 subito
2844 980 3032 1035 magna
3076 966 3200 1035 ﬁdei
3243 974 3498 1025 constantia
3535 976 3689 1042 quidam

2195 1049 2380 1103 milites
2406 1048 2564 1115 effusi
2592 1052 2645 1104 in
2673 1068 2850 1122 preces
2900 1055 3079 1124 palam
3107 1057 3356 1124 fecerunt,
3387 1071 3509 1116 tanta
3531 1066 3691 1135 eisplu-

2195 1142 2290 1193 via'
2316 1140 2482 1209 eﬁ'usa
2508 1151 2609 1209 est,
2635 1154 2686 1196 ut
2714 1144 2978 1200 Romanos
3004 1149 3211 1215 quidem
3237 1151 3526 1222 largissime,
3547 1174 3593 1210 ac
3614 1163 3689 1216 sine

2194 1229 2387 1305 injuria
2437 1232 2707 1302 refecerit,
2761 1234 3007 1289 barbaros
3050 1248 3221 1292 autem
3263 1244 3438 1297 crebris
3483 1247 3692 1313 {ulniinum

2194 1319 2375 1375 ictibus
2403 1325 2696 1391 perterritos
2715 1365 2731 1391 ,
2764 1328 3050 1393 prtesertim
3078 1345 3195 1382 cum
3223 1332 3421 1399 plurimi
3458 1352 3600 1391 eorum
3634 1359 3693 1395 oc-

2195 1414 2505 1480 ciderentur,
2537 1416 2591 1469 in
2621 1418 2794 1487 fugam
2825 1422 3063 1492 coegerit.
3113 1421 3338 1488 Quorum
3382 1435 3505 1496 terga
3532 1427 3695 1486 Romani

2194 1518 2355 1573 usque
2391 1504 2460 1556 ad
2516 1506 2902 1562 internecionem
2941 1511 3223 1579 caedentes,
3254 1514 3618 1583 gloriosissimam
3644 1524 3694 1572 ri-

2194 1595 2440 1663 ctoriam,
2462 1601 2509 1648 et
2550 1598 2781 1650 omnibus
2810 1615 2939 1669 pene
2966 1602 3287 1669 antiquorum
3317 1606 3465 1661 titulis
3488 1612 3696 1679 preferen-

2194 1684 2311 1737 dam
2328 1726 2343 1750 ,
2366 1688 2489 1739 rudi
2519 1704 2777 1758 parvoque
2807 1692 3025 1745 militum
3057 1711 3293 1761 numero,
3318 1701 3401 1750 sed
3422 1705 3696 1769 potentissimo

501 1779 596 1843 rit,
627 1789 683 1834 ut
711 1780 809 1836 hoc
835 1783 1022 1839 ordine
1048 1784 1113 1839 ad
1144 1785 1427 1854 imperium
1454 1792 1773 1856 perveniret.
1808 1792 2090 1852 lnstitutus
2123 1788 2172 1850 Β
2198 1777 2646 1847 urbana-Tm":
2694 1796 3043 1853 "Pom'wu-
3092 1786 3261 1857 19ml"
3296 1793 3448 1845 ηιυίία
3483 1795 3615 1847 mima
3635 1797 3697 1849 ’w'

504 1880 589 1925 est
617 1872 681 1925 ad
712 1871 1104 1942 philosophiam
1139 1890 1233 1945 per
1261 1877 1601 1947 Apollonium
1631 1882 2050 1942 Clialcedonium
2071 1930 2087 1957 ,

499 1961 566 2016 ad
597 1964 873 2018 scientiam
908 1967 1201 2022 litterarum
1225 1968 1529 2026 Graecarum
1557 1974 1581 2013 ἀ
1606 1986 1701 2043 per
1723 1975 1938 2031 Sextum
1963 1978 2094 2034 Che-

500 2066 801 2122 ronensem,
839 2057 1111 2113 Plutarchi
1145 2072 1418 2131 nepotem.
1463 2063 1685 2120 Latinas
1728 2077 1905 2123 autem
1948 2070 2092 2126 litte-

511 2161 601 2200 ras
652 2162 772 2201 eum
830 2147 1029 2205 Fronto
1080 2164 1262 2208 orator
1313 2156 1676 2212 nobilissimus
1727 2158 1929 2215 docuit.
1986 2162 2086 2217 Hic

503 2252 624 2291 cum
651 2241 898 2321 omnibus
919 2244 1101 2299 Roma:
1126 2261 1279 2315 aequo
1302 2246 1427 2317 jure
1454 2251 1585 2317 egit,
1621 2251 1687 2303 ad
1722 2252 1921 2307 nullam
1954 2254 2091 2308 inso-

508 2329 726 2387 lentiam
763 2343 784 2369 ε
816 2336 985 2390 elatus
1015 2347 1114 2393 est.
1151 2340 1365 2410 Imperii
1398 2341 1608 2413 fastigio
1647 2346 1928 2402 liberaliter
1966 2365 2091 2405 usus

509 2431 614 2487 est,
648 2436 696 2477 et
736 2429 1128 2498 promptissime.
1172 2431 1480 2489 Provincias
1517 2438 1717 2507 ingenti
1759 2440 2089 2512 benignitate

503 2524 562 2570 et
593 2517 959 2577 moderatione
990 2525 1254 2579 tractavit.
1287 2526 1487 2584 Contra
1519 2527 1818 2588 Germanos
1849 2549 1914 2590 eo
1942 2526 2090 2604 prin-

498 2608 622 2677 cipe
664 2610 892 2667 ieliciter
933 2629 1019 2669 res
1058 2626 1223 2685 gesta:
1264 2629 1406 2673 sunt.
1451 2618 1558 2674 Iste
1588 2622 1833 2678 virtutum
1864 2625 2091 2681 omnium

498 2699 809 2770 caelestiaque
836 2703 1026 2773 ingenii
1056 2708 1289 2775 exstitit,
1318 2712 1660 2782 aerumnisque
1692 2715 1907 2782 publicis
1942 2719 2091 2786 quasi

501 2792 740 2862 defensor
766 2794 990 2865 objeclus
1019 2808 1115 2853 est.
1149 2797 1355 2854 Etenim
1381 2803 1481 2857 nisi
1510 2804 1580 2857 ad
1608 2805 1701 2858 illa
1735 2814 1966 2875 tempora
1997 2824 2089 2862 na-

496 2892 579 2938 tus
627 2896 783 2952 esset,
834 2892 1063 2958 profecto
1104 2893 1252 2957 quasi
1294 2909 1399 2948 uno
1445 2895 1594 2964 lapsu
1652 2899 1872 2953 ruissent
1919 2902 2091 2957 omnia

501 2984 661 3032 status
701 2978 942 3034 Romani.
1002 2981 1201 3054 Quippe
1251 2987 1413 3039 armis
1446 2989 1589 3058 quies
1628 3006 1889 3061 nunquam
1940 3003 2089 3057 erat;

497 3082 687 3136 perque
729 3084 929 3124 omnem
959 3069 1255 3143 Orientem,
1287 3072 1559 3147 Illyricum
1606 3078 1915 3151 Italiamque
1953 3084 2085 3139 bella

2195 1870 2391 1923 minum
2434 1871 2705 1939 interfecta
2729 1891 2749 1939 ;
2796 1889 2860 1929 ac
2902 1876 3198 1934 Pannoniis
3246 1883 3453 1937 servitio
3494 1885 3695 1953 liberatis,

2193 1955 2223 1995 ιλ
2253 1960 2432 2015 Romae
2468 1979 2647 2017 rursus
2683 1980 2803 2019 cum
2846 1965 3142 2025 Commodo
3179 1970 3440 2029 Antonino
3474 1976 3565 2031 lilio
3601 1992 3696 2044 suo,

2192 2067 2350 2122 quem
2381 2055 2652 2109 Caesarem
2681 2057 2910 2125 fecerat,
2947 2063 3318 2131 triumphavit.
3349 2067 3425 2121 Ad
3455 2067 3584 2137 hujus
3608 2069 3697 2123 belli

2193 2156 2503 2213 sumptum,
2554 2161 2675 2201 cum
2697 2192 2711 2215 ,
2745 2151 2939 2206 aerario
2967 2153 3252 2222 exhausto,
3280 2157 3579 2229 largitiones,
3610 2174 3698 2231 quas

2193 2236 2443 2290 militibus
2471 2241 2821 2309 impenderet,
2855 2244 3025 2299 nullas
3056 2244 3315 2317 haberet,
3345 2263 3502 2320 neque
3526 2250 3700 2307 indicere
3756 2292 3761 2293 ν

2190 2337 2403 2392 senatui
2454 2348 2547 2394 aut
2599 2341 3023 2408 provincialibus
3073 2344 3277 2416 aliquid
3329 2347 3512 2413 vellet,
3554 2349 3700 2403 instru-

2194 2439 2434 2487 mentum
2483 2433 2618 2504 regii
2667 2435 2875 2503 cultus,
2924 2436 3060 2491 facta
3093 2439 3144 2494 in
3181 2440 3298 2496 foro
3325 2440 3521 2512 Trajani
3546 2443 3616 2494 diu
3640 2456 3701 2496 se.

2191 2523 2406 2592 ctione,
2454 2526 2739 2596 distraxit,
2783 2544 2912 2585 vasa
2960 2546 3163 2602 aurea,
3202 2536 3390 2604 pocula
3431 2535 3701 2608 crystallina,

2191 2626 2245 2670 et
2280 2617 2519 2673 murrina
2544 2659 2558 2682 ,
2595 2622 2836 2676 uxoriam
2860 2662 2877 2689 ,
2904 2637 2969 2678 ac
2996 2637 3147 2679 suam
3184 2628 3440 2696 sericam,
3466 2638 3514 2684 et
3545 2642 3703 2684 auream

2192 2719 2432 2778 vestem,
2468 2712 2633 2767 multa
2678 2726 2995 2771 ornamenta
3027 2731 3395 2788 gemmarum,
3421 2734 3478 2774 ac
3512 2734 3590 2790 per
3609 2720 3705 2773 duos

2193 2805 2480 2860 continuos
2530 2821 2746 2864 menses
2787 2810 3022 2865 venditio
3068 2811 3255 2868 habita
3301 2822 3411 2880 est,
3448 2815 3705 2883 multumque

2191 2896 2308 2949 auri
2360 2898 2660 2954 redactum.
2712 2902 2842 2957 Post
2890 2904 3176 2960 victoriam
3229 2916 3403 2964 tamen
3447 2906 3704 2976 emptoribus

2193 2988 2422 3056 pretium
2452 2992 2725 3060 restituit,
2754 2993 2844 3064 qui
2873 2996 3100 3052 reddere
3126 3009 3434 3069 comparata
3457 3001 3706 3064 Voluerunt,

2192 3080 2452 3137 molestus
2481 3083 2614 3138 nulli
2646 3084 2778 3152 iuit,
2820 3089 2911 3155 qui
2946 3090 3134 3145 maluit
3165 3092 3335 3147 semel
3380 3101 3538 3160 empta
3571 3089 3584 3127 ί
3613 3092 3705 3144 reti-

496 3157 738 3226 ﬂuebant.
793 3160 1162 3232 Terrazmotus,
1216 3183 1319 3221 non
1363 3144 1477 3223 sine
1528 3170 1738 3227 interitu
1785 3144 2079 3245 ciuitatum,
2106 3144 2158 3209 ο
2188 3186 2339 3229 nere.
2395 3173 2496 3230 Hic
2543 3177 2594 3230 in
2641 3179 2928 3236 editionei
2971 3197 3257 3239 munerum
3305 3187 3436 3241 adeo
3462 3185 3707 3257 magniﬁcus

495 3249 857 3306 inundationes
882 3256 1154 3323 [luminum
1175 3299 1188 3322 ,
1220 3258 1327 3313 lues
1357 3262 1573 3328 crebrte,
1606 3263 1920 3320 locustarum
1949 3268 2084 3323 acies

495 3342 550 3396 in
588 3343 729 3413 agris
767 3344 1000 3413 infestae,
1041 3364 1247 3417 prorsus
1285 3359 1339 3404 ut
1379 3369 1538 3423 prope
1575 3355 1706 3410 nihil
1742 3372 1841 3427 quo
1870 3358 2083 3414 summis

499 3435 774 3503 angoribus
802 3439 949 3490 atteri
980 3441 1218 3495 mortales
1246 3443 1409 3498 solent
1440 3446 1543 3501 dici
1572 3463 1663 3501 seu
1692 3450 1909 3521 cegitari
1933 3460 2084 3521 queat

494 3525 631 3593 quod
670 3541 773 3580 non
810 3526 903 3581 illo
941 3529 1218 3600 imperante
1252 3537 1485 3591 swvierit.
1530 3537 1694 3594 Credo
1721 3541 1965 3597 divinitus
1994 3555 2078 3598 at-

493 3615 770 3686 tributum,
820 3628 877 3672 ut
921 3621 1046 3675 dum
1091 3626 1271 3680 mundi
1314 3628 1431 3694 lex,
1476 3647 1567 3686 seu
1615 3642 1837 3700 natura,
1884 3636 2082 3707 aliquid

497 3706 785 3763 hominibus
822 3704 1137 3785 incognitum
1175 3720 1373 3789 gignit,
1408 3731 1662 3777 rectorum
1689 3726 1919 3782 consiliis
1960 3738 2080 3784 tan-

495 3812 649 3864 quam
677 3801 940 3858 medicina:
965 3809 1234 3875 remediis,
1269 3810 1507 3866 leniatur.
1541 3812 1647 3868 Hic
1686 3819 1916 3884 permisit
1953 3822 2081 3878 viris
2130 3808 2143 3822 ’

493 3890 796 3950 clarioribus
825 3903 882 3950 ut
912 3900 1140 3953 convivia
1167 3901 1344 3956 eodem
1381 3906 1522 3960 cultu
1558 3924 1661 3977 quo
1699 3910 1811 3981 ipse
1848 3922 1895 3966 et
1935 3914 2082 3969 simi-

492 3982 625 4037 libus
658 3988 904 4042 ministris
935 3991 1249 4049 exhiberent.
1281 3995 1380 4051 His
1406 3998 1460 4051 in
1490 3992 1666 4056 diebus
1701 4001 1932 4060 Parthici
1961 4006 2081 4063 belli

491 4079 885 4140 persecutionem
908 4080 1313 4140 Christianorum
1338 4100 1523 4158 quarta
1550 4092 1653 4158 iam
1677 4102 1788 4160 post
1812 4094 2079 4155 Neronem

492 4165 597 4220 uice
624 4175 711 4239 agt
737 4170 1002 4237 imperauit
1020 4215 1036 4241 ,
1068 4190 1183 4245 quia
1208 4184 1311 4230 tam
1336 4195 1514 4249 graves
1558 4184 1670 4253 ejus
1701 4197 1954 4259 praecepto
1983 4206 2078 4246 ea:-

492 4259 661 4313 stitere
680 4300 697 4327 ,
727 4270 781 4316 ut
808 4264 864 4317 in
891 4264 1017 4319 Asia
1045 4277 1092 4321 et
1122 4265 1299 4324 Gallia
1327 4273 1477 4326 multi
1505 4287 1800 4332 sanctorum
1834 4284 2079 4354 martyrio

493 4352 726 4406 coronati
765 4353 886 4409 sint.
936 4356 1139 4412 Bellum
1183 4375 1344 4415 unum
1387 4364 1500 4433 ipse
1538 4368 1703 4435 gessit
1747 4352 2080 4429 Marcoman-

499 4441 711 4510 nicum,
754 4446 848 4500 sed
883 4458 1139 4519 quantum
1179 4452 1323 4507 nulla
1363 4459 1623 4513 memoria
1663 4458 1801 4527 fuit,
1843 4463 1981 4518 adeo
2021 4473 2077 4521 ut

2190 3264 2323 3333 fuit,
2357 3277 2414 3322 ut
2440 3279 2658 3324 centum
2691 3267 2718 3309 ιι
2748 3275 2903 3327 semel
2932 3274 3117 3331 leones
3158 3277 3461 3333 exhibuisse
3502 3276 3701 3333 tradatur.

2188 3356 2368 3430 Hujus
2417 3369 2643 3437 tempore
2681 3362 2887 3419 Cassius
2926 3369 3260 3437 tyrannidem
3298 3373 3538 3441 arripiens
3568 3372 3704 3424 aestiu-

2186 3459 2295 3505 clus
2324 3461 2416 3508 est.
2452 3453 2554 3508 Hic
2583 3443 2738 3510 etiam
2769 3455 3016 3527 praiteriti
3048 3465 3295 3535 temporis
3325 3481 3413 3535 per
3442 3482 3591 3519 omnes
3613 3480 3701 3535 pro-

2184 3542 2377 3598 uincias
2405 3546 2597 3600 tributa
2626 3547 2869 3617 donavit,
2899 3553 3172 3623 omniaque
3202 3556 3358 3609 simul
3393 3556 3618 3624 fiscalium
3642 3571 3702 3608 nt-

2189 3634 2448 3705 goriorum
2470 3638 2786 3695 calumniosa
2810 3644 3126 3700 monimenta
3149 3652 3380 3720 conjecta
3404 3651 3453 3702 in
3477 3651 3575 3720 foro
3595 3648 3702 3717 jussit

2186 3727 2393 3781 incendi
2412 3770 2427 3797 ,
2458 3734 2832 3801 seuerioresque
2856 3737 2989 3808 leges
3018 3740 3163 3794 novis
3189 3743 3605 3797 constitutionibus
3624 3754 3704 3793 tem-

2183 3821 2401 3888 perauit.
2450 3819 2557 3875 Per
2610 3824 2744 3878 idem
2799 3836 2995 3896 tempus
3042 3827 3230 3886 Romae
3280 3834 3499 3902 pollebat
3537 3832 3704 3886 Calenus

2185 3911 2410 3980 Optimus
2458 3914 2725 3983 medicus,
2775 3934 2960 3988 genere
3012 3921 3392 3993 Pergamenus.
3446 3925 3509 3979 Et
3553 3925 3706 3980 Salvius

2187 4000 2438 4058 Julianus
2470 4004 2649 4061 Romae
2677 4009 2813 4079 leges
2843 4012 3149 4080 promebat,
3182 4026 3231 4069 et
3262 4015 3453 4071 Fronto
3498 4017 3652 4082 rhetor,
3671 4020 3705 4066 et

2182 4098 2433 4154 Aristides
2464 4100 2781 4173 Smyrnteus
2812 4105 3042 4172 sophista
3062 4152 3076 4176 ,
3111 4110 3475 4182 Oppianusque
3508 4120 3654 4179 poeta,
3673 4113 3707 4161 tl

2184 4193 2387 4247 Atticus
2422 4192 2722 4249 Platonicus
2750 4196 3088 4269 philosophus
3145 4201 3335 4258 Romae
3380 4214 3531 4258 erant.
3570 4201 3703 4271 lgitur,

2188 4296 2311 4338 eum
2349 4283 2674 4340 fortunatam
2700 4302 2875 4357 remp.
2907 4292 3105 4346 virtute
3136 4301 3193 4348 et
3222 4294 3607 4350 mansuetudine
3626 4290 3707 4347 red-

2185 4374 2450 4441 didisset,
2496 4378 2630 4432 obiit
2659 4380 2712 4432 in
2744 4380 3030 4450 Campania
3054 4385 3202 4454 apud
3229 4389 3477 4455 oppidum
3510 4382 3707 4438 I’endobo-

2182 4481 2305 4520 nam
2334 4466 2777 4539 duodevigesimo
2825 4472 3033 4543 imperii
3080 4491 3227 4532 anno
3248 4517 3265 4543 ,
3301 4477 3512 4533 artatis1
3541 4489 3708 4545 sexage-

492 4530 711 4590 Punicis
759 4538 1086 4596 conferatur.
1134 4542 1269 4599 Nam
1318 4560 1385 4602 eo
1430 4550 1650 4618 gravius
1699 4561 1783 4608 est
1836 4554 2030 4612 factum
2056 4600 2073 4625 ,
2102 4527 2157 4591 υ
2180 4562 2317 4616 simo
2347 4563 2540 4632 primo.
2574 4564 2653 4620 De
2679 4569 2791 4636 ejus
2817 4578 2979 4625 morte
3007 4574 3189 4628 nuntio
3233 4576 3453 4633 Romam
3495 4585 3703 4648 pervecta,

493 4624 631 4648 anns]
664 4625 889 4648 ..-ε----ξ
940 4633 1127 4648 -_-__-.
1234 4633 1274 4648 ει.
1446 4638 1459 4648 .
1600 4640 1611 4648 .
1836 4645 1859 4648 λ
1913 4646 1919 4648 _

492 4624 634 4694 quod
664 4625 891 4682 universi
934 4633 1195 4688 exercitus
1234 4633 1460 4694 Romani
1500 4640 1792 4710 perierant.
1829 4645 1941 4701 Sub
1974 4624 2075 4704 hoc

2178 4657 2391 4726 confusa
2423 4656 2566 4712 luctu
2605 4660 2808 4729 publico
2843 4661 3009 4731 Urbe,
3052 4679 3263 4724 senatus
3304 4672 3358 4724 in
3403 4673 3577 4724 curiam
3614 4675 3707 4720 reste

497 4722 675 4773 talitus
735 4733 892 4778 casus
948 4727 1267 4792 pestilentiae
1317 4730 1457 4799 fuit,
1511 4745 1568 4789 ut
1622 4748 1742 4806 post
1792 4739 2073 4797 victoriam
2178 4722 2306 4802 tetra
2347 4751 2569 4804 amictus
2605 4722 2869 4820 convenit,
2901 4764 2947 4809 et
2976 4760 3114 4827 quod
3141 4761 3208 4815 de
3241 4762 3463 4818 Romulo
3488 4776 3602 4832 a’gre
3624 4773 3704 4810 cre-

497 4806 761 4832 n---:-_...
854 4812 1026 4832 n___s-
1347 4823 1361 4832 .
1426 4824 1458 4832 ..
1768 4828 1778 4832 -
1860 4831 1865 4832 ,

493 4806 798 4877 Persicam,
851 4812 1069 4887 Roma,
1118 4834 1181 4874 ac
1208 4835 1307 4890 per
1345 4823 1588 4892 Italiam,
1629 4828 2072 4900 provinciasque,

494 4900 727 4957 maxima
756 4902 1029 4963 hominum
1062 4923 1211 4979 pars,
1245 4912 1475 4970 militum
1504 4930 1693 4974 omnes
1728 4918 1839 4975 fere
1876 4924 2073 4992 copias,

491 4989 751 5063 languore
777 4996 1092 5057 defecerint.
1143 5003 1350 5075 Ingenti
1399 5023 1529 5080 ergo
1570 5011 1753 5068 labore
1796 5021 1851 5070 et
1893 4989 2076 5073 mode-

495 5086 705 5143 ratione
732 5103 851 5145 cum
882 5094 1023 5164 apud
1052 5096 1383 5154 Carnuntum
1410 5100 1520 5173 jugi
1553 5105 1783 5162 triennio
1826 5121 2074 5178 perseve-

559 5220 589 5305 ξ
618 5224 715 5305 A.,
742 5239 943 5284 vocant.
978 5228 1073 5305 Yir
1097 5233 1289 5303 ingenii
1317 5252 1503 5305 parum
1528 5239 1713 5294 civilis.

556 5281 586 5362 ¹Ϊ
617 5296 683 5348 Α.
748 5281 1041 5355 mutauerit.

561 5359 585 5443 ξ
705 5359 720 5430 ,
752 5375 1097 5443 genero'ejus.
1135 5373 1338 5429 Idcirco
1358 5416 1372 5438 ,
1404 5387 1511 5434 etc.

555 5424 588 5515 εξ
750 5424 840 5515 per
867 5424 1584 5515 Cheifsonensisvialu‘tIEtc.

564 5507 686 5601 1A.
720 5525 733 5560 :
767 5508 949 5601 E'l‘atus
976 5523 1049 5596 est
1078 5517 1208 5601 imp.
1235 5507 1466 5591 fastigio.
1499 5520 1845 5583 Liberalitatis
1887 5545 2070 5601 prom-

490 5574 762 5651 ptissima.
794 5578 1093 5638 Provincias
1113 5629 1127 5651 ,
1151 5574 1267 5642 'etc.

561 5642 585 5683 τ
700 5687 715 5710 ,
745 5654 882 5717 quod
912 5642 1130 5724 Squadi:

2178 4841 2341 4894 ditum
2373 4851 2446 4895 est
2467 4882 2481 4907 ,
2514 4860 2688 4899 omnes
2733 4847 2851 4914 pari
2880 4864 3029 4903 sensu
3071 4868 3484 4925 prtesumpsere,
3521 4852 3706 4908 Marem

2176 4936 2301 4989 caelo
2328 4945 2587 5006 receptum
2616 4955 2744 5005 esse,
2774 4936 2834 4994 ob
2865 4941 3013 5011 cujus
3042 4942 3293 5002 honorem
3323 4949 3530 5017 templa,
3559 4944 3706 5000 (alitur

2177 5045 2256 5083 nm
2276 5071 2290 5095 ,
2321 5030 2582 5102 multaque
2611 5034 2715 5089 alia
2747 5035 2948 5090 decreta
2977 5046 3111 5092 sunt.

2246 5265 2273 5297 ἰ
2304 5261 2366 5316 A.
2392 5300 2409 5327 ,
2444 5260 2663 5318 Romam
2688 5282 2941 5322 reuersus.

2250 5328 2268 5368 ί
2304 5333 2367 5409 A,
2397 5352 2410 5387 :
2443 5335 2676 5409 retinere.
2725 5337 2827 5409 Hic
2869 5340 3098 5409 permisit
3142 5343 3272 5399 viris
3320 5342 3627 5405 clarioribus.
3658 5342 3703 5391 Ill

2175 5404 2399 5479 conuiuia
2423 5406 2599 5479 eodem
2644 5408 2787 5461 cultu
2831 5404 2933 5479 quo
2974 5412 3081 5478 ipse
3120 5424 3164 5467 et
3216 5417 3461 5472 ministris
3498 5404 3703 5470 simililm

2173 5474 2486 5547 exhiberem.
2521 5474 2587 5529 In
2618 5474 2870 5547 editione,
2900 5474 3002 5537 etc.

2244 5543 2270 5652 ll"r
2388 5587 2404 5611 ,
2438 5563 2704 5671 materteram
2735 5543 3139 5619 post'uictoriam
3169 5557 3305 5614 adeo
3330 5611 3342 5631 ,
3379 5565 3477 5614 etc.

2352 5658 2363 5670 .
2390 5656 2404 5671 .
2432 5634 2562 5671 simu
2593 5658 2607 5671 .

2352 5658 2363 5670 .
2390 5656 2404 5683 ,
2432 5634 2607 5672 simul.

2249 5682 2267 5724 ι
2302 5689 2367 5744 A.
2392 5731 2406 5755 ,
2440 5689 2503 5742 (ii
2534 5699 2582 5742 et
2609 5691 2671 5744 ab
2702 5692 2935 5752 omnibus
2964 5700 3196 5754 certatim
3242 5699 3573 5757 adnitentibus
3600 5694 3701 5752 ίιω

557 5719 911 5816 ξιτψ-τρε
938 5719 1173 5816 barbaria
1198 5735 1467 5814 commouit
1485 5776 1501 5803 ,
1528 5737 1690 5795 multo
1713 5740 1879 5797 millia
1906 5742 2074 5800 homi—
2173 5719 2654 5816 diuofie’ta‘inscéstt‘:

484 5802 604 5844 num
632 5788 913 5861 interfecit,
943 5813 1003 5852 ac
1032 5795 1352 5869 Pannoniis.
1381 5788 1489 5865 etc:

2071 5968 2125 5987 τιν
