3918 6344
205 216 290 275 889

758 314 1155 383 COMMODUS.

256 430 278 458 α
305 420 440 477 Huic
467 396 705 477 tacitus:
734 417 798 474 ι.
831 419 1068 474 Aurelius
1094 415 1421 473 Commodus
1450 414 1588 484 ﬁlius
1615 413 1746 485 ejus,

195 516 267 586 qui
291 524 334 569 et
359 516 466 586 ipse
501 514 789 569 Antoninus
832 514 1037 580 dictus,
1078 522 1126 569 et
1165 512 1229 565 ab
1269 512 1498 582 Augusto
1523 506 1749 563 decimus

194 608 417 677 septimus
446 607 726 678 imperator
753 614 827 660 est
852 613 1075 661 creatus.
1115 600 1217 658 Hic
1245 604 1410 675 qualis
1439 602 1644 673 futurus
1673 614 1749 654 es-

189 708 246 753 tet
264 743 277 763 ,
307 701 358 754 in
386 700 494 771 ipso
520 698 797 771 primordio
821 699 1060 754 ostendit.
1085 696 1322 768 Namque
1346 712 1465 751 cum
1487 694 1543 748 in
1570 707 1749 761 supre-

190 797 267 850 mis
294 805 586 851 moneretur
614 812 648 850 a
674 804 817 866 patre
856 811 949 849 suo
992 793 1194 848 attritos
1238 795 1345 861 jam
1397 788 1662 853 barbaros,
1687 800 1750 839 ne

190 889 478 945 Permitteret
516 888 648 941 uires
689 888 946 957 recipere,
978 884 1353 957 responderat:
1384 880 1459 936 Ab
1498 876 1749 934 incolumi

188 980 397 1040 Quamvis
426 980 673 1051 paulatim
698 979 727 1018 δ
758 979 1018 1050 negotium
1049 976 1228 1048 perﬁci
1255 991 1433 1045 posse,
1475 991 1506 1027 a
1550 979 1747 1025 mortuo

185 1070 318 1124 nihil.
350 1069 457 1124 Iste
487 1070 617 1124 nihil
650 1078 931 1141 paternum
975 1067 1191 1133 habuit,
1235 1065 1337 1120 nisi
1378 1063 1521 1134 quod
1560 1071 1748 1116 contra

176 1157 465 1215 Germanos
517 1158 745 1215 feliciter
790 1169 843 1215 et
890 1160 1006 1231 ipse
1054 1159 1323 1229 pugnavit.
1375 1154 1749 1225 Septembrem

179 1266 407 1306 mensem
440 1252 505 1307 ad
539 1267 732 1308 nomen
763 1267 920 1307 suum
954 1251 1243 1306 transferre
1271 1258 1493 1306 conatus
1533 1254 1648 1311 est,
1690 1252 1751 1300 ut

177 1341 489 1397 Commodus
530 1344 821 1397 diceretur.
863 1341 969 1397 Sed
1005 1351 1026 1379 ο
1059 1340 1280 1395 luxuria
1328 1348 1375 1394 et
1421 1334 1747 1391 obscenitatis

186 1434 413 1488 dedecore
458 1434 683 1500 plurimo
711 1433 1064 1500 depravatus,
1096 1430 1405 1503 gladiatoris
1432 1443 1629 1499 quoque
1660 1440 1747 1479 ar-

187 1526 272 1580 mis
307 1525 599 1594 saapissime
641 1528 693 1580 in
737 1525 860 1580 ludo
902 1523 1249 1593 depugnavit.
1282 1522 1542 1590 Deinceps
1584 1518 1745 1575 etiam

191 1618 233 1671 in
256 1617 644 1687 amphitheatro
673 1632 793 1672 cum
826 1616 1130 1686 huiusmodi
1155 1622 1182 1661 ιι
1208 1614 1531 1679 hominibus,
1560 1624 1607 1667 et
1633 1630 1751 1668 cum

1230 210 1545 272 msroma
1582 205 1938 268 MISCELLA.
1979 238 2048 251 -
2085 209 2214 268 ua.
2253 192 2334 267 x.’

1778 320 1829 382 Α
1857 318 2034 375 doctor
2055 320 2337 377 litterarum
2358 366 2373 393 ,
2396 334 2514 393 qua
2535 338 2568 378 a
2588 320 2935 396 grammaticis
2954 321 3253 378 traduntur.
3271 320 3435 380 Blan-

3319 198 3427 271 890

1852 411 1949 465 dus
1976 413 2141 485 magis
2169 429 2319 484 quam
2350 414 2623 483 beneficus.
2661 413 2811 471 Unde
2850 431 2968 470 eum
3011 413 3188 470 Graeco
3228 417 3435 474 nomine

1852 505 2207 580 χρηστόλογον
2259 506 2599 578 appellavere.
2652 506 2934 577 Nunquam
2982 506 3178 578 injuria
3224 516 3431 579 accepta

1850 596 1920 649 ad
1965 596 2314 651 ulciscendum
2359 599 2558 681 ductus.
2595 598 2807 653 Amabat
2851 600 3247 670 simplicitatem.
3282 600 3436 665 Com:-

1792 701 1799 708 ·
1852 704 2058 742 munem
2086 706 2140 744 se
2165 689 2361 758 affatu,
2392 682 2615 746 convivio
2636 733 2651 759 ,
2680 693 2882 747 incessu
2902 731 2917 758 ,
2946 692 3241 763 ‘pra’bebat.
3292 692 3433 748 Huic

1852 789 2052 834 mortuo
2100 781 2204 835 diui
2252 798 2436 837 nomen
2488 784 2747 837 decretum
2792 792 2886 841 est.
2941 781 3016 837 Ub
3045 785 3194 853 cujus
3229 781 3433 845 laudem

1851 872 2176 944 ingeminatis
2204 874 2275 928 ad
2301 875 2439 928 uocis
2466 891 2626 946 usque
2653 876 2908 945 defectum
2949 875 3213 948 plausibus
3254 877 3432 930 accla-

1852 974 2044 1017 matum
2074 973 2195 1019 est:
2228 964 2501 1021 Pertinace
2528 968 2813 1035 imperante
2858 970 3023 1022 securi
3059 970 3279 1023 viximus
3303 1010 3315 1032 ,
3346 984 3437 1025 ne-

1850 1058 2036 1112 miuem
2082 1059 2376 1128 timuimus,
2430 1060 2580 1116 Patri
2622 1062 2706 1134 pio
2732 1102 2747 1127 ,
2800 1060 2948 1116 Patri
2992 1071 3230 1129 senatus,
3279 1062 3433 1117 Patri

1853 1150 2081 1204 omnium
2108 1150 2360 1206 bonorum
2392 1154 2413 1206 .'

2004 1318 2009 1325 .
2343 1244 2566 1303 DIDIUS
2604 1244 2953 1304 JULIANUS.

1928 1335 2053 1390 Post
2083 1351 2204 1391 eum
2239 1338 2423 1393 Didius
2459 1338 2474 1376 ι
2515 1338 2726 1395 Salvius
2764 1340 3009 1396 Julianus
3036 1349 3148 1396 ortu
3180 1338 3440 1397 Mediola-

1854 1429 2065 1497 nensis,
2100 1447 2263 1485 nonus
2294 1432 2520 1486 decimus
2546 1435 2610 1486 ab
2640 1433 2870 1505 Augusto
2899 1447 3071 1503 remp.
3100 1434 3324 1499 invasit,
3355 1435 3439 1490 vir

1854 1520 2082 1591 nobilis,
2115 1532 2169 1577 et
2194 1524 2316 1592 jure
2356 1525 2748 1594 peritissimus,
2796 1540 2964 1593 nepos
3007 1526 3172 1582 Salvii
3201 1526 3396 1582 Juliani
3421 1570 3437 1595 ,

1855 1613 1945 1681 qui
1976 1613 2074 1668 sub
2105 1613 2228 1668 divo
2258 1614 2272 1665 i
2313 1617 2569 1671 Antonino
2597 1626 2908 1687 perpetuum
2938 1617 3242 1687 composuit
3268 1617 3293 1655 ¹ι
3325 1619 3439 1674 edi-

194 1712 291 1781 {eris
319 1711 608 1767 decertavit.
642 1708 908 1780 Interfecit
947 1711 1099 1765 etiam
1139 1709 1393 1779 plurimos
1434 1707 1746 1774 Senatores,
1781 1696 1826 1755 Β
1856 1712 2000 1758 ctum
2028 1744 2044 1770 ,
2078 1706 2354 1775 factiosus,
2389 1724 2632 1779 prceceps,
2663 1710 2806 1779 regni
2837 1708 3037 1763 avidus.
3072 1708 3189 1763 Hoc
3215 1720 3439 1780 tempore

199 1806 386 1859 maxime
440 1822 568 1876 quos
639 1805 999 1859 animadvertit
1067 1802 1335 1857 nobilitate
1396 1803 1749 1871 industriaque

204 1898 413 1951 excellere
466 1897 668 1968 ﬂagitia
713 1900 878 1966 regis,
914 1898 938 1927 θ
965 1897 1095 1949 inter
1142 1912 1266 1965 quos
1310 1895 1464 1949 etiam
1515 1895 1750 1949 Salvium

195 1987 434 2042 lulianum
463 1990 800 2060 legislatorem
832 1988 1037 2042 occidit.
1072 1985 1232 2040 Plena
1264 1985 1415 2041 Urbis
1444 1986 1745 2056 insequitur.

198 2080 309 2134 Nam
335 2082 549 2151 fulmine
578 2080 889 2147 Capitolium
916 2080 1073 2133 ictum
1096 2119 1111 2145 ,
1141 2094 1206 2134 ex
1233 2096 1333 2149 quo
1375 2083 1515 2149 facta
1545 2080 1750 2148 inﬂam-

196 2176 321 2229 matio
370 2174 721 2229 bibliothecam
775 2173 917 2228 illam
972 2174 1231 2243 majorum
1286 2189 1411 2225 cura
1472 2172 1749 2240 studioque

201 2266 536 2337 compositam,
582 2265 814 2334 sedesque
857 2265 988 2318 alias
1026 2265 1179 2335 juxta
1224 2264 1380 2328 sitas,
1414 2263 1595 2331 rapaci
1642 2271 1751 2315 tur-

195 2357 287 2410 bine
306 2356 657 2410 concremavit.
681 2353 879 2409 Deinde
897 2356 1041 2409 aliud
1062 2355 1357 2409 incendium
1377 2365 1552 2426 postea
1574 2354 1753 2409 Roma:

194 2457 428 2515 exortum,
461 2457 508 2502 et
538 2450 700 2502 cedent
738 2445 932 2514 Vestw,
977 2459 1022 2501 et
1061 2448 1343 2517 palatium,
1376 2449 1753 2517 plurimumque

193 2538 320 2595 Urbis
349 2551 581 2608 partem,
611 2544 722 2597 solo
752 2544 989 2612 tequavit.
1038 2540 1176 2596 Huic
1220 2541 1418 2596 Martia
1458 2542 1659 2612 generis
1690 2540 1754 2595 li-

189 2632 342 2687 bertini
371 2651 500 2689 uxor
530 2635 662 2706 fuit,
695 2636 862 2704 [arma
892 2645 1061 2688 tamen
1112 2635 1508 2702 meretriciisque
1554 2634 1753 2689 artibus

183 2727 391 2794 pollens,
438 2744 556 2798 qua:
596 2744 710 2781 cum
738 2728 964 2781 animum
1010 2729 1117 2796 ejus
1161 2728 1359 2797 penitus
1409 2726 1751 2794 devinxisset,

180 2834 359 2889 egresso
386 2836 414 2874 e
439 2819 619 2874 balneo
647 2821 822 2874 ueneni
850 2819 1087 2891 poculum
1114 2820 1315 2874 obtulit.
1349 2819 1430 2872 Ad
1464 2828 1749 2874 extremum

172 2910 229 2962 ab
259 2911 484 2965 immisso
508 2911 821 2997 validissimo
848 2912 1129 2979 palwstrita
1158 2912 1457 2981 compressis
1486 2913 1597 2981 ejus
1627 2915 1745 2978 fau-

165 3004 318 3071 cibus,
350 3002 599 3075 expirauit
624 3005 677 3055 in
700 3001 851 3055 domo
879 3000 1147 3055 Vestiliani
1168 3044 1182 3067 ,
1213 3016 1333 3055 cum
1362 3002 1517 3062 annis
1546 3001 1748 3055 duode-

1857 1793 2021 1867 Niger
2070 1795 2412 1852 Fescenninus
2456 1801 2598 1867 apud
2636 1800 2961 1854 Antiochiam
2992 1810 3039 1854 et
3072 1798 3091 1838 ι
3125 1802 3177 1854 in
3209 1800 3433 1856 Sabario

1854 1883 2143 1940 Pannoniae
2169 1890 2358 1959 oppido
2384 1890 2645 1958 Septimus
2689 1891 2906 1945 Severus
2932 1902 3169 1944 creantur
3192 1893 3431 1963 Augusti.

1855 1976 1932 2029 Ab
1962 1976 2058 2031 hoc
2086 1979 2275 2033 Severo
2306 1978 2551 2035 Julianus
2583 1982 2741 2035 victus
2767 1992 2840 2035 est
2868 1982 3007 2051 apud
3040 1982 3277 2037 Milvium
3308 1998 3442 2053 pon-

1856 2079 1963 2125 tem
1995 2070 2128 2125 bello
2158 2073 2332 2137 civili,
2361 2083 2408 2127 et
2449 2075 2651 2144 fugiens
2694 2077 2745 2129 in
2792 2077 2993 2144 palatio
3036 2090 3248 2145 captus,
3294 2086 3340 2130 et
3384 2078 3437 2132 in

1853 2161 2056 2216 abditas
2100 2165 2279 2233 palatii
2320 2165 2526 2221 balneas
2567 2168 2785 2235 ductus,
2836 2177 3036 2223 extenta
3076 2169 3438 2224 damnatorum

1858 2257 2008 2310 modo
2038 2260 2228 2311 ceruice
2254 2259 2554 2325 decollatur,
2589 2269 2844 2331 caputque
2873 2265 2983 2328 eius
3013 2264 3066 2315 in
3089 2262 3264 2317 rostris
3293 2262 3444 2332 poni-

1857 2358 1961 2418 tur,
1994 2359 2113 2419 post
2139 2360 2343 2420 septem
2372 2368 2589 2407 menses
2618 2368 2777 2421 altam
2813 2355 3077 2423 imperare
3106 2365 3363 2423 coeperat.

2358 2443 2550 2497 SEPT.
2604 2442 2914 2499 SEVERUS

1927 2532 2076 2586 Anno
2106 2534 2167 2587 ab
2208 2534 2343 2588 Urbe
2364 2536 2569 2590 condita
2594 2544 2631 2571 η)
2663 2534 2787 2598 947,
2813 2544 2840 2571 η
2873 2535 3142 2605 Septimus
3184 2536 3435 2604 Severus,

1855 2622 2125 2692 vigesimus
2142 2636 2252 2694 post
2283 2627 2588 2697 Augustum,
2607 2626 2831 2681 Romani
2861 2627 3069 2694 imperii
3100 2629 3441 2685 administra-

1859 2718 2056 2773 tionem
2108 2721 2360 2789 suscepit.
2412 2719 2520 2774 Iste
2551 2737 2611 2774 ex
2644 2721 2819 2777 Africa
2860 2722 3137 2789 oriundus,
3173 2725 3441 2792 provincia

1858 2809 2206 2881 Tripolitana,
2229 2813 2425 2882 oppido
2448 2813 2598 2880 Lepti
2627 2813 2745 2883 fuit.
2778 2822 2803 2851 ο
2830 2813 2989 2869 Solus
3012 2817 3150 2868 omni
3173 2818 3437 2884 memoria,

1858 2916 1912 2960 et
1960 2916 2107 2973 ante,
2132 2918 2184 2960 et
2217 2919 2431 2977 postea,
2492 2923 2557 2961 ex
2605 2908 2781 2962 Africa
2833 2908 3123 2977 imperator
3173 2907 3290 2963 fuit.
3343 2910 3439 2966 llic

1857 3002 2086 3072 primum
2113 3002 2223 3057 fisci
2248 3002 2541 3057 advocatus
2568 3003 2665 3073 fuit
2696 3045 2712 3069 ,
2744 3018 2866 3057 mox
2896 3002 3140 3057 militaris
3173 3004 3440 3072 tribunus,

160 3094 265 3149 cim
289 3103 411 3164 post
431 3102 635 3165 patrem
663 3101 717 3147 et
739 3101 859 3146 octo
885 3091 1164 3147 mensibus
1190 3092 1524 3163 imperasset,
1548 3093 1759 3162 vitwque
1783 3082 1831 3147 C
1867 3109 1961 3164 per
2011 3095 2175 3149 multa
2224 3094 2417 3150 deinde
2456 3105 2511 3150 et
2556 3097 2702 3149 varia
2743 3095 2938 3159 ofﬁcia,
2984 3104 3143 3164 atque
3191 3098 3444 3167 honores,

154 3202 303 3241 anno
329 3186 568 3260 vigesimo
599 3187 843 3241 secundo.

775 3273 1065 3331 PERTINA
1078 3275 1139 3330 X.

235 3367 375 3424 Huic
406 3368 667 3425 successit
703 3365 918 3421 Helvius
949 3366 1196 3421 Pertinax
1217 3407 1235 3435 ,
1264 3366 1355 3439 qui
1394 3376 1596 3422 octavus
1622 3366 1758 3421 deci-

154 3474 272 3513 mus
292 3461 356 3513 ab
379 3461 614 3530 Augusto
638 3459 910 3530 imperium
938 3458 1152 3528 adeptus
1172 3468 1263 3513 est.
1292 3456 1398 3513 Iste
1416 3460 1754 3528 grandaevus,

160 3558 219 3602 et
260 3551 354 3620 qui
392 3547 415 3586 τ
450 3549 917 3619 septuagenariam
964 3549 1229 3619 attigisset
1275 3558 1525 3616 :etatcm,
1574 3550 1757 3619 praefe-

160 3650 368 3694 cturam
404 3638 547 3696 Urbe
594 3649 718 3694 tunc
760 3655 924 3708 agens
948 3654 1015 3696 ex
1058 3642 1548 3707 senatusconsulto,
1584 3651 1610 3690 Β
1641 3658 1759 3696 coa-

168 3742 278 3786 etus
328 3734 606 3802 imperium
648 3749 1042 3805 repugnansque
1088 3735 1331 3803 suscepit.
1376 3733 1607 3789 Proinde
1659 3738 1759 3792 tale

176 3834 569 3893 cognomentum
598 3827 810 3880 sortitus
838 3836 933 3881 est.
970 3827 1291 3898 Octogesimo
1331 3831 1495 3897 primo
1524 3829 1611 3884 die
1654 3831 1759 3883 im-

182 3919 314 3982 perii
366 3919 814 3987 prtetorianorum
864 3919 1093 3974 militum
1145 3920 1440 3988 seditione,
1489 3930 1543 3976 et
1594 3922 1761 3977 Saluii

174 4006 372 4066 Juliani
406 4009 431 4048 δ
461 4013 687 4077 scelere,
730 4013 904 4067 multis
934 4013 1228 4069 vulneribus
1260 4015 1613 4072 obtruncatur.
1647 4015 1760 4070 Huc

168 4098 248 4163 ius
282 4114 437 4173 caput
468 4114 570 4158 tota
605 4103 744 4159 Urbe
774 4112 969 4158 vectum
1010 4116 1105 4160 est.
1150 4104 1266 4161 Hoc
1308 4107 1444 4161 exitu
1470 4109 1591 4161 obiit
1617 4149 1631 4171 ,
1660 4109 1757 4175 uir,

172 4195 239 4246 ad
267 4194 515 4250 humana:
543 4197 939 4252 conversationis
982 4197 1269 4267 exemplum
1288 4239 1302 4263 ,
1339 4214 1429 4265 per
1457 4198 1648 4253 laboris
1674 4215 1761 4271 ge-

168 4299 294 4341 nera
343 4290 578 4343 universa
620 4291 689 4344 ad
729 4306 956 4344 summos
998 4282 1157 4360 utique
1198 4301 1460 4361 provectus
1506 4293 1758 4358 honores,

165 4392 331 4451 Isque
364 4400 419 4437 eo
443 4429 458 4453 ,
490 4392 547 4438 ut
577 4381 826 4438 Fortuna:
852 4394 1117 4439 vocaretur
1144 4384 1274 4455 pila.
1307 4384 1364 4439 Is
1393 4385 1588 4457 origine
1618 4396 1759 4441 ortus

1860 3201 2029 3256 usque
2057 3187 2121 3241 ad
2144 3186 2661 3241 administrationem
2692 3186 2855 3241 t0tius
2882 3187 3018 3255 reip.
3046 3196 3073 3237 ρ
3100 3188 3261 3243 venit.
3292 3189 3437 3245 Bella

1859 3284 2024 3336 multa
2080 3291 2135 3336 et
2192 3281 2419 3336 feliciter
2469 3280 2658 3351 gessit.
2704 3289 2731 3330 ιι
2768 3280 3156 3336 Pescenninum
3201 3281 3441 3351 Nigrum,

1858 3372 2116 3428 hominem
2163 3376 2387 3427 omnium
2436 3372 2835 3443 turpitudinum,
2884 3372 2973 3440 qui
3019 3371 3070 3425 in
3119 3370 3347 3440 Egypto
3386 3382 3441 3428 et

1859 3463 2015 3534 Syria
2065 3463 2437 3531 rebellaverat,
2488 3463 2627 3532 apud
2685 3462 2920 3518 Cizicum
2966 3462 3271 3518 interfecit;
3306 3463 3436 3517 Par-

1862 3557 1983 3612 tbos
2010 3556 2154 3621 vicit,
2187 3566 2239 3611 et
2269 3559 2472 3611 Arabas
2502 3555 2806 3621 interiores,
2837 3564 2893 3609 et
2921 3565 2945 3592 ι·
2969 3554 3279 3610 Adiabenos.
3314 3555 3444 3610 Ara-

1860 3651 1958 3707 bas
1985 3665 2051 3705 eo
2080 3665 2248 3719 usque
2293 3653 2586 3717 superavit,
2617 3648 2859 3703 utetiam
2900 3648 3228 3718 provinciam
3261 3648 3329 3701 ibi
3364 3650 3439 3703 la-

1859 3752 2026 3800 ceret.
2076 3741 2279 3798 ldcirco
2328 3742 2606 3797 Parthicus
2638 3782 2655 3809 ,
2709 3741 3004 3803 Arabicus.
3053 3749 3074 3777 ⁸
3102 3742 3459 3819 ΑιιὶαὸρηὶαιεΔ

1860 3836 2036 3893 dictus
2062 3843 2164 3890 cst.
2198 3834 2359 3889 Multa
2398 3843 2509 3889 toto
2550 3834 2680 3888 orbe
2723 3833 2965 3888 Romano
3001 3836 3289 3903 reparavit.
3335 3835 3446 3889 Sub

1872 3944 1939 3985 eo
1989 3930 2149 3983 etiam
2200 3926 2417 3983 Clodius
2463 3927 2705 3993 Albinus,
2744 3927 2833 3996 qui
2868 3930 2918 3980 in
2949 3926 3243 3981 occidendo
3277 3927 3446 3983 Perti-

1868 4036 2000 4078 nace
2029 4022 2206 4078 socius
2231 4021 2403 4076 fuerat
2431 4020 2667 4086 Iuliano,
2707 4020 2976 4075 Caesarem
2995 4033 3055 4074 se
3083 4019 3134 4073 in
3169 4019 3333 4074 Gallia
3369 4018 3445 4074 fe-

1862 4116 1955 4177 cit,
2006 4116 2283 4183 victusque
2313 4112 2451 4182 apud
2494 4111 2831 4182 Lugdunum,
2882 4120 2936 4165 et
2984 4110 3296 4164 interfectus
3339 4119 3443 4165 est.

1866 4206 1970 4261 Hic
2008 4208 2105 4277 fuit
2135 4206 2554 4261 bellicosissimus
2598 4205 2823 4257 omnium
2865 4207 2953 4273 qui
2986 4212 3102 4257 ante
3130 4219 3243 4257 eum
3264 4203 3448 4273 fuere:

1863 4317 1981 4355 acer
2023 4301 2249 4371 ingenio,
2293 4308 2341 4353 et
2379 4298 2446 4351 ad
2491 4297 2662 4351 omnia
2702 4311 2815 4365 qua:
2852 4296 3173 4350 intendisset'
3196 4313 3357 4367 usque
3394 4296 3449 4349 in

1864 4395 2019 4466 ﬁnem
2060 4407 2402 4461 perseverans,
2444 4386 2810 4453 benevolentia,
2852 4404 2948 4451 quo
2976 4388 3268 4443 inclinasset
3290 4391 3446 4444 mira-

171 4475 394 4529 sordida
414 4518 430 4543 ,
481 4492 601 4530 nam
645 4476 882 4531 libertino
924 4478 1125 4550 genitus
1146 4454 1346 4547 patre,
1379 4454 1519 4546 apud
1549 4477 1759 4547 Ligures
1791 4454 1844 4516 ί)
1864 4454 1960 4539 bili
1981 4500 2039 4536 ac
2062 4454 2337 4555 perpetua.
2370 4454 2448 4535 Ad
2476 4480 2846 4551 acquirendum
2868 4480 3107 4550 diligens,
3129 4481 3198 4532 ad
3226 4480 3451 4552 largien-

169 4564 228 4618 in
259 4586 392 4640 agro
421 4572 662 4643 squalido
688 4571 844 4625 Lollii
874 4571 1111 4627 Gentiani
1130 4613 1144 4636 ,
1172 4574 1320 4644 cujus
1364 4574 1415 4627 in
1456 4576 1765 4646 prtefectura

163 4672 374 4731 quoque
416 4680 468 4718 se
512 4663 745 4718 clientem
790 4679 898 4718 esse
942 4664 1297 4719 liberalissime
1339 4666 1615 4736 fatebatur,
1666 4666 1764 4737 fuit

245 4781 271 4848 ἒ
302 4776 376 4848 ῥ.
404 4795 416 4830 :
448 4775 627 4848 Hujus
657 4794 914 4833 successor
941 4777 1005 4834 L.
1038 4778 1325 4839 Antoninus
1356 4778 1678 4837 Commodus.

242 4845 272 4886 Β
306 4846 495 4919 Victor
526 4845 653 4919 legit
684 4852 909 4919 negotia.

249 4923 277 4953 °
307 4918 381 4972 Α.
404 4959 419 4984 ,
450 4924 635 4974 uxoria
664 4918 993 4976 obscenitate.
1556 4976 1561 4979 _

246 4985 273 5021 ⁸⁵
306 4994 372 5042 Α.
411 5010 422 5045 :
467 4990 779 5045 Hominibus
835 4993 1115 5047 dimicavit.
1164 4991 1302 5047 Obiit
1346 5006 1506 5049 morte
1554 4995 1762 5058 subita,

162 5056 305 5112 adeo
338 5072 393 5114 ut
420 5063 773 5132 strangulatus
795 5103 809 5128 ,
838 5064 917 5117 vel
965 5080 1155 5119 ueneno
1198 5066 1492 5135 interfectus
1534 5056 1760 5137 putetur,

162 5143 292 5181 oum
325 5136 470 5187 annis
502 5150 573 5187 xtl
604 5145 716 5205 post
750 5149 977 5204 patrem,
1007 5146 1053 5191 et
1084 5151 1175 5190 vut
1225 5140 1477 5191 mensibus
1515 5136 1766 5203 imperas-

163 5210 287 5279 set,
314 5214 457 5258 tanta
484 5207 833 5260 exsecratione
860 5209 1084 5261 omnium
1104 5248 1118 5272 ,
1149 5216 1202 5260 ut
1235 5210 1393 5264 hostis
1421 5211 1633 5263 humani
1678 5225 1765 5279 ge-
1862 5228 1870 5236 '

166 5274 314 5327 neris
345 5279 496 5330 etiam
526 5288 756 5330 mortuus
779 5280 1118 5345 judicaretur.

160 5410 217 5463 Γ
256 5354 279 5382 ο
330 5346 502 5404 Locus
572 5351 933 5418 transpositus
999 5350 1359 5407 restituendus
1420 5366 1487 5407 ex
1550 5351 1763 5407 Orosio.

198 5431 363 5463 καις-

198 5431 363 5469 ιΑκΙΒ.

260 5487 281 5567 ξ
319 5489 391 5567 tta
422 5490 950 5567 Eusebscwitolin.
974 5534 991 5557 ,
1019 5504 1073 5550 et
1102 5492 1290 5567 Victor
1318 5496 1723 5567 sexagenariam.

254 5561 281 5637 fi
312 5565 376 5637 ᾼ.
396 5602 411 5627 ,
443 5564 502 5617 S.
534 5562 597 5637 Ο.
630 5566 882 5637 imperare
902 5566 1081 5635 jussus
1111 5564 1193 5620 die
1221 5564 1292 5621 80
1318 5561 1542 5637 imperii.

252 5624 281 5705 ἢ
312 5624 412 5697 A.,
442 5635 631 5688 scelere
657 5624 853 5691 occisus
878 5624 974 5692 e'sl.

256 5706 273 5736 ⁸
314 5708 381 5759 Α.
405 5750 417 5771 ,
448 5707 697 5760 Sabinus.

258 5773 276 5826 Ι
316 5782 405 5844 A.,
439 5778 690 5835 Adriano.

1868 4577 1989 4629 clum
2018 4574 2262 4639 liberalis,
2294 4574 2347 4626 in
2374 4574 2565 4626 amicos
2590 4573 2922 4641 inimicosque
2944 4573 3206 4626 vehemens
3233 4574 3445 4643 pariter,

1867 4669 2052 4739 quippe
2088 4668 2176 4737 qui
2207 4665 2517 4720 Lateranum
2547 4664 2796 4729 Cilonem,
2840 4670 2857 4705 ι
2890 4663 3169 4720 Anulinum
3208 4664 3447 4731 Bassum,

1938 4779 1962 4818 ¹ί
1995 4781 2058 4836 Α.
2080 4823 2095 4847 ,
2127 4788 2245 4849 post
2274 4781 2491 4833 edictum
2514 4794 2533 4833 :
2563 4778 2742 4833 Victus
2771 4795 2802 4831 a
2834 4778 3021 4834 Severo
3047 4778 3187 4844 apud
3213 4775 3448 4830 Milvium

1865 4863 2069 4925 pontem
2098 4852 2391 4918 interfectus
2431 4852 2483 4903 in
2528 4851 2739 4919 palatio.
2775 4850 2917 4904 Vixit
2960 4849 3214 4903 mensibus
3254 4858 3449 4917 septem

1866 4935 2138 4995 postquam
2157 4966 2173 4990 ,
2205 4936 2308 4978 etc.

1947 4995 1963 5034 ι
1997 4991 2207 5061 Victor,
2239 4997 2291 5047 in
2326 4991 2598 5048 Pannonia
2630 4992 2865 5048 Sabatia.

1939 5076 1979 5104 ω
2010 5065 2198 5121 Orosio
2227 5064 2353 5120 81M.

1936 5145 1965 5174 υ
1996 5140 2059 5192 Α.
2094 5136 2217 5206 legit
2246 5156 2256 5189 :
2291 5135 2428 5190 Hinc
2456 5136 2599 5206 Sept.
2633 5134 2851 5192 Severus
2880 5133 3057 5201 Rom.,
3084 5141 3189 5187 etc.

1943 5217 1969 5244 ο
1996 5213 2086 5272 Λ.,
2110 5209 2266 5261 Solus
2293 5212 2537 5261 omnium.
2868 5226 2873 5229 '

1939 5289 1967 5329 P
1994 5282 2056 5333 A.
2089 5293 2105 5332 :
2145 5278 2315 5348 Venit.
2346 5276 2665 5332 Pertinacent
2692 5295 2746 5332 se
2788 5276 3042 5348 appellari
3085 5276 3243 5331 uoluit
3281 5275 3333 5330 in
3360 5274 3454 5329 lto-

1941 5296 1967 5329 μ
1994 5296 2056 5333 Α.
2089 5296 2105 5332 :
2150 5296 2315 5331 venit.
2346 5296 2665 5332 rerunacem
2692 5296 2746 5332 se
2788 5296 2854 5348 ap
2892 5296 3042 5332 euars
3085 5296 3243 5331 volun
3281 5296 3333 5330 in
3360 5296 3450 5329 aa-

1869 5367 2045 5407 norem
2099 5352 2212 5420 ejus
2258 5347 2565 5415 Pertinacis,
2616 5349 2702 5417 qui
2750 5365 2781 5402 a
2827 5296 3042 5403 Iuliano
3091 5349 3189 5418 fuit
3231 5348 3450 5403 occisus.

1870 5423 2068 5477 Parcus
2093 5419 2371 5473 admodum
2394 5422 2511 5490 fuit,
2543 5431 2728 5473 natura
2752 5435 2938 5490 stevus.
2973 5419 3164 5486 Multa,
3193 5428 3297 5478 etc.

1940 5503 1969 5545 ιι
1997 5497 2085 5557 Α.,
2121 5488 2476 5545 Fescennium.
2506 5490 2705 5557 Victor,
2742 5488 3099 5549 Pescennium.

1944 5575 1967 5603 ι’
1998 5565 2080 5628 Α.,
2115 5563 2395 5617 Azabenos.

1943 5645 1967 5673 ⁸
1996 5636 2147 5702 Item,
2173 5635 2508 5701 Azabenicus,

1947 5711 1963 5746 τ
2005 5707 2203 5773 Victor,
2238 5705 2554 5761 Amulinum.
