3918 6344
162 382 253 442 895

1200 378 1524 439 HISTORIA
1560 378 1920 440 MISCELLA.
1960 412 2032 427 -—
2068 380 2198 438 LIB.
2238 378 2311 436 Χ.

3294 374 3401 434 894

162 513 337 570 quoque
361 496 490 567 reip.
521 496 636 569 fuit,
667 510 981 551 aerumnosas
1029 496 1146 552 sibi.
1200 495 1375 569 Hujus
1420 498 1724 568 temporibus
1750 502 1799 559 λ
1828 512 1969 553 nunc
2016 497 2378 552 Romanorum
2414 502 2513 561 est,
2565 491 2825 564 Euphrati
2871 502 3192 562 imminens,
3236 493 3404 551 rediti-

150 590 404 643 ’τηατ-ἕηκε
444 590 497 641 in
539 587 748 642 Oriente
788 588 1046 658 Augustus
1098 585 1305 653 effectus
1329 630 1343 653 ,
1387 588 1449 641 ob
1496 590 1723 642 timorem
1822 592 1979 652 cavit,
2007 604 2285 657 nomenque
2304 589 2413 641 loco
2441 587 2578 641 dedit
2601 586 2910 655 Sepulcrum
2938 583 3210 649 Gordiani,
3246 602 3406 643 exse-

164 682 259 750 ipse
298 696 350 734 se
394 678 658 750 Euphrate
704 681 861 749 fluvio
909 679 1116 747 abjecit.
1170 678 1316 733 Tunc
1360 680 1515 733 etiam
1552 678 1725 734 Julius
1823 688 1975 755 quias
2006 700 2130 739 vero
2162 684 2381 739 Romam
2406 683 2631 750 revexit,
2668 683 2838 751 ipsum
2873 680 3049 735 divum
3088 682 3395 749 appellavit.

160 770 458 825 ﬂanminus
505 771 645 840 apud
686 768 887 823 Gallias
928 785 1138 839 regnum
1181 770 1438 839 arripuit.
1498 770 1726 840 pluribus
1826 777 2000 849 Hujus
2042 778 2347 845 temporibus
2384 774 2697 846 Porphyrius
2728 772 2922 827 Plotini
2958 771 3215 828 Platonici
3239 773 3406 842 philo-

164 864 221 917 de
252 863 470 917 euertit!
510 863 788 931 corruptis.
841 862 1131 915 Alexander
1157 877 1273 915 vero
1301 877 1414 915 cum
1435 861 1598 915 deseri
1620 877 1671 914 se
1696 877 1729 914 α
1827 868 1972 936 sophi
1994 867 2198 920 auditor
2226 866 2400 920 Roma:
2419 867 2650 927 habetur,
2674 864 3041 936 Theopompus
3065 864 3407 936 philosOphus

164 952 474 1021 stipatoribus
516 953 654 1022 apud
699 950 1022 1022 Magontiam
1075 954 1314 1020 vidisset,
1369 964 1580 1006 matrem
1630 951 1727 1006 sibi

1862 962 1966 1031 pud
2016 959 2317 1015 Cheroniam
2354 968 2401 1015 et
2443 958 2673 1014 Nicanor
2717 960 2963 1032 Sephista
3005 961 3144 1031 apud
3186 960 3412 1015 Athenas

154 1060 357 1100 causam
402 1045 563 1113 fuisse
608 1043 786 1099 mortis
828 1045 1148 1107 exclamans,
1200 1053 1493 1097 occurrente
1524 1058 1730 1113 percus-

156 1150 283 1203 sore,
324 1135 560 1189 obvoluto
591 1137 777 1206 capite,
805 1137 1021 1189 cerviccs
1048 1135 1281 1187 manibus
1306 1135 1454 1187 valde
1483 1150 1733 1200 compres-

163 1246 235 1284 sos
256 1228 490 1297 prcbnit,
521 1244 656 1283 anno
686 1230 802 1282 vitw
826 1228 1069 1300 vigesimo
1094 1238 1255 1293 sexto,
1288 1226 1496 1295 imperii
1523 1225 1732 1280 decimo

166 1321 327 1389 tertio,
380 1331 436 1377 et
476 1320 564 1376 die
599 1332 808 1376 octavo.
852 1318 922 1375 ‘ln
971 1319 1283 1374 Mammeatn
1332 1329 1554 1371 matrem
1581 1330 1729 1370 suam

164 1412 304 1469 unice
334 1415 453 1484 pius
486 1414 615 1483 fuit,
650 1422 695 1468 et
737 1413 797 1467 ob
835 1413 888 1466 id
935 1413 1165 1467 omnibus
1211 1411 1465 1465 amabilis.
1515 1408 1638 1464 Ha'c
1676 1426 1733 1464 eo

162 1504 315 1575 ﬁlium
359 1516 613 1577 coegerat,
644 1515 772 1561 utet
801 1506 895 1560 illa
940 1507 1055 1575 ipsa
1099 1506 1412 1575 permodica,
1459 1505 1503 1558 si
1548 1520 1734 1558 mensa:

164 1599 470 1669 prandioque
503 1608 841 1666 superessent,
874 1599 1101 1668 quamvis
1133 1615 1351 1666 semesa,
1381 1598 1530 1654 alteri
1561 1600 1734 1653 convi-

163 1693 235 1747 vio
259 1703 624 1764 reponerentur

728 1784 1144 1843 'MA‘XIMINUS.

1830 1052 2107 1121 pollebant.

2431 1140 2805 1198 PHILIPPUS.

1906 1242 1931 1280 ις
1964 1234 2109 1287 Anno
2137 1233 2199 1286 ab
2231 1232 2367 1287 Urbe
2408 1234 2613 1286 condita
2654 1230 2781 1300 997,
2829 1230 2908 1287 Μ.
2942 1230 3116 1300 Julius
3142 1230 3413 1303 Philippus

1833 1323 2101 1392 tigesintus
2143 1325 2385 1388 septimus
2416 1323 2479 1377 ab
2510 1326 2757 1394 Angusto,
2802 1341 2906 1379 una
2940 1341 3052 1378 cum
3093 1326 3201 1394 filio
3231 1322 3258 1361 ¹¹
3290 1324 3416 1381 Caio

1833 1410 1978 1468 Iulio
2030 1412 2322 1468 Saturnino
2373 1412 2619 1484 Philippo
2664 1414 2933 1484 imperium
2988 1417 3207 1482 invasit,
3258 1427 3419 1486 atque

1836 1505 2076 1561 exercitu
2115 1505 2367 1559 incolumi
2407 1507 2628 1561 reducto
2659 1506 2976 1571 ad‘Ituliam,
3013 1522 3076 1560 ex
3104 1506 3257 1577 Syria
3290 1521 3418 1575 pro-

1839 1597 1967 1651 fecti
1997 1604 2141 1650 sunt.
2173 1595 2269 1651 Isti
2297 1597 2449 1667 primi
2479 1597 2703 1651 omnium
2744 1597 3111 1666 imperatorum
3142 1596 3420 1652 Christiani

1840 1688 2023 1743 Roma:
2048 1689 2172 1757 facti
2192 1698 2332 1759 sunt,
2364 1699 2411 1743 et
2440 1690 2489 1743 in
2522 1690 2602 1743 die
2637 1688 2873 1757 Paschte,
2906 1691 2959 1743 id
2992 1698 3086 1756 est,
3113 1690 3164 1743 in
3189 1690 3312 1758 ipsis
3340 1691 3418 1744 vi-

1843 1781 1999 1852 giliis,
2043 1796 2159 1834 cum
2200 1781 2439 1835 interesse
2498 1782 2794 1851 voluissent,
2843 1791 2891 1835 et
2918 1783 3289 1836 communicare
3312 1798 3423 1853 my-

227 1879 355 1936 Post
409 1877 798 1935 hunc‘lulius
853 1877 1173 1933 Maximinus
1215 1892 1399 1948 genere
1447 1875 1625 1931 Thrax
1671 1854 1821 1930 a'd'B
1849 1873 2045 1940 stertis,
2096 1892 2128 1929 a
2159 1872 2393 1929 Fabiano
2444 1876 2681 1945 episcopo
2732 1875 2965 1929 Romano
3013 1893 3115 1930 non
3160 1876 3301 1947 prius
3350 1883 3423 1930 est

160 1972 422 2043 imperium
471 1973 681 2027 accessit
712 2016 726 2041 ,
771 1973 1044 2052 vigesimus
1089 1970 1296 2040 quintus
1357 1970 1420 2023 ab
1469 1970 1696 2041 Augusto
1721 2011 1736 2037 ,

150 2083 290 2123 anno
318 2067 382 2121 ab
426 2066 563 2123 Urbe
585 2065 945 2122 condita‘988.
976 2065 1035 2121 Is
1058 2068 1253 2139 primus
1276 2082 1341 2122 ea:
1370 2082 1583 2136 corpore
1605 2067 1740 2121 mili-

163 2161 258 2215 tari
286 2161 568 2228 imperator
607 2160 797 2231 factus,
843 2160 957 2217 sola
1003 2160 1235 2217 militum
1279 2159 1576 2225 voluntate,
1620 2173 1741 2213 cum

164 2252 305 2306 nulla
349 2261 568 2307 senatus
620 2254 1014 2309 intercessisset
1061 2253 1379 2319 auctoritas,
1418 2268 1592 2323 neque
1630 2254 1772 2319 ipse,

160 2350 379 2399 senator
419 2352 586 2399 esset.
627 2342 722 2398 llic
768 2344 909 2399 bello
935 2345 1216 2400 adversum
1242 2345 1540 2401 Germanos
1576 2342 1745 2400 felici-

152 2440 238 2490 ter
257 2438 287 2479 δ
309 2444 483 2505 gemo,
521 2436 642 2488 dum
680 2435 984 2506 pecuniosos
1026 2437 1369 2507 persequitur,
1398 2437 1622 2490 insontes
1651 2450 1745 2506 pa-

146 2526 302 2593 riter,
346 2526 650 2597 noxiosque,
699 2528 839 2598 apud
878 2527 1172 2595 Aquileiam
1206 2543 1236 2583 a
1268 2526 1510 2597 Pupieno
1537 2528 1745 2583 occisus

152 2627 261 2685 est,
290 2616 666 2675 deserentibus
708 2635 828 2674 eum
863 2619 1121 2677 militibus
1145 2620 1282 2685 suis,
1320 2634 1442 2675 cum
1473 2620 1585 2674 ﬁlio
1621 2618 1746 2674 Dia-

151 2710 377 2765 dumene
398 2711 623 2777 nomine,
664 2710 837 2765 adhuc
880 2726 1066 2780 puero,
1106 2725 1227 2767 cum
1255 2726 1360 2781 quo
1389 2711 1747 2780 imperaverat

136 2798 413 2867 triennio,
448 2811 503 2855 et
534 2800 720 2869 paucis
760 2799 969 2867 diebus,
1014 2801 1209 2855 cunctis
1250 2798 1461 2854 militari
1481 2796 1602 2872 joco
1627 2816 1747 2854 con-

150 2891 546 2948 clamantibus:
573 2891 655 2947 Ea:
690 2894 905 2965 pessimo
954 2909 1140 2964 genere
1182 2911 1246 2949 ne
1285 2894 1515 2948 catulum
1558 2894 1748 2950 haben-

144 2982 304 3038 dum.
348 2982 463 3039 ‘Iste
508 2982 902 3053 perset'utionem
938 2987 989 3038 in
1018 2983 1336 3040 Christianos
1373 2994 1541 3040 sextus
1567 3002 1600 3039 a
1630 2984 1740 3039 Ne-

150 3088 286 3131 rone
318 3075 566 3131 exercuit.
606 3073 779 3144 Hujus
818 3077 1030 3148 imperio
1069 3076 1169 3131 duo
1209 3073 1481 3145 Gordiani,
1522 3086 1666 3147 pater
1695 3083 1745 3131 et

154 3169 322 3239 ﬁlius,
360 3169 699 3242 principatum
726 3171 1041 3241 arripientes,
1082 3185 1213 3225 unus
1242 3180 1351 3242 post
1383 3186 1543 3226 unum
1570 3171 1731 3227 inter-

142 3260 349 3317 ierunt.

758 3352 1160 3412 CORDIANUS.

232 3452 264 3484 ε
291 3442 495 3501 Deinde
522 3443 835 3512 Gordianus,
866 3463 1021 3518 nepos
1043 3445 1294 3502 Gordiani
1318 3462 1381 3503 ea:
1407 3448 1537 3517 lilio,
1566 3447 1751 3519 vigesi-

162 3552 276 3593 mus
308 3549 501 3596 sextus
545 3540 608 3595 ab
653 3543 884 3612 Augusto
928 3545 1204 3615 imperator
1247 3555 1444 3601 creatus
1474 3555 1570 3616 est,
1612 3554 1751 3601 ortus

169 3628 352 3689 Romae
400 3634 682 3689 clarissimo
710 3646 873 3705 patre.
903 3638 1011 3707 qui,
1045 3654 1309 3694 consensu
1344 3640 1601 3709 militum,
1625 3654 1749 3695 cum

158 3727 611 3795 proconsulatum
643 3726 837 3784 Africae
866 3738 1095 3799 gereret,
1130 3731 1424 3787 Maximino
1452 3731 1752 3801 imperante

154 3814 201 3856 Α
242 3817 341 3887 fuit
389 3818 630 3888 princeps
677 3819 897 3875 electus.
960 3821 1140 3891 Itaque
1193 3836 1316 3878 cum
1378 3823 1601 3879 Romam
1658 3838 1752 3879 ve-

160 3907 357 3978 nisset,
410 3909 662 3966 Balbinus
706 3921 868 3981 atque
914 3912 1179 3983 Pupienus
1209 3923 1232 3951 θ
1258 3918 1445 3983 fratres
1487 3913 1752 3971 interfecti

174 4011 323 4057 sunt.
356 4000 660 4059 Gordianus
694 4000 979 4060 admodum
1009 4020 1159 4074 puer,
1187 4019 1307 4061 cum
1330 4004 1753 4077 Tranquillinam

168 4088 361 4150 ’Itomas
383 4093 632 4150 duxisset
657 4110 893 4161 uxorem,
926 4094 1045 4151 Jani
1074 4095 1283 4152 Gemini
1314 4108 1493 4166 portas
1523 4097 1751 4167 aperuit,

166 4196 302 4253 quas
350 4194 525 4240 utrm
571 4197 684 4257 post
732 4184 1099 4257 Vespasianum
1127 4199 1175 4243 et
1198 4186 1369 4242 Titum
1405 4198 1609 4260 apertas
1635 4205 1755 4244 con-

179 4289 293 4349 Stet,
322 4282 574 4337 neminem
613 4282 875 4352 scripsisse
903 4281 1126 4337 memini.
1160 4281 1222 4337 Et
1247 4280 1309 4335 ad
1335 4278 1603 4336 Orientem
1634 4294 1754 4350 pro-

168 4371 363 4443 iectus,
390 4372 604 4430 Parthis
631 4374 828 4430 bellum
870 4372 1070 4442 intulit,
1117 4374 1202 4443 qui
1244 4373 1353 4444 jam
1399 4372 1757 4428 moliebantur

174 4477 477 4537 erumpere.
515 4464 671 4534 Quod
701 4465 915 4536 quidem
959 4481 1084 4521 mox
1126 4462 1355 4520 feliciter
1386 4464 1577 4533 gessit,
1628 4480 1758 4533 prte-

1840 1965 2160 2037 permissum,
2198 1967 2300 2021 nisi
2328 1968 2660 2037 confiteretur
2688 1978 2896 2039 peccata
2931 1984 3044 2033 sua,
3078 1977 3126 2023 et
3151 1970 3281 2023 inter
3312 1984 3420 2037 pae—

1841 2061 2050 2113 nitentes
2078 2066 2253 2123 staret,
2290 2074 2380 2114 nec
2402 2058 2509 2112 ullo
2533 2059 2680 2113 modo
2711 2059 2908 2127 copiam
2936 2060 3032 2113 sibi
3068 2060 3423 2130 mysteriorum

1842 2152 2087 2223 futuram,
2114 2153 2210 2207 nisi
2241 2153 2382 2219 prius
2412 2170 2503 2221 per
2530 2155 2873 2220 posnitentiam
2902 2154 3101 2221 culpas,
3146 2168 3257 2221 qua:
3278 2152 3341 2207 de
3365 2168 3423 2206 eo

1845 2243 2140 2312 ferebantur
2174 2242 2430 2311 plurimae,
2471 2242 2720 2297 diluisset.
2779 2241 2968 2297 Fertur
3010 2244 3172 2314 igitur
3213 2243 3426 2297 libenter

1843 2352 1958 2388 eum
1980 2334 2116 2403 quod
2138 2351 2169 2388 a
2191 2335 2454 2389 sacerdote
2482 2335 2574 2387 sibi
2602 2336 2901 2405 imperatum
2931 2338 3101 2405 fuerat
3127 2334 3423 2403 suscepisse,

1846 2430 2073 2482 d'vinum
2097 2427 2194 2481 sibi
2221 2428 2384 2481 inesse
2423 2438 2636 2493 metum,
2678 2436 2723 2481 et
2755 2426 2908 2494 ﬁdem
2938 2427 3198 2497 religionis
3218 2424 3425 2494 ,plenis-

1846 2520 2044 2586 simam,
2079 2520 2225 2573 rebus
2264 2527 2413 2588 atque
2458 2517 2690 2588 operibus
2732 2517 3086 2587 comprobans.
3134 2516 3230 2571 llis
3277 2515 3425 2571 tertio

1848 2625 1982 2663 anno
2024 2609 2427 2679 imperantibus,
2462 2608 2782 2663 millesimus
2828 2623 3002 2663 annus
3045 2606 3189 2662 urbis
3236 2605 3421 2661 Romae

1849 2703 2045 2770 ingenti
2103 2703 2351 2755 luuurutn
2394 2709 2646 2770 apparatu
2700 2700 3235 2769 spectaculorumque
3282 2699 3423 2755 celo-

1838 2791 2029 2846 ‘bratus
2052 2800 2154 2845 est.
2186 2791 2356 2845 Ambo
2389 2790 2582 2845 deinde
2616 2791 2683 2844 ab
2717 2791 2953 2845 exercitu
2980 2789 3239 2845 interfecti
3265 2798 3419 2844 sunt:

1849 2884 2030 2939 senior
2062 2882 2332 2952 Philippus
2377 2882 2619 2948 νει-οπερ,
2654 2883 2818 2936 medio
2841 2884 3003 2953 capite
3033 2898 3189 2952 supra
3222 2882 3424 2938 ordines
3512 2894 3515 2897 '

1851 2975 2079 3029 dentiant
2124 2975 2377 3042 prteciso;
2427 2971 2605 3042 junior
2651 2973 2858 3039 Romae,
2919 2984 3195 3042 postquam
3250 2986 3422 3030 annos

1853 3068 2085 3134 quinque
2113 3064 2529 3133 imperaverunt.
2560 3063 2702 3118 Inter
2721 3062 2873 3119 divos
2902 3074 3079 3119 tamen
3101 3062 3255 3117 relati
3278 3071 3426 3119 sunt.

1844 3154 1936 3209 ’Ex
1971 3155 2161 3223 quibus
2188 3153 2368 3224 junior
2398 3152 2668 3224 Philippus
2712 3154 2992 3209 duodecim
3038 3168 3298 3209 annorum
3340 3152 3426 3209 in-

1854 3248 2108 3304 terfectus
2146 3255 2248 3313 est,
2287 3246 2375 3317 qui
2426 3247 2559 3302 adeo
2587 3247 2757 3302 severi
2808 3256 2854 3302 et
2898 3248 3055 3302 tristis
3096 3247 3260 3303 animi
3307 3247 3428 3316 fuit,

1851 3349 1911 3396 ut
1938 3341 2057 3408 jam
2104 3347 2226 3394 tunc
2253 3356 2285 3391 a
2313 3338 2625 3409 quinquenni
2672 3346 2822 3394 aetate
2862 3340 3009 3394 nullo
3029 3354 3239 3411 prorsus
3281 3353 3429 3395 com-

1856 3440 2043 3487 mento
2090 3430 2400 3500 cujusquam
2440 3431 2506 3485 ad
2547 3430 2826 3486 ridendum
2861 3431 2993 3486 solvi
3029 3433 3277 3503 potuerit,
3327 3446 3426 3502 pa-

1852 3535 2097 3597 tremque
2150 3525 2287 3580 ludis
2328 3524 2670 3581 maioribus
2722 3524 3046 3597 petdlantius
3102 3524 3430 3581 cachinnan-

1855 3627 1983 3687 tem,
2011 3633 2302 3688 quanquam
2332 3616 2497 3671 adhuc
2528 3626 2717 3683 tenere,
2748 3617 2898 3672 vultu
2937 3628 3183 3674 aversata
3211 3624 3432 3673 notave-

1853 3709 1944 3764 rit.
2001 3707 2058 3763 Is
2109 3707 2382 3779 Philippus
2431 3707 2717 3764 humillimo
2765 3719 2904 3764 ortus
2951 3709 3063 3765 loco
3112 3710 3230 3781 fuit,
3287 3720 3433 3782 patre

1840 3802 2168 3858 mobilissimo
2192 3801 2452 3857 latronum
2477 3802 2708 3859 ductore.

2514 3914 2773 3973 DECIUS.

1934 4009 1951 4048 ί
2002 4011 2149 4065 Anno
2179 4009 2243 4064 ab
2275 4008 2411 4065 Urbe
2450 4008 2657 4064 condita
2682 4008 2837 4077 1003,
2883 4006 3073 4064 Decius
3104 4025 3134 4064 e
3162 3988 3431 4066 Pannonia

1857 4098 2126 4168 inferiore,
2177 4101 2412 4157 Bubalias
2442 4111 2612 4167 natus,
2665 4101 2936 4171 vigesimus
2983 4100 3203 4156 Octavus
3235 4099 3297 4154 ab
3328 4101 3434 4156 Au-

1858 4204 2023 4265 gusto,
2065 4193 2328 4261 interfecto
2386 4191 2651 4262 Philippo,
2684 4193 2964 4263 imperium
3012 4194 3028 4244 l
3075 4195 3275 4248 invasit.
3332 4193 3430 4248 llic

1859 4285 2100 4354 septimus
2132 4295 2244 4354 post
2278 4282 2533 4338 Neronem
2557 4284 2624 4337 ad
2646 4287 3011 4355 persequendos
3036 4285 3434 4355 interﬁciendos-

1860 4392 1957 4447 que
1996 4375 2313 4431 Christianos
2343 4375 2527 4447 feralia
2575 4375 2812 4445 dispersit
2852 4375 3038 4443 edicta,
3090 4376 3431 4449 plurinrosque

1861 4480 2152 4522 sanctorum
2177 4468 2244 4521 ad
2263 4483 2471 4521 coronas
2499 4466 2689 4522 Christi
2713 4468 2775 4522 de
2797 4468 3101 4523 cruciatibus
3139 4469 3244 4524 suis
3269 4469 3426 4524 misit.

174 4554 370 4628 'Iiisque
393 4557 922 4628 ingentibus‘l’ersas
942 4557 1151 4611 afﬂixit.
1175 4555 1409 4610 Rediens
1433 4555 1571 4610 haud
1597 4555 1833 4636 longeup
1866 4557 1971 4613 Iste
2001 4559 2197 4614 bellum
2222 4558 2397 4623 civile,
2434 4559 2572 4629 quod
2605 4558 2655 4611 in
2685 4557 2851 4613 Gallia
2885 4568 3088 4612 motum
3114 4557 3306 4626 fuerat,
3336 4576 3432 4630 op-

188 4657 213 4697 s
240 4645 498 4703 Romanis
526 4647 721 4704 ﬁnibus
746 4649 885 4717 apud
920 4646 1298 4716 Ctesiphontem
1336 4647 1588 4700 civitatem
1624 4643 1756 4700 ‘Per-

184 4738 302 4793 sidis
331 4737 645 4796 interiectus
674 4746 758 4794 est
787 4738 972 4795 fraude
1003 4739 1230 4810 Philippi
1256 4740 1480 4810 praefecti
1504 4738 1754 4809 praetorii,

188 4831 268 4895 qui
298 4843 420 4901 post
443 4847 568 4888 eum
614 4830 914 4900 imperavit,
944 4832 1170 4887 accensis
1206 4834 1259 4886 in
1285 4832 1583 4885 seditionem
1612 4831 1754 4885 mili-

191 4922 335 4993 tibus,
373 4940 511 4981 anno
539 4928 657 4982 vitre
688 4925 948 4997 vigesimo,
993 4928 1192 4998 imperii
1217 4937 1379 4983 sexto.
1416 4927 1567 4983 Miles
1598 4928 1648 4983 ei
1678 4935 1755 4983 tu-

196 5019 385 5076 mulum
407 5020 670 5092 vigesimo
696 5022 943 5078 milliario
965 5037 996 5078 a
1029 5020 1049 5060 ί
1076 5021 1313 5091 Circeso,
1353 5023 1497 5094 quod
1521 5031 1781 5091 castrum

258 5162 284 5191 ⁸
312 5159 400 5217 Ilis
418 5152 600 5217 verbis
623 5161 806 5231 incipit
832 5159 1076 5231 Eutrop.,
1100 5170 1153 5218 et
1176 5162 1235 5219 P.
1260 5160 1549 5229 Diaconos,
1570 5163 1663 5219 lib.
1683 5178 1759 5228 Ix.

180 5237 239 5281 .et
262 5232 323 5303 Α.
346 5242 545 5299 noster,
574 5233 662 5303 qui
695 5234 851 5288 habet
878 5232 1226 5289 Maximianus
1256 5250 1318 5289 ex
1339 5236 1592 5290 consortio
1622 5235 1762 5290 utili-

192 5302 286 5354 tari
310 5305 497 5373 primus
529 5302 605 5357 ad
625 5304 750 5373 imp.
776 5306 984 5359 accessit
1014 5306 1142 5372 sola,
1180 5312 1284 5360 etc.

256 5392 285 5433 ιι
310 5397 411 5469 A._:
442 5392 620 5469 Gesta,
651 5411 787 5469 cum
822 5413 855 5449 a
884 5395 1127 5453 militibus
1176 5398 1303 5459 imp.
1355 5410 1485 5454 esset
1532 5398 1763 5469 appella-

181 5464 285 5530 lu‘s,
308 5480 339 5517 a
362 5463 600 5537 Pupieno
627 5466 871 5536 Aquileia:
901 5470 1093 5522 occisus
1118 5480 1213 5537 est,
1242 5470 1492 5540 εἰθίσθη..
1515 5463 1616 5524 etc.

257 5564 301 5634 ξ.
404 5577 417 5612 :
444 5557 639 5634 Postea
669 5569 768 5634 tres
792 5560 1175 5634 simulfaerunt
1204 5564 1453 5634 Augusti,
1477 5562 1761 5634 Pupienus,

160 5615 416 5699 Balbius,
465 5639 513 5685 et
567 5628 885 5696 Gordianus,
930 5615 1031 5684 duo
1074 5615 1360 5700 superiores
1404 5615 1763 5689 o'bscui'issimb

148 5705 382 5774 genere.
420 5700 721 5755 Gordianus
763 5702 950 5757 nobilis
984 5703 1193 5774 quippe,
1244 5706 1391 5758 cuius
1422 5714 1564 5761 vater
1593 5708 1764 5761 senior

142 5756 474 5827 Gordianus
503 5787 772 5839 consensu,
802 5782 910 5831 etc.

252 5867 277 5909 ιι
310 5868 397 5934 A.,
428 5864 609 5936 fuisset
632 5866 839 5921 electus.

1867 4651 2081 4720 pressit,
2130 4650 2346 4706 Decium
2401 4648 2568 4704 lilium
2609 4648 2874 4705 Ctesarem
2910 4649 3051 4704 fecit.
3081 4648 3264 4704 Roma:
3292 4648 3437 4704 lava-

1864 4758 2013 4800 crum
2036 4740 2063 4782 ὶ
2090 4742 2372 4798 aediﬁcavit
2396 4744 2471 4799 vir
2500 4743 2714 4810 artibus,
2757 4742 3045 4813 cunctisque
3077 4744 3340 4797 virtutibus
3364 4744 3442 4797 in-

1860 4846 2100 4898 structus,
2123 4835 2358 4907 placidus
2392 4844 2437 4890 et
2480 4835 2942 4903 communis'domi,
2970 4836 3025 4890 in
3054 4839 3209 4890 armis
3236 4851 3441 4905 prorup-

1862 4930 2104 4983 tissimus.
2142 4926 2314 4999 "Hujus
2338 4927 2663 4997 temporibus,
2694 4944 2807 4982 cum
2829 4926 3040 4997 plurimi
3065 4926 3219 4981 Gothi
3250 4922 3443 4981 Istrum

1862 5021 2075 5090 fluvium
2105 5027 2493 5074 transmeassent
2528 5018 2880 5078 Romanorum
2906 5020 3133 5074 civitates
3163 5019 3440 5073 devastan—

1941 5158 1965 5187 ⁸
2001 5155 2041 5209 Α
2069 5171 2081 5207 :
2110 5150 2175 5208 In
2205 5151 2395 5223 palatio
2438 5152 2684 5223 interfecti
2723 5159 2860 5219 sunt,
2892 5150 2990 5207 soli
3023 5146 3288 5204 Gordiano
3313 5146 3439 5219 imp.

1861 5236 2190 5295 reservatum.
2224 5224 2539 5295 Gordianus,
2571 5234 2677 5279 etc.

1940 5296 1958 5336 ί
1994 5300 2057 5352 Α.
2070 5337 2085 5361 ,
2116 5294 2370 5365 Girgesso.

1936 5378 1962 5416 ε
1996 5356 2100 5423 AX:
2128 5356 2359 5437 Philippi
2379 5364 2500 5429 duo,
2528 5364 2667 5434 ﬁlius
2695 5378 2756 5418 ac
2780 5372 2946 5436 pater,
2969 5358 3230 5419 Gordiano
3258 5356 3442 5428 occiso,

1858 5442 1988 5550 imp.
2018 5440 2327 5511 invaserunt,
2357 5445 2507 5507 atque
2528 5452 2717 5502 eaerc.,
2741 5444 2845 5491 etc.

2000 5510 2178 5550 Vivim-
2233 5505 2402 5550 “nlla-

2000 5510 2199 5572 Victor,
2233 5505 2403 5562 Gallo.

1940 5584 1957 5621 ί
1990 5586 2054 5637 Α.
2088 5597 2101 5634 :
2130 5578 2251 5632 Post
2275 5579 2363 5632 hos
2389 5578 2599 5644 Decius,
2622 5584 2724 5633 etc.

1940 5656 1954 5706 ι
1997 5655 2088 5721 A.,
2118 5652 2351 5721 sumpsit.

1936 5724 1964 5763 ¹ι
1996 5714 2099 5779 Α.’;
2132 5719 2451 5787 Αἰάίβεαυὶι.
2502 5718 2627 5775 Cum
2674 5717 2873 5773 biennio
2922 5718 3030 5788 ipse
3069 5724 3114 5772 et
3158 5714 3298 5785 ﬁlius
3339 5716 3451 5786 ejus

1865 5799 2214 5861 imperassent,
2243 5802 2454 5861 uterque
2483 5791 2536 5845 in
2566 5792 2831 5847 barbarico
2862 5791 2991 5846 bello
3016 5789 3276 5857 interfecti
3307 5792 3425 5839 sunt

1867 5885 1895 5927 e
1916 5871 2099 5941 quibus
2123 5864 2290 5922 senior
2314 5866 2532 5934 gurgite,
2560 5874 2663 5919 etc.
