3918 6344
595 347 702 408 895

1389 350 1594 409 PAULI
1637 351 1905 411 DIACONI
1945 353 2097 421 OPP.
2139 348 2313 408 PARS
2350 350 2389 408 1.
2429 384 2501 397 —-
2538 353 2921 414 IIISTORICA.
3662 376 3733 437 επ

598 480 690 540 tes,
716 468 908 537 Misam
932 476 980 526 et
1010 468 1304 543 Nicopolim
1334 480 1587 542 capientes
1616 480 1958 529 vastaverunt.
1995 472 2180 527 Decius
2206 472 2260 534 Α
2284 470 2338 525 in
2370 470 2606 543 Egypto
2632 472 2973 540 /Emilianus,
3006 474 3146 545 apud
3169 474 3448 537 Macedonas
3475 481 3645 556 ναιιηι,
3663 492 3736 550 ue.

597 574 765 619 autem
796 582 897 619 una
917 582 1034 619 cum
1067 566 1175 634 ﬁlio
1205 566 1322 621 illos
1350 568 1483 622 bello
1521 584 1816 639 aggressus,
1857 569 1999 637 apud
2032 568 2183 623 Abri-

594 667 732 723 tum,
767 660 857 729 qui
887 658 1028 713 locus
1055 657 1472 714 Foroterebronii
1515 662 1726 726 dicitur,
1773 662 1982 733 triginta
2021 659 2182 715 milli-

592 751 684 804 bus
712 750 1040 804 barbarorum
1070 753 1370 821 interfectis,
1423 754 1487 806 de
1531 754 1636 807 suis
1680 755 1912 824 plurimis
1956 754 2178 824 perditis

592 844 813 898 maxime
863 844 1176 913 Thracibus,
1236 862 1347 916 ipse
1396 862 1592 916 quoque
1637 848 1810 901 eodem
1865 848 1995 901 bello
2047 848 2182 901 inter

593 937 836 1007 confusas
866 939 1040 991 turbas
1069 939 1275 1009 gurgite
1305 938 1516 1009 paludis
1546 940 1854 996 submersus
1888 948 1991 1005 est,
2023 940 2090 994 ita
2123 948 2180 995 ut

594 1041 694 1081 nec
725 1028 955 1082 cadaver
1006 1030 1122 1097 ejus
1175 1031 1726 1098 potuerit‘inveniri,
1780 1031 2021 1104 ﬁliusque
2068 1035 2179 1101 ejus

590 1116 723 1170 bello
768 1119 1047 1175 exstinctus
1099 1130 1194 1186 est,
1238 1138 1375 1175 anno
1418 1123 1621 1192 imperii
1669 1124 1914 1177 secundo.
1968 1124 2177 1194 Scytha

597 1222 715 1261 vero
743 1224 858 1261 cum
902 1210 1133 1278 plurimis
1171 1213 1346 1282 spoliis
1385 1222 1430 1265 et
1466 1213 1676 1281 captiuis
1700 1215 1884 1266 reversi
1916 1223 2055 1277 sunt,
2086 1214 2177 1267 de-

592 1313 778 1356 sertam
796 1304 1101 1358 dimittentes
1124 1303 1529 1376 PhilippOpolim
1558 1306 1807 1359 civitatem
1834 1305 2172 1360 Macedoniw.

594 1394 767 1464 Hujus
792 1397 1095 1466 temporibus
1134 1396 1318 1452 Valens
1346 1396 1641 1452 Licinianus
1669 1399 1949 1465 imperator
1966 1396 2176 1464 effectus

586 1483 725 1539 illico
749 1487 1022 1542 occiditur.

948 1584 951 1587 λ
1246 1577 1546 1635 GALLUS.

656 1665 681 1701 "
725 1667 841 1722 Mox
882 1669 1133 1723 exercitus
1181 1670 1521 1738 imperatores
1570 1672 1753 1725 creavit
1798 1671 1999 1726 Virium
2045 1669 2173 1724 Gal-

585 1758 711 1823 lum,
747 1771 791 1815 et
822 1762 989 1829 filium
1036 1761 1180 1816 Galli
1223 1763 1582 1819 Volusianum.
1617 1763 1817 1818 Horum
1861 1764 2171 1834 temporibus

591 1849 914 1907 Hostilianas
946 1853 1212 1923 Perpenna
1244 1871 1276 1908 a
1307 1865 1484 1909 senatu
1511 1858 1791 1927 imperator
1827 1867 2047 1919 creatus,
2079 1871 2171 1909 nec
2200 1838 2248 1900 Β

586 1944 800 1997 multum
824 1956 937 2016 post
965 1949 1254 2017 pestilentia
1278 1959 1605 2018 consumptus
1636 1960 1729 2003 est.
1765 1951 1874 2005 Sub
1914 1952 1992 2005 his
2015 1950 2170 2004 etiam

582 2035 903 2094 lEmilianus
954 2041 1004 2095 in
1051 2042 1207 2097 Misia
1257 2044 1537 2111 imperator
1586 2045 1794 2113 effectus
1834 2054 1926 2099 est.
1980 2045 2169 2099 Contra

585 2148 733 2197 quem
773 2136 1100 2201 imperatores
1145 2137 1295 2189 ambo
1336 2138 1577 2207 profecti,
1619 2139 1760 2206 apud
1800 2135 2168 2191 Interamnium

585 2222 775 2275 bellum
820 2225 968 2278 civile
1012 2226 1299 2290 molientes,
1347 2226 1411 2279 ab
1455 2228 1679 2280 exercitu
1732 2244 1827 2282 suo
1875 2228 2161 2289 creduntur,

585 2328 721 2365 anno
752 2316 917 2367 (etatis
956 2316 1118 2383 patris
1160 2318 1373 2385 septimo
1421 2319 1625 2371 circiter
1655 2328 1703 2370 et
1750 2320 2163 2390 quadragesimo,

581 2404 788 2474 imperii
814 2421 951 2457 anno
981 2409 1226 2472 secundo,
1274 2411 1431 2460 creati
1476 2410 1525 2461 in
1558 2408 1733 2461 insula
1766 2408 2024 2478 Meninge,
2056 2426 2168 2479 quos

582 2511 721 2549 nunc
750 2493 911 2551 Girba
945 2498 1152 2551 dicitur.
1201 2498 1298 2552 Isti
1341 2500 1472 2553 nihil
1503 2502 1725 2554 omnino
1748 2502 1949 2554 clarum
1980 2517 2165 2571 gesse-

583 2598 729 2654 runt,
758 2590 869 2643 sola
901 2589 1221 2658 pestilentia,
1257 2601 1310 2645 et
1357 2592 1581 2656 morbis,
1632 2603 1789 2660 atque
1838 2594 2166 2662 mgritutlini-

578 2678 681 2735 bus
710 2684 733 2713 °
777 2683 907 2747 noti,
939 2685 1075 2752 quod
1105 2685 1248 2738 nulla
1293 2687 1403 2755 fere"
1436 2686 1698 2753 provincia
1732 2687 1985 2754 Ilomana,
2022 2688 2167 2741 nulla

500 2782 509 2795 ‘
578 2774 776 2840 civitas,
811 2776 959 2830 nulla
979 2778 1165 2831 domus
1185 2778 1300 2849 fuit,
1342 2794 1457 2848 gnte
1484 2795 1583 2831 non
1613 2780 1705 2833 illa
1738 2780 1964 2850 generali
2005 2780 2166 2850 pesti-

578 2863 739 2919 lentia
770 2876 1005 2936 correpta
1041 2875 1192 2937 atque
1214 2877 1408 2921 vastata
1437 2869 1523 2921 sit.

1157 2961 1557 3019 AEMILIANUS

649 3052 676 3091 δ
715 3050 1035 3107 ιΕηὶίΙίειηιις
1061 3068 1177 3107 vero
1221 3052 1437 3108 Maurus
1469 3072 1670 3126 genere,
1697 3055 2049 3110 obscurissime
2070 3073 2166 3110 na-

583 3150 688 3205 tus,
740 3142 1005 3199 obscurius
1054 3145 1342 3213 imperauit.
1386 3146 1656 3215 Siquidem
1703 3164 1884 3202 avarus
1935 3148 2054 3217 fuit,
2105 3165 2166 3203 ac

2285 565 2481 619 diolani
2509 568 2760 621 Aureolus
2792 568 3044 623 invasere.
3078 568 3219 625 Tunc
3265 571 3405 629 Gothi
3437 592 3582 635 rursus
3604 583 3737 642 Ianus

2284 664 2619 724 transeuntes,
2654 658 3066 717 Thessalonicam
3092 662 3261 716 urbem
3292 663 3467 735 Illyrici
3483 682 3739 745 vastaverunt,

2282 758 2330 802 et
2361 750 2546 817 pra’dis
2565 752 2786 803 onustati
2806 751 2875 804 ad
2904 753 3113 822 prapria
3141 767 3430 815 remearunt.
3466 759 3637 818 Tuncet
3668 767 3738 822 Ηι.

2282 841 2384 894 ruli
2405 842 2690 912 quingentis
2713 844 2920 897 navibus
2951 860 3039 910 per
3083 844 3346 902 Maeotidos
3374 852 3553 920 paludes
3576 859 3628 907 ad
3654 875 3740 928 pon-

2282 936 2387 981 tum
2418 931 2732 999 navigantes,
2764 928 3075 1001 Byzantium
3127 942 3175 988 et
3215 933 3533 1006 Chrysopolim
3555 956 3740 1010 ceperunt.

2285 1020 2597 1076 Valerianus
2626 1023 2784 1092 igitur
2812 1024 2863 1077 in
2913 1024 3290 1095 Mesopotamia
3335 1030 3508 1084 bellum
3551 1047 3694 1103 gerens
3721 1052 3741 1090 ι

2284 1114 2490 1182 Sapore
2517 1114 2799 1169 Persarum
2850 1131 2975 1187 rege
3025 1130 3302 1187 superatus
3343 1130 3454 1175 est:
3497 1138 3596 1177 mox
3633 1128 3743 1182 etiam

2279 1212 2485 1272 captus,
2518 1206 2655 1274 apud
2714 1206 2940 1262 Parthos
2986 1210 3203 1278 ignobili
3247 1211 3481 1267 servitute
3521 1219 3740 1271 consenuit.

2278 1294 2409 1349 Nam
2453 1297 2685 1365 quandiu
2730 1297 2881 1364 vixit,
2923 1314 3015 1353 rex
3049 1302 3286 1369 ejusdem
3337 1304 3745 1371 provinciae,incur-

2278 1399 2400 1444 vato
2420 1406 2487 1445 eo
2513 1391 2700 1460 pedem
2726 1393 3030 1448 cervicibus
3061 1395 3355 1462 imponens,
3375 1409 3544 1464 equum
3563 1411 3744 1452 conscen-

2278 1482 2404 1538 dere
2435 1484 2623 1538 solitus
2653 1494 2790 1539 erat.
2822 1485 2922 1539 lIic
2947 1503 3066 1540 mox
3102 1498 3156 1540 ut
3180 1488 3391 1555 arripuit
3416 1489 3637 1556 imperitus
3656 1492 3759 1542 σαφ’

2276 1591 2367 1630 vus
2387 1593 2418 1630 a
2450 1576 2658 1632 Nerone
2684 1580 2827 1650 adigi
2858 1596 2947 1649 per
2974 1589 3229 1633 tormenta
3257 1578 3546 1635 Christianos
3564 1582 3616 1633 ad
3636 1581 3746 1634 idolo-

2277 1669 2497 1731 latriam,
2533 1674 2939 1741 abnegantesque
2988 1672 3217 1741 interfici
3262 1673 3429 1743 jussit,
3470 1673 3567 1738 fuso
3597 1689 3747 1742 peron-

2277 1779 2388 1817 nem
2420 1764 2634 1819 Romani
2656 1766 2798 1837 regni
2823 1766 3149 1821 latitudinem
3171 1776 3446 1822 sanctorum
3473 1769 3681 1839 sanguine.

2878 1860 3243 1917 GALIENUS.

2326 1953 2600 2008 'Galienus
2651 1955 2811 2023 igitur
2839 1955 2978 2022 ﬁlius
3022 1958 3135 2026 ejus
3165 1956 3217 2009 in
3247 1957 3355 2009 loca
3382 1953 3576 2009 Cornelii
3612 1955 3748 2018 ﬁliissi

2272 2046 2615 2101 Salonianum
2662 2048 2882 2099 alterum
2926 2047 3091 2114 ﬁlium
3111 2048 3421 2119 subroyavit,
3460 2047 3597 2099 amori
3618 2048 3749 2099 dirmo

2269 2138 2506 2207 pellicum
2537 2138 2760 2202 de.litus,
2812 2137 3077 2193 Salonium
3129 2140 3395 2210 conjugis,
3439 2148 3482 2191 et
3523 2139 3746 2201 concubina,

2266 2244 2422 2299 quam
2455 2246 2545 2298 per
2576 2230 2885 2297 pactionem,
2927 2245 3166 2283 concessa
3210 2241 3350 2297 parte
3386 2228 3624 2295 superioris
3658 2226 3747 2279 Patr

2268 2321 2457 2385 neniae,
2485 2337 2516 2374 a
2556 2331 2698 2390 patre
2725 2321 3213 2375 Marcomannorum
3246 2338 3359 2392 rege
3386 2321 3649 2374 matrimonii
3674 2334 3748 2384 spe-

2265 2415 2343 2467 cie
2391 2424 2713 2484 susceperat,
2761 2412 2787 2450 ¹ι
2819 2413 3006 2484 Pipam
3053 2415 3279 2469 nomine.
3336 2413 3521 2466 Interea
3558 2411 3750 2466 Salienus.

2274 2521 2395 2559 cum
2438 2507 2750 2561 adolescens
2781 2506 2950 2561 lactus
2989 2516 3131 2561 esset
3179 2508 3455 2576 Angustus,
3496 2503 3506 2541 ί
3554 2502 3748 2570 imperium

2275 2596 2521 2663 feliciter,
2567 2612 2687 2651 mox
2719 2596 3020 2659 commode.
3058 2599 3123 2649 ad
3152 2598 3392 2649 ultimum
3416 2593 3661 2663 perniciose
3676 2604 3749 2660 ges-

2267 2689 2353 2743 sit.
2387 2690 2516 2742 Nam
2547 2690 2761 2758 juvenis
2784 2690 2835 2742 in
2863 2686 3037 2743 Gallia
3084 2698 3140 2743 et
3192 2690 3243 2742 in
3289 2688 3488 2758 Illyrico
3515 2688 3751 2739 multisne-

2269 2796 2372 2836 nue
2398 2779 2522 2835 fecit
2552 2799 2565 2836 :
2595 2783 2774 2836 occiso
2811 2781 2951 2851 apud
2997 2782 3231 2835 Mursam
3264 2782 3501 2850 lngenuo,
3524 2777 3598 2846 qui
3620 2788 3751 2847 purpu-

2266 2887 2378 2927 ram
2412 2882 2731 2941 sumpserat,
2763 2871 2778 2922 i
2822 2870 3141 2941 Regilliano,
3173 2871 3266 2925 diu
3320 2870 3555 2937 placidus,
3578 2877 3621 2921 et
3655 2865 3753 2932 quie-

2271 2975 2373 3027 tus,
2408 2979 2527 3017 mox
2576 2963 2627 3016 in
2670 2978 2887 3018 omnem
2942 2963 3218 3017 lasciviam
3249 2962 3545 3024 dissolutus,
3588 2953 3753 3013 tenenda

2268 3058 2401 3123 reip.
2436 3055 2672 3110 habenas
2696 3055 2950 3124 probrosa
2979 3056 3185 3125 ignavia
3218 3064 3272 3109 et
3300 3051 3632 3123 desperatione
3652 3047 3751 3100 lm-

2272 3148 2369 3199 vit.
2404 3147 2685 3201 Almnanni
2715 3147 2938 3200 vastatis
2964 3145 3155 3202 Galliis
3186 3146 3385 3201 Italiam
3416 3146 3748 3214 penetraverunt.

581 3199 765 3302 quarto
795 3250 964 3290 mense
985 3199 1257 3289 damnatus
1283 3199 1422 3307 apud
1463 3199 1897 3306 Spoletium,ﬂsiu‘e
2191 3199 2237 3261 ε
2273 3239 2454 3305 Dacia,
2486 3254 2602 3309 quae
2626 3256 2652 3292 a
2679 3237 2911 3308 Trajano
2934 3239 3068 3294 ultra
3088 3238 3386 3294 Danubium
3413 3199 3564 3291 iuerat
3587 3234 3748 3301 adjecta,

584 3342 731 3398 quem
759 3331 820 3380 ab
845 3330 955 3399 ejus
994 3328 1132 3382 ccede
1160 3327 1570 3398 Sanguinarium
1597 3333 1853 3402 accepisse
1882 3348 2065 3386 nomen
2096 3333 2171 3402 fe—

577 3429 725 3483 runt,
755 3419 887 3472 inter
928 3420 1213 3474 0triculum
1247 3422 1620 3492 Narniamque,
1658 3425 1944 3495 Spoletium
1991 3433 2037 3479 et
2079 3443 2169 3479 ur-

576 3513 691 3565 bem
725 3510 942 3567 Romam
971 3516 1177 3583 regione
1210 3515 1373 3569 media
1402 3518 1645 3586 positum,
1674 3518 2016 3590 exstinguitur
2036 3535 2170 3574 anno

579 3607 697 3660 vitta
726 3608 1119 3678 quadragesinto
1152 3609 1387 3677 septimo.

1151 3699 1605 3757 VALERIANUS.

658 3792 682 3820 θ
721 3791 869 3845 Anno
897 3792 960 3845 ab
992 3791 1126 3847 Urbe
1145 3794 1353 3847 condita
1384 3792 1545 3860 1008,
1573 3792 1807 3850 Licinius
1835 3795 2165 3865 Valerianus,

578 3894 914 3958 cognomento
955 3884 1217 3953 Colobius,
1244 3888 1529 3941 tricesimus
1554 3889 1616 3942 ab
1647 3890 1899 3959 Augusto,
1938 3890 1986 3942 in
2020 3888 2164 3944 Rite.

576 3980 651 4039 lia
677 3990 735 4034 et
764 3980 955 4038 Norico
982 3995 1169 4049 agens,
1215 3982 1282 4034 ab
1322 3981 1559 4035 exercitu
1608 3981 1898 4046 imperator
1947 3992 2001 4037 et
2041 3997 2164 4038 mox

580 4075 852 4141 Augustus
879 4082 965 4128 est
1004 4074 1192 4127 lactus.
1215 4071 1487 4130 Gallienus
1514 4090 1725 4143 quoque
1751 4076 1891 4142 filius
1918 4077 2028 4146 ejus
2060 4076 2166 4131 Ro-

577 4179 680 4217 ma!
712 4180 740 4219 a
771 4181 957 4219 senatu
999 4166 1178 4220 Ctesar
1215 4176 1297 4221 est
1356 4166 1721 4238 fappellatus.
1773 4167 1827 4220 Is
1872 4170 2167 4239 parentibus

570 4265 810 4312 estortus
844 4259 1301 4327 splendidissimis,
1350 4261 1567 4314 stolidus
1617 4270 1806 4323 tamen,
1858 4270 1904 4314 et
1948 4260 2167 4315 multum

571 4354 725 4419 iners,
756 4370 916 4425 neque
940 4354 1007 4407 ad
1051 4371 1199 4408 usum
1228 4356 1445 4421 aliquem
1485 4354 1675 4422 publici
1728 4354 1918 4423 negorii
1947 4353 2166 4409 consilio

571 4460 659 4496 seu
688 4446 841 4512 gestis
883 4447 1317 4499 accommodatus.
1357 4444 1455 4498 llic
1494 4444 1787 4498 Cornelium
1832 4443 2162 4498 Valerianum

2274 3341 2383 3385 tum
2413 3334 2606 3386 amissa
2653 3342 2753 3386 est.
2786 3330 3021 3399 Grazcia,
3067 3330 3399 3395 Macedonia,
3455 3329 3640 3393 Pontus,
3675 3320 3753 3376 Asit

2268 3433 2475 3479 vastata
2507 3440 2604 3494 per
2626 3423 2830 3480 Gotbos
2861 3442 2876 3480 :
2912 3425 3185 3481 Pannonia
3212 3442 3242 3481 a
3274 3425 3518 3481 Sarmatis
3534 3419 3753 3489 Quadisque

2270 3517 2586 3588 depOpulata
2620 3527 2721 3572 est.
2749 3518 3020 3583 Germani,
3062 3534 3235 3588 usque
3262 3518 3331 3573 ad
3363 3514 3609 3586 Hispanias
3636 3524 3751 3580 pene-

2272 3618 2566 3664 traverunt.
2623 3609 2828 3673 Parthi,
2878 3600 3264 3678 Mesojlotamia
3311 3616 3567 3678 occupata.
3608 3601 3753 3673 διάλυε

2268 3704 2373 3759 sibi
2402 3714 2681 3773 cmperunt
2717 3704 3023 3759 vendicare.
3069 3704 3188 3760 Jam
3229 3704 3515 3774 deeperatis
3544 3698 3683 3757 rebus,
3714 3698 3748 3747 el

2269 3796 2294 3833 ιτ
2319 3797 2499 3852 deleto
2530 3812 2663 3865 pene
2700 3797 2925 3866 imperio
2966 3796 3229 3864 Romano,
3263 3793 3622 3854 Posthumusin
3641 3784 3753 3840 Gallis

2267 3889 2644 3944 obscurissime
2675 3897 2850 3953 natus,
2882 3904 3174 3959 purpuram
3203 3889 3451 3957 sumpsit,
3474 3894 3525 3940 et
3549 3887 3752 3953 perant!“

2268 3968 2452 4035 decem
2485 3981 2553 4034 ita
2591 3980 2895 4050 imperavit,
2921 3992 2978 4033 ut
3009 3978 3360 4050 Consumptas
3390 3992 3515 4048 pene
3540 3969 3754 4044 pm'itld”

2269 4075 2467 4147 ingenti
2507 4076 2701 4128 virtute
2727 4084 2782 4128 et
2811 4072 3181 4128 moderatione
3212 4071 3543 4142 reparaverit.
3566 4055 3754 4130 Ouisedi'

2268 4169 2414 4223 tione
2462 4166 2686 4219 militum
2732 4164 3042 4220 interfectus
3103 4172 3211 4230 est,
3242 4163 3385 4233 quod
3431 4155 3753 4229 Mogontiacum,

2267 4276 2384 4331 qua:
2414 4261 2671 4314 adversus
2700 4275 2823 4315 eum
2859 4259 3219 4314 rebellaverat
3248 4275 3362 4311 cum
3386 4256 3582 4311 Loliaoo
3606 4257 3755 4303 resno-

2267 4368 2360 4407 Vas
2391 4353 2668 4417 moliente,
2714 4350 3069 4420 diripiendam
3107 4351 3367 4405 militibus
3401 4348 3592 4403 tradere
3616 4338 3754 4395 noluit-

2266 4455 2367 4501 set.
2415 4445 2541 4500 Post
2591 4459 2711 4500 eum
2763 4444 2957 4498 Marius
2994 4442 3292 4497 vilissimus
3339 4441 3509 4512 opifex
3546 4439 3753 4506 purpuram

572 4531 797 4586 Gallieni
830 4535 926 4602 ﬁlii
954 4540 1032 4588 sui
1059 4535 1226 4602 ﬁlium
1253 4535 1504 4588 Caesarem
1526 4537 1667 4605 fecit.
1723 4535 1833 4591 Sub
1876 4537 1954 4589 his
2000 4537 2157 4589 etiam
2188 4559 2240 4620 Β
2268 4537 2494 4605 accepit,
2528 4545 2581 4591 et
2629 4536 2864 4592 secundo
2894 4535 2980 4590 die
3026 4536 3344 4590 interfectus
3392 4541 3493 4588 est.
3532 4524 3754 4620 Victorinlll

571 4621 812 4678 Germani
851 4626 1143 4679 Ravennam
1186 4644 1340 4696 usque
1368 4639 1719 4697 peruenerunt.
1756 4628 1854 4682 llis
1900 4630 2162 4699 imperan-

572 4718 709 4771 tibus
737 4717 1032 4787 Regilianus
1072 4721 1127 4773 in
1172 4719 1372 4783 Mtesia,
1424 4719 1626 4774 Cassius
1657 4721 1912 4776 Labienus
1935 4720 2162 4778 Postha-

572 4827 685 4864 mus
715 4811 768 4865 in
790 4809 984 4874 Gallia,
1016 4809 1241 4865 Gallieni
1275 4813 1388 4880 filio
1415 4812 1702 4880 interfecto,
1734 4814 2065 4883 imperatores
2088 4817 2165 4887 ef-

571 4906 688 4976 fecti
718 4914 853 4959 sunt.
886 4902 1013 4959 Pari
1053 4905 1251 4958 modo6
1304 4904 1552 4960 Lolianus
1594 4908 1732 4974 apud
1780 4905 2164 4978 Moguntiacum

643 5072 671 5101 ⁸
712 5067 775 5121 Α.
804 5084 818 5121 :
853 5066 1101 5133 Inveniri,
1132 5064 1288 5136 digno
1313 5065 1588 5118 damnatus
1611 5064 1833 5135 judicio,
1865 5065 1954 5135 qui
1984 5082 2162 5135 perse-

574 5138 833 5197 cutionem
863 5142 915 5193 in
948 5139 1265 5192 Christianos
1322 5152 1549 5197 mouens,
1596 5137 1726 5188 inter
1775 5148 1983 5190 creteros
2040 5138 2163 5192 bea-

572 5210 684 5263 tiss.
717 5208 1051 5265 Laurentium
1099 5211 1302 5263 lenitum
1330 5217 1376 5261 et
1409 5217 1684 5276 martyrem
1712 5208 1977 5260 exstinxit.

644 5279 671 5318 δ
714 5282 778 5336 Α.
814 5298 827 5334 :
864 5283 1169 5349 Moximpp.
1201 5280 1356 5333 creati
1406 5288 1521 5331 sunt
1576 5277 1758 5349 Gtt/lus
1810 5277 2158 5345 Hostilianus,

578 5357 620 5403 et
642 5349 781 5405 Galli
807 5352 945 5420 ﬁlius
985 5347 1310 5404 Volusianus.
1354 5350 1462 5404 Sub
1492 5350 1569 5401 his
1595 5347 1913 5413 /Emilianus
1941 5353 1993 5402 in
2033 5353 2160 5405 Maz-

575 5422 652 5474 aia
678 5437 758 5474 res
784 5440 939 5477 novas
968 5424 1173 5475 molitus
1214 5431 1305 5485 est,
1334 5422 1401 5473 ad
1434 5436 1582 5489 quem
1610 5421 2016 5487 opprimendum,
2042 5438 2159 5475 cum

574 5494 726 5544 ambo
770 5496 985 5562 profecti
1032 5501 1213 5554 essent,
1250 5490 1545 5545 Interamne
1589 5492 1840 5560 interfecti
1883 5503 2023 5555 sunt,
2057 5508 2158 5547 non

574 5564 826 5632 completo
850 5565 1071 5618 biennio.
1109 5563 1276 5627 Nihil,
1309 5575 1411 5615 etc.

652 5645 673 5671 ο
717 5638 806 5693 Α..
839 5643 988 5688 notus
1017 5650 1193 5689 eorum
1224 5635 1540 5702 principatus
1568 5632 1687 5701 fuit.

648 5702 676 5741 ιι
717 5703 792 5757 Αἰ
798 5706 1033 5758 milianus
1048 5705 1409 5775 obscurissime
1437 5714 1604 5768 natus,
1634 5704 1895 5759 obscurius
1932 5705 2159 5775 impera-

575 5773 646 5827 vit
668 5816 684 5841 ,
726 5776 971 5845 siquidem
1004 5774 1217 5830 Maurus
1249 5778 1435 5844 fuerat,
1478 5790 1536 5829 ac
1581 5778 1730 5830 tertio
1760 5792 1929 5833 mense
1964 5773 2154 5831 exstin-

580 5855 690 5906 Gtus
717 5855 813 5905 εει.

2270 4639 2452 4699 postea
2480 4628 2771 4682 Galliarum
2802 4627 3007 4695 accepit
3052 4627 3359 4695 imperium,
3410 4625 3485 4678 vir
3524 4609 3755 4708 strenuissi-

2270 4736 2410 4776 mus.
2467 4720 2572 4776 Sed
2600 4734 2720 4773 cum
2763 4719 2996 4773 libidinis
3024 4718 3206 4773 nimia:
3236 4728 3402 4781 esset,
3431 4724 3483 4771 et
3503 4710 3755 4767 matrimoni!

2265 4814 2438 4868 aliena
2467 4820 2857 4882 corrumperet,
2884 4812 3191 4882 Agrippina:
3219 4813 3431 4867 occisus
3469 4816 3560 4869 est,
3592 4801 3603 4837 ¹
3632 4804 3756 4851 κυη-

2263 4908 2345 4962 rio
2371 4906 2602 4977 quodam
2627 4907 2807 4960 dolum
2842 4905 3201 4970 machinante,
3238 4904 3445 4973 imperii
3483 4900 3552 4955 sui
3577 4900 3755 4948 annoso-

2335 5075 2361 5104 ο
2401 5068 2465 5122 Α.
2493 5082 2505 5119 :
2552 5063 2686 5117 llinc
2718 5063 2944 5116 Licinius
2976 5059 3291 5115 Valerianus
3323 5060 3374 5112 in
3400 5053 3585 5111 Raetia.
3605 5055 3685 5097 ρίου
3714 5102 3757 5122 κ,

2339 5135 2359 5174 ΐ
2402 5119 2509 5192 'AL:
2555 5136 2873 5205 Appellatus.
2931 5132 3133 5205 Ilorum
3160 5132 3433 5205 imperium
3464 5119 3756 5205 lion]:

2261 5186 2859 5280 ρενηίῖξὲιὲηὶὶιῖΓέίρωρ
2881 5186 3137 5280 exitiabile
3162 5186 3282 5273 {ui}.
3317 5203 3485 5280 ξιαηιίις
3505 5194 3571 5246 τέ’
3592 5186 3754 5280 ίηῖέίῖζ

2262 5259 2361 5333 trate
2382 5259 2689 5349 principum,
2718 5259 2792 5329 uel
2821 5277 3043 5345 ignavia,
3089 5259 3333 5328 Germani
3365 5272 3625 5326 Ravennam
3652 5259 3757 5315 "Vl"

2260 5348 2506 5404 venirent.
2558 5348 2879 5407 Valerianus,
2913 5357 3015 5399 etc.

2335 5424 2360 5484 β
2406 5420 2600 5484 Victor,
2633 5416 2895 5470 /Elianus.

2333 5482 2360 5521 ³³
2403 5482 2595 5544 l’ollioi
2624 5488 2891 5550 Piparam.

2342 5556 2353 5592 ί
2401 5561 2488 5622 Α..
2519 5565 2640 5629 imp.
2669 5561 2891 5628 primum
2921 5557 3155 5628 feliciter,
3200 5563 3309 5611 etc.

2333 5630 2347 5677 l
2402 5635 2488 5695 Λ..
2521 5642 2566 5687 et
2594 5630 2916 5684 Trebelliano
2943 5630 3053 5693 diu,
3085 5638 3187 5682 etc.

2332 5696 2354 5771 ξ
2397 5704 2488 5770 Α..
2520 5702 2682 5757 deleto
2709 5703 3029 5771 postmodum
3065 5714 3189 5770 pene
3215 5698 3373 5769 ἔπερ..
3397 5702 3494 5753 elo.

2335 5766 2355 5807 ι
2397 5766 2485 5845 A.,
2521 5766 2779 5828 Octoario.
