3918 6344
193 277 272 339 897
940 318 943 319 ν
1232 272 1551 334 HISTORIA
1589 270 1953 333 MISCELLA.
1990 301 2062 319 —
2097 272 2229 333 LIB.
2266 275 2335 334 Χ.

188 393 353 449 eundo.
401 390 535 447 liuic
564 389 824 447 successit
848 388 1095 446 Tetricus
1122 397 1363 456 senator,
1393 387 1483 458 qui
1520 386 1750 458 Aquita-
1774 387 1822 449 Α

183 488 300 543 aiam
332 488 537 542 honore
563 484 807 556 przcsidis
862 482 1259 548 administrans,
1286 482 1481 538 absens
1503 496 1534 536 a
1560 480 1745 536 militi-

168 579 260 635 bus
285 579 574 648 imperator
598 577 801 632 electus
823 583 929 643 est,
954 584 1011 632 et
1048 574 1191 639 apud
1225 572 1578 645 Burdegalam
1618 587 1746 643 pur-

172 684 343 737 puram
372 670 621 735 sumpsit,
661 667 955 723 seditiones
985 666 1179 722 multas
1211 666 1446 722 militum
1496 665 1741 735 pertulit.

168 761 267 818 Sed
303 760 432 815 dum
463 761 577 815 haec
620 760 671 814 in
731 758 899 817 Gallia
948 768 1227 829 geruntur,
1281 759 1334 813 in
1384 757 1601 813 Oriente
1651 772 1747 829 per

172 866 192 891 ο
223 854 512 909 Odenatum
539 853 716 909 Persa:
746 852 873 908 victi
902 861 1047 920 sunt,
1073 850 1291 908 defensa
1324 849 1503 918 Syria,
1531 860 1745 920 recepta

176 947 572 1016 Mesopotamia,
608 961 777 1014 usque
806 946 871 1001 ad
900 945 1300 1016 Ctesiphontem
1342 942 1614 998 Odenatus
1655 959 1748 1014 pe-

167 1042 402 1095 netravit.
439 1041 603 1111 Igitur
631 1038 879 1096 Gallieno
907 1054 1079 1110 remp.
1110 1041 1418 1104 deserente,
1445 1038 1744 1093 Romanum

168 1129 435 1199 imperium
469 1132 521 1184 in
565 1130 858 1186 Occidente
881 1144 977 1201 per
1016 1130 1389 1195 Posthumum,
1417 1142 1511 1197 per
1536 1128 1746 1183 Odena-

170 1237 269 1279 tum
299 1225 352 1279 in
400 1224 621 1281 Oriente
658 1234 932 1280 servatum
981 1232 1084 1279 est.
1125 1220 1401 1277 Gallienus
1454 1218 1484 1258 δ
1531 1221 1739 1277 interea

170 1319 396 1373 adversus
422 1317 703 1373 Aureolum
722 1319 983 1388 profectus
1012 1327 1108 1379 est,
1140 1331 1287 1383 quem
1310 1330 1427 1368 cum
1454 1314 1595 1383 apud
1619 1330 1746 1381 pon-

172 1422 275 1476 tem,
300 1410 387 1480 qui
412 1426 476 1463 ea:
495 1411 607 1481 ejus
636 1409 840 1461 nomine
862 1407 1115 1461 Aureolus
1144 1403 1454 1475 appellatur,
1485 1403 1744 1458 obtentum

172 1508 515 1572 detrusumque
558 1498 916 1555 Mediolanum
946 1499 1242 1564 obsedisset,
1276 1496 1502 1567 ejusdem
1530 1493 1744 1549 Aureoli

174 1595 297 1648 ducis
325 1595 406 1647 sui
430 1601 733 1655 commento,
774 1607 879 1644 una
906 1606 1019 1643 cum
1069 1587 1340 1643 Valeriano
1370 1590 1532 1656 fratre
1578 1604 1610 1640 a
1635 1586 1742 1641 suis

175 1689 414 1744 occiditur.
451 1685 697 1756 Regnavit
741 1684 887 1738 annis
935 1683 1247 1754 quindecim,
1278 1697 1367 1736 sex
1407 1696 1518 1735 cum
1569 1690 1738 1751 patre,

176 1795 329 1835 narem
358 1779 517 1833 solus.
556 1776 695 1831 Vixit
718 1792 883 1830 annos
915 1776 1308 1847 quinquaginta.

758 1865 1127 1923 CLAUDIUS.

236 1963 375 2015 Anno
405 1961 470 2013 ab
514 1959 649 2015 Urbe
689 1960 897 2014 condita
942 1958 1099 2024 1024,
1132 1958 1385 2014 Claudius
1414 1958 1478 2012 ab
1505 1958 1739 2028 Augusto

180 2053 441 2121 trigesimus
490 2052 711 2121 primus,
741 2050 792 2104 ei
823 2050 1086 2105 successit
1139 2052 1341 2105 electus
1369 2065 1399 2103 a
1455 2048 1736 2114 militibus,

179 2158 203 2198 a
226 2153 396 2199 senatu
431 2147 704 2214 Augustus
734 2155 803 2198 est
835 2143 1152 2212 appellatus.
1188 2142 1344 2197 Hunc
1388 2142 1614 2212 plerique
1646 2159 1742 2212 pu-

180 2246 267 2290 tant
293 2237 553 2290 Gordiano
583 2247 769 2303 satum,
815 2238 935 2290 dum
979 2236 1276 2290 adolescens
1321 2251 1353 2287 a
1382 2232 1594 2288 muliere
1627 2249 1740 2287 ma-

178 2339 274 2381 tura
294 2329 641 2382 institueretur
684 2331 751 2381 ad
802 2344 1030 2381 uxorem.
1085 2325 1189 2381 Hic
1237 2324 1483 2379 Claudius
1533 2323 1739 2379 Calieni

177 2421 414 2473 morientis
442 2421 693 2473 sententia
713 2420 988 2488 imperator
1020 2421 1342 2489 designatur,
1380 2421 1446 2474 ad
1476 2435 1623 2489 quem
1653 2418 1740 2473 Ti-

175 2514 265 2566 cini
285 2515 500 2579 positum
527 2530 616 2584 per
648 2511 945 2569 Gallonium
976 2513 1230 2569 Basiliam
1269 2515 1569 2569 indumenta
1601 2517 1741 2585 regia

174 2603 432 2659 direxerat.
467 2604 565 2658 IIic
604 2602 828 2671 Gothos,
860 2606 947 2675 qui
976 2606 1069 2660 sub
1121 2605 1279 2660 Decio
1323 2607 1541 2677 dispersi
1571 2606 1739 2676 Illyri-

172 2708 277 2748 cum
313 2705 334 2732 ε
364 2695 834 2766 Macedoniamque
874 2715 962 2764 per
990 2698 1281 2768 quindecim
1310 2714 1471 2752 annos
1511 2707 1737 2752 vastave-

167 2794 292 2853 rant,
324 2787 521 2856 ingenti
553 2788 740 2855 praalio
762 2796 807 2843 et
837 2789 1122 2844 incredibili
1151 2799 1321 2862 strage
1359 2790 1540 2844 delevit
1566 2805 1585 2844 :
1611 2790 1739 2845 Par-

162 2891 244 2931 cus
275 2878 373 2945 vir,
419 2894 484 2933 ac
532 2881 826 2947 modestus,
882 2889 936 2935 et
979 2880 1199 2950 justitite
1253 2892 1447 2948 tenax,
1501 2894 1563 2934 ac
1602 2883 1733 2951 reip.

161 2966 183 3006 δ
210 2972 438 3039 gerendae
466 2970 711 3026 idoneus.
756 2969 1120 3043 Exstinctoque
1150 2990 1181 3026 a
1205 2973 1309 3027 suis
1333 2975 1576 3039 Aureolo,
1602 2989 1737 3028 rece-

156 3062 250 3130 ptis
279 3061 580 3134 legionibus,
623 3062 880 3118 adversus
912 3072 1149 3119 trecenta
1200 3065 1364 3119 millia
1406 3065 1735 3121 Alemanno-

156 3167 275 3207 rum
302 3154 433 3209 haud
466 3155 645 3220 procul
673 3170 699 3207 a
733 3156 849 3210 lacu
899 3164 922 3192 ε
964 3157 1175 3211 lienaco
1205 3156 1487 3225 dimicans,
1533 3166 1731 3212 tantam

159 3249 179 3289 ι
210 3246 604 3301 multitudinem
636 3248 789 3316 ludit,
834 3258 893 3302 ut
933 3265 1072 3318 aegre
1115 3264 1237 3318 pars
1283 3249 1497 3305 dimidia
1544 3266 1734 3321 super-

152 3338 322 3395 fuerit.
355 3339 601 3395 Claudius
625 3357 760 3406 vero,
790 3358 905 3396 cum
934 3358 996 3396 ex
1023 3344 1265 3412 fatalibus
1296 3343 1457 3409 libris,
1488 3361 1614 3415 quos
1645 3349 1729 3399 in-

152 3435 274 3501 spici
339 3443 645 3506 prteceperat
674 3476 687 3499 ,
743 3437 1054 3503 cognouisset
1101 3437 1402 3506 pestilentia:
1447 3438 1500 3491 in
1551 3449 1733 3492 senatu

152 3530 299 3598 primi
342 3540 505 3584 morte
552 3531 831 3583 remedium
860 3530 1159 3594 desiderari,
1215 3528 1496 3598 Pomponio
1542 3529 1727 3599 Basso,

152 3620 231 3686 qui
253 3628 371 3673 tunc
409 3622 606 3691 primus
628 3631 753 3684 erat,
804 3638 857 3674 se
898 3620 1159 3689 offerente,
1208 3622 1316 3691 ipse
1360 3608 1512 3675 vitam
1558 3640 1726 3694 suam,

154 3711 288 3765 haud
322 3731 561 3781 responsa
591 3714 852 3780 frustrari,
884 3715 1017 3767 dono
1046 3714 1175 3782 reip.
1219 3716 1377 3769 dedit.
1404 3717 1503 3783 Qui
1550 3730 1727 3772 tamen

152 3802 282 3856 intra
312 3804 518 3871 imperii
549 3804 629 3857 sui
656 3803 951 3867 biennium,
984 3804 1126 3871 apud
1156 3804 1403 3859 Sirmium
1427 3805 1614 3860 morbo
1646 3807 1729 3863 itt-

152 3893 647 3963 teriit,divnsque3
695 3894 996 3962 appellatus
1041 3905 1162 3950 est:
1204 3900 1446 3967 prtrfatus
1478 3900 1726 3952 neminem

150 3988 273 4038 tanti
318 3986 513 4040 ordinis
542 3987 813 4056 primatem
840 3986 1016 4040 haberi
1054 4003 1207 4057 quam
1233 3990 1611 4054 imperatorem.
1646 3988 1727 4044 Ea

149 4092 223 4129 res
251 4078 379 4130 sicut
408 4085 517 4130 erat
547 4077 743 4131 cunctis
786 4088 957 4148 grata,
1009 4093 1111 4130 non
1154 4079 1381 4132 diuinum
1428 4079 1725 4133 cocabulnm

149 4171 319 4233 modo,
342 4172 432 4224 sed
460 4185 526 4224 ea:
562 4185 686 4223 auro
726 4186 925 4240 quoque
951 4180 1173 4225 statuam
1204 4188 1360 4241 prape
1388 4172 1555 4241 ipsum
1584 4172 1726 4230 lovis

150 4260 475 4315 simulacrum
513 4263 566 4315 in
592 4260 867 4334 Capitolio,
897 4272 1044 4334 atque
1088 4265 1143 4318 in
1168 4265 1316 4319 curia
1346 4267 1578 4337 clypeum
1622 4266 1725 4339 ipsi

148 4364 374 4421 auram,
406 4369 637 4423 proceres
667 4369 953 4408 sacravere.

724 4443 1133 4511 QUINTILIUS.

207 4536 500 4606 Quintilius
532 4548 650 4608 post
678 4554 823 4607 eum,
852 4538 1058 4596 Claudii
1084 4540 1268 4608 frater,
1303 4557 1569 4602 consensu
1610 4548 1711 4604 mi-

149 4624 290 4681 Ιιωιιι
331 4628 619 4698 imperator
642 4631 844 4687 electus
873 4639 979 4699 est,
1003 4634 1171 4689 unica:
1202 4635 1581 4693 moderationis
1610 4640 1715 4711 vir,

147 4729 191 4773 et
215 4723 508 4790 civilitatis,
543 4724 834 4792 aquandus
863 4726 1032 4797 fratri,
1069 4737 1149 4792 vel
1173 4727 1559 4801 praeferendus,
1586 4747 1715 4790 con-

148 4825 293 4869 sensu
330 4826 547 4872 senatus
591 4817 889 4886 appellatus
938 4834 1013 4878 est
1051 4828 1341 4901 Augustus,
1382 4827 1590 4884 decimo
1628 4844 1715 4884 se-

150 4905 301 4967 ptimo
329 4909 538 4977 imperii
567 4909 654 4965 die
691 4914 902 4970 occisus
933 4927 1035 4973 est.

210 5043 231 5117 ᾖ
389 5041 723 5117 Qdenachum
756 5064 972 5117 semper
1003 5062 1178 5109 vocat.

206 5109 231 5148 δ
264 5114 361 5191 A_.:
397 5112 600 5191 Interea
621 5118 810 5185 fraude
853 5109 1058 5178 Aureoli
1098 5125 1240 5178 ducis
1281 5128 1382 5191 sui,
1431 5127 1713 5185 Mediolani

154 5195 246 5235 tam
286 5187 443 5253 fratre
474 5185 749 5244 Valeriano
775 5194 972 5247 occisus
997 5204 1094 5261 est,
1121 5197 1321 5265 imperii
1345 5185 1481 5252 anno
1510 5200 1563 5253 9.

154 5286 225 5398 (ut
266 5277 356 5346 A.,
391 5279 845 5355 Macedoniamque
888 5295 1140 5344 vastantes
1181 5290 1373 5362 ingenti
1400 5294 1580 5363 prtelio
1629 5295 1709 5348 ci-

200 5439 223 5476 δ
264 5445 305 5497 Α
316 5482 352 5509 .,
390 5446 644 5501 tenendte.

152 5515 246 5637 an;
262 5514 604 5641 AgtcBenaco,
660 5516 714 5572 in
745 5519 873 5576 silva
911 5537 1025 5593 qua:
1075 5524 1276 5600 Ligana
1322 5528 1510 5581 dicitur
1560 5529 1709 5584 dimi-

250 5622 268 5649 ,
308 5622 413 5641 νιν.

200 5676 220 5759 ς
261 5676 352 5759 ᾼ.,
383 5681 759 5759 multitudinem
784 5686 1095 5759 exercituum
1141 5688 1297 5759 fudit,
1332 5699 1436 5746 etc.

197 5753 221 5791 ⁸
258 5755 326 5809 Δ.
361 5769 373 5807 :
407 5752 708 5822 Appellatus
733 5766 823 5814 est.
876 5758 1102 5814 Senatus
1140 5752 1253 5815 eum
1285 5752 1478 5831 ingenti
1510 5763 1706 5821 honore

1768 1757 1817 1817 B

3328 274 3437 334 898

2422 386 2877 446 AURELIANUS.

1916 476 2116 533 hAnno
2142 477 2206 531 ab
2235 476 2370 535 Urbe
2393 481 2599 534 condita
2622 479 2782 549 1027,
2805 480 3121 536 Aurelianus
3149 481 3437 553 trigesimus

1844 571 2102 626 secundus
2122 572 2184 625 ab
2212 572 2441 644 Augusto
2477 573 2750 642 imperator
2788 582 2989 628 creatus
3019 583 3109 628 est.
3156 572 3263 629 Iste
3289 576 3437 647 geni-

1847 670 1931 717 tus
1954 672 2095 729 patre
2122 665 2386 729 mediocri,
2418 674 2486 729 et,
2520 675 2576 719 ut
2604 666 2811 734 quidam
2839 666 3033 736 ferunt,
3076 667 3271 721 Aurelii
3317 667 3431 721 cla-

1845 756 2037 812 rissimi
2068 758 2316 812 senatoris
2357 759 2559 825 colono,
2591 758 2748 814 Dacia
2782 758 3023 828 Ripensi,
3050 776 3165 830 quae
3204 769 3280 815 est
3304 761 3437 817 inter

1846 847 2062 904 Daciam
2086 856 2131 903 et
2161 848 2537 917 Macedoniam,
2562 851 2821 905 oriundus
2843 853 2961 921 fuit,
2988 850 3068 905 vir
3095 850 3147 905 in
3171 850 3316 906 bello
3337 864 3436 921 po-

1846 950 1985 1009 tens,
2015 942 2177 998 animi
2200 957 2374 999 tamen
2405 943 2696 1006 immodici,
2729 952 2784 997 et
2804 943 2867 997 ad
2896 942 3273 999 crudelitatem
3306 958 3432 1013 pro-

1846 1036 2134 1105 pensior-is,
2183 1036 2380 1106 quique
2428 1036 2634 1091 Gothos
2680 1036 2732 1089 in
2788 1035 3019 1089 Danubio
3066 1036 3435 1093 strenuissime

1845 1126 1991 1194 vicit,
2021 1127 2369 1196 ditionemque
2399 1125 2688 1182 Romanam
2723 1128 2947 1197 antiquis
2977 1128 3206 1182 terminis
3235 1129 3432 1184 statuit.

1847 1218 1953 1274 Iste
1984 1219 2123 1275 haud
2154 1220 2428 1277 dissimilis
2458 1220 2557 1276 fuit
2597 1235 2790 1290 magno
2826 1221 3152 1289 Alexandro,
3183 1236 3281 1278 seu
3319 1219 3435 1279 Cas-

1846 1314 1953 1369 sari
1984 1315 2251 1371 dictatori.
2294 1314 2428 1371 Nam
2481 1314 2498 1354 ί
2547 1316 2837 1370 (tomentum
2867 1314 3037 1369 orbem
3090 1317 3321 1372 triennio
3350 1316 3421 1372 ab

1845 1405 2179 1463 invasorihus
2209 1408 2521 1481 receptavit,
2561 1424 2682 1465 cum
2726 1407 3027 1463 Alexander
3054 1408 3208 1462 annis
3249 1407 3429 1464 trede~

1845 1503 1949 1559 cim
1975 1517 2070 1571 per
2099 1502 2351 1557 victorias
2387 1502 2627 1571 ingentes
2652 1502 2718 1556 ad
2773 1501 2973 1557 Indiam
3022 1500 3347 1569 pervenerit,
3378 1506 3433 1558 et

1844 1593 1903 1651 C.
1936 1593 2119 1649 Caesar
2156 1592 2419 1649 decennio
2448 1591 2717 1664 subegerit
2744 1590 2951 1655 Gallos,
2991 1592 3250 1647 adversus
3289 1592 3434 1648 cives

1845 1685 2201 1757 quadriennio
2229 1700 2572 1755 congressus.
2616 1685 2719 1740 Iste
2758 1686 2811 1740 in
2852 1684 2997 1740 Italia
3030 1684 3199 1740 tribus
3227 1683 3426 1753 procliis

1848 1776 2015 1830 victor
2056 1774 2174 1841 fuit,
2219 1774 2360 1844 apud
2406 1774 2758 1841 Placentiam,
2799 1784 2855 1829 et
2895 1776 3046 1844 juxta
3076 1788 3289 1829 amnem
3322 1772 3432 1828 Me-

1845 1876 2077 1934 taurum,
2118 1881 2181 1923 ac
2214 1865 2418 1923 Fanum
2452 1866 2725 1936 Fortunae,
2760 1875 3032 1936 postremo
3061 1864 3433 1922 Ticinensibus

1842 1960 2068 2030 campis.
2096 1959 2263 2031 IIujus
2302 1961 2633 2029 temporibus
2681 1960 2820 2029 apud
2862 1959 3132 2014 Dalmatas
3183 1956 3198 2008 i
3259 1956 3433 2027 Septi-

1841 2053 1975 2106 mius
2025 2052 2317 2121 imperator
2363 2051 2610 2120 allectus,
2667 2067 2791 2106 mox
2844 2065 2876 2105 a
2905 2049 3022 2106 suis
3053 2050 3429 2105 obtruncatur.

1843 2143 1946 2200 Iste
1977 2145 2179 2212 primus
2204 2143 2345 2214 apud
2375 2144 2646 2200 Romanos
2676 2143 2921 2200 diadema
2950 2140 3113 2210 capiti
3162 2142 3430 2208 innexuit,

1840 2238 2170 2307 gemmisque
2207 2248 2261 2293 et
2301 2239 2446 2293 omni
2493 2249 2674 2293 aurata
2707 2247 2876 2303 veste,
2923 2236 3066 2307 quod
3106 2236 3283 2292 adhuc
3312 2236 3428 2295 fere

1840 2329 2169 2402 incognitum
2225 2330 2476 2385 Romanis
2526 2330 2765 2385 moribus
2812 2328 3115 2395 videbatur,
3167 2342 3295 2383 usus
3320 2335 3429 2384 est.

1844 2423 1939 2480 llic
1990 2424 2160 2479 muris
2188 2422 2539 2478 validioribus
2579 2432 2626 2477 et
2677 2421 2941 2477 latioribus
2992 2421 3188 2479 Urbem
3236 2421 3424 2491 sepsit,

1842 2519 2099 2587 templum
2122 2518 2268 2576 Solis
2295 2518 2601 2584 aediﬁcavit,
2635 2519 2686 2572 in
2717 2532 2823 2588 quo
2845 2516 3111 2573 infinitum
3138 2515 3254 2570 auri
3279 2529 3428 2585 gem-

1840 2626 2157 2680 marumque
2199 2611 2497 2666 constituit.
2532 2610 2770 2666 Porcina:
2809 2611 2989 2665 carnis
3031 2624 3185 2663 usum
3232 2607 3428 2677 populo

1836 2705 2086 2760 instituit.
2113 2702 2397 2772 Superavit
2422 2702 2478 2758 in
2506 2701 2680 2758 Callia
2710 2701 2982 2758 Tetricum
3010 2700 3152 2772 apud
3180 2698 3427 2756 Catalau-

1840 2811 1958 2864 nos,
2008 2798 2123 2866 ipso
2169 2795 2386 2851 Tetrico
2430 2796 2688 2865 prodente
2737 2796 3036 2851 exercitum
3065 2808 3242 2861 suum,
3273 2793 3427 2864 cujus

1839 2890 2080 2945 assiduas
2123 2888 2416 2946 seditiones
2460 2888 2601 2945 ferre
2630 2903 2737 2944 non
2788 2897 3016 2957 poterat.
3068 2886 3207 2955 Quin
3261 2887 3422 2944 etiam

1840 2998 1935 3052 per
1961 2981 2165 3038 litteras
2190 2984 2424 3037 occultas
2455 2981 2796 3037 Aurelianum
2843 2983 2915 3036 ita
2964 2980 3139 3036 fuerat
3164 2980 3424 3053 depreca—

1840 3084 1945 3143 tus,
1978 3084 2037 3131 ut
2081 3076 2216 3131 inter
2244 3074 2350 3129 alia
2384 3088 2543 3130 versu
2580 3072 2864 3145 Virgiliauo
2895 3083 3169 3132 uteretur:

2088 3215 2237 3279 Eripe
2258 3228 2340 3267 me
2358 3215 2437 3267 his
2453 3217 2631 3268 invicte
2656 3216 2813 3267 malis.

1907 3346 2075 3413 Quem
2106 3344 2131 3384 ¹ι
2163 3340 2487 3401 Aurelianus'
2510 3355 2840 3401 correctorem
2877 3347 3125 3403 Luciante
3152 3349 3418 3418 provexit,

1836 3453 2132 3508 aspergens
2157 3440 2428 3494 hominem
2455 3439 2679 3508 eleganti
2707 3439 2830 3506 joco
2861 3457 2873 3493 :
2900 3440 3197 3496 Snblimius
3220 3443 3420 3497 haben-

1834 3529 1958 3585 dum
1988 3545 2175 3598 regere
2203 3531 2432 3599 aliquam
2464 3528 2628 3584 Italia:
2674 3539 2901 3599 partem,
2947 3548 3103 3600 quam
3136 3541 3283 3589 trans
3326 3534 3415 3589 Al-

1833 3636 1928 3691 pes
1952 3637 2193 3691 regnare.
2226 3622 2513 3677 Zenobiam
2541 3639 2773 3693 quoque,
2803 3626 2983 3678 occiso
3033 3626 3273 3680 Odenato
3300 3643 3416 3680 ma-

1831 3714 1949 3779 rito,
1981 3714 2070 3783 qui
2115 3713 2390 3768 Orientem
2440 3715 2673 3778 tenebat,
2720 3714 2853 3768 haud
2885 3716 3037 3785 longe
3067 3716 3134 3770 ab
3168 3714 3186 3755 1
3236 3718 3419 3777 Antio-

1831 3805 1971 3870 cbia,
1999 3808 2159 3877 magis
2185 3807 2348 3877 prwlii
2367 3814 2559 3861 terrore
2578 3823 2731 3877 quam
2757 3807 2937 3877 pra’lio
2957 3810 3109 3877 cepit.
3142 3807 3417 3879 Ingressus

1832 3899 2053 3955 Romam
2090 3902 2321 3956 nobilem
2357 3902 2703 3971 triumphum,
2727 3904 2877 3973 quasi
2909 3914 3153 3975 receptor
3177 3909 3413 3965 Orientis

1829 3991 2237 4063 Occidentisque
2282 3997 2409 4066 egit.
2460 3996 2882 4064 praecedentibus
2932 4013 3145 4053 currum
3199 4001 3413 4056 Tetrica

1827 4092 1879 4139 et
1906 4083 2163 4139 Zenobio.
2196 4085 2308 4141 Hoc
2340 4088 2635 4155 imperante
2656 4094 2818 4143 etiam
2864 4091 2912 4144 in
2951 4091 3090 4146 Urbe
3133 4095 3410 4149 tnonetarii

1828 4175 2239 4244 rebellaverant,
2285 4179 2481 4233 vitiatis
2529 4182 2769 4250 pecuniis
2796 4192 2849 4237 et
2881 4182 3209 4239 Felicissimo
3240 4194 3275 4221 ω
3321 4201 3408 4238 ra-

1828 4266 2006 4321 tionali
2048 4276 2075 4304 ιι
2128 4268 2425 4324 interfecto.
2459 4268 2604 4338 Quos
2647 4274 2960 4328 Aurelianus
3013 4277 3179 4332 victos
3224 4277 3407 4334 ultima

1828 4364 2137 4421 crudelitate
2159 4367 2506 4435 compescuit,
2539 4366 2790 4436 plurimos
2823 4370 3030 4426 nobiles
3054 4375 3224 4441 capite
3254 4373 3403 4428 dam-

1748 4493 1803 4555 D
1827 4462 1991 4525 navit,
2021 4476 2213 4529 saevus,
2253 4471 2307 4517 et
2337 4464 2731 4532 sanguinariae,
2774 4481 2837 4521 ac
2876 4470 3211 4524 necessarius
3236 4472 3404 4540 magis

1825 4560 1851 4590 ο
1866 4553 1916 4607 in
1934 4552 2268 4621 quibusdam,
2284 4555 2335 4607 in
2358 4553 2501 4609 nullo
2523 4557 2766 4613 amabilis
2784 4557 3089 4628 imperator,
3110 4570 3231 4617 trux
3251 4562 3399 4617 omni

1822 4652 2081 4713 tempore,
2110 4646 2266 4701 etiam
2284 4644 2431 4713 rﬁlio
2458 4650 2647 4703 sororis
2678 4649 2958 4720 interfecto,
2996 4652 3291 4722 disciplina:
3327 4665 3405 4711 ta-

1821 4750 1942 4791 men
1967 4735 2206 4791 militaris
2229 4746 2281 4791 et
2310 4753 2514 4793 morum
2546 4738 2924 4797 dissolutorum
2949 4759 3133 4812 magna
3161 4761 3224 4800 ex
3252 4756 3402 4815 parte

1817 4838 2108 4883 corrector.
2143 4829 2478 4886 Provinciam
2510 4831 2765 4899 Daciam,
2788 4850 2946 4903 quam
2973 4835 3235 4906 Trajanus
3264 4840 3400 4895 ultra

1818 4919 2114 4976 Danubium
2143 4922 2361 4992 leceiat,
2405 4925 2723 4992 intermisit,
2769 4939 2970 4983 vastata
3000 4931 3146 4985 onmi
3192 4930 3404 5001 Illyrico

1815 5055 2309 5139 decorauit,_scilicet
2340 5072 2393 5116 ut
2423 5062 2478 5117 in
2507 5065 2652 5119 curia
2674 5063 2883 5134 clypeus
2920 5068 3020 5137 ipsi
3048 5084 3253 5139 aureus,
3281 5070 3402 5126 item

1815 5127 1867 5181 in
1889 5126 2143 5202 Capitolig
2166 5141 2333 5183 statua
2366 5149 2523 5188 aurea
2541 5126 2858 5202 .ponerélur.

1888 5198 1911 5280 ιζ
2047 5217 2060 5253 :
2086 5198 2220 5280 _I_’ost
2250 5219 2364 5258 eum
2399 5198 2707 5280 Aurelianus
2735 5211 2955 5279 suscepit
2979 5209 3106 5280 imp.

1894 5268 1908 5304 ί
1953 5268 2044 5336 Α.,
2078 5270 2363 5327 Romanam
2393 5276 2587 5331 urbem.

1888 5338 1903 5412 ξ
1958 5344 2044 5405 A.,
2098 5341 2440 5412 Septiminus.

1886 5406 1912 5489 ξ
1953 5412 2042 5489 ᾼ..
2077 5406 2327 5489 Claudius
2380 5429 2744 5489 correptorem.

1890 5478 1905 5517 ι
1953 5484 2040 5562 ᾼη
2076 5484 2489 5562 Ant‘iocltia‘sine
2526 5478 2672 5562 gravi
2692 5490 2873 5561 prtclio
2899 5493 3036 5550 uicit.

1882 5561 1920 5589 ω
1962 5556 2050 5618 A.,
2084 5558 2397 5613 rationabili.

1884 5631 1911 5659 ιι
1956 5623 2214 5695 chiscns
2252 5630 2377 5683 dicit
2407 5649 2418 5684 :
2451 5645 2676 5688 auctore.

1882 5702 1908 5732 ο
1963 5696 2051 5763 Α.,
2082 5714 2235 5766 quam
2258 5701 2311 5753 in
2342 5700 2495 5756 bello.

1881 5776 1909 5817 P
1947 5770 2034 5835 A.,
2080 5769 2305 5838 ﬁliorum
2346 5773 2658 5855 interfector.
