3918 6344
584 361 691 423 903

1432 360 1635 422 PAULI
1672 357 1945 418 DlACONl
1983 355 2136 413 OPP.
2176 353 2356 411 PARS
2394 355 2435 412 Ι.
2475 384 2547 397 -
2582 355 2959 414 HISTORICA-
3649 374 3721 425 ιη

585 487 843 536 terentur.
896 485 1263 533 srnamentutn
1308 489 1639 546 gemmarum
1671 475 1908 530 vestibus
1951 470 2162 527 calcea—
2194 474 2245 534 Α
2270 470 2464 525 senuit.
2489 470 2591 538 Qui
2619 471 2746 525 dum
2776 473 2843 526 ab
2872 470 3124 525 Herculio
3165 479 3311 539 atque
3334 472 3516 532 Galerio
3537 478 3591 534 ad
3623 483 3724 538 ret-j-

586 570 884 638 tnentisque
934 567 1141 623 indidit.
1192 567 1325 622 Nam
1374 568 1521 637 prius
1586 566 1793 637 imperii
1851 565 2063 636 insigne
2113 563 2167 619 in

588 660 870 731 chlamyde
900 675 1159 729 purpurea
1191 667 1393 714 tantum
1424 668 1559 725 erat,
1591 658 1899 728 reliquaque
1923 672 2170 714 commu-

595 754 702 808 nia.
744 753 1017 807 Herculius
1053 762 1227 807 autem
1261 751 1531 821 propalam
1560 750 1705 808 ferus
1734 790 1751 817 ,
1792 761 1847 807 et
1901 751 2126 807 incivilis
2148 791 2166 818 ,

594 843 791 913 ingenii
823 844 1159 912 asperitatem
1206 843 1383 898 vultus
1438 841 1661 899 horrore
1708 843 2037 914 signiﬁcans.
2073 843 2167 899 Hic

593 945 797 990 naturae
829 950 941 990 sua:
984 943 1009 972 ι
1052 935 1322 1006 indulgens
1350 973 1367 1000 ,
1419 934 1757 991 Diocletiano
1805 935 1857 989 in
1914 935 2166 990 omnibus

590 1028 753 1081 etiam
778 1023 1136 1082 severioribus
1161 1024 1400 1080 consiliis
1428 1025 1714 1081 obsecutus
1744 1033 1846 1080 est.
1890 1025 2023 1079 Cum
2069 1033 2153 1079 ta-

585 1132 707 1172 men
737 1118 1141 1188 ingravescente
1171 1130 1288 1171 aevo
1319 1130 1505 1184 parum
1548 1130 1608 1171 se
1648 1115 1896 1171 idoneum
1953 1115 2164 1171 Diocle-

582 1209 757 1264 tianus
788 1207 1118 1264 moderando
1144 1208 1371 1278 imperio
1399 1222 1521 1264 esse
1542 1209 1785 1275 sentiret,
1816 1217 2002 1264 auctor
2027 1208 2160 1264 Her-

586 1299 729 1354 culio
758 1300 880 1366 luit,
913 1308 969 1355 ut
989 1299 1041 1354 in
1073 1300 1239 1355 vitam
1272 1300 1533 1371 privatam
1563 1300 1937 1365 concederent,
1968 1308 2024 1355 et
2049 1307 2160 1355 sta-

582 1395 781 1449 tionem
813 1394 1120 1463 reipublicae
1150 1395 1361 1452 tuendae
1392 1394 1729 1451 viridioribus
1754 1394 2160 1465 iuvenioribus-

579 1502 684 1558 que
731 1487 1070 1543 mandarent.
1118 1484 1219 1543 Cui
1272 1502 1414 1558 aegre
1460 1488 1662 1557 collega
1720 1486 2155 1557 obtemperavit,

575 1586 754 1634 tamen
796 1589 1024 1649 uterque
1063 1594 1166 1634 una
1192 1578 1283 1635 die
1332 1578 1540 1650 privato
1590 1578 1771 1635 habitu
1829 1580 2035 1649 imperii
2074 1580 2159 1635 in-

574 1672 724 1741 signe
761 1672 1013 1739 mutavit,
1064 1673 1390 1728 Nicomediae
1435 1673 1819 1741 Diocletianus,
1875 1673 2156 1730 Herculius

573 1764 884 1832 Mediolani,
921 1776 1039 1833 post
1069 1766 1392 1837 triumphum
1437 1766 1686 1839 inclytum
1714 1809 1730 1834 ,
1782 1784 1942 1839 quem
1972 1769 2157 1827 Romae

571 1870 636 1910 ex
673 1860 976 1912 numerosis
1003 1858 1246 1926 gentibus
1288 1868 1496 1930 egerant
1520 1900 1533 1923 ,
1568 1874 1759 1929 pompa
1788 1858 1815 1898 ι)
1844 1861 2155 1931 ferculorum

578 1949 795 2016 illustri,
830 1966 934 2020 qua
962 1951 1149 2008 Narsei
1179 1952 1436 2023 conjuges
1466 1994 1480 2017 ,
1528 1968 1850 2025 sororesque
1874 1964 1929 2013 et
1953 1956 2107 2012 liberi
2137 1999 2154 2026 ,

575 2051 699 2097 ante
727 2056 941 2098 currum
973 2044 1118 2099 ducti
1166 2054 1310 2101 sunt.
1354 2044 1752 2101 Concesserunt
1781 2057 1982 2114 tamen,
2005 2049 2158 2105 Salo-

573 2148 694 2186 nam
729 2148 887 2201 unus,
920 2137 1054 2190 alter
1081 2137 1132 2190 itt
1159 2136 1470 2191 Lucaniam.
1518 2138 1877 2195 Diocletianus
1920 2142 2158 2211 privatus

573 2226 628 2282 in
662 2227 783 2282 villa
811 2245 929 2298 qua:
960 2230 1101 2285 haud
1143 2230 1332 2301 procul
1359 2245 1387 2283 a
1416 2230 1629 2288 Salonis
1658 2242 1743 2289 est
1763 2234 2022 2303 praeclaro
2043 2236 2179 2294 otio'

641 2346 666 2413 ξ
698 2343 788 2409 Α.,
820 2344 1072 2413 indigens.

637 2411 666 2452 δ
692 2417 781 2478 A.,
815 2430 912 2483 pro
932 2411 1265 2486 ferculorum,
1304 2419 1552 2489 fecerunt.

2270 562 2521 634 piendum
2553 562 2835 631 imperium
2864 571 3143 631 rogaretur
3170 604 3185 628 ,
3232 573 3451 631 tanquam
3476 578 3636 633 pestem
3653 572 3724 626 an.

2268 640 2429 727 quam
2457 655 2753 721 detestans,
2787 656 2840 709 in
2865 654 3004 709 hunc
3035 658 3251 709 modum
3276 659 3509 726 respondit
3535 678 3547 715 :
3575 662 3721 719 Utinam

2268 747 2479 803 Salonae
2509 746 2739 816 possetis
2773 746 2948 802 visere
2976 746 3124 801 olera
3175 749 3358 802 nostris
3387 750 3589 805 manibus
3619 754 3725 808 insti-

2268 848 2400 906 tuta,
2432 837 2672 908 profecto
2696 854 2965 907 nunquam
2993 838 3140 893 istud
3164 839 3444 894 tentandum
3475 841 3722 908 judicaretis.

2270 933 2411 988 Vixit
2432 947 2604 988 annos
2629 930 2900 1002 sexaginta
2922 941 3066 998 octo,
3094 946 3125 985 e
3150 931 3332 1000 quibus
3354 942 3452 1002 post
3471 934 3727 1002 imperiunlis

2263 1025 2536 1081 communi
2592 1024 2773 1080 habitu
2821 1038 2992 1093 prope
3036 1038 3227 1079 novem
3272 1026 3447 1094 exegit.
3481 1025 3615 1081 Morte
3637 1042 3726 1082 cou-

2265 1124 2509 1184 sumptus
2536 1126 2640 1184 est,
2665 1126 2722 1169 ut
2749 1116 2880 1171 satis
2903 1120 3094 1185 patuit,
3122 1131 3213 1183 per
3238 1113 3540 1171 formidinem
3558 1118 3728 1173 volunta-

2263 1210 2364 1265 ria.
2405 1209 2635 1278 Quippe,
2673 1223 2797 1264 cum
2821 1224 2850 1262 a
2883 1217 2906 1246 ο
2937 1208 3270 1265 Constantino
3302 1218 3442 1278 atque
3487 1210 3647 1265 Licinio
3666 1228 3728 1267 vo-

2266 1310 2420 1356 catus
2447 1300 2512 1355 ad
2558 1300 2692 1356 festa
2739 1302 3068 1369 nuptiarum,
3112 1314 3207 1368 per
3243 1312 3487 1355 senectam
3507 1301 3727 1367 quominus

2262 1394 2528 1449 interesse
2556 1393 2779 1458 valeret,
2810 1392 3175 1449 excusavisset
3198 1430 3214 1456 ,
3246 1392 3493 1461 rescriptis
3517 1393 3727 1448 minacibus

2259 1485 2527 1555 acceptis,
2558 1485 2750 1554 quibus
2777 1484 3154 1554 increpabatur
3180 1526 3196 1551 ,
3228 1482 3479 1539 Maxentio
3500 1483 3666 1549 lavisse,
3688 1500 3730 1539 sc

2260 1577 2584 1633 Maximiano
2619 1577 2804 1635 lavere
2825 1620 2839 1643 ,
2870 1589 3187 1648 suspectans
3218 1592 3389 1634 necem
3417 1576 3727 1643 dedecorasti",

2258 1674 2454 1730 dicitur
2482 1689 2749 1731 venenum
2782 1674 3025 1730 hausisse
3050 1717 3067 1742 ,
3099 1673 3345 1729 inusitata
3373 1672 3548 1727 virtute
3566 1687 3675 1736 usus,
3696 1682 3732 1723 ut

2262 1765 2409 1820 solus
2434 1765 2678 1819 omnium
2712 1774 2833 1833 post
2855 1765 3130 1820 conditum
3156 1764 3497 1819 Romanorum
3526 1762 3728 1831 imperium

2263 1867 2331 1909 ex
2363 1862 2510 1907 tanto
2538 1852 2753 1924 fastigio
2782 1865 2978 1924 sponte
3005 1854 3070 1908 ad
3098 1854 3316 1924 privatae
3344 1854 3459 1908 vitae
3495 1862 3649 1907 statum
3679 1852 3731 1905 ei-

2264 1947 2631 2019 vilitatentque
2682 1958 2970 2005 remearet.
3001 1948 3236 2019 Contigit
3266 1949 3416 2019 igitur
3435 1950 3478 2003 el
3500 1946 3612 2016 quod
3644 1946 3728 1999 nulli

2264 2049 2385 2109 post
2412 2051 2563 2097 natos
2585 2041 2847 2111 homines,
2876 2054 2933 2098 ut
2965 2060 3085 2099 cum
3132 2044 3364 2114 privatus
3389 2042 3603 2108 obiisset.
3637 2039 3729 2095 inter

2260 2131 2413 2189 divos
2445 2142 2621 2189 tamen
2646 2134 2957 2192 referretur.

2333 2366 2355 2394 ε
2380 2358 2468 2428 A.,
2502 2357 2820 2415 Constantio.

576 2554 3732 2585 W

1691 2672 1993 2752 LIBER
2048 2675 2672 2757 UNDECIMUS.

828 2915 1345 2973 CONSTANTINUS
1386 2915 1471 2970 ET
1510 2916 1877 2978 GALERIUS.

639 3018 663 3047 ι
689 3008 779 3063 llis
807 3008 965 3077 igitur
992 3007 1333 3071 obeuntlbus,
1375 3008 1426 3060 in
1457 3006 1972 3067 administrationem
2007 3014 2142 3083 reip.

562 3098 587 3140 ι)
612 3102 974 3158 Constantinus
1013 3111 1067 3155 et
1113 3100 1353 3156 Galerius
1380 3100 1600 3171 Augusti
1626 3105 1791 3160 creati
1824 3114 1981 3173 sunt,
2014 3108 2147 3164 divi-

569 3209 769 3263 susque
808 3201 891 3249 est
927 3203 949 3231 ο
983 3194 1119 3248 inter
1157 3207 1249 3246 eos
1291 3193 1558 3247 ltomanus
1597 3194 1742 3250 orbis
1765 3236 1783 3265 ,
1824 3205 1880 3252 ut
1916 3198 2147 3268 Gallias,

572 3285 805 3361 Italiam,
857 3284 1087 3339 Africam
1140 3283 1511 3351 Constantius,
1554 3284 1858 3357 Illyricum,
1928 3287 2147 3358 Asiam,

565 3364 838 3436 Orientem
868 3374 1108 3431 Galerius
1151 3377 1443 3442 obtineret,
1489 3378 1716 3444 sumptis
1744 3382 1950 3435 duobus
1975 3380 2152 3437 Caesa-

564 3473 732 3541 ribus,
761 3471 945 3526 Severo
977 3484 1066 3539 per
1089 3466 1318 3533 Italiam,
1346 3466 1577 3523 Maximo
1598 3466 1799 3524 Galerii
1819 3472 2009 3525 sororis
2039 3472 2150 3536 ﬁlio

561 3579 653 3633 per
684 3562 963 3618 Orientem.
996 3559 1293 3630 Eodemque
1325 3569 1547 3631 tempore
1588 3562 1952 3617 Constantinus
1979 3562 2152 3618 Ctesar

566 3656 797 3727 efﬁcitur.
830 3652 1169 3708 Constantius
1201 3661 1381 3708 tamen
1430 3664 1713 3709 contentus
1740 3655 1997 3725 dignitate
2040 3658 2153 3711 Au-

567 3748 729 3818 gusti,
750 3744 913 3801 ltaliaa
937 3756 1096 3817 atque
1136 3745 1332 3804 Africae
1361 3748 1799 3805 administrandae
1827 3751 2150 3807 sollicitudi-

566 3861 688 3901 nem
719 3843 999 3910 recusavit,
1024 3843 1106 3898 vir
1125 3845 1370 3912 egregius
1412 3856 1465 3900 et
1505 3845 1959 3913 praestantissima:
1983 3848 2151 3902 civili-

565 3938 707 4006 tatis,
736 3936 937 3993 divitiis
967 3936 1369 4005 provincialium
1401 3952 1464 3992 ac
1512 3938 1836 4007 privatorum
1885 3940 2107 3996 studens
2129 3980 2146 4007 ,

563 4031 675 4086 lisci
727 4028 1007 4083 commoda
1055 4044 1163 4084 non
1208 4029 1497 4085 admodum
1537 4027 1829 4097 aﬂectans,
1863 4031 2151 4102 dicensque

562 4121 754 4176 melius
772 4120 1007 4189 publicas
1028 4136 1160 4190 opes
1180 4121 1396 4189 privatis
1419 4121 1623 4186 haberi,
1651 4137 1808 4192 quam
1832 4123 1966 4178 intra
1986 4139 2148 4179 unum

559 4214 846 4268 claustrum
875 4212 1156 4268 reservari.
1188 4210 1337 4268 Adeo
1363 4221 1543 4267 autem
1597 4213 1771 4267 cultus
1822 4212 2016 4267 modici
2042 4252 2057 4278 ,
2088 4221 2146 4268 ut

560 4302 767 4359 feriatis
795 4302 1005 4369 diebus,
1042 4302 1086 4358 si
1117 4317 1239 4357 cum
1283 4302 1471 4359 amicis
1514 4301 1969 4358 numerosioribns
2004 4312 2151 4360 esset

559 4394 904 4465 epulandum,
954 4372 1276 4465 privatorum
1322 4395 1372 4452 ei
1423 4403 1645 4466 argento
1698 4394 1930 4450 ostiatim
1981 4394 2148 4465 petito

2254 2924 2637 2984 Constantinus
2659 2942 2724 2983 ex
2754 2926 3063 2985 obscuriore
3085 2930 3421 2986 matrimonio
3444 2929 3544 3001 ejus
3565 2930 3686 2995 ﬁlius,
3700 2929 3735 2982 in

2253 3018 2523 3076 Britannia
2572 3022 2863 3093 trigesimus
2914 3036 3120 3078 octavus
3160 3028 3227 3079 ab
3281 3027 3497 3098 Augusto
3533 3026 3742 3092 imperator
3834 3080 3835 3089 χ

2252 3124 2464 3168 creatus
2491 3122 2594 3189 est,
2627 3124 2681 3169 et
2708 3125 2848 3169 sexto
2879 3114 3147 3171 Kalendas
3188 3118 3402 3187 Augusti
3440 3116 3487 3170 in
3523 3117 3657 3170 locum
3686 3127 3741 3181 pt-
3834 3114 3835 3137 ‘

2255 3203 2352 3258 tris
2377 3204 2817 3273 exoptatissimus
2847 3206 3159 3262 moderator
3191 3190 3433 3263 accessit.
3464 3206 3553 3260 Hic
3573 3205 3668 3259 dum
3682 3206 3742 3274 λιι

2250 3296 2490 3350 oenculus
2520 3314 2551 3349 a
2582 3295 2789 3352 Galerio
2819 3299 2872 3352 in
2901 3300 3021 3353 urbe
3052 3299 3223 3354 Roma
3250 3299 3495 3370 religionis
3522 3298 3652 3367 specie
3677 3294 3741 3346 rice

2251 3386 2437 3440 obsidis
2459 3396 2730 3453 teneretur,
2755 3392 2934 3460 fugam
2955 3392 3233 3463 arripiens,
3261 3404 3406 3463 atque
3425 3394 3487 3445 ad
3505 3388 3743 3462 frustrandis

2251 3476 2565 3546 insequentes
2594 3479 2797 3550 publica
2833 3480 3100 3553 jumenta,
3123 3501 3333 3556 quaqua
3361 3485 3449 3537 iter
3476 3492 3615 3553 egerat
3641 3481 3742 3531 inter-

2251 3568 2426 3637 ﬁciens
2454 3612 2470 3635 ,
2519 3574 2587 3624 ad
2634 3581 2830 3640 patrem
2876 3575 2930 3629 in
2975 3572 3305 3631 Britanniam
3334 3576 3557 3648 peruenit.
3584 3570 3637 3625 Et
3662 3569 3745 3639 {om

2250 3660 2437 3715 eisdem
2464 3663 2637 3717 diebus
2660 3665 2847 3720 ibidem
2872 3666 3230 3723 Constantium
3255 3680 3502 3740 parentem
3517 3664 3607 3734 fata
3624 3662 3741 3714 ultima

2250 3753 2607 3823 perurgebant.
2637 3756 2750 3823 Quo
2777 3770 2998 3825 mortuo,
3029 3764 3231 3817 cunctis
3266 3764 3355 3831 qui
3384 3761 3511 3814 circa
3542 3772 3631 3810 eum
3651 3760 3744 3805 erant

2249 3848 2610 3914 annitentibus,
2641 3850 2730 3904 sed
2757 3853 3011 3923 prtecipue
3037 3854 3446 3909 Alamannorum
3471 3867 3572 3923 rege
3592 3864 3609 3888 τ
3630 3846 3742 3902 Erato

2249 3939 2431 3993 auxilii
2458 3943 2623 4011 gratia
2651 3958 2765 3997 cum
2792 3943 3121 4001 Constantino
3151 3950 3421 4014 comitata,
3444 3948 3661 4016 imperium
3686 3957 3742 3993 ta-

2248 4036 2342 4105 pit.
2374 4033 2477 4090 llic
2506 4052 2732 4094 sororem
2756 4054 2904 4093 suam
2933 4038 3289 4099 Constantiam
3323 4045 3505 4099 Licinio
3533 4040 3743 4096 Mediolani

2248 4128 2409 4181 accito
2432 4130 2722 4201 conjungit,
2759 4130 3026 4203 ﬁliumque
3056 4152 3211 4190 suum
3241 4135 3477 4203 Crispum
3501 4133 3687 4193 notitiae.
3707 4141 3746 4179 α

2249 4218 2485 4274 Minerva
2511 4222 2794 4277 concubina
2820 4235 3143 4295 susceptum,
3186 4228 3325 4282 idem
3357 4218 3744 4282 Constantinum:-

2248 4311 2365 4367 dem
2407 4312 2583 4367 diebus
2636 4323 2814 4369 natum
2868 4317 3058 4387 oppido
3105 4318 3437 4385 Arelatensi,
3482 4315 3746 4372 Licinianum-

2246 4419 2343 4484 qtte
2390 4404 2588 4462 Licinii
2641 4407 2809 4477 ﬁlium
2870 4410 3119 4465 mensium
3179 4413 3291 4484 fere
3351 4412 3519 4484 viginti
3567 4408 3746 4464 Caesarem

563 4487 787 4542 triclinia
835 4498 1221 4543 sternerentur.
1253 4485 1353 4542 Hic
1384 4503 1489 4543 non
1534 4488 1695 4543 modo
1740 4488 1981 4545 amabilis
2001 4528 2018 4557 ,
2048 4490 2141 4547 sed
2170 4530 2221 4591 D
2248 4481 2382 4566 feeit.

565 4581 885 4636 venerabilis
916 4581 1036 4635 fuit.
1067 4580 1231 4638 Gallis
1260 4580 1417 4637 etiam
1450 4580 1735 4651 praecipue,
1767 4583 1909 4652 quod
1940 4583 2144 4640 Diocle-

565 4671 693 4726 tiatti
726 4679 1027 4739 suSpectam
1074 4671 1408 4741 prudentiam
1449 4681 1503 4727 et
1532 4672 1833 4729 Maximiani
1865 4677 2148 4743 sanguina-

564 4763 698 4819 riam
726 4763 1103 4829 temeritatem,
1139 4762 1365 4832 imperio
1413 4764 1529 4832 ejus
1578 4777 1878 4821 evaserant.
1914 4765 2053 4821 Ubiit
2096 4769 2149 4822 in

564 4855 838 4910 Britannia
880 4854 1133 4919 Eboraci,
1162 4855 1489 4925 principatus
1520 4872 1661 4912 anno
1691 4858 1791 4924 15,
1813 4866 1972 4928 atque
2010 4859 2150 4915 inter

563 4948 712 5004 divos
737 4949 937 5005 relatus
967 4956 1072 5005 est.
1104 4948 1348 5004 Galerius
1374 4949 1472 5015 vir,
1514 4960 1570 5005 et
1598 4951 1764 5020 probe
1792 4963 2029 5007 moratus
2048 4992 2062 5016 ,
2095 4960 2149 5006 et

566 5042 811 5113 egregius
835 5042 891 5097 in
913 5056 973 5098 re
999 5041 1238 5109 militari,
1279 5057 1402 5097 cum
1430 5042 1632 5099 Italiam
1662 5060 1874 5115 quoque
1895 5088 1909 5114 ,
1940 5045 2149 5099 sinente

566 5137 900 5206 Constantio,
932 5136 1378 5192 administrationi
1419 5153 1531 5194 suae
1559 5137 1852 5193 accessisse
1888 5137 2145 5204 sentiret,

561 5228 587 5267 ἀ
618 5229 902 5283 Maximum
929 5226 1183 5285 Caesarem
1211 5230 1265 5283 in
1297 5228 1554 5284 Orientem
1577 5229 1795 5294 direxit,
1829 5240 1875 5283 et
1905 5228 2149 5284 Seuerum

562 5324 618 5379 in
640 5321 804 5380 Italia
828 5325 1053 5381 reliquit.
1089 5326 1206 5393 Ipse
1229 5325 1281 5379 in
1306 5323 1514 5394 Illyrico
1537 5333 1773 5379 moratus
1797 5333 1896 5380 est.

1085 5415 1620 5473 CONSTANTINUS.

630 5507 779 5563 Anno
823 5510 887 5564 ab
920 5507 1056 5565 Urbe
1104 5509 1309 5565 condita
1339 5510 1499 5577 1061,
1543 5508 1854 5567 Constantio
1899 5519 2142 5580 mortuo,

639 5652 666 5681 ⁸
699 5646 776 5700 lta
804 5646 988 5717 incipit
1011 5649 1295 5712 Eutropius
1315 5659 1371 5706 et
1400 5650 1461 5707 Ρ.
1488 5650 1756 5708 Diaconus
1780 5652 1970 5708 librum
2000 5652 2146 5710 deci-

566 5730 733 5786 mum,
767 5718 856 5785 qui
890 5719 1120 5786 Eutropii
1152 5721 1371 5778 ultimus
1394 5733 1501 5779 est.

573 5792 596 5826 ο
630 5785 659 5825 ιι
692 5792 779 5854 A.,
805 5788 923 5841 item
950 5785 1298 5845 Constantius.

630 5860 656 5891 °
687 5859 780 5930 A,,
810 5860 940 5918 inter
964 5876 1047 5918 eos
1078 5863 1148 5918 ita
1177 5861 1355 5935 Rom,
1389 5872 1498 5923 etc.

2838 4632 3261 4703 MAXENTIUS.

2326 4809 2511 4866 Romae
2539 4811 2742 4874 interea
2787 4816 3132 4883 praetoriani,
3178 4818 3413 4873 excitato
3442 4814 3651 4875 tumultu,
3674 4804 3746 4860 lla-

2250 4904 2488 4960 xentiutn
2522 4906 2753 4963 llercuiii
2781 4908 2971 4972 lilium,
3002 4910 3094 4979 qui
3126 4911 3178 4965 in
3212 4911 3343 4965 villa
3372 4911 3561 4979 publica
3585 4904 3601 4943 ί
3625 4914 3746 4957 morr

2250 4998 2423 5063 batur,
2451 5015 2541 5053 sca:
2567 5000 2790 5055 millibus
2825 5003 2889 5055 ab
2923 5000 3058 5056 Urbe
3092 5003 3319 5058 discreta
3346 5003 3513 5057 itinere
3536 4997 3746 5053 Latia”.

2250 5095 2548 5165 Augustum
2583 5105 3041 5164 nuncupaverunt.
3082 5095 3204 5163 Quo
3258 5097 3444 5151 nuntio
3483 5086 3749 5147 Maximianus

2250 5186 2530 5242 Herculius
2556 5188 2620 5242 ad
2644 5203 2796 5258 spem
2816 5199 3055 5244 arrectus
3086 5188 3400 5246 resumendi
3436 5182 3632 5254 fastigii,
3653 5168 3749 5247 (ιυθκί

2248 5280 2443 5336 invitus
2470 5280 2742 5348 amiserat,
2777 5280 2999 5336 Ruinam
3028 5282 3298 5337 adVolavit
3323 5296 3354 5337 e
3380 5277 3617 5337 Lucania.
3641 5277 3748 5338 (1⁸⁸³⁸⁷³

2246 5374 2430 5429 sedem
2459 5375 2696 5443 privatus
2722 5375 2992 5444 elegerat,
3023 5373 3076 5429 in
3106 5376 3254 5444 agris
3298 5363 3642 5430 amoenissimis
3660 5368 3746 5412 con-

2246 5481 2558 5523 senescens.
2608 5466 3001 5523 Diocletianum
3047 5481 3263 5538 quoque
3308 5467 3464 5524 etiam
3499 5477 3583 5535 per
3603 5459 3746 5514 litteras

2319 5626 2346 5666 ά
2376 5629 2467 5694 Α..
2499 5627 2897 5701 Maximianum,
2930 5644 3080 5698 quem
3105 5628 3310 5683 Orienti
3334 5622 3564 5701 prafecit,
3585 5623 3623 5674 et
3640 5609 3745 5670 δευο-

2245 5715 2378 5763 rum,
2414 5702 2495 5753 cui
2527 5698 2737 5753 Italiam
2764 5700 2920 5769 dedit,
2953 5701 3082 5770 ipse,
3111 5711 3221 5757 etc.

2325 5775 2348 5803 θ
2374 5770 2472 5825 Ms.
2509 5770 2685 5825 Croco.

2326 5835 2344 5875 ί
2375 5844 2462 5911 A.,
2492 5843 2627 5896 haud
2659 5844 2835 5912 procul
2863 5844 2925 5897 ab
2961 5841 3114 5901 Urbe.
