3918 6344
196 394 277 453 οοε
1234 383 1561 443 HISTORIA
1610 375 1978 438 MISCELLA.
2020 407 2091 422 -
2129 380 2259 436 uo.
2301 380 2393 439 xr.

3328 383 3437 442 906

196 511 471 567 adhortatus
499 513 603 574 est,
628 513 689 562 ut
717 514 745 544 ι
774 504 1050 576 depositas
1077 511 1375 560 resumeret
1406 508 1705 571 potestates
1725 535 1741 561 ,
1774 495 1822 554 A
1852 506 2029 565 pastor
2065 508 2413 552 armentorum
2433 539 2447 563 ,
2484 500 2620 553 unde
2664 500 2713 553 ei
2755 516 3033 571 cognomen
3081 502 3438 558 Armentarius

194 615 294 671 quas
322 599 407 654 ille
437 597 619 652 irritas
662 596 865 651 habuit.
892 595 998 652 Sed
1034 594 1316 648 adversum
1366 601 1570 646 motum
1605 605 1743 659 prte-

195 691 484 746 torianorum
529 697 687 759 atque
734 685 993 742 Maxentii
1048 686 1279 742 Severus
1324 682 1505 738 Ctesar
1546 681 1745 737 missus

195 783 383 838 Romam
415 798 442 835 a
469 780 705 847 Galerio,
734 795 856 835 cum
887 779 1127 833 exercitu
1158 776 1305 831 venit
1333 816 1350 842 ,
1382 774 1745 841 obsidensth

196 875 378 940 Urbem,
408 875 636 929 militum
666 887 886 927 suorum
919 872 1125 926 scelere
1146 878 1174 918 ιι
1195 870 1437 925 desertus
1462 912 1474 934 ,
1509 868 1573 920 ab
1606 866 1744 919 Iler-

194 946 294 1021 ttno
310 968 378 1020 ad
402 965 525 1021 Tres
545 964 804 1019 Tabernas
830 964 1190 1034 exstinguitur,
1213 964 1463 1031 funusque
1483 961 1592 1031 ejus
1620 957 1745 1013 Cal-

194 1060 281 1113 lieni
308 1058 535 1127 sepulcro
578 1057 814 1128 infertur,
858 1056 993 1125 quod
1035 1054 1095 1108 ab
1143 1052 1280 1108 Urbe
1326 1053 1463 1106 abest
1494 1067 1583 1121 per
1612 1052 1744 1103 viam

192 1150 376 1219 Appiam
405 1149 626 1202 millibus
656 1163 849 1200 novem.
880 1144 1002 1199 Post
1030 1146 1138 1199 hac
1158 1142 1435 1198 Herculius
1466 1140 1744 1197 Maximia-

193 1253 258 1292 tuts
281 1240 464 1293 solatio
490 1239 821 1302 exercituum,
850 1236 1016 1304 ﬁlium
1046 1235 1366 1289 Maxentium
1390 1234 1605 1302 imperio
1636 1251 1744 1286 nu-

183 1332 283 1386 dare
324 1339 568 1393 conatus,
615 1329 912 1383 seditionem
957 1337 1006 1381 et
1052 1328 1279 1381 convicia
1326 1326 1549 1380 militum
1604 1327 1740 1382 tulit.

172 1426 341 1480 Aucta:
369 1423 635 1477 Maxentio
660 1436 788 1490 opes
810 1461 827 1487 ,
864 1423 886 1451 ε
918 1421 1287 1476 conﬁrmatum
1333 1429 1408 1474 est
1436 1418 1740 1490 imperium.

173 1514 437 1569 Herculius
457 1518 521 1567 ad
552 1512 751 1569 Gallias
794 1512 1061 1583 proiectura
1108 1524 1221 1578 est,
1260 1511 1385 1567 dolo
1412 1510 1706 1581 composito
1726 1553 1741 1577 ,

173 1616 405 1676 tanquam
438 1621 467 1659 a
496 1605 606 1659 lilio
627 1613 772 1660 esset
797 1606 1073 1675 expulsus,
1092 1614 1151 1658 ut
1171 1604 1521 1658 Constantino
1546 1618 1745 1673 genero

174 1700 477 1769 iungeretur,
514 1698 738 1753 moliens
770 1708 947 1751 tamen
973 1696 1380 1751 Constantinum
1411 1705 1620 1764 reperta
1650 1709 1742 1748 oc-

175 1790 367 1845 casione
398 1790 717 1855 interﬁcere,
744 1790 830 1859 qui
855 1790 908 1842 in
938 1788 1144 1853 Galliis,
1172 1795 1227 1843 et
1256 1787 1504 1850 militum,
1536 1797 1589 1841 et
1617 1800 1742 1855 pro-

1846 588 1975 657 fuit,
2023 599 2163 642 ortus
2212 588 2373 642 Dacia
2407 590 2635 658 Ilipensi,
2684 591 2851 661 ibique
2879 593 3109 659 sepultus
3146 604 3254 661 est,
3284 610 3432 663 quem

1846 680 2015 733 locum
2049 681 2403 735 Romulianam
2432 698 2495 735 ex
2520 682 2761 735 vocabulo
2792 682 3024 736 Romula:
3054 685 3231 736 matris
3261 685 3437 754 appel-

1846 774 1995 827 larat.
2029 772 2087 827 Is
2112 773 2389 827 insolenter
2415 774 2669 843 afﬁrmare
2698 790 2861 828 ausus
2893 783 2968 828 est
3012 785 3225 828 matrem
3253 817 3270 845 ,
3300 792 3438 829 more

1850 866 2172 936 Olympiadis
2200 868 2483 921 Alexandri
2525 866 2707 937 Magni
2758 869 3055 935 creatricis,
3100 885 3440 940 compressam

1845 967 2067 1018 dracone
2093 974 2247 1019 semet
2275 966 2583 1035 concepisse.
2617 964 2823 1019 Interea
2846 966 3064 1034 respub.
3100 974 3210 1019 tum
3229 979 3258 1017 a
3285 964 3438 1018 novis

1846 1064 2077 1126 quatuor
2105 1056 2519 1126 imperatoribus
2571 1058 2873 1120 tenebatur,
2904 1055 3256 1113 Constantino
3282 1098 3298 1123 ,
3330 1058 3440 1112 Ma-

1846 1146 2027 1201 xentio
2049 1186 2065 1211 ,
2099 1147 2223 1201 ﬁliis
2252 1150 2629 1218 Augustorum,
2665 1149 2891 1217 Licinio,
2920 1150 3209 1205 Maximino
3230 1194 3243 1220 ,
3285 1150 3441 1206 novis

1847 1239 2174 1294 hominibus.
2205 1240 2403 1308 Quinto
2436 1251 2611 1297 tamen
2656 1242 2869 1311 imperii
2899 1242 2979 1297 sui
3005 1258 3147 1298 anno
3172 1244 3438 1302 Constan-

1848 1331 2213 1387 tinusobellum
2244 1332 2502 1387 adversus
2531 1333 2850 1388 Maxentium
2881 1335 3042 1389 civile
3069 1336 3358 1390 commovit
3382 1332 3438 1398 δ,

1845 1438 1939 1493 pro
1962 1439 2044 1486 eo,
2073 1423 2195 1493 quia
2223 1433 2534 1490 senatorum,
2559 1434 2606 1477 et
2636 1425 2857 1478 maxime
2880 1425 3147 1491 nobilium,
3174 1437 3438 1481 matronas

1847 1513 2050 1580 publice
2077 1513 2306 1567 abstrahi
2331 1520 2484 1584 atque
2511 1515 2581 1567 ad
2606 1531 2752 1569 suam
2779 1516 3038 1570 libidinem
3069 1519 3251 1571 deduci
3279 1520 3440 1587 impe-

1846 1606 2011 1671 rabat,
2042 1614 2088 1658 et
2118 1614 2232 1675 post
2257 1606 2743 1660 contaminationem
2766 1607 2888 1660 viris
2913 1608 3018 1660 suis
3037 1609 3184 1661 reddi
3204 1610 3438 1678 jubebat,

1847 1715 1951 1753 non
2001 1708 2105 1752 tant
2147 1698 2347 1769 expleta
2395 1699 2639 1753 adulterii
2696 1701 2907 1753 libidine
2951 1717 3106 1768 quam
3152 1703 3441 1756 immutata.

1846 1789 2047 1845 Tantus
2076 1807 2191 1845 vero
2216 1802 2379 1845 metus
2412 1792 2593 1846 Patres
2642 1792 2935 1863 plebemque
2979 1804 3332 1864 Oppresserat,
3365 1795 3444 1848 uti

178 1884 458 1939 vincialium
484 1881 681 1953 ingenti
707 1858 816 1951 jam
847 1892 875 1929 tt
895 1885 1065 1951 favore
1095 1880 1373 1950 regnabat,
1402 1880 1554 1935 caesis
1579 1880 1747 1932 Fran-
1776 1858 1825 1921 Β
1856 1897 1946 1935 nec
1992 1881 2090 1936 hoc
2140 1875 2311 1952 ipsum
2359 1884 2597 1953 quidem,
2631 1858 2767 1953 quod
2806 1858 2861 1938 in
2898 1858 3237 1950 metuerant,
3270 1858 3445 1955 palam

179 1977 258 2041 cis,
285 1987 441 2046 atque
464 1975 794 2037 Alemannis,
825 1975 1102 2042 captisque
1130 1987 1314 2026 eorum
1345 1970 1581 2041 regibus,
1612 1987 1748 2041 quos

179 2072 314 2125 etiam
343 2069 553 2132 bestiis,
577 2083 698 2123 cum
730 2064 1073 2135 magniﬁcnm
1115 2064 1479 2133 spectaculum
1509 2065 1747 2118 muneris

177 2171 416 2233 parasset,
449 2160 666 2230 objecit.
706 2158 940 2213 Detectis
988 2157 1144 2225 igitur
1185 2155 1391 2212 insidiis
1435 2172 1527 2223 per
1555 2167 1578 2194 ε
1613 2154 1747 2209 Fau-

175 2266 316 2321 stam,
348 2269 468 2325 qua:
507 2254 686 2309 dolum
718 2253 834 2307 viro
864 2254 1239 2318 nuntiaverat,
1274 2250 1506 2320 profugit
1546 2251 1746 2306 llercu-

174 2351 288 2415 lius,
312 2349 665 2419 Massiliaeque
693 2364 725 2401 a
746 2347 1079 2403 Constantino
1119 2360 1409 2415 oppressus
1437 2354 1541 2400 est.
1574 2345 1652 2400 Ex
1681 2360 1743 2400 ea

171 2443 296 2495 enim
327 2440 578 2510 navigare
604 2437 670 2492 ad
696 2436 860 2492 ﬁlium
894 2437 1255 2506 praiparabat,
1286 2438 1377 2490 sed
1415 2452 1448 2489 a
1487 2434 1743 2490 Constan-

169 2534 263 2587 tino
306 2544 484 2604 captus
526 2546 709 2601 poenas
736 2532 756 2571 ί
787 2530 963 2598 dedit,
1005 2532 1180 2583 mortis
1229 2545 1409 2601 genere
1453 2537 1743 2600 postremo,

168 2626 334 2693 fractis
381 2626 563 2691 laqueo
605 2623 916 2686 cervicibus,
951 2622 1031 2675 vir
1059 2622 1125 2674 ad
1153 2636 1368 2675 omnem
1398 2621 1742 2690 asperitatem

164 2717 516 2785 saevitiamque
549 2715 818 2784 proclivis,
854 2713 1072 2777 inlidus,
1098 2711 1487 2774 incommodus,
1515 2711 1745 2766 civilita-

166 2813 227 2860 tis
256 2812 466 2877 penitus
502 2822 695 2874 expers
719 2848 734 2873 ,
766 2805 1014 2871 stolidus,
1047 2816 1161 2858 ortu
1188 2805 1406 2875 agresti,
1443 2802 1745 2858 Pannonio~

162 2917 269 2972 que,
301 2917 419 2953 nam
448 2902 604 2954 etiam
632 2914 769 2953 nunc
793 2899 932 2951 haud
967 2899 1114 2966 longe
1140 2897 1335 2951 Sirmio
1362 2897 1546 2950 eminet
1575 2896 1741 2961 locus,

160 2994 343 3063 palatio
372 2994 433 3045 ab
460 3008 521 3046 eo
546 2992 732 3045 ibidem
754 2999 1062 3053 constructo,
1090 2988 1179 3042 ubi
1206 2997 1440 3059 parentes
1463 2993 1575 3058 ejus
1599 3002 1744 3041 exer-

159 3080 330 3133 cebant
357 3096 509 3151 opera
530 3079 859 3133 mercenaria.
890 3074 1092 3131 Interiit
1118 3084 1268 3130 wtate
1286 3076 1552 3147 sexaginta
1575 3090 1741 3128 anno-

157 3186 305 3236 rum,
356 3172 535 3243 viginti
588 3170 887 3241 imperator.
947 3167 1135 3222 Genuit
1182 3183 1244 3220 ex
1299 3166 1553 3237 Eutropia
1604 3165 1743 3235 Syra

160 3233 368 3316 muliere
391 3233 713 3316 bulaxentiu'm
737 3302 754 3329 ,
794 3270 841 3314 et
888 3257 1138 3312 Faustam
1176 3258 1445 3327 conjugem
1467 3233 1474 3237 ’
1493 3233 1745 3309 Constim-
1768 3233 1817 3296 ο

158 3354 267 3418 tini,
300 3355 445 3425 cujus
471 3355 605 3422 patri
634 3351 933 3407 Constantio
965 3348 1248 3405 tradiderat
1284 3346 1603 3401 Theodoram
1644 3353 1747 3416 prt-

157 3445 377 3514 signum.

797 3533 1102 3591 LICINIUS.

227 3629 332 3685 Per
362 3630 466 3685 hoc
494 3638 705 3699 tempus
748 3641 778 3681 a
808 3626 1022 3682 Galerio
1069 3626 1305 3681 Licinius
1342 3626 1634 3694 imperator
1662 3635 1747 3681 est

162 3723 349 3793 lactus,
383 3724 545 3779 Dacia
572 3722 855 3785 oriundus,
880 3732 1039 3776 notus
1067 3724 1116 3776 ei
1144 3723 1363 3791 antiqua
1402 3720 1747 3776 consuetudi-

164 3830 252 3881 ne,
283 3826 337 3872 et
362 3817 417 3872 in
449 3817 621 3882 bello,
650 3818 792 3885 quod
830 3817 1111 3870 adversum
1160 3814 1418 3871 Narseum
1466 3823 1743 3886 gesserat.

168 3915 411 3962 strenuus
429 3906 725 3975 laboribus,
749 3914 804 3961 et
830 3904 1023 3961 ofﬁciis
1046 3917 1072 3953 ι
1087 3916 1344 3977 acceptus.
1369 3905 1577 3960 Interea
1595 3904 1748 3960 Gale-

169 3999 270 4053 rius
298 4000 714 4069 persecutionem,
733 4014 847 4064 qua:
872 4016 903 4052 a
929 3998 1251 4053 Diocletiano
1272 4010 1318 4054 et
1348 3999 1671 4055 Maximiano
1690 4000 1747 4055 in

171 4093 478 4151 Christianos
502 4096 667 4167 fuerat
696 4095 874 4163 missa,
902 4095 1012 4167 ipse
1030 4095 1367 4150 atrocioribus
1388 4097 1567 4151 edictis
1593 4113 1747 4152 accu-

173 4187 391 4241 mulavit.
432 4187 505 4241 Ac
544 4196 813 4257 postquam
852 4203 944 4256 per
981 4203 1143 4241 annos
1182 4188 1357 4242 decem
1396 4190 1533 4242 omni
1570 4205 1748 4261 genere

173 4276 419 4333 hominum
446 4280 732 4347 provincias
757 4278 1009 4345 exhausit,
1044 4283 1329 4349 putrefacto
1357 4281 1633 4334 introrsum
1653 4292 1745 4350 pe-

173 4378 317 4437 ctore,
348 4381 394 4423 et
422 4370 657 4425 vitalibus
687 4370 973 4438 dissolutis,
1004 4387 1117 4424 cum
1162 4372 1298 4426 ultra
1342 4373 1602 4427 horrorem
1641 4376 1747 4428 hu-

172 4475 324 4517 mana:
350 4465 572 4519 miseria:
592 4465 746 4518 etiam
787 4479 977 4518 vermes
1012 4474 1293 4532 eructaret,
1332 4468 1613 4533 medicique
1630 4472 1744 4541 jam

174 4554 300 4607 ultra
326 4555 533 4624 fetorem
555 4572 657 4609 non
686 4556 926 4626 ferentes,
949 4558 1123 4610 crebro
1145 4558 1300 4627 jussu
1325 4560 1437 4629 ejus
1456 4560 1746 4617 occideren-

174 4654 266 4713 tur,
309 4666 340 4702 a
384 4651 605 4719 quodam
654 4650 849 4703 medico
905 4651 1238 4705 constantiam
1285 4667 1349 4705 ex
1394 4652 1748 4723 desperatione

176 4751 383 4795 sumente
405 4743 703 4812 increpitus,
730 4742 863 4793 iram
890 4740 983 4795 Dei
1008 4756 1119 4795 esse
1155 4756 1357 4811 plenam
1380 4758 1526 4795 suam
1546 4783 1561 4809 ,
1595 4754 1747 4815 atque

177 4830 275 4887 ideo
316 4852 347 4888 a
392 4835 600 4889 medicis
627 4850 730 4888 non
760 4850 905 4903 posse
948 4834 1155 4901 curari,
1186 4834 1363 4889 edictis
1410 4835 1510 4889 late
1545 4838 1746 4906 missis,

180 4922 471 4981 Christianos
497 4927 561 4982 de
599 4926 782 4982 exsilio
808 4927 1089 4992 revocavit,
1132 4928 1241 4996 ipse
1278 4934 1450 4981 autem
1489 4929 1748 4985 cruciatus

182 5033 267 5072 non
292 5024 572 5088 sustinens,
604 5022 759 5090 ﬁnem
799 5022 915 5075 vita:
951 5035 1058 5075 sua:
1080 5020 1273 5077 attulit.
1320 5020 1483 5087 Fuit,
1517 5023 1633 5077 licet
1662 5025 1749 5079 in-

182 5111 302 5165 culta
324 5112 612 5184 agrestique
629 5111 833 5184 justitia
853 5111 975 5165 satis
1002 5110 1299 5177 laudabilis,
1326 5113 1537 5183 pulcher
1564 5130 1748 5187 corpo-

182 5216 245 5267 re,
273 5205 475 5261 eximius
499 5215 548 5259 et
578 5204 707 5275 felix
735 5205 970 5272 bellator,
1005 5213 1148 5260 ortus
1180 5206 1477 5277 parentibus
1503 5213 1749 5278 agrariis,

239 5323 261 5387 ξ
292 5318 377 5385 A.,
412 5316 695 5386 depositam
722 5326 1040 5387 potestatem.

237 5385 261 5422 δ
288 5397 374 5457 A.,
408 5385 638 5441 desertus
666 5385 759 5442 est.
785 5388 979 5453 Aucta’,
1009 5396 1115 5443 etc.

232 5461 385 5531 P_A.:
416 5458 885 5531 Conﬁrmatttmque
912 5459 1038 5524 imp.
1067 5460 1510 5531 Severusfugiens
1540 5465 1748 5519 Raven-

176 5544 244 5607 (ιω
269 5529 560 5607 interfectus
590 5540 682 5582 est.
715 5529 1224 5607 Herculius__tanten_
1253 5529 1602 5607 Maximianus
1636 5546 1749 5607 post

174 5602 268 5653 [nec
293 5603 345 5654 in
375 5602 616 5654 concione
644 5602 956 5654 exercituum
982 5600 1149 5669 ﬁlium
1174 5601 1497 5659 Maxentium
1523 5600 1748 5661 ettudare

171 5683 398 5796 matus,
422 5672 719 5725 seditionem
747 5682 793 5724 et
823 5672 1051 5725 convicia
1092 5673 1315 5728 militum
1345 5678 1482 5731 tulit.
1517 5676 1650 5733 Intle
1679 5681 1747 5731 ad

212 5761 240 5795 a
263 5747 384 5797 tias.
416 5753 524 5796 etc.

367 5785 384 5811 ’
417 5782 524 5796 νυν.

234 5812 261 5851 ά
284 5819 376 5881 A.,
402 5829 606 5884 pavore.

237 5895 261 5923 ιι
289 5890 381 5956 A.,
404 5882 662 5943 Faustam
690 5885 874 5956 ﬁliam.

454 5991 719 6049 Ptrnoa.
765 5988 955 6050 XCV.

1852 1975 2115 2030 ostendere
2150 1977 2417 2029 auderent.
2449 1975 2555 2031 Sed
2585 1976 2813 2046 ferebant
2852 1976 3103 2030 insttetam
3153 1980 3445 2031 servitutem

1849 2074 2126 2134 gementes,
2149 2074 2195 2119 et
2224 2066 2419 2136 aliquid
2446 2084 2539 2136 pro
2569 2066 2802 2121 libertate
2822 2068 3048 2138 cogitare
3078 2079 3215 2123 metu
3246 2070 3444 2122 inhibe-

1851 2153 2059 2224 bantur,
2090 2171 2205 2208 cum
2234 2155 2323 2209 ille
2342 2172 2443 2209 non
2461 2158 2579 2227 jam
2602 2158 2704 2224 ira,
2728 2158 3061 2212 sedlibidine
3080 2160 3254 2222 ctedis,
3279 2160 3447 2231 agita-

1848 2256 2012 2301 retur.
2048 2248 2281 2319 Denique
2324 2250 2551 2319 quadam
2596 2250 2680 2303 die
2719 2250 3006 2318 imperabat
3055 2250 3301 2304 militibus
3339 2252 3448 2306 suis

1849 2340 1989 2394 exire
2020 2356 2110 2408 per
2139 2342 2334 2410 plateas
2363 2342 2516 2394 totius
2546 2342 2717 2408 urbis,
2764 2352 2813 2396 et
2838 2358 3013 2396 omnes
3060 2344 3146 2414 qui
3193 2346 3445 2398 occurrisc

1846 2441 1977 2499 sent,
2010 2436 2361 2506 cujuscunque
2400 2436 2600 2502 aetatis,
2632 2445 2678 2491 et
2704 2436 2980 2506 cujuslibet
3024 2454 3176 2491 sexus
3197 2479 3213 2504 ,
3261 2440 3451 2508 gladiis

1846 2525 2119 2579 caderent.
2150 2525 2549 2599 Innumerteque
2594 2530 2950 2585 multitudines
2984 2532 3162 2602 populi
3190 2532 3447 2600 Romani,

1845 2633 1949 2671 non
1976 2617 2222 2681 hostium,
2258 2622 2347 2673 sed
2375 2622 2560 2674 civium
2590 2624 2704 2677 telis
2746 2624 2957 2693 deiecta:
2991 2634 3131 2680 sunt.
3172 2624 3451 2681 Senatores

1846 2726 1988 2780 vero,
2014 2719 2064 2766 et
2091 2712 2143 2764 hi
2171 2714 2389 2768 maxime
2422 2717 2506 2783 qui
2537 2717 2615 2769 vel
2646 2717 2922 2770 honoribus
2941 2756 2958 2783 ,
2985 2720 3061 2770 vel
3091 2719 3270 2789 opibus
3290 2760 3305 2782 ,
3339 2720 3448 2771 cla-

1845 2803 2006 2856 riores
2046 2803 2099 2856 in
2151 2805 2295 2858 curia
2329 2806 2645 2873 videbantur,
2688 2809 2919 2877 conﬁctis
2961 2809 3289 2873 criminibus,
3324 2819 3442 2862 tan-

1844 2908 2000 2962 quam
2041 2894 2114 2947 rei
2159 2895 2325 2964 puniti
2372 2898 2741 2968 proscriptique
2787 2908 2927 2951 sunt.
2978 2897 3199 2969 Magicte
3245 2915 3447 2968 quoque

1845 2984 1973 3036 artis
1996 2976 2307 3038 industriam
2333 2988 2546 3040 summis
2576 2989 2759 3041 studiis
2789 2989 3079 3052 excolebat,
3113 2989 3183 3042 ad
3208 3006 3321 3059 qua:
3348 2990 3447 3042 nti-

1847 3076 2056 3129 nisteria
2077 3077 2328 3146 explenda
2359 3080 2788 3147 perquirebantur
2813 3079 3057 3133 mulieres
3105 3079 3299 3134 nobiles
3325 3096 3446 3150 gra-

1847 3168 1997 3235 cidae,
2032 3180 2078 3223 et
2108 3170 2354 3223 adhibita:
2396 3172 2574 3225 media:
2603 3173 2983 3239 scindebantur,
3028 3173 3359 3244 rapiebantur
3402 3183 3449 3227 et

1848 3261 2051 3328 parvuli
2074 3261 2321 3330 infantes,
2350 3278 2627 3333 eorumque
2655 3272 2770 3318 exta
2799 3265 3075 3319 visceribus
3104 3267 3303 3320 revulsa
3333 3282 3449 3331 per-

1846 3357 2229 3410 scrutabantur.
2255 3356 2643 3428 Jugulabantur
2668 3368 2714 3411 et
2744 3359 2948 3427 leones,
2978 3368 3026 3413 et
3057 3360 3295 3429 nefandis
3324 3362 3443 3430 qui-

1848 3449 2061 3503 busdam
2089 3453 2422 3517 commentis,
2474 3467 2535 3503 ac
2582 3453 2956 3522 precaminibus
3003 3453 3286 3507 daemonica
3335 3462 3447 3506 arte

1849 3542 2162 3611 compositis,
2191 3542 2321 3596 bella
2359 3558 2448 3611 per
2474 3542 2579 3595 ha'c
2609 3542 2907 3596 dicebantur
2953 3559 3145 3609 arcere,
3190 3552 3238 3596 et
3276 3543 3452 3596 crede-

1849 3632 2029 3687 bantur
2051 3638 2144 3706 jus
2176 3637 2354 3705 fasque
2402 3635 2548 3706 regni
2598 3652 2690 3707 per
2717 3640 2863 3705 nefas
2906 3652 3056 3707 posse
3094 3651 3316 3690 scrvare.
3352 3633 3451 3689 IIis

1849 3742 1965 3781 vero
1993 3728 2142 3781 malis
2165 3730 2397 3781 omnibus
2425 3714 2580 3781 etiam
2610 3706 2740 3783 illud
2771 3728 3003 3795 additur,
3044 3728 3183 3797 quod
3234 3726 3317 3781 illi
3364 3729 3452 3797 qui

1849 3835 1939 3889 per
1969 3829 2176 3873 caeteras
2203 3823 2350 3873 urbes
2380 3820 2459 3873 vel
2486 3835 2636 3888 agros
2676 3821 2880 3889 fuerant
2913 3818 3184 3888 tyrannica
3222 3816 3444 3870 crudeli-

1851 3920 1956 3970 tate
1982 3914 2211 3968 deterriti
2236 3952 2253 3977 ,
2295 3914 2417 3967 dum
2446 3913 2541 3967 sibi
2571 3912 2703 3967 nihil
2732 3912 2801 3966 ad
2828 3914 2985 3966 vitam
3026 3920 3191 3964 tutum
3220 3919 3438 3980 putant,

1849 4007 2037 4063 relictis
2076 4006 2242 4076 agris,
2291 4024 2379 4074 per
2417 4008 2529 4060 loca
2567 4004 2743 4057 abdita
2782 4003 2985 4058 latebris
3022 4012 3176 4069 eunt,
3210 4002 3447 4071 omnique

1849 4101 2020 4154 studio
2048 4099 2233 4152 arandi
2270 4100 2570 4168 serendique
2598 4106 2845 4159 cessante,
2889 4105 3030 4148 tanta
3068 4096 3228 4166 fames
3267 4094 3445 4148 urbem

1850 4203 1999 4262 atque
2043 4193 2216 4245 omnia
2268 4191 2379 4244 loca
2425 4192 2698 4255 invaserat,
2745 4197 2799 4241 ut
2846 4187 2975 4241 nihil
2999 4187 3184 4256 reliqui
3221 4187 3289 4239 ad
3329 4187 3443 4240 vita

1850 4286 2133 4340 subsidium
2163 4284 2322 4353 ﬁeret.
2349 4281 2714 4336 Constantinus
2742 4281 2899 4351 igitur
2928 4283 3038 4352 ejus
3064 4280 3236 4347 copias
3267 4278 3442 4333 multis

1851 4378 2041 4451 proeliis
2071 4377 2228 4449 fudit,
2260 4384 2429 4429 tamen
2467 4385 2675 4445 propter
2714 4373 2937 4444 magicas
2977 4381 3110 4427 artes
3148 4388 3261 4426 eum
3296 4372 3445 4427 valde

1854 4469 2125 4525 metuebat.
2178 4467 2402 4536 Cumque
2444 4468 2497 4520 in
2546 4466 2863 4519 htesitatione
2904 4465 3064 4520 multa
3111 4465 3444 4531 consisteret,

1854 4562 2115 4630 multaque
2142 4575 2312 4614 secum
2351 4560 2414 4611 de
2442 4558 2753 4612 imminentis
2782 4556 2901 4610 belli
2927 4556 3223 4611 necessitate
3248 4557 3448 4626 pervol-

1851 4670 1969 4707 vens
1999 4654 2095 4706 iter
2122 4661 2313 4722 ageret,
2340 4661 2492 4720 atque
2517 4650 2586 4703 ad
2613 4648 2793 4704 ctelum
2819 4651 3005 4719 swpius
3036 4652 3209 4703 oculos
3234 4650 3445 4717 levaret,

1849 4754 1894 4801 et
1919 4744 2038 4799 inde
2066 4745 2162 4798 sibi
2189 4745 2439 4798 auxilium
2465 4743 2692 4796 divinum
2731 4751 3052 4810 precaretur,
3086 4742 3211 4795 vidit
3240 4760 3331 4812 per
3358 4758 3445 4796 so-

1848 4853 2023 4904 porem
2049 4836 2118 4890 ad
2142 4835 2403 4890 Orientem
2428 4843 2625 4905 partem
2653 4834 2706 4888 in
2730 4833 2857 4888 caelo
2875 4834 3080 4903 signum
3106 4834 3269 4887 crucis
3289 4834 3440 4904 igneo

1850 4929 2052 5001 fulgore
2077 4926 2314 4982 rutilare;
2342 4927 2567 4997 Cumque
2605 4934 2745 4980 tanto
2786 4927 2896 4979 visu
2925 4926 3105 4995 fuisset
3131 4925 3438 4991 exterritus,

1849 5039 1909 5077 ac
1940 5038 2071 5077 novo
2094 5022 2474 5093 perturbaretur
2500 5027 2729 5089 aspectu,
2755 5028 2924 5072 astare
2946 5018 3040 5072 sibi
3070 5018 3207 5071 videt
3230 5016 3445 5086 angelos

1851 5115 2071 5170 dicentes
2093 5129 2113 5169 :
2140 5125 2215 5170 EN
2238 5119 2446 5169 ΤΟΥΤΩ
2473 5118 2651 5178 ΝΙΚΔ,
2676 5110 3044 5174 Constantine;
3071 5108 3205 5177 quod
3235 5117 3307 5162 est
3329 5122 3348 5161 :
3378 5107 3443 5163 In

1853 5208 1948 5262 hoc
1972 5206 2131 5262 vince.
2164 5203 2354 5259 Fertur
2381 5212 2549 5258 autem
2574 5211 2622 5257 et
2648 5206 2816 5272 ipsum
2845 5201 3105 5256 Christum
3138 5198 3443 5269 apparuisse

1932 5319 1951 5357 τ
1979 5319 2068 5382 Α..
2093 5316 2233 5369 dedit
2253 5315 2544 5389 justissimo
2574 5316 2758 5389 quitus
2776 5311 2892 5377 Vir,
2917 5320 3020 5389 etc.

1927 5393 1953 5430 3
1977 5391 2042 5444 Α.
2072 5407 2085 5441 :
2118 5383 2387 5457 Acceptus.
2418 5385 2561 5440 Mors
2582 5383 2849 5439 Galerium
2870 5383 3133 5453 confestim
3151 5392 3322 5437 secuta
3342 5392 3438 5439 est.

1860 5461 1945 5515 Ita
1979 5461 2167 5529 Ηινερ.ἱ
2192 5467 2299 5513 etc.

1924 5534 1951 5568 ¹ι
1984 5533 2048 5585 A.
2081 5524 2096 5582 Ξ
2132 5527 2444 5593 Commovit;
2476 5529 2648 5598 copias
2690 5531 2799 5599 ejus
2843 5526 3017 5599 multis
3044 5524 3237 5599 proeliis
3264 5525 3443 5599 fudit,

1853 5607 2017 5675 ipsum
2041 5610 2295 5669 postremo
2319 5600 2502 5675 Ilornte
2531 5595 2776 5675 adversus
2792 5595 3243 5675 nobiles‘omnib‘us
3271 5595 3441 5650 exitiis

1853 5666 2138 5729 s'tttvientem
2187 5672 2326 5738 apud
2380 5679 2583 5738 pontem
2631 5670 2864 5723 Milvium
2905 5669 3043 5732 vicit,
3082 5666 3337 5738 Italiaque
3367 5674 3442 5738 est

1851 5749 2062 5818 potitus.
2112 5736 2425 5818 Maxentium
2455 5744 2778 5818 suppositum
2829 5741 2999 5818 ferunt
3039 5750 3155 5818 arte
3205 5736 3442 5817 muliebri

1854 5806 2018 5872 lenere
2048 5816 2214 5868 ntariti
2246 5816 2478 5865 animum
2522 5806 2800 5865 laborantis
2847 5812 3116 5877 auspicio,
3163 5806 3445 5878 gratissimi

1852 5901 2031 5961 partus
2059 5887 2206 5960 ccepti
2232 5901 2265 5939 a
2293 5900 2468 5954 puero.
2500 5882 2625 5940 Non
2654 5887 2813 5938 multo
2836 5884 3092 5951 deinceps,
3112 5890 3216 5935 etc.

2935 5985 3011 6046 29
