3918 6344
562 322 667 382 907

1448 318 1649 374 PAULI
1690 313 1962 375 DIACONI
1997 315 2149 372 OPP.
2186 315 2365 377 PARS
2401 320 2445 377 l.
2483 350 2554 365 -
2590 320 2976 380 HISTORICA.
3635 345 3711 409 σοι

557 443 624 506 ei,
650 445 697 493 et
716 451 916 510 signum
946 440 1248 490 monstrasse
1270 446 1455 497 crucis,
1488 449 1547 485 ac
1578 432 1876 501 prtecepisse
1906 440 1961 485 ut
2000 430 2134 501 ﬁgu—
2160 430 2214 494 Δ
2240 432 2337 499 bri,
2354 443 2517 490 tenere
2538 437 2711 490 mariti
2730 438 2958 491 animum
2977 437 3272 507 laborantis,
3285 446 3483 513 auspicio
3503 458 3711 521 gratissimi

556 551 665 589 rem
693 532 908 586 similem
938 531 1149 599 faceret,
1174 539 1221 582 et
1248 529 1300 581 in
1324 526 1513 597 prteliis
1533 527 1628 579 hoc
1644 526 1896 579 auxilium
1920 525 2146 592 haberet,

556 642 656 693 quo
684 627 906 679 victoria:
925 625 1046 692 jura
1075 623 1407 688 conquireret.
1438 619 1683 674 Eusebius
1711 619 1878 687 itaque
1903 615 2147 683 Pamphi-

557 719 637 772 lus
650 718 994 787 jurejurando
1015 718 1127 783 ipso
1150 717 1428 786 imperante
1451 714 1646 766 dicente
1667 713 1871 765 audisse
1894 727 1947 764 se
1965 714 2143 780 refert,

554 813 671 878 quia
685 813 819 865 circa
842 810 1120 873 meridiem,
1148 809 1435 863 declinante
1453 808 1567 877 jam
1592 805 1717 871 sole,
1750 805 1915 858 crucis
1940 803 2144 872 signum

555 918 616 956 ex
645 903 837 956 lumine
864 904 1092 973 factum.
1124 909 1170 953 et
1199 900 1510 969 scripturam
1553 905 1839 949 consertam
1879 896 1923 949 ei
1968 895 2142 949 dicen-

554 1000 654 1044 tem
684 1007 700 1044 :
734 989 801 1045 In
828 991 926 1045 hoc
952 993 1129 1053 vince;
1156 991 1360 1043 vidisset
1409 990 1514 1057 ipse
1534 1030 1548 1053 ,
1577 996 1624 1040 et
1658 987 1870 1052 milites,
1897 986 1985 1055 qui
2024 1002 2139 1041 cum

551 1097 610 1139 eo
640 1092 761 1143 tunc
784 1092 968 1138 aunt.
995 1081 1233 1153 Pergenti
1262 1095 1478 1149 namque
1531 1095 1647 1132 cum
1690 1079 1863 1147 aliquo
1915 1078 2139 1132 exercitu

550 1175 745 1242 puriter
766 1175 820 1228 in
851 1174 983 1241 loco,
1015 1175 1130 1239 hoc,
1160 1174 1355 1242 inquit,
1403 1173 1450 1226 ei
1498 1172 1800 1227 miraculum
1853 1181 2134 1228 ostensum.

550 1263 786 1333 Dumque
815 1266 1059 1333 cogitaret
1083 1266 1203 1335 quid
1235 1274 1377 1328 esset,
1411 1280 1513 1317 uox
1550 1263 1837 1333 supervenit
1859 1304 1876 1327 ,
1926 1272 1973 1317 et
2017 1263 2139 1316 dor-

548 1358 724 1410 mienti
746 1356 973 1410 Christus
1006 1371 1119 1409 cum
1141 1356 1313 1426 signa,
1338 1357 1476 1425 quod
1498 1355 1621 1409 vidit
1649 1356 1701 1408 in
1725 1354 1848 1408 coelo
1869 1354 2133 1424 apparuit,

541 1448 797 1518 jussitque
826 1457 878 1501 ut
904 1448 1048 1511 ﬁeret
1077 1450 1186 1518 ejus
1217 1449 1350 1518 signi
1378 1447 1650 1517 ﬁguratio,
1680 1462 1791 1516 qua:
1826 1448 1956 1518 foret
1985 1450 2137 1500 auxi-

548 1538 675 1589 lium
704 1539 757 1591 in
796 1538 1237 1608 congressionibus
1283 1536 1603 1605 prteliorum.
1650 1536 1777 1591 Tum
1827 1552 1945 1591 vero
1989 1538 2134 1591 latus

546 1631 801 1695 redditus,
833 1640 880 1683 et
919 1630 982 1684 de
1023 1631 1233 1685 victoria
1273 1632 1390 1701 jam
1432 1646 1670 1695 securus,
1720 1632 1920 1702 signum
1971 1631 2133 1685 crucis

544 1728 677 1795 quod
709 1726 763 1779 in
792 1727 919 1780 caelo
949 1725 1143 1778 viderat
1175 1726 1228 1778 in
1256 1724 1502 1777 militaria
1530 1724 1713 1776 vexilla
1754 1726 2091 1795 transformat
2112 1762 2131 1789 ,

2249 536 2427 595 partus
2451 531 2601 598 coepti
2630 547 2661 582 a
2683 548 2839 598 puero
2862 530 3006 601 (sic).
3040 529 3096 586 Is
3125 531 3394 591 Maxentius
3414 545 3526 596 nulli
3551 563 3715 617 uuun

2247 618 2431 673 οιιανυι
2462 621 2582 689 fuit,
2614 638 2703 675 nec
2732 624 2889 692 patri,
2928 633 3017 678 aut
3052 640 3224 679 socero
3248 630 3431 695 quidem
3454 633 3714 698 Calerio.ln-

2247 720 2383 766 terea
2405 714 2531 767 cives
2551 713 2789 777 Romani,
2806 733 2890 784 qui
2910 716 3292 771 Constantinum
3310 738 3614 792 poposcerunt,
3631 736 3715 790 uti.

2245 818 2420 856 earum
2448 816 2735 873 exsurgeret
2768 806 3117 873 adjutorium,
3156 824 3186 861 a
3216 812 3411 881 maligni
3440 814 3641 873 Maxentii
3662 833 3718 894 tq-

2244 894 2459 946 rannide
2489 896 2708 963 liberati,
2759 898 3012 950 civitatem
3061 909 3331 966 coronant,
3374 914 3418 955 et
3460 922 3554 959 cum
3583 916 3719 978 gaudio

2241 984 2480 1039 victorem
2529 985 2920 1041 Constantinum
2969 1004 3071 1040 una
3117 1004 3227 1041 cum
3257 991 3436 1057 viri/ica
3463 1005 3718 1056 crucesusci.

2243 1076 2433 1143 piunt,
2478 1086 2526 1130 et
2576 1078 2742 1132 Deum
2788 1080 3173 1149 collaudantes,
3219 1097 3399 1136 necnon
3424 1094 3465 1138 et
3495 1104 3566 1157 per
3587 1102 3721 1158 septem

2242 1166 2351 1220 dies
2390 1168 2665 1223 adorantes
2691 1210 2708 1235 ,
2759 1180 2804 1224 et
2851 1170 3240 1225 Constantinum
3286 1175 3501 1230 victorem
3546 1178 3721 1238 laudibus

2241 1261 2650 1330 magni/imum.

2837 1352 3243 1410 MAXIMINUS.

2309 1437 2422 1494 Non
2457 1441 2623 1495 multo
2653 1451 2767 1513 post
2795 1442 3047 1513 deinceps
3070 1446 3125 1500 in
3148 1447 3357 1502 Oriente
3382 1463 3565 1520 quoque
3587 1452 3724 1509 adver-

2238 1546 2331 1587 sus
2369 1532 2631 1589 Licinium
2678 1536 2997 1591 Maximinus
3029 1537 3201 1592 Ctesar
3238 1555 3320 1594 res
3353 1556 3502 1595 navas
3542 1544 3725 1613 molitus,

2241 1624 2474 1679 vicinum
2502 1627 2718 1681 exitium
2755 1627 2968 1685 fortuita
2994 1630 3132 1697 apud
3158 1631 3374 1687 Tarsum
3402 1632 3569 1689 Cilicia:
3587 1646 3621 1691 et
3643 1640 3727 1691 sim-

2242 1718 2363 1784 plici
2389 1729 2560 1773 morte
2590 1717 2613 1754 ⁸³
2648 1721 2928 1790 praevenit.
2962 1721 3063 1776 llic
3093 1739 3267 1778 sorore
3297 1727 3569 1779 Armentarii
3597 1745 3724 1798 proge-

543 1834 604 1872 ac
630 1830 650 1851 α
677 1816 927 1881 labarum,
955 1831 1100 1885 quens
1128 1814 1304 1867 dicunt
1323 1856 1337 1879 ,
1385 1829 1447 1867 es:
1488 1829 1615 1866 auro
1644 1822 1693 1865 et
1731 1812 1987 1880 lapidibus
2018 1829 2131 1881 pre-
2161 1795 2210 1861 Β
2239 1816 2397 1877 nitus,
2429 1830 2644 1887 veraque
2670 1817 2872 1871 nomine
2899 1825 3016 1871 ante
3041 1817 3306 1888 imperium
3334 1817 3462 1873 Dasa
3486 1795 3635 1886 dictus,
3652 1795 3727 1891 post

545 1908 687 1963 tiosis
717 1908 772 1961 in
798 1909 1020 1975 speciem
1060 1907 1225 1959 crucis
1254 1905 1540 1959 dominicae.
1594 1903 1710 1957 [Ioc
1749 1906 1883 1958 enim
1930 1904 2131 1977 signum

544 2000 783 2055 bellicum
825 2000 958 2054 inter
984 1997 1091 2052 alia
1136 1998 1434 2068 pretiosius,
1485 2011 1546 2050 eo
1590 1996 1726 2066 quod
1772 1997 2132 2063 imperatorem

544 2095 875 2164 prtecederet,
898 2103 945 2145 et
974 2092 1183 2145 adorari
1214 2091 1266 2143 id
1296 2107 1327 2144 a
1350 2090 1590 2143 militibus
1619 2090 1772 2143 moris
1798 2099 1945 2147 esset.
1975 2089 2129 2145 Unde

542 2190 798 2257 prtecipue
826 2183 1227 2241 Constantinum
1250 2197 1364 2235 reor
1403 2181 1769 2235 nobilissimum
1792 2182 1943 2233 decus
1969 2181 2131 2248 impe-

541 2279 607 2332 rii
636 2279 849 2332 Romani
879 2277 933 2330 in
972 2276 1176 2345 signum
1215 2283 1438 2329 mutasse
1476 2274 1663 2337 crucis,
1699 2282 1753 2325 ut
1780 2273 2031 2341 frequenti
2058 2272 2131 2325 vi-

538 2372 683 2426 sione
726 2381 876 2440 atque
906 2384 1033 2422 cura
1063 2369 1411 2421 desuescerent
1456 2382 1487 2418 a
1525 2366 1693 2436 priore
1727 2380 1864 2417 more
1891 2363 2130 2433 subjecti,

540 2470 588 2516 et
619 2476 734 2514 eum
753 2460 920 2513 solum
950 2457 1320 2511 arbitrarentur
1348 2454 1513 2509 Deum
1538 2497 1555 2521 ,
1585 2470 1733 2525 quem
1757 2455 1938 2507 coleret
1969 2454 2129 2522 impe-

539 2564 703 2621 rator,
739 2556 813 2608 vel
842 2568 940 2624 quo
970 2551 1098 2604 duce
1124 2560 1270 2617 atque
1298 2547 1601 2602 auxiliatore
1630 2544 1919 2598 eveheretur
1945 2544 2126 2601 adver-

537 2663 653 2703 sum
702 2648 890 2699 hostes.
923 2643 1138 2710 Semper
1180 2642 1315 2695 enim
1360 2640 1455 2692 hoc
1501 2638 1701 2711 signum
1750 2635 2130 2707 proponebatur

537 2748 654 2796 ante
683 2740 885 2794 ordines
905 2739 1185 2799 universos,
1210 2733 1347 2806 quod
1375 2732 1595 2787 maxime
1621 2729 1966 2784 laborantibus
1996 2728 2131 2785 acie-

536 2834 628 2889 bus
670 2834 723 2888 in
775 2833 968 2902 prcliis
1015 2831 1191 2884 adesse
1240 2825 1584 2896 prtecipiebat.
1634 2822 1908 2877 Constituit
1959 2822 2129 2889 itaque

535 2938 698 2983 certos
743 2926 1017 2996 signiferos
1037 2964 1051 2987 ,
1084 2922 1171 2992 qui
1200 2923 1255 2974 in
1298 2936 1356 2974 eo
1403 2920 1723 2983 laborarent,
1755 2932 1972 2986 quorum
1999 2930 2128 2985 Opus

534 3029 642 3076 erat
686 3028 740 3073 ut
789 3015 979 3072 vicibus
1008 3014 1233 3067 humeris
1263 3027 1379 3066 eum
1409 3010 1638 3064 veherent
1662 3049 1679 3075 ,
1704 3015 1751 3062 et
1791 3023 1967 3060 omnes
1994 3005 2128 3059 acies

533 3112 608 3169 ita
655 3108 951 3162 lustrarent.
1002 3103 1195 3160 Fertur
1242 3104 1375 3159 enim
1424 3101 1559 3170 quod
1600 3100 1877 3169 aliquando
1914 3096 2124 3167 quidant

539 3207 708 3273 ferens
738 3204 831 3254 hoc
859 3199 1063 3267 signum
1086 3204 1288 3266 repente
1322 3192 1549 3247 hostibus
1579 3189 1929 3244 invadentibus
1964 3204 2120 3256 expa-
2150 3162 2200 3226 ε

533 3294 707 3358 visset,
738 3290 1060 3358 dedissetque
1103 3287 1251 3341 alteri
1300 3285 1673 3339 devehendum.
1716 3280 1942 3351 Cumque
1982 3296 2032 3334 se
2063 3279 2126 3333 de

534 3388 718 3460 prtetio
739 3386 1100 3449 subtraxisset,
1131 3392 1177 3437 et
1199 3380 1382 3453 jacula
1410 3378 1719 3434 declinasset
1744 3419 1757 3442 ,
1804 3374 1968 3429 subito
2007 3388 2125 3441 per-

536 3498 717 3552 cussus
748 3480 964 3535 interiit.
998 3477 1098 3533 Ille
1122 3493 1237 3531 vero
1263 3476 1348 3545 qui
1376 3488 1578 3528 sacrum
1604 3470 1822 3541 suscepit
1852 3480 2124 3535 trapazum,

532 3577 708 3633 multis
748 3591 804 3629 se
840 3573 1196 3643 jaculautibus
1245 3567 1527 3640 permansit
1558 3565 1770 3619 illazsus.
1820 3559 2126 3614 Mirabiliter

528 3672 669 3728 enim
697 3669 875 3724 divina
901 3676 1105 3739 regente
1134 3666 1339 3731 virtute,
1363 3663 1562 3732 sagitta:
1591 3660 1811 3715 hostium
1838 3656 2127 3728 figebantur

532 3768 793 3837 imsiguo,
846 3780 882 3819 ι
924 3763 1175 3834 signifero
1218 3768 1389 3813 autem
1436 3757 1569 3810 inter
1611 3750 1839 3825 pericula
1888 3750 2121 3822 protinus

532 3859 910 3923 evolvebantur.
936 3854 1143 3910 Dicitur
1174 3862 1344 3909 autem
1387 3863 1546 3916 neque
1583 3845 1746 3899 alium
1773 3859 1999 3914 unquam
2026 3842 2124 3895 hu-

526 3952 759 4025 iusmodi
790 3950 1106 4011 ministrum,
1127 3954 1180 3999 ut
1203 3942 1327 3997 solet
1357 3941 1410 3995 in
1433 3939 1585 4004 bello,
1603 3938 1810 3995 vulnere
1840 3945 2121 4000 mortuum,

527 4055 617 4102 aut
661 4042 863 4097 cladem
904 4036 1211 4109 captivitatis
1253 4048 1569 4106 perpessum.
1618 4028 1805 4100 Igitur,
1852 4044 1967 4082 cum
2008 4028 2123 4099 jam

530 4137 895 4195 Constantinus
924 4129 1064 4184 haud
1092 4127 1269 4199 procul
1295 4143 1328 4180 a
1352 4135 1504 4195 ponte
1528 4122 1710 4179 IIilvio
1734 4130 1901 4175 castra
1928 4119 2123 4189 posuis-

525 4240 624 4298 set,
654 4228 820 4283 subito
848 4224 1144 4279 Maxentius
1170 4221 1339 4292 agitur
1368 4221 1425 4275 in
1466 4233 1732 4273 occursum
1750 4257 1765 4282 ,
1792 4227 1836 4270 et
1867 4229 2120 4286 proruens

528 4322 673 4377 urbis
704 4321 884 4375 Roma
908 4317 1054 4385 sequi
1092 4331 1145 4371 se
1188 4314 1444 4383 reliquum
1473 4310 1747 4367 exercitum
1770 4307 1938 4379 jubet,
1971 4306 2122 4378 prior

526 4417 636 4487 ipse
677 4413 947 4485 prcourrit
990 4420 1244 4465 armatus.
1285 4405 1521 4461 Iusserat
1573 4412 1743 4457 autem
1786 4401 2000 4457 navibus
2050 4399 2120 4459 ad

530 4506 825 4575 decipulum
867 4503 1162 4571 compositis
1205 4499 1420 4570 [luvium
1457 4495 1646 4561 sterni,
1689 4503 1736 4548 et
1780 4492 2114 4563 superpositis

527 4597 767 4672 pontibus
790 4596 1066 4665 mquari.
1090 4592 1235 4647 Tunc
1259 4587 1623 4647 Constantinus
1652 4600 1853 4639 crucem
1880 4599 2114 4652 auream,

526 4706 680 4763 «am
708 4693 1036 4759 formaverat,
1065 4695 1182 4740 ante
1209 4700 1261 4739 se
1276 4684 1435 4754 jussit
1466 4689 1691 4751 portare,
1725 4680 1962 4749 factaque
1988 4694 2118 4731 con—

527 4784 787 4857 gressioue
814 4781 1039 4850 superati
1066 4785 1207 4841 sunt.
1236 4775 1325 4846 qui
1363 4775 1500 4829 circa
1530 4770 1851 4826 Maxentium
1876 4772 2119 4841 fuerant,

529 4875 767 4947 pturimis
785 4889 850 4928 es;
876 4873 958 4927 his
989 4868 1322 4936 interemptis.
1353 4864 1647 4921 Maxentius
1670 4872 1842 4916 autem
1877 4861 2115 4933 fugiens,

528 4968 691 5037 paulo
718 4966 957 5038 superius
983 4979 1016 5018 a
1035 4969 1186 5034 ponte
1203 4957 1404 5023 Militia,
1435 4957 1488 5011 in
1512 4963 1717 5026 pontem
1738 4953 1954 5023 navigiis
1982 4968 2119 5007 com-

530 5064 754 5137 positum
778 5078 813 5116 a
834 5061 997 5117 latere
1032 5056 1235 5131 ingredi
1281 5053 1555 5125 festinans,
1588 5050 1737 5115 lapsu
1772 5048 1887 5118 equi
1918 5046 1972 5099 in
1996 5064 2121 5118 pro.

532 5156 754 5228 Melum
780 5157 1041 5210 demersus
1069 5160 1165 5214 est,
1193 5158 1525 5216 voratuntque
1557 5145 1676 5198 limo
1705 5140 1927 5209 pondere
1955 5140 2127 5195 thora-

534 5253 606 5307 cis
630 5268 812 5318 corpus
840 5251 922 5303 vis:
950 5256 1221 5318 repertum.
1250 5241 1375 5297 Erat
1400 5243 1442 5297 is
1472 5257 1635 5295 annus
1657 5237 1860 5308 imperii
1873 5235 2125 5290 Constan-

536 5345 633 5401 sini
656 5344 917 5414 septimus.
946 5338 1093 5392 Inter
1121 5339 1228 5390 ttae
1257 5335 1599 5389 Diocletianus
1623 5332 1835 5389 Salone
1854 5329 2125 5402 defunctus

536 5446 629 5493 est.
658 5433 849 5490 Fertur
870 5439 1039 5485 autent
1083 5427 1402 5483 Maxentium
1438 5426 1762 5496 suppositum
1790 5434 1901 5479 arte
1936 5422 2125 5476 mulie-

607 5554 636 5585 ι
667 5545 790 5610 Ms.,
821 5543 1064 5597 lebarum.

608 5618 640 5659 b
667 5616 735 5669 A.
768 5634 780 5667 :
820 5615 1088 5668 l’rtcrenit.
1121 5613 1480 5668 Constantinus
1522 5621 1688 5666 tamen
1716 5611 1794 5664 vir
1824 5610 2038 5681 ingens,
2072 5618 2119 5664 ct

532 5688 715 5746 omnia
745 5686 934 5755 eﬂicere
966 5699 1124 5740 nrtens
1171 5702 1282 5753 qua:
1326 5687 1494 5738 animo
1543 5692 1914 5755 prteparasset,
1971 5681 2123 5755 simul

532 5754 881 5835 principatum
908 5761 1056 5812 totius
1082 5760 1215 5835 orbis
1245 5758 1522 5835 affectans:
1541 5756 1734 5835 Licinio
1765 5754 1954 5808 bellum
1981 5754 2122 5807 intu-

536 5828 623 5906 lit,
661 5828 952 5904 quanquam
989 5831 1305 5886 necessitudo
1343 5837 1390 5884 et
1430 5828 1657 5897 afﬁnitas
1699 5843 1817 5885 cum
1856 5841 1914 5884 eo
1961 5835 2119 5895 esset,

2236 1907 2509 1976 imperium
2558 1906 2798 1963 Galerius
2851 1908 3171 1966 Maximinus
3217 1912 3560 1981 appellabatur.
3607 1914 3726 1967 (iam

2234 1997 2573 2068 quadriennio
2622 1998 2806 2052 dehinc
2852 2016 2943 2070 per
2992 1999 3254 2054 Orientem
3306 2002 3541 2074 Augustus
3574 2004 3726 2055 triennio

2233 2089 2354 2159 fuit,
2387 2098 2501 2143 ortu
2536 2090 2739 2157 quidem
2787 2098 2937 2159 atque
2973 2092 3203 2145 instituto
3234 2092 3499 2161 pastorali,
3526 2108 3726 2145 verumsu-

2232 2181 2534 2251 pientissimi
2583 2186 2863 2250 cujusque,
2914 2200 2975 2237 ac
3029 2184 3319 2237 litterarum
3364 2186 3541 2252 cultor,
3586 2185 3726 2254 ingenio

2232 2272 2435 2343 quieto,
2488 2273 2688 2326 avidior
2738 2275 2840 2327 vini
2866 2317 2877 2339 ,
2923 2292 3024 2344 quo
3071 2276 3242 2333 ebrius
3290 2279 3511 2347 qutedum
3556 2285 3729 2342 corrupta

2235 2373 2399 2418 mente
2423 2379 2607 2435 aspera
2622 2366 2862 2438 jubebat,
2894 2368 3031 2439 quod
3072 2385 3189 2423 cum
3236 2370 3419 2439 pigeret
3448 2369 3631 2437 factum,
3661 2366 3729 2435 dif-

2235 2454 2362 2525 ferri
2399 2472 2512 2524 quae
2542 2460 2860 2529 prwcepisset
2900 2460 2954 2512 in
2997 2470 3197 2531 tempus
3242 2459 3457 2513 sobrium
3492 2472 3545 2510 ac
3576 2457 3731 2509 matuti-

2234 2563 2357 2601 num
2384 2548 2580 2602 statuit.

2882 2619 3172 2675 VALENS.

2311 2706 2500 2763 Valens
2528 2709 2717 2764 interea
2747 2709 2798 2764 in
2829 2711 3036 2766 Oriente
3077 2712 3140 2765 ab
3184 2711 3403 2767 exercitu
3430 2710 3655 2779 imperator
3671 2723 3732 2776 ap-

2234 2801 2474 2871 pellatus,
2505 2803 2568 2856 ab
2604 2807 2778 2857 eodem
2806 2803 3003 2857 Licinio
3026 2815 3191 2860 morte
3219 2808 3475 2859 multatur.

2804 2922 3254 2979 ALEXANDER.

2305 3013 2504 3069 Deinde
2524 3015 2835 3081 Alexander,
2865 3017 2953 3086 qui
2989 3019 3129 3089 apud
3168 3019 3512 3083 Carthaginem
3535 3022 3737 3085 imperator

2232 3117 2308 3163 est
2346 3109 2515 3177 factus
2536 3150 2551 3175 ,
2583 3126 2616 3164 a
2644 3110 2964 3165 Constantini
3009 3114 3239 3165 exercitu
3266 3112 3541 3183 jugulatur.
3570 3108 3650 3161 Iste
3672 3104 3736 3175 fuit

2230 3197 2414 3268 Phryx
2439 3200 2654 3269 origine,
2681 3201 2882 3270 ingenio
2911 3202 3142 3265 timidus,
3174 3203 3388 3270 inferior
3414 3204 3619 3255 adversus
3642 3195 3739 3249 laboo

2228 3308 2335 3349 terra
2382 3292 2501 3345 vitia
2545 3301 2761 3348 senectae
2800 3295 2987 3348 aetatis.
3034 3292 3206 3363 Igitur
3238 3294 3573 3353 Constantinus
3604 3288 3737 3343 dicunt

2228 3392 2409 3453 quarto
2440 3384 2638 3453 imperii
2674 3386 2753 3437 sui
2796 3400 2930 3437 anno
2963 3390 3115 3438 totius
3150 3386 3375 3439 Romani
3403 3384 3580 3452 imperii
3612 3380 3739 3437 None.

2229 3489 2399 3531 crater
2422 3476 2650 3545 effectus,
2680 3494 2878 3530 omnem
2912 3493 3089 3531 curam
3119 3479 3381 3532 transtulit
3416 3479 3478 3529 ad
3502 3476 3663 3535 divina,
3684 3485 3736 3521 tc-

2227 3570 2409 3626 clesias
2454 3571 2690 3641 erigens,
2740 3579 2787 3624 et
2830 3568 3114 3625 liberaliter
3161 3573 3259 3631 has
3301 3588 3368 3627 es
3402 3571 3575 3625 ratione
3600 3565 3737 3633 publice

2230 3663 2419 3719 ditans.
2447 3660 2555 3718 Iste
2575 3665 2793 3728 primum
2816 3662 2981 3736 legem
3004 3664 3236 3735 scripsit,
3262 3666 3508 3721 idolorum
3527 3657 3736 3729 templs“

2228 3755 2383 3820 tradi,
2408 3756 2495 3827 qui
2525 3754 2727 3809 Christo
2755 3766 2871 3809 sunt
2898 3757 3156 3826 deputati,
3180 3774 3299 3812 cum
3323 3773 3380 3810 eo
3401 3770 3515 3813 sane
3534 3754 3640 3822 leges
3660 3762 3739 3816 pro-

2228 3848 2421 3919 ferebat
2442 3846 2653 3917 Crispus
2683 3848 2824 3915 [itius
2848 3850 2991 3920 ejus;
3015 3851 3303 3904 secundam
3330 3863 3474 3915 vero,
3501 3844 3736 3900 Christian!

2226 3944 2365 4001 satas
2400 3941 2642 4006 Inlita",
2682 3940 3010 4012 gentibusque
3056 3956 3118 3995 ac
3161 3939 3464 3999 exercitibus
3498 3928 3738 4009 pristim;

2227 4036 2469 4103 tertiam,
2516 4036 2647 4089 duas
2682 4034 2947 4106 paschales
2992 4034 3380 4099 hebdomadas,
3428 4045 3567 4085 unam
3605 4024 3738 4079 scilicet

2225 4139 2363 4195 ante,
2390 4138 2436 4189 et
2460 4129 2675 4183 alteram
2707 4136 2818 4196 post
2836 4127 3300 4190 liesurrectionem,
3323 4126 3431 4179 sine
3454 4123 3602 4177 labore
3620 4118 3739 4185 cujus-

2224 4237 2381 4293 quam
2418 4223 2585 4292 aperis
2622 4222 2968 4277 celebrandas.
3003 4221 3052 4277 II
3061 4224 3105 4276 is
3132 4224 3206 4277 ita
3232 4223 3407 4294 gestis,
3432 4234 3527 4287 pa:
3552 4208 3739 4287 ptolw“

2224 4324 2272 4373 et
2312 4315 2661 4386 tranquillitas
2705 4315 2919 4369 obtinuit
2968 4313 3177 4384 orbem,
3225 4324 3275 4367 et
3328 4310 3582 4369 exsultatio
3600 4300 3739 4375 ﬁdem.

2224 4407 2639 4471 concurrentibus
2652 4390 2855 4465 assidue
2876 4407 3107 4467 omnibus
3126 4404 3495 4465 nationibusad
3508 4390 3742 4468 βάσκαιτὶ-

2222 4502 2311 4569 sti,
2341 4510 2387 4556 et
2410 4500 2711 4571 baptizutis,
2759 4516 2820 4555 ac
2845 4502 3013 4565 patria
3038 4498 3496 4569 conquassantibus
3517 4489 3741 4548 simulam.

2232 4594 2422 4653 Verum
2454 4593 2586 4651 enim
2616 4608 2764 4659 vero,
2811 4600 2864 4645 ut
2900 4591 3115 4661 imperia
3141 4591 3367 4661 difﬁcile
3392 4582 3739 4642 caucorttiomcu

2221 4688 2473 4751 stadim”.
2504 4684 2865 4743 Coastatuiiuts
2888 4686 2959 4738 vir
2983 4684 3183 4752 ingens,
3209 4693 3257 4739 et
3298 4682 3471 4738 omnia
3504 4675 3668 4745 efﬁcere
3691 4665 3743 4718 si-

2224 4791 2335 4837 tens
2362 4794 2473 4847 qua!
2501 4778 2674 4837 auitae
2702 4786 3067 4848 prazparasset,
3108 4776 3269 4831 simul
3296 4773 3617 4844 principatum
3639 4759 3743 4813 tutius

2223 4875 2360 4935 orbis
2389 4871 2656 4939 nfecta“,
2706 4870 2902 4923 Licinio
2951 4868 3143 4927 bellum
3190 4868 3389 4935 intulit,
3417 4867 3746 4936 quanquam!!-

2223 4966 2479 5025 cessitudo
2520 4976 2565 5020 et
2609 4964 2839 5035 afﬁnitas
2870 4979 2987 5017 cum
3026 4978 3083 5016 eo
3125 4972 3258 5016 esset
3286 5005 3302 5031 ,
3338 4946 3402 5014 ac
3421 4958 3570 5028 primo
3601 4963 3689 5005 eum
3710 4943 3745 4994 ὶι

2225 5061 2504 5117 Pannonia
2530 5059 2662 5119 vicit.
2692 5055 2913 5113 secundo
2952 5056 3090 5122 apud
3133 5054 3347 5110 Cibalas
3385 5056 3534 5120 juxta
3570 5042 3748 5116 ραιιιάίιι

2231 5151 2473 5207 ﬂiulcam
2515 5150 2737 5215 nomine,
2771 5149 3101 5203 Constantino
3134 5158 3311 5201 castra
3350 5142 3526 5198 Licinii
3553 5144 3669 5191 nacte
3700 5129 3747 5181 ἰν·

2226 5252 2524 5311 rumpente,
2576 5242 2798 5294 Licinius
2827 5244 3003 5310 fugam
3044 5240 3226 5309 petiit,
3272 5235 3644 5309 Byzantiumqut
3663 5224 3749 5291 [⁸9⁸

2226 5336 2419 5389 volucri
2440 5333 2682 5405 pervenit,
2704 5332 2784 5385 ubi
2811 5331 3176 5385 Martinianum
3201 5332 3492 5401 officiorum
3515 5318 3747 5389 magistr“

2226 5428 2478 5483 Ctesarem
2503 5437 2661 5480 creat.
2695 5427 3054 5480 Constantinus
3094 5428 3238 5478 omni
3290 5419 3563 5481 nudatus,
3593 5412 3745 5467 Μωδην

2226 5562 2346 5602 nam
2397 5561 2539 5600 soror
2584 5542 2883 5597 Constantia
2931 5553 3091 5606 nupta
3140 5541 3343 5593 Licinio
3389 5545 3520 5597 erat,
3549 5521 3745 5606 aCPCf'mf

2226 5633 2339 5673 eum
2368 5618 2417 5670 in
2460 5615 2762 5679 Pannonia,
2805 5593 3029 5669 secunda
3078 5616 3276 5681 ingenti
3327 5593 3584 5681 appara-tu
3610 5593 3746 5681 δειλίη

2225 5690 2364 5759 apud
2398 5687 2638 5740 (Tibullus
2682 5676 3005 5741 instruentem
3031 5676 3332 5755 repentinus
3364 5676 3630 5750 oppressit.
3666 5676 3745 5717 ⁰¹¹⁸⁹

2226 5763 2377 5833 nique
2402 5758 2691 5825 Dardania,
2713 5767 2820 5814 etc.
