3918 6344
198 362 281 430 σω

1261 358 1582 422 HISTORIA
1621 342 1985 416 MISCELLA.
2027 384 2096 400 —
2134 352 2263 414 LIB.
2306 352 2397 417 XI.

3339 350 3447 431 sio

200 478 468 542 Macedonia
514 484 735 555 potitus,
776 495 1089 538 numerosas
1117 479 1423 551 provincias
1447 473 1750 545 oecupavit.
1783 470 1834 531 Δ
1861 470 1969 525 lare
2010 472 2191 528 solitus
2237 481 2367 529 erat.
2419 472 2518 527 Hic
2548 478 2752 543 pontem
2792 474 2848 531 in
2878 468 3113 533 Danubio
3141 476 3444 546 construxit,

199 580 323 633 Varia
351 579 547 633 deinde
575 580 715 633 inter
739 594 833 633 eos
861 578 1020 643 bella,
1041 587 1090 630 et
1129 592 1228 646 pas
1258 573 1595 629 reconciliata
1622 582 1649 611 α
1671 587 1755 627 ru-

197 685 357 744 ptaque
381 680 483 727 est.
519 672 741 738 Denique
771 670 998 724 Licinius
1026 671 1193 721 denuo
1220 678 1543 739 pugnaturus
1578 666 1757 719 contra

186 765 575 831 Constantinum,
604 780 741 832 spem
789 763 1010 816 victoria:
1035 759 1248 812 habebat
1292 774 1379 829 per
1418 756 1755 810 divinationes

176 834 226 911 'et
261 856 527 922 sacriﬁcia.
571 853 799 921 Denique
842 860 994 907 etiam
1039 848 1206 906 Graeci
1247 850 1424 904 dicunt
1474 862 1591 901 tunc
1640 862 1754 899 eum

187 959 425 1020 expertum
456 948 819 1003 divinationem
864 944 1097 1017 Delphici
1138 946 1439 1015 Ceminique
1476 940 1751 1014 Apol/ints,

186 1044 306 1111 eique
333 1041 615 1095 consulenti
637 1042 698 1094 de
725 1040 854 1093 bello
875 1040 1195 1109 respondisse
1218 1043 1381 1110 fertur
1402 1038 1711 1092 dwnionium
1732 1050 1755 1092 .’

187 1128 223 1187 0
247 1151 393 1187 senex
417 1134 563 1187 valde
604 1143 650 1185 te
669 1134 881 1203 juvenes
914 1141 1217 1203 pugnatores
1253 1134 1541 1197 observant,
1572 1140 1755 1200 tutique

184 1227 268 1280 vita
310 1228 480 1279 soluta
518 1236 615 1291 est,
657 1242 884 1292 servaque
927 1234 1154 1279 senectus
1186 1234 1231 1277 te
1276 1224 1511 1293 excipiet.
1546 1220 1756 1275 Interea

181 1318 523 1373 Constantinus
553 1319 661 1369 acie
690 1318 874 1383 potior,
912 1310 1160 1367 Licinium
1192 1315 1395 1377 navali,
1442 1321 1487 1365 et
1533 1311 1756 1367 terrestri

180 1410 339 1480 pratia
361 1410 500 1475 vicit,
529 1418 578 1462 et
604 1424 719 1462 eum
748 1408 886 1476 apud
918 1406 1272 1460 Nicomediam
1312 1402 1556 1458 Bithinite
1583 1403 1756 1457 urbem

179 1505 514 1558 indumentum
541 1505 734 1573 regium
758 1503 1066 1571 deferentem
1099 1501 1150 1554 in
1178 1492 1487 1553 deditionem
1517 1498 1673 1566 cepit,
1703 1505 1754 1550 et

178 1606 336 1649 contra
356 1595 664 1646 sacramenti
685 1594 979 1661 religionem
999 1592 1374 1645 Thessalonica:
1392 1593 1442 1644 in
1464 1590 1755 1643 custodiant

182 1688 390 1750 missum,
420 1684 677 1753 privatum
722 1700 822 1735 una
872 1699 983 1734 cum
1033 1680 1344 1734 Martiniano
1382 1682 1534 1751 jussit
1565 1680 1749 1747 occidi,

183 1790 403 1847 metuens,
441 1772 669 1831 Herculii
718 1768 1027 1829 Maximiani
1074 1776 1231 1828 soceri
1280 1775 1359 1826 sui
1407 1790 1658 1846 exempto,
1690 1788 1752 1824 ne

1859 564 2085 619 habitum
2129 571 2324 639 regium
2358 571 2596 641 gemmis,
2638 572 2685 624 et
2718 580 2871 639 caput
2914 588 3165 628 exornans
3206 586 3448 641 perpetuo

1859 656 2167 715 diademate.
2212 660 2662 716 Commodissimus
2712 672 2875 718 tanten
2917 666 3091 719 multis
3134 668 3277 720 rebus
3322 667 3446 736 fuit,

1858 755 2142 808 calumnias
2170 758 2348 809 sedare
2394 756 2584 827 legibus
2631 757 2990 815 severissimis.
3032 758 3204 811 ciuiles
3252 758 3449 812 nutrire

1857 858 2015 909 artes,
2047 850 2301 913 praecipue
2329 848 2501 901 stttdia
2528 846 2832 914 litterarum,
2858 849 3023 919 legere
3042 849 3170 920 ipse,
3202 848 3444 917 scribere,

1858 934 2129 1001 meditari,
2160 938 2339 992 audire
2363 940 2636 1010 legationes
2658 981 2671 1005 ,
2702 950 2751 993 et
2782 943 3124 1011 querimonias
3152 942 3441 1010 provincia-

1856 1044 1996 1092 rum,
2031 1026 2311 1084 affectator
2331 1031 2430 1085 usti
2455 1033 2678 1096 amoris,
2705 1048 2861 1099 quem
2884 1033 3029 1087 omni
3051 1034 3150 1088 sibi
3176 1038 3228 1088 et
3252 1034 3445 1090 libera-

1858 1122 2007 1177 litate
2031 1134 2085 1177 et
2109 1122 2384 1177 docilitate
2410 1123 2677 1193 quaesivit,
2704 1124 2842 1177 sicut
2867 1125 2916 1177 in
2943 1127 3224 1180 nonnullos
3243 1128 3450 1185 amicos

1856 1210 2078 1278 dubius,
2115 1216 2185 1269 ita
2241 1217 2293 1269 in
2345 1217 2581 1287 reliquos
2624 1218 2899 1286 egregius,
2935 1217 3065 1271 n'rliil
3104 1220 3447 1276 occasionum

1863 1311 2320 1378 praetermittens,
2371 1327 2475 1381 quo
2530 1314 2895 1380 0pulentiores
2948 1330 3039 1367 eos
3089 1314 3450 1385 clarioresque

1859 1412 2155 1470 praestaret.
2186 1402 2380 1458 Multas
2412 1404 2555 1474 leges
2578 1401 2609 1442 ιι
2630 1400 2877 1477 erogavit,
2908 1404 3163 1476 quasdam
3188 1426 3250 1464 ex
3285 1411 3446 1481 bono,

1857 1505 1907 1547 et
1938 1512 2091 1563 motio
2116 1537 2132 1564 ,
2184 1494 2465 1565 pleraSque
2517 1498 2813 1565 superﬂuas
2840 1542 2857 1566 ,
2890 1501 3171 1556 nonnullas
3210 1517 3450 1559 severas.

1856 1586 2173 1660 Primusque
2202 1590 2385 1645 urbem
2428 1592 2660 1645 nominis
2689 1593 2769 1672 sui
2817 1588 2881 1647 ad
2933 1596 3133 1647 tantum
3185 1593 3452 1663 fastigium

1854 1686 2088 1742 evehere
2115 1686 2330 1741 molitus
2357 1695 2465 1753 est,
2490 1696 2546 1741 ut
2577 1684 2758 1741 Βυηιειξ
2786 1680 3029 1742 ιιιῐηυιέιηι
3064 1687 3283 1746 faceret.
3314 1682 3453 1745 Nam

1856 1797 1971 1833 cum
2002 1781 2047 1833 ei
2075 1780 2249 1834 omnia
2294 1797 2534 1849 prospere
2577 1783 2840 1845 cederent,
2871 1783 3131 1853 prapriani
3159 1784 3315 1836 voluit
3358 1782 3453 1835 Ita-

183 1873 339 1927 iterum
370 1870 655 1939 depositam
679 1884 961 1938 purpuram
987 1869 1039 1920 in
1061 1869 1329 1937 perniciem
1354 1869 1486 1937 reip.
1508 1879 1748 1923 sumeret.
1783 1840 1830 1903 Β
1858 1871 1970 1928 bere
1997 1872 2264 1926 civitatem.
2308 1870 2631 1945 Veniensque
2659 1878 2726 1927 ad
2756 1892 2992 1941 campum
3022 1887 3139 1930 ante
3170 1874 3329 1930 Ilium
3358 1894 3453 1947 po-

183 1964 267 2019 Hic
294 1962 528 2017 Licinius
555 1978 749 2016 annum
784 1959 1162 2014 dominationis
1193 1962 1303 2015 fere
1338 1973 1455 2030 post
1481 1962 1750 2018 decimum

180 2067 406 2127 quartum
433 2095 448 2118 ,
497 2052 620 2107 vine
669 2052 907 2121 proxime
952 2053 1380 2119 sexagesimum,
1437 2052 1696 2107 occiditur
1735 2069 1750 2108 :
1794 2064 1808 2075 '

180 2146 403 2202 avaritiae
430 2145 671 2200 omnium
700 2142 950 2213 cupidine
972 2146 1255 2213 pessimus,
1287 2160 1459 2214 neque
1490 2147 1698 2200 alienus
1724 2161 1753 2199 a

176 2242 299 2298 luxu
344 2256 578 2298 venereo
602 2284 617 2307 ,
653 2256 812 2311 asper
859 2239 1146 2294 admodum
1174 2284 1187 2307 ,
1237 2238 1374 2293 haud
1414 2239 1754 2294 mediocriter

172 2332 465 2402 impatiens,
498 2332 724 2387 infestus
752 2331 967 2396 litteris,
997 2347 1129 2401 quas
1159 2347 1253 2399 per
1280 2330 1614 2386 inscientiam
1651 2333 1750 2384 im-

175 2427 429 2482 modicam
462 2427 608 2481 virus
632 2442 694 2480 ac
728 2434 931 2495 pestem
962 2424 1226 2493 publicam
1262 2424 1591 2486 nominabat,
1620 2439 1755 2493 prte-

170 2519 323 2588 cipue
355 2519 623 2574 forensem
660 2518 995 2571 industriam.
1034 2514 1326 2584 Agraribus
1357 2517 1544 2585 plane,
1573 2530 1635 2569 ac
1669 2531 1750 2569 ru-

166 2611 501 2677 sticantibus,
527 2612 668 2679 quod
698 2609 765 2662 ab
796 2624 861 2663 eo
896 2623 1091 2678 genere
1118 2604 1144 2644 δ
1175 2617 1323 2662 ortus
1343 2617 1470 2663 esset
1500 2616 1545 2661 et
1575 2607 1751 2671 alitus,

164 2701 293 2757 satis
328 2700 496 2765 utilis,
538 2714 601 2755 ac
642 2699 844 2754 militiae
890 2710 1074 2753 custos
1118 2690 1183 2753 ad
1234 2708 1474 2753 veterum
1515 2698 1752 2752 instituta

161 2794 556 2849 severissimus.
589 2790 898 2859 Spadonum
931 2802 986 2846 et
1013 2791 1309 2845 aulicorum
1334 2790 1569 2845 omnium
1598 2790 1754 2845 velte-

158 2901 315 2943 mens
336 2888 592 2952 domitor,
619 2886 788 2941 tineas
810 2886 1117 2953 soriccsque
1141 2885 1319 2953 palatii
1344 2900 1438 2939 eos
1457 2884 1751 2954 appellans.

156 2974 359 3033 Eodem
403 2991 643 3047 tempore
684 2992 772 3032 res
828 2976 1064 3031 Romana
1105 2977 1205 3031 sub
1245 2991 1352 3031 uno
1398 2979 1659 3047 Augusto,
1703 2988 1756 3033 et

156 3069 337 3125 tribus
361 3066 664 3124 Caesaribus
690 3109 704 3133 ,
738 3067 880 3139 quod
912 3078 1181 3137 nunquam
1212 3068 1346 3123 alias
1385 3066 1500 3132 fuit,
1535 3084 1657 3125 cum
1692 3070 1756 3125 li-

1854 1966 2010 2019 situm
2046 1968 2202 2036 juxta
2251 1964 2646 2037 Hellespontum
2693 1984 2846 2033 super
2890 1965 2903 2006 ί
2950 1970 3123 2040 Ajacis
3172 1971 3454 2038 tumulum,

1855 2055 1942 2109 ubi
1965 2056 2143 2110 Achivi
2173 2068 2350 2110 contra
2380 2052 2591 2126 Troiam
2622 2070 2908 2130 pugnantes
2936 2058 3223 2115 ltabueruut
3262 2074 3452 2130 castra,

1854 2147 2107 2200 civitatem
2136 2148 2417 2218 designavit
2436 2188 2452 2213 ,
2486 2157 2760 2219 portasque
2788 2144 2903 2221 fecit
2922 2192 2937 2213 .
2964 2168 3079 2221 qua:
3107 2151 3349 2207 hactenus
3377 2154 3455 2205 vi-

1856 2238 2043 2293 dentur
2082 2257 2112 2293 a
2164 2243 2541 2312 navigantibus.
2597 2242 2721 2297 Utec
2763 2245 2933 2314 agenti
2964 2262 3053 2315 per
3083 2257 3279 2299 noctem
3320 2242 3458 2300 Deus

1856 2333 2142 2402 apparuit,
2196 2349 2405 2387 monens
2456 2342 2510 2386 ut
2556 2323 2714 2388 alium
2740 2345 2989 2405 quaereret
3024 2337 3212 2399 locum,
3244 2351 3459 2405 eumque

1857 2440 2074 2477 monens
2102 2440 2315 2498 pergere
2354 2424 2425 2477 ad
2452 2422 2758 2496 Byzantium
2788 2418 3054 2493 Thracias,
3086 2429 3191 2481 illic
3220 2443 3334 2481 eum
3361 2427 3458 2480 Ita.

1857 2522 2017 2577 bitare
2048 2526 2228 2597 jussit.
2265 2523 2468 2589 Quam,
2498 2541 2613 2577 cum
2654 2524 2889 2592 primitus
2917 2512 3224 2596 Byzantium
3251 2540 3460 2580 vocare-

1858 2624 1976 2683 tur,
2007 2618 2189 2684 auxit,
2220 2627 2267 2671 et
2295 2618 2520 2672 maximo
2562 2620 2899 2672 circumdedit
2942 2635 3088 2672 muro
3111 2656 3129 2681 ,
3166 2628 3213 2673 et
3251 2619 3459 2673 diversis

1858 2719 2095 2763 ornatam
2126 2710 2360 2779 fabricis,
2390 2726 2592 2781 wquant
2614 2711 2869 2780 imperiali
2904 2711 3078 2767 Romae
3107 2713 3386 2774 constituit.
3412 2723 3459 2767 et

1858 2802 2236 2856 denominatam
2263 2802 2764 2872 Constantinopolim
2787 2804 3042 2873 appellari
3063 2805 3338 2859 secundum
3355 2803 3459 2858 Ro-

1857 2909 1996 2947 mam
2018 2895 2125 2967 lege
2152 2895 2398 2965 ﬁrmavit,
2424 2896 2575 2949 sicuti
2599 2896 2682 2950 lex
2706 2898 2819 2965 ipsa
2840 2898 2891 2950 in
2918 2913 3204 2951 marmorea
3232 2900 3458 2965 platoma

1858 2991 2084 3041 noscitur
2122 3005 2229 3043 esse
2274 2988 2593 3060 conscripta,
2647 2997 2692 3042 et
2740 2990 2887 3057 iuxta
2923 2999 3199 3058 equestrem
3235 2999 3457 3046 statuant

1859 3081 1971 3151 ejus
2014 3079 2066 3132 in
2100 3079 2363 3151 Strategio
2397 3090 2469 3133 est
2499 3080 2792 3134 constituta.
2833 3079 3009 3153 anue
3044 3099 3242 3136 summa
3271 3083 3459 3138 libera-

156 3160 285 3218 beri
305 3161 640 3218 Constantini
663 3160 868 3226 Gallim,
893 3158 1098 3217 Orienti
1144 3161 1413 3232 Italiteque
1440 3172 1751 3231 praeessent.
1783 3198 1831 3267 Ο
1861 3173 2004 3226 litate
2032 3174 2190 3241 data,
2238 3190 2291 3227 ιη
2332 3174 2618 3228 illustribus
2667 3173 2903 3229 domibus
2951 3191 3037 3231 eos
3087 3178 3173 3246 qui
3220 3168 3283 3231 ab
3334 3179 3458 3234 urbe

155 3257 368 3313 Verum
416 3258 701 3312 insolentia
757 3271 934 3311 rerum
980 3268 1002 3295 ε
1047 3257 1376 3311 saecularium
1425 3258 1754 3327 aliquantum

154 3347 179 3387 δ
217 3349 635 3405 Constantinum
667 3364 734 3404 ex
779 3349 864 3403 illa
895 3348 1206 3405 favorabilis
1234 3347 1397 3404 animi
1431 3349 1759 3406 docibilitate

151 3446 400 3498 mutavit.
426 3444 662 3498 Primum
688 3443 1110 3498 necessitudines
1133 3453 1460 3510 persecutus,
1485 3444 1756 3513 egregium

154 3537 361 3599 virum.
391 3545 438 3591 et
468 3535 610 3588 bonae
637 3535 829 3589 indolis
851 3534 1757 3605 juvenem,soruristilium,°Coin-

154 3633 381 3684 modum
411 3630 717 3695 interiecit;
744 3644 867 3682 mox
901 3627 1166 3697 Crispum,
1204 3626 1403 3684 Fausta
1437 3632 1674 3701 conjuge,
1704 3639 1762 3685 ut

155 3733 368 3791 putant,
398 3731 717 3793 suggerente,
770 3722 942 3774 necari
977 3723 1143 3792 jubet,
1171 3722 1352 3775 deliine
1378 3738 1584 3776 uxorem
1614 3740 1763 3777 suam

158 3811 421 3869 Faustam
449 3831 505 3868 ιη
533 3815 742 3867 balneas
772 3814 1006 3868 ardentes
1035 3814 1319 3883 conjectum
1347 3816 1621 3883 interemit,
1648 3833 1762 3871 cum

158 3921 281 3960 eum
329 3902 508 3960 dolore
553 3906 710 3958 nimio
758 3905 988 3977 nepotis,
1027 3918 1184 3959 mater
1214 3904 1415 3961 Helena
1460 3909 1761 3978 increparet,

166 4010 292 4066 post
336 4013 649 4053 numerosos
676 3996 925 4068 interfecit
951 3996 1182 4064 amicos,
1214 3999 1294 4052 vir
1339 4001 1509 4067 primo
1558 3999 1763 4068 imperii

166 4100 415 4162 tempore
443 4089 659 4160 optimis
689 4090 1018 4161 principibus
1043 4131 1058 4157 ,
1101 4091 1288 4145 ultimo
1326 4091 1513 4145 mediis
1552 4105 1767 4160 compa-

170 4185 393 4237 randus.
420 4183 719 4238 Innumerae
767 4183 817 4236 in
861 4197 925 4237 eo
967 4183 1129 4236 animi
1168 4186 1514 4255 corporisque
1546 4185 1768 4239 virtutes

170 4275 417 4331 claruere
444 4319 456 4340 ,
495 4276 739 4329 militaris
777 4276 961 4347 gloria:
1000 4277 1470 4345 appetentissrmus
1495 4320 1509 4345 ,
1556 4276 1769 4333 fortuna

173 4363 222 4421 in
254 4368 412 4423 bellis
446 4384 700 4437 prospera
742 4367 856 4436 luit,
888 4382 1073 4420 verum
1124 4368 1195 4421 ita
1249 4376 1301 4421 ut
1347 4383 1449 4423 non
1492 4377 1772 4438 superaret

174 4452 511 4515 induetriam.
544 4458 675 4513 Nam
709 4462 870 4513 etiam
908 4455 1134 4525 Gothos,
1165 4460 1474 4525 fortissimas
1503 4471 1673 4529 gentes
1724 4467 1773 4514 et

1864 3266 2030 3320 Roma
2053 3276 2201 3320 erant
2220 3266 2354 3321 viros
2380 3267 2710 3321 rationabiles
2738 3267 3028 3335 collocavit,
3056 3278 3106 3322 et
3133 3286 3196 3324 ex
3223 3270 3343 3324 aliis
3375 3271 3456 3324 lo-

1862 3357 1932 3412 cis
1958 3358 2238 3412 secundum
2267 3374 2425 3426 genus
2454 3360 2643 3427 eligens
2666 3402 2683 3428 ,
2720 3370 2767 3413 et
2796 3360 2973 3415 domos
2998 3378 3207 3432 magnas
3246 3362 3319 3415 eis
3348 3362 3457 3417 dis-

1861 3451 2117 3516 tribuens,
2154 3461 2206 3503 ut
2236 3451 2551 3506 habitaretur
2586 3453 2792 3519 civitas,
2817 3456 2938 3524 egit.
2970 3451 3117 3508 Tunc
3145 3456 3297 3509 etiam
3326 3468 3451 3509 tem-

1862 3540 2006 3611 plum
2035 3556 2223 3596 sancta
2248 3541 2483 3612 Sep/tite,
2508 3552 2554 3596 et
2582 3554 2772 3599 sanctae
2798 3542 2990 3608 Irenat,
3013 3556 3061 3598 et
3080 3548 3451 3618 apostolorum,

1862 3640 1910 3684 et
1955 3633 2119 3686 sanati
2167 3632 2358 3696 Matii,
2392 3641 2438 3686 et
2469 3634 2806 3703 archangeli,
2858 3634 2951 3688 Dei
2990 3637 3183 3690 amicus
3223 3639 3460 3707 princeps

1864 3725 2161 3793 aediﬁcavit.
2195 3724 2340 3779 Tunc
2369 3726 2603 3792 funditus
2634 3728 2821 3796 templo
2846 3729 3065 3797 Asclepii
3090 3746 3245 3797 penes
3271 3729 3459 3800 ligas,

1864 3826 1912 3870 et
1965 3816 2179 3871 Veneris
2230 3819 2281 3870 in
2329 3817 2523 3885 A/facis
2571 3820 2671 3873 situ
2717 3821 2998 3887 destructo,
3033 3821 3307 3892 multisque
3344 3824 3464 3879 aliis

1865 3912 2091 3977 eversis,
2143 3911 2327 3963 lterum
2372 3913 2567 3965 reditus
2615 3912 2821 3966 donavit
2852 3910 3119 3970 Ecclesiis.
3167 3914 3463 3972 Simulacra

1868 4018 2088 4069 namque
2133 4013 2350 4063 ornata,
2396 4004 2595 4072 publice
2635 4004 2688 4056 in
2736 4002 3298 4073 Constantinopolitana
3340 4007 3462 4063 urbe

1869 4096 2163 4165 praposuit,
2201 4104 2244 4147 et
2277 4095 2505 4165 tripodas
2541 4092 2813 4163 Delphicas
2852 4098 2905 4151 in
2934 4097 3072 4150 circa
3098 4098 3167 4150 ad
3194 4108 3461 4168 spectacu-

1870 4186 1975 4240 lum
2003 4184 2165 4251 dedit,
2195 4203 2309 4256 quaz
2335 4202 2448 4240 cum
2472 4192 2583 4257 ipso
2603 4188 2866 4241 videantur
2895 4199 3120 4254 aspectu,
3145 4191 3463 4259 super/luere

1871 4285 2127 4351 feruntur.
2156 4278 2301 4332 Tunc
2324 4280 2498 4333 multa:
2516 4291 2688 4350 gentes
2716 4281 2783 4331 ad
2810 4279 3117 4346 baptismum
3145 4289 3465 4336 accesserunt

1872 4373 2137 4427 miraculis
2166 4383 2293 4426 actae
2313 4414 2328 4438 ,
2359 4388 2469 4441 qua:
2495 4380 2697 4441 patrata
2725 4384 2838 4425 sunt
2868 4388 2901 4425 a
2936 4372 3146 4442 captivis
3184 4376 3467 4430 sacerdoti-

1876 4463 1997 4532 bus,
2029 4466 2114 4533 qui
2144 4463 2349 4533 fuerant
2385 4464 2477 4516 sub
2506 4461 2744 4516 Gallieno
2772 4465 3032 4529 captivati.
3066 4463 3268 4519 Interea
3305 4476 3466 4522 mater

175 4555 569 4623 capiosissimas,
601 4561 720 4621 post
750 4551 904 4607 civile
947 4552 1170 4618 bellum,
1202 4553 1255 4605 in
1294 4552 1383 4605 illo
1413 4550 1431 4589 τ
1467 4553 1763 4608 barbaricis-
1800 4572 1853 4642 ι)
1879 4558 2223 4628 imperatoris,
2254 4555 2452 4610 Helena
2482 4561 2703 4622 nomine,
2728 4558 2779 4610 in
2803 4560 2992 4610 somnis
3020 4550 3288 4613 admonita
3315 4550 3469 4614 fero-

176 4646 305 4701 simo
330 4648 458 4714 solo,
490 4646 587 4699 hoc
615 4655 710 4710 est,
740 4646 792 4699 in
833 4645 1191 4700 Sarmatarum
1219 4649 1446 4716 regione.
1473 4646 1622 4700 varie
1651 4664 1773 4717 pro-

179 4734 410 4806 ﬂigavit,
442 4752 574 4808 pace
623 4738 704 4790 bis
742 4737 807 4790 ad
856 4745 1184 4806 postremum
1215 4738 1334 4790 data
1356 4777 1370 4803 ,
1401 4738 1773 4809 ingentemque

179 4829 317 4899 apud
342 4830 606 4886 Barbaras
637 4841 821 4898 genios
852 4828 1127 4883 memoriae
1156 4826 1381 4898 gratiam
1416 4837 1441 4874 8
1471 4831 1774 4888 collocavit.

178 4919 477 4976 Calocerum
506 4919 783 4985 quemdam
822 4921 873 4972 in
905 4919 1072 4990 Cypro
1104 4922 1414 4991 aspirantem
1446 4925 1585 4975 novis
1623 4922 1777 4977 rebus

179 5021 454 5083 Oppressit.
508 5011 892 5067 Tricennalibus
939 5012 1047 5065 suis
1104 5010 1415 5066 Dalmatium
1465 5014 1646 5083 fratris
1698 5015 1777 5075 sui

174 5102 433 5160 Dalmatii
457 5096 622 5167 lilium
649 5102 901 5158 Ctesarem
936 5103 1074 5174 legit;
1112 5101 1233 5156 Fuit
1278 5120 1395 5159 vero
1442 5108 1577 5158 ultra
1624 5123 1779 5177 quam

172 5198 427 5253 (animari
468 5205 629 5267 potest
678 5198 845 5250 laudis
882 5200 1081 5250 avidus.
1119 5195 1222 5251 Hic
1262 5194 1546 5269 Trajanum
1574 5200 1779 5253 herbam

174 5298 521 5367 pariendum
549 5296 613 5350 ob
646 5294 823 5349 titulos
852 5296 1030 5349 multis
1071 5296 1271 5350 aedibus
1293 5298 1567 5366 inscriptos
1596 5298 1780 5368 appel-

248 5444 276 5473 ⁸
310 5434 377 5487 Δ.
417 5447 432 5485 :
481 5416 747 5500 Ruptaque
786 5437 882 5483 est.
930 5427 1192 5483 Postremo
1242 5429 1470 5485 Licinius
1515 5431 1687 5485 navali
1733 5443 1785 5491 et

172 5504 411 5562 terrestri
436 5503 615 5573 prtelio
642 5504 800 5553 victus
842 5503 979 5569 apud
1026 5500 1381 5573 icomedium
1412 5519 1466 5555 se
1494 5502 1710 5568 dedidit,
1734 5516 1784 5561 et

170 5586 357 5632 contra
386 5572 681 5641 religionem
708 5573 1019 5626 sacramenti
1048 5572 1421 5626 Thessalonica:
1450 5575 1679 5643 privatus
1701 5592 1784 5630 oc-

170 5652 320 5708 cissis
346 5655 444 5701 est.
479 5643 604 5709 Hic,
632 5657 737 5699 etc.

250 5722 282 5764 ι)
313 5722 406 5786 Α.,
440 5727 605 5779 ortus,
638 5716 872 5783 altusque
894 5723 1025 5770 erat.

254 5797 276 5857 (ξ
310 5790 408 5857 Δ.,
442 5786 807 5843 secundarum.

248 5856 280 5898 δ
310 5856 405 5931 A.,
430 5859 793 5916 Constantinus
814 5875 876 5916 ex
898 5859 989 5915 illa
1011 5862 1177 5933 favor.
1202 5863 1359 5918 animi
1388 5863 1646 5924 docilitate
1674 5884 1789 5926 mu-

1878 4652 2129 4721 solymam
2164 4651 2454 4721 properavit
2475 4691 2490 4716 ,
2530 4667 2575 4704 et
2616 4652 2903 4717 sepulcrum
2932 4650 3125 4706 Citriin
3145 4692 3161 4719 ,
3190 4660 3326 4724 quod
3352 4644 3469 4709 licet

1877 4744 2113 4815 difﬁcile,
2146 4753 2315 4798 tamen
2351 4743 2538 4797 invenit
2567 4744 2802 4797 sordibus
2832 4754 3144 4815 coopertum,
3177 4757 3223 4798 et
3253 4746 3469 4814 desuper

1879 4836 2123 4906 templum
2164 4835 2366 4891 Veneris
2394 4836 2729 4905 cedi/iculum,
2752 4836 2837 4889 ubi
2863 4828 3099 4909 virgineis
3124 4826 3357 4890 cantibus
3388 4828 3468 4890 in-

1876 4930 2174 4992 sultabant,
2224 4929 2564 4998 praecepitque
2611 4929 2800 4981 destrui
2853 4929 3293 4983 sceleratissimum
3343 4938 3467 4982 tem-

1877 5026 2052 5096 plum,
2084 5023 2352 5094 ipsumque
2380 5022 2640 5093 pulverem
2669 5023 2883 5092 funestis
2930 5022 3196 5091 sacrificiis
3225 5022 3468 5078 violatum

1880 5116 2018 5184 ejici,
2050 5126 2098 5168 et
2126 5117 2304 5184 procul
2331 5132 2361 5167 a
2391 5116 2591 5169 civitate
2616 5116 2861 5185 dispergi.
2898 5106 3034 5169 Exin
3063 5117 3230 5170 locum
3259 5118 3468 5188 purgari

1880 5208 2181 5281 prmcipiens
2202 5250 2217 5274 ,
2245 5209 2413 5262 statim
2443 5209 2616 5278 palam
2656 5218 3034 5261 monumentum
3069 5207 3275 5262 Domini
3303 5225 3469 5279 appa-

1881 5302 2009 5353 ruit.
2031 5300 2393 5371 Appiis-uerunt
2420 5310 2475 5355 ett
2491 5301 2638 5355 circis
2653 5300 2786 5354 illud
2810 5298 3044 5368 suffossis
3067 5308 3175 5354 tres
3196 5305 3391 5369 cruces,
3420 5310 3472 5358 et

1886 5448 2037 5493 tatus.

1958 5521 1982 5549 θ
2014 5510 2104 5573 Α..
2136 5508 2445 5561 Commodw.

1958 5581 1978 5622 ί
2015 5581 2143 5647 ΜΒ»,
2171 5578 2433 5633 barbarico
2462 5580 2589 5633 sinu-
2613 5579 2757 5634 solis.
3212 5636 3215 5639 _

1958 5662 1982 5700 ε
2012 5654 2078 5707 A.
2111 5672 2123 5705 :
2156 5653 2443 5708 collocauit;
2474 5651 2714 5707 Civilibus
2742 5648 3250 5720 artibuspet'studiis
3278 5649 3471 5711 libau-

1887 5726 2016 5781 libus
2045 5724 2266 5787 deditus,
2296 5723 2557 5791 affectator
2578 5726 2730 5796 justi,
2760 5733 2864 5779 etc.

1954 5798 1985 5837 ιι
2017 5802 2053 5850 Α
2065 5835 2107 5864 .,
2132 5798 2391 5864 irrogavit.

1963 5869 1981 5910 ι
2016 5869 2141 5939 M8.,
2168 5865 2374 5924 Eantis.
