3918 6344
567 277 669 335 θη

1419 281 1619 338 rsum
1660 282 1929 339 DIACONI
1968 283 2119 337 ore.
2162 278 2340 335 usus
2381 281 2417 333 l.
2459 307 2528 321 -
2566 278 2946 335 lllSTURlCA.
3645 302 3713 360 9“

564 368 713 458 clavi,
746 391 898 445 simul
921 401 968 446 et
994 392 1171 447 titulus
1197 394 1376 447 litteris
1412 394 1637 449 llebrreis
1658 441 1671 463 ,
1706 395 1899 449 Crcecis
1928 405 1974 450 et
2005 395 2146 448 Lati-
2177 398 2229 457 Α
2253 392 2499 461 exsequiis
2529 392 2682 459 funus
2712 395 2823 463 ejus
2854 391 3112 460 sepultum
3153 402 3220 447 est
3249 395 3295 449 in
3331 401 3511 456 ecclesia
3535 416 3721 477 apostolo.

562 486 665 551 'nis,
693 485 1028 552 conscriptus,
1056 486 1212 542 Jesus
1239 502 1543 543 NAZARENUS
1570 504 1670 543 ne:
1703 489 2019 543 Juoeonun.
2058 487 2141 539 Di-
2180 482 2185 487 θ

556 564 696 633 ‘citur
720 566 888 632 autem
916 581 1035 643 quia
1063 591 1295 634 ntortuus
1322 580 1484 632 crucis
1516 590 1647 633 tactu
1677 581 1917 634 surrexit.
1950 579 2028 632 De
2056 578 2150 631 hoc

558 674 703 745 ligno
735 672 935 744 Sibylla
965 674 1092 727 dixit
1122 675 1260 744 apud
1298 672 1540 743 Paganos
1585 689 1605 728 :
1644 673 1688 726 0
1734 682 1808 726 ter
1851 673 2049 726 beatum
2089 674 2151 726 li-

558 785 751 840 gnum,
780 769 830 820 in
857 785 954 832 quo
982 765 1116 820 Deus
1143 777 1381 821 extensus
1412 778 1502 821 est.
1534 766 1674 820 Tunc
1702 783 1851 836 ergo,
1883 782 1998 835 qutc
2027 783 2153 820 crux

559 858 771 937 Domini
800 872 948 925 esset,
981 878 1093 931 qua:
1121 862 1400 925 latronum,
1432 860 1661 913 dubitare
1701 869 1981 927 coeperunt.
2015 858 2148 912 Pro-

558 956 679 1009 inde
709 954 967 1007 Macarius
1000 954 1214 1006 civitatis
1257 955 1443 1020 prtesut
1471 952 1770 1024 ltujusmodi
1802 960 2025 1004 tractatu
2054 951 2152 1003 du-

558 1047 853 1099 bitationem
877 1044 1280 1099 solvitdlulieri
1305 1061 1520 1115 namque
1542 1045 1799 1098 nobilitate
1820 1046 1973 1097 clara:
1995 1044 2148 1115 longa

556 1128 860 1210 atgritudine
904 1140 1131 1210 fa‘igata:
1173 1155 1325 1191 unam
1368 1139 1575 1190 illarum
1614 1138 1843 1190 crucium
1884 1152 1999 1188 cum
2031 1152 2149 1189 ora-

557 1231 696 1284 tione
724 1232 1102 1298 promptissima
1129 1230 1392 1295 adhibens,
1420 1230 1652 1283 virtutem
1678 1229 1967 1283 Saluatoris
1996 1245 2152 1301 agno-

555 1306 644 1377 vit.
677 1321 806 1377 Mox
828 1325 964 1377 enim
993 1332 1048 1376 ut
1075 1322 1339 1375 mulierem
1368 1323 1537 1393 attigit
1562 1338 1711 1385 crux,
1741 1323 2026 1389 passionem
2046 1338 2146 1375 sa:-

555 1417 774 1470 vissima:
802 1418 1117 1488 aegritudinis
1147 1398 1424 1487 e/fugavit,
1451 1426 1499 1470 et
1528 1417 1731 1486 feminre
1756 1418 1971 1470 salutem
1998 1416 2146 1469 resti-

552 1509 669 1561 luit.
701 1506 779 1561 De
824 1509 980 1560 clavis
1024 1508 1228 1579 quidem
1252 1552 1264 1573 ,
1296 1508 1478 1577 quibus
1506 1524 1687 1560 ntanus
1728 1505 1914 1560 Christi
1948 1508 2148 1575 fuerant

552 1603 849 1672 perforatae,
878 1603 1006 1654 alios
1032 1603 1083 1652 in
1104 1602 1301 1671 galeam
1326 1602 1462 1654 misit
1484 1602 1824 1669 imperatoris,
1852 1600 1947 1666 ﬁlii
1968 1601 2146 1667 capitis

552 1692 923 1763 providentiam
952 1709 1148 1763 gerens,
1176 1703 1229 1744 ut
1246 1693 1426 1762 jacula
1448 1692 1625 1745 bellica
1651 1695 1983 1756 submoveret,
2014 1693 2146 1745 alios

2251 499 2363 536 runt
2389 485 2439 536 in
2462 485 2693 554 sepulcro
2723 485 3104 555 porphyretico.

2326 578 2371 630 ls
2402 591 2742 633 successores
2776 577 2913 634 ﬁlios
2946 564 3181 648 reliquit,
3213 589 3358 651 atquc
3386 601 3523 640 unum
3547 589 3723 651 Dalmatii

2252 670 2431 725 fratris
2483 671 2667 726 lilium.
2726 670 2796 725 Ili
2839 674 3030 745 singuli
3068 674 3159 727 has
3189 686 3346 745 partes
3373 683 3728 748 regendashabue-

2251 777 2389 818 runt.
2423 764 2791 820 Constantinus
2823 768 2962 835 ﬁlius
2989 769 3101 838 ejus
3126 773 3347 838 primus;
3373 774 3419 825 in
3440 776 3648 831 decennali
3664 800 3726 837 suo

2250 858 2360 927 ejus
2385 858 2586 930 genitor
2616 859 2731 929 fecit
2762 875 2876 913 eum
2900 859 3085 913 habere
3110 863 3437 934 principatum
3460 883 3582 933 super
3606 887 3730 927 cuncta

2251 956 2393 1001 trans
2446 951 2620 1017 Alpes.
2667 950 2960 1005 Secundum
2995 951 3340 1007 Constantium
3369 957 3415 1009 in
3449 960 3645 1014 ticennali
3670 982 3730 1019 suo

2251 1040 2301 1092 in
2352 1039 2557 1095 Oriente
2605 1045 2896 1111 constituit,
2928 1062 2959 1098 a
3003 1050 3131 1115 freto
3186 1046 3488 1116 Propontidis
3519 1054 3563 1105 iu
3594 1055 3730 1123 Asiam,

2251 1144 2401 1200 atque
2435 1134 2712 1190 Orientem.
2755 1134 3079 1191 Constantem
3131 1156 3244 1193 vero
3285 1142 3519 1211 juniortm
3547 1145 3588 1197 in
3611 1148 3735 1200 tricen-

2253 1224 2457 1277 natibus
2494 1226 2602 1277 suis
2631 1226 2683 1278 in
2716 1224 3011 1297 Illyricum,
3049 1226 3351 1300 Italiamque
3378 1242 3419 1285 et
3456 1236 3735 1303 Africam,or-

2251 1318 2466 1370 dinavit.
2522 1319 2836 1373 Dalmatium
2884 1320 2936 1374 in
2982 1320 3275 1388 Thraciam,
3319 1323 3736 1396 Macedoniamqueet

2251 1408 2520 1463 Achaiam.
2555 1413 2958 1466 Annibalianum
3006 1413 3251 1467 Dalmatii
3298 1415 3493 1470 Cwsaris
3524 1423 3738 1491 consaugn'c

2253 1518 2403 1553 neum
2435 1503 2485 1555 in
2517 1504 2812 1556 Armeniam
2843 1506 3171 1573 nationesque
3197 1509 3382 1560 circum
3421 1511 3580 1563 socius.
3603 1510 3735 1565 Verum

2252 1595 2553 1649 Dalmatius
2596 1597 2774 1650 Cwsar
2823 1600 3185 1666 prosperrima
3228 1599 3412 1663 indole,
3445 1616 3587 1669 neque
3612 1613 3737 1672 patruo

2251 1688 2514 1743 absimilis
2542 1731 2555 1753 ,
2604 1689 2741 1743 haud
2793 1691 2961 1745 multo
3004 1702 3122 1761 post
3153 1708 3427 1762 oppressus
3456 1698 3569 1750 cstd
3593 1699 3740 1764 factione

552 1786 698 1855 freno
730 1787 910 1850 equino
941 1786 1258 1854 permiscuit,
1283 1795 1327 1837 et
1350 1787 1598 1837 cautelam
1627 1785 1944 1851 imperatoris
1966 1802 2141 1853 agens,
2177 1767 2223 1827 Β
2256 1780 2470 1833 militari
2498 1821 2513 1845 ,
2569 1791 2625 1834 et.
2668 1781 2983 1836 Constantio
3026 1784 3249 1852 patrueli
3291 1800 3383 1840 suo
3408 1787 3590 1840 sinente
3625 1792 3740 1856 potius

550 1887 764 1930 veterem
795 1876 1174 1945 philosophiam
1201 1876 1508 1944 adimplens.
1538 1877 1674 1930 Olim
1709 1879 1841 1929 enim
1868 1876 2147 1930 Zacharias

551 1971 803 2041 propheta
832 1971 1138 2023 clamaverat
1168 1971 1342 2022 dicens
1372 1986 1391 2024 :
1429 1969 1490 2021 lit
1522 1972 1614 2022 erit
1656 1966 1791 2038 quod
1823 1972 1871 2023 in
1906 1975 2049 2038 freno
2077 1980 2147 2023 est

548 2071 787 2115 sanctum
838 2061 1055 2115 Domino
1104 2063 1458 2129 omnipotenti.
1504 2061 1791 2116 Salvatosz
1840 2079 1954 2115 vero
1986 2064 2148 2115 cruris

549 2166 747 2227 partem
776 2156 978 2224 quidem
1009 2154 1235 2220 aliquam
1271 2155 1382 2219 ﬁlio
1406 2154 1691 2218 distribuit,
1720 2171 1871 2221 quam
1897 2154 2147 2208 Constan-

544 2244 686 2301 tinus
732 2248 1015 2316 suseipiens
1039 2289 1055 2313 ,
1084 2256 1132 2300 et
1162 2248 1375 2299 credens
1417 2245 1606 2299 salvari
1649 2247 1897 2298 civitatem
1928 2246 2013 2298 ubi
2041 2246 2148 2299 haec

544 2324 802 2409 particula
823 2350 1123 2399 servaretur,
1153 2340 1205 2391 in
1231 2355 1324 2391 sua
1351 2348 1518 2391 statua
1539 2378 1554 2402 ,
1578 2339 1708 2391 sicut
1746 2340 1925 2405 fertur,
1956 2340 2007 2390 in
2033 2338 2146 2406 foro

550 2430 872 2486 Constantini
899 2433 1061 2498 posita
1091 2446 1247 2497 super
1274 2432 1563 2483 columnam
1593 2431 2027 2500 porpltgreticam,
2058 2432 2147 2483 de-

548 2534 660 2577 vote
687 2524 932 2576 condidit.
970 2522 1241 2591 Reliquam
1264 2538 1378 2576 vero
1412 2533 1605 2592 partem
1644 2524 1694 2573 in
1725 2531 1964 2587 argentea
2004 2520 2146 2573 theca

547 2615 798 2681 clausam,
825 2614 1058 2668 Macario
1082 2616 1334 2668 sacerdoti
1357 2616 1572 2669 civitatis
1597 2616 1824 2684 reliquit,
1854 2622 1898 2665 et
1925 2616 2146 2682 undique

544 2724 865 2779 congregans
889 2708 1135 2776 artiﬁces,
1169 2709 1421 2761 maximas
1450 2708 1557 2760 illic
1578 2719 1883 2776 ornatasque
1904 2707 2145 2759 ecclesias

545 2804 839 2871 trdiﬁcavit.
869 2803 995 2857 Post
1023 2806 1130 2857 htec
1154 2804 1429 2867 imperator
1452 2817 1627 2854 curam
1653 2801 1841 2854 habens
1868 2801 2146 2853 maximam

546 2897 976 2959 Christianarum,
1006 2894 1338 2966 Paganorum
1361 2894 1770 2964 superstitionem
1793 2892 2139 2950 aversabatur.

542 2988 1245 3055 removitquemonomachias
1263 2997 1305 3039 et
1330 3003 1450 3039 suas
1476 2987 1721 3058 imagines
1738 2986 1789 3037 in
1809 2976 2144 3055 templisponi

544 3082 806 3151 prwcepit,
822 3090 869 3134 et
894 3080 1139 3144 cubitum,
1157 3097 1253 3148 quo
1280 3088 1599 3131 mensuratur
1629 3077 1806 3141 Nilus,
1828 3093 1928 3129 non
1948 3079 2059 3147 jam
2088 3077 2141 3129 in

545 3173 793 3239 templum
823 3170 1089 3239 Serapidis
1115 3171 1263 3223 annis
1296 3170 1512 3239 singulis
1533 3210 1548 3233 ,
1574 3168 1662 3221 sed
1692 3170 1742 3221 in
1771 3167 1991 3221 ecclesiis
2020 3183 2138 3232 por—

545 3263 647 3318 tari
674 3264 905 3316 sancivit.
935 3263 1103 3334 Igitur
1131 3262 1495 3316 Constantinus
1519 3250 1712 3314 bellum
1738 3259 1993 3313 adversus
2018 3259 2144 3311 l‘ar~

542 3353 667 3409 thos
696 3354 951 3417 moliens,
985 3353 1072 3421 qui
1118 3351 1227 3420 jam
1280 3351 1722 3419 Mesopotamiam
1771 3364 1797 3387 ει
1831 3350 2139 3418 fatigabant,

545 3449 801 3518 trigesiuto
826 3457 869 3499 et
908 3446 1130 3500 secundo
1170 3462 1305 3498 anno
1333 3446 1563 3514 imperii,
1599 3444 1762 3498 atatis
1792 3460 1905 3497 vero
1931 3461 2139 3515 serage~

544 3540 675 3593 sima
706 3548 753 3591 et
787 3547 929 3591 serto
960 3539 1263 3609 (egritudine
1292 3548 1471 3606 captus
1491 3575 1506 3599 ,
1536 3553 1597 3589 ex
1627 3539 1745 3588 urbe
1777 3534 2138 3589 Constantino-

546 3631 796 3699 politana,
828 3632 975 3700 quasi
1006 3631 1071 3681 ad
1102 3630 1297 3683 calidas
1326 3646 1483 3697 aquas
1514 3645 1741 3699 egressus
1786 3640 1857 3681 est
1900 3628 1949 3680 Ν
1955 3630 2138 3681 iconie-

542 3723 702 3778 diam.
755 3721 817 3777 In
869 3725 989 3777 villa
1040 3724 1239 3789 publica
1282 3723 1452 3774 morbo
1500 3732 1829 3788 consumptus
1856 3731 1967 3785 est,
2000 3726 2135 3790 facto

542 3825 838 3870 testamento
869 3816 1026 3868 tribus
1053 3816 1194 3883 ﬁliis,
1230 3815 1499 3867 consulatu
1531 3811 1785 3867 I’eliciani
1815 3825 1861 3866 ct
1895 3813 2126 3876 Taciant,

539 3908 807 3961 undecimo
857 3906 1119 3961 Kalendas
1167 3907 1331 3958 Junii.
1383 3904 1509 3958 Fuit
1555 3907 1729 3956 irrisor
1772 3906 1941 3974 potius
1979 3921 2131 3973 quam

538 4000 792 4066 blandus,
844 4001 979 4051 unde
1024 3998 1286 4067 proverbio
1333 3997 1529 4066 vulgari
1572 4003 1599 4041 b
1651 3994 1907 4048 Trachala
1946 3998 2128 4050 dictus.

539 4093 724 4147 Decem
778 4093 925 4145 annis
974 4090 1422 4163 prtestantissimus
1449 4129 1463 4153 ,
1510 4089 1771 4141 duodecim
1814 4089 2133 4158 sequentibus

538 4188 697 4254 latro,
731 4189 903 4241 decem
933 4187 1215 4240 novissimis
1242 4186 1492 4256 pupillus,
1520 4186 1580 4237 ob
1604 4184 1926 4254 profusiones
1958 4184 2134 4237 immo-

537 4282 679 4336 dicas
709 4283 1021 4336 nominatus.
1072 4280 1209 4335 Mors
1252 4279 1369 4349 ejus
1418 4280 1577 4332 etiam
1617 4288 1734 4332 ante
1766 4278 2022 4331 biennium
2045 4277 2133 4332 de-

541 4377 778 4429 nuntiata
805 4382 889 4430 est
919 4390 1011 4443 per
1040 4373 1286 4428 crinitum
1314 4375 1549 4439 stellam,
1582 4389 1701 4441 qua:
1732 4374 1997 4428 inusitate
2022 4388 2131 4425 ma-

2252 1890 2409 1945 quatn
2448 1888 2469 1911 θ
2501 1874 2741 1944 juliente.
2774 1874 3143 1931 Constantinus
3182 1878 3335 1949 igitur
3364 1883 3474 1933 dum
3500 1882 3641 1933 nititur
3667 1899 3741 1948 par.

2253 1977 2324 2021 tes
2355 1969 2572 2037 iunioris
2613 1970 2788 2032 fratris
2834 1969 3103 2034 invadere,
3136 1972 3326 2025 bellum
3353 1982 3512 2026 contra
3537 1991 3626 2026 eum
3653 1990 3741 2026 cane

2250 2060 2435 2125 movit,
2467 2068 2510 2112 et
2542 2060 2663 2111 dum
2692 2061 3028 2113 inconsultius
3056 2063 3199 2131 apud
3240 2062 3508 2133 Aquileiam
3528 2065 3741 2133 bellumag-

2249 2168 2451 2222 gressus
2480 2161 2550 2203 est
2574 2191 2587 2214 ,
2620 2169 2648 2203 a
2675 2150 2965 2205 Constantis
2996 2153 3212 2207 ducibus
3247 2155 3522 2221 interfectus
3555 2166 3633 2219 est,
3655 2166 3685 2206 et
3711 2156 3741 2205 in

2248 2245 2458 2312 ﬂuvium
2491 2246 2744 2315 projectus
2772 2255 2880 2309 est,
2913 2246 2994 2297 cui
3022 2263 3205 2298 nomen
3230 2248 3398 2315 Alpha
3422 2258 3520 2313 est,
3546 2265 3623 2301 non
3648 2252 3743 2317 longe

2248 2338 2311 2388 ab
2342 2336 2607 2403 Aquileia,
2659 2336 2930 2389 consulatu
2984 2339 3229 2391 Acindini
3269 2349 3315 2392 et
3346 2338 3521 2392 Procli.
3564 2340 3742 2406 Quamob

2252 2442 2357 2479 rem
2390 2426 2607 2478 Κουιαηὶ
2637 2428 2835 2498 imperii
2862 2429 3181 2497 principatus
3212 2429 3583 2484 Occidentalium
3607 2432 3745 2501 quidem

2247 2517 2472 2585 partium
2515 2517 2738 2584 pervenit
2769 2518 2838 2569 ad
2882 2516 3244 2586 Constantem,
3282 2521 3539 2575 Orientalis
3560 2524 3745 2574 autemid

2248 2609 2437 2663 Consta
2462 2615 2624 2663 .tiunt.
2654 2610 2845 2664 Eodem
2870 2623 3098 2680 tempore
3117 2618 3272 2668 etiam
3296 2632 3451 2686 remp.
3467 2617 3637 2686 contigit
3654 2618 3745 2667 caldi

2247 2706 2464 2756 turbari.
2498 2703 2630 2757 Gens
2659 2722 2875 2777 namque
2906 2704 3235 2762 Francorum
3267 2711 3398 2762 circa
3425 2708 3596 2763 Callias
3620 2708 3745 2759 consti-

2249 2806 2354 2849 tuta
2392 2797 2633 2852 Romanis
2664 2811 2772 2853 erat
2801 2802 3006 2870 infesta,
3040 2820 3197 2867 quam
3220 2804 3464 2857 Constans
3490 2802 3700 2872 Oppressit,
3720 2812 3748 2851 et

2249 2891 2406 2943 Itoni.
2441 2893 2654 2959 imperio
2681 2894 2918 2963 subjecit.
2950 2894 3098 2949 Tunc
3142 2898 3300 2951 etiam
3331 2908 3608 2950 terra'motus
3640 2908 3747 2944 mast-

2247 3000 2357 3037 mus
2383 2986 2433 3036 in
2454 2985 2657 3038 Oriente
2678 2986 2844 3055 factus
2868 2996 2961 3055 est,
2990 2999 3035 3041 et
3061 2991 3322 3057 prtecipue
3341 2990 3391 3043 in
3414 2986 3659 3047 Antiochia,
3676 3000 3748 3053 qur

2246 3093 2383 3128 anno
2404 3078 2600 3146 jugiter
2625 3088 2695 3130 est
2723 3089 3009 3135 commota.
3043 3092 3087 3134 et
3118 3079 3458 3135 Nectwsarea
3478 3080 3624 3131 civitas
3646 3073 3748 3127 Ponti
3836 3086 3837 3093 ‘

2246 3168 2444 3221 cecidit.

2793 3240 3290 3299 CONSTANTIUS.

2319 3333 2648 3388 Constantius
2679 3347 2847 3390 autem
2874 3347 2920 3390 et
2957 3337 3214 3393 Constans
3254 3341 3383 3411 leges
3420 3338 3663 3399 ediderunt,
3686 3329 3748 3384 lu-

2244 3431 2412 3481 da'um
2461 3448 2560 3483 non
2610 3447 2771 3485 emere
2797 3449 2996 3486 servum
3022 3474 3036 3496 ,
3083 3436 3319 3500 alioquin
3367 3433 3545 3503 auferri
3571 3444 3687 3491 eum.
3720 3434 3749 3476 τί

2245 3524 2460 3589 publicis
2489 3525 2774 3578 rationibus
2803 3528 2959 3579 tradi.
2989 3525 3179 3592 Porro,
3210 3529 3254 3581 si
3284 3536 3329 3580 et
3363 3524 3748 3579 circumcideret)!-

2240 3630 2326 3666 sus
2357 3614 2508 3683 fuerit
2541 3631 2763 3681 servum,
2793 3617 2968 3688 gladio
3001 3619 3177 3685 puniri
3205 3620 3332 3672 talia
3359 3624 3701 3688 prtesurnentem.

2845 3731 3227 3787 CONSTANS.

2309 3820 2478 3893 Igitur
2516 3820 2823 3877 Constantis
2874 3822 3156 3891 imperium
3212 3836 3486 3878 strenuum
3528 3814 3747 3889 aliquandiu

2236 3922 2290 3967 et
2316 3913 2515 3981 justum
2551 3915 2667 3966 lnit.
2700 3913 2818 3968 Mox
2848 3930 2966 3967 cum
2999 3924 3053 3968 et
3091 3918 3401 3971 valetudine
3440 3916 3691 3983 inprospera
3716 3912 3750 3957 ει

2237 4006 2426 4060 amicis
2458 4004 2477 4042 ί
2511 4008 2826 4078 gravioribus
2856 4019 3117 4074 uteretur,
3148 4013 3217 4063 ad
3248 4013 3427 4078 gravia
3458 4010 3566 4062 vitia
3588 3989 3748 4058 eiinver-

2235 4115 2348 4165 sus,
2378 4116 2499 4153 cum
2537 4102 2884 4158 intolerabilis
2918 4101 3340 4171 provincialibus
3361 4145 3375 4169 ,
3415 4102 3552 4156 militi
3580 4099 3751 4164 injucun-

2235 4190 2335 4243 dus
2367 4200 2391 4236 ιε
2424 4202 2590 4257 esset,
2628 4203 2672 4245 et
2700 4210 2815 4245 cunt
2845 4196 2979 4247 circa
3007 4193 3206 4248 Callias
3238 4197 3451 4249 venandi
3480 4192 3673 4260 cupitline
3692 4198 3749 4248 Ρσ

2235 4282 2387 4335 silvas
2416 4286 2676 4355 saltusque
2699 4299 2912 4355 erraret,
2938 4291 3296 4355 conspiravere
3326 4290 3561 4357 aliquanti
3582 4284 3751 4337 militalts

2236 4374 2287 4426 in
2317 4377 2365 4445 ej
2374 4391 2429 4428 ns
2452 4393 2640 4441 necem,
2668 4379 2959 4433 auctoribus
2986 4379 3186 4435 Crestio
3215 4394 3262 4436 et
3292 4381 3603 4439 Marcellino,
3630 4368 3750 4425 simul-

538 4469 834 4537 gnitudinis
861 4468 1165 4537 aliquandiu
1201 4467 1347 4519 fulsit
1378 4485 1389 4518 :
1423 4483 1541 4520 eam
1574 4465 1744 4519 Graeci
1787 4472 2007 4537 κομήτην
2041 4483 2127 4518 νο·
2158 4464 2671 4554 υᾳιιεΜαςΙηεηιὶο.
2708 4468 2848 4534 Qui,
2879 4472 2959 4522 ubi
2989 4474 3237 4542 patrandi
3274 4472 3461 4543 negotii
3489 4464 3749 4535 diesplocmt.

538 4572 695 4628 eaut;
724 4571 883 4631 atque
903 4562 1040 4615 inter
1064 4562 1216 4615 divos
1242 4561 1433 4613 uternit
1458 4570 1478 4595 ε
1506 4562 1712 4614 referri.
1738 4559 1933 4629 Corpus
1957 4572 2125 4613 autem
2174 4594 2179 4599 -

536 4658 649 4725 ejus
687 4653 740 4706 in
766 4668 923 4706 aureo
951 4653 1131 4707 locello
1160 4654 1459 4705 collocatum
1482 4691 1496 4716 ,
1523 4650 2024 4719 Constantinopolim
2054 4659 2128 4705 est

538 4748 798 4801 devectum
818 4787 833 4811 ,
865 4755 911 4799 et
940 4747 990 4798 in
1020 4740 1201 4811 palatii
1234 4744 1363 4796 celso
1397 4743 1506 4795 loco
1547 4744 1847 4813 repositum.
1896 4743 2044 4808 Quod
2076 4744 2127 4795 itt

537 4840 711 4895 multis
741 4839 1017 4893 honoribus
1044 4846 1190 4903 atque
1222 4838 1541 4889 veneratione
1560 4878 1574 4901 ,
1608 4837 1756 4905 quasi
1786 4837 1995 4897 viveret,
2030 4838 2126 4889 ha-

536 4935 768 4998 bebatur,
796 4933 954 4985 donec
981 4931 1165 5000 aliquis
1195 4931 1422 4998 ﬁliorum
1461 4932 1570 4999 ejus
1620 4931 1890 4983 assisteret.
1938 4927 2125 4983 Postea

534 5042 650 5081 vero
680 5028 742 5079 ab
776 5025 982 5077 Oriente
1012 5021 1308 5077 Constantio
1336 5022 1591 5086 veniente,
1625 5037 1739 5073 cum
1777 5022 2125 5091 imperialibus

608 5279 637 5308 α
668 5266 999 5340 Fatigabant.
1053 5266 1168 5321 Uno
1214 5275 1262 5319 et
1302 5265 1737 5340 trigesimoﬂanno
1775 5266 1922 5340 imp.,
1964 5269 2126 5322 celatis

2237 4557 2570 4613 Marcellinus
2598 4562 2821 4615 natalem
2849 4563 2947 4631 ﬁlii
2975 4565 3230 4618 simulans
3261 4574 3520 4636 plerosque
3541 4561 3598 4613 ad
3617 4565 3749 4609 (ωηωι

2234 4662 2394 4706 vocat.
2448 4651 2627 4724 Itaque
2672 4656 2724 4707 in
2768 4658 2981 4709 multant
3028 4668 3229 4710 noctem
3284 4657 3507 4712 convivio
3552 4650 3749 4706 celebrato.

2233 4741 2558 4813 Magnentius
2590 4747 2733 4813 quasi
2766 4752 2833 4799 ad
2861 4750 3043 4801 ventris
3072 4752 3227 4803 solita
3258 4752 3520 4813 secedens,
3546 4742 3660 4815 apud
3681 4740 3750 4790 Αιέο

2232 4837 2579 4905 gustudunum
2606 4838 2836 4891 habitum
2864 4841 3181 4909 imperia/em
3212 4846 3237 4878 ἰ
3264 4845 3422 4912 capit.
3453 4839 3524 4894 Ea
3548 4854 3593 4891 re
3614 4832 3751 4901 cogniti

2233 4928 2479 4981 Constans
2504 4929 2677 4998 fugere
2701 4940 2931 4997 conatus,
2958 4935 3096 5003 apud
3127 4933 3383 4987 Helenam
3406 4931 3621 5003 oppidum
3638 4913 3765 4991 1’9"“

2233 5037 2341 5073 ntro
2373 5023 2663 5091 proximum
2691 5040 2788 5076 non
2821 5023 2970 5096 longe
2997 5025 3059 5077 ab
3084 5024 3387 5094 Hispaniis,
3418 5043 3447 5077 a
3472 5023 3658 5079 Caisone
3674 5026 3749 5066 eum

2232 5115 2511 5168 lectissimis
2544 5116 2697 5170 misso
2729 5118 3060 5186 interﬁcitur,
3095 5136 3240 5173 anno
3274 5119 3478 5189 imperii
3505 5114 3674 5170 decimo
3693 5122 3749 5159 se

2230 5268 2523 5337 inferentem
2550 5313 2562 5335 ,
2595 5280 2657 5344 et
2696 5271 2833 5341 apud
2879 5272 3165 5344 Aquileiam
3210 5272 3543 5344 inconsultius
3573 5263 3748 5344 ρηῑ-ίὶηπξ

2229 5328 2850 5409 aggressum,Constantis
2873 5328 3024 5397 duces
3052 5356 3441 5399 interemerunt.
3474 5342 3549 5395 Ita
3570 5328 3679 5403 resp.
3701 5328 3746 5379 αά

2229 5411 2357 5464 duos
2385 5415 2637 5482 Augustos
2663 5417 2885 5469 redacta.
2915 5418 3231 5481 Constantis,
3266 5430 3371 5471 etc.

2216 5494 2223 5519 ~
2305 5490 2323 5527 t
2360 5487 2449 5545 A.,
2482 5486 2812 5552 prnvioribus.
2954 5514 2955 5517 η
3020 5510 3025 5513 ·
3106 5520 3110 5525 ι

2300 5558 2325 5595 ⁸
2359 5544 2652 5627 ΑτνῖῈεδετ
2674 5558 2955 5627 ,ηιαειὶοηε
2986 5555 3273 5627 Magnentii
3319 5558 3503 5613 occisus
3539 5562 3616 5607 est.
3649 5544 3745 5601 Obiit

2229 5626 2366 5678 haud
2400 5624 2546 5694 longe
2582 5626 2644 5678 ab
2678 5626 2963 5697 Hispaniis,
2994 5630 3049 5681 in
3078 5624 3252 5683 castra
3280 5632 3362 5684 cui
3407 5629 3594 5682 Helena
3614 5628 3745 5673 norm

2227 5706 2321 5758 est,
2353 5713 2507 5759 anno,
2538 5706 2641 5749 etc.

2300 5766 2323 5804 ιι
2362 5767 2490 5821 Vide
2529 5768 2813 5823 Victorem.

540 5351 679 5395 sexto
708 5335 1114 5412 etis'exagesimo,
1137 5340 1292 5406 juxta
1322 5335 1677 5389 Nicomediam
1699 5339 1750 5389 in
1777 5338 1898 5391 villa
1922 5341 2123 5407 publica

541 5413 682 5469 obiit.
716 5411 771 5464 Μ
777 5426 880 5475 ors,
909 5411 1012 5465 etc.

609 5480 635 5517 ¹³
668 5482 766 5537 Ms.
779 5525 793 5546 ,
826 5481 1093 5535 Trochela.

614 5562 636 5589 ε
669 5551 735 5606 Α.
768 5569 782 5604 :
817 5551 1032 5619 Referri.
1072 5551 1125 5605 Is
1152 5567 1465 5623 successores
1499 5552 1631 5619 ﬁlios
1661 5560 1763 5606 tres
1790 5551 2014 5623 reliquit,
2048 5564 2125 5607 at-

537 5638 638 5695 que
666 5639 823 5675 unum
853 5627 1027 5689 fratris
1053 5625 1237 5692 filium.
1276 5622 1491 5689 Verum,
1523 5635 1628 5678 etc.

613 5695 643 5736 ἀ
672 5695 761 5757 Α..
786 5696 1032 5763 facinore.

621 5776 643 5803 ο
676 5764 739 5817 Α.
777 5781 789 5817 :
822 5767 1054 5818 Jubenm.
1107 5769 1493 5821 Constantinum
1539 5784 1690 5835 porro
1741 5767 1925 5821 bellum
1979 5768 2126 5823 fratri
