3918 6344
147 367 243 428 9η
339 447 342 450 ι

1205 366 1523 430 HISTORIA
1567 369 1926 430 MISCELLA.
1969 405 2040 419 —
2081 375 2210 431 LIB.
2258 377 2347 432 ΧΙ.

3301 353 3407 441 sit

147 487 321 556 ptimo,
349 484 522 540 tutetis
555 483 843 540 tricesimo.
867 481 1006 537 Nam
1028 483 1197 538 Caesar
1227 485 1448 540 triennio
1471 488 1588 556 fuit.
1616 485 1718 540 llic
1750 490 1800 549 Α
1826 489 1920 557 fuit
1949 491 2084 544 enim
2109 508 2264 562 prepe
2291 492 2360 544 ad
2396 491 2666 548 stultitiam
2703 493 3136 563 simplicissimus.
3181 501 3411 571 Cumque

144 582 232 650 fuit
276 581 456 634 debilis
507 580 718 647 pedibus
767 579 1096 649 manibusque
1133 578 1467 634 articulorum
1520 580 1720 647 dolore,

145 672 426 741 fortunatus
464 672 580 726 cali
616 673 888 742 temperie,
917 673 1174 740 fructuum
1214 686 1486 742 proventu,
1519 675 1664 727 nulla
1691 690 1724 727 a

144 763 360 819 barbaris
387 764 666 835 formidine
691 780 787 835 per
816 780 973 820 omne
1006 775 1234 835 tempus.
1267 767 1384 823 sine
1423 767 1570 836 gravi
1601 782 1723 822 cru-

142 859 352 916 delitate
383 861 654 917 terribilis.
690 861 905 916 Diversa
933 861 1226 918 Constantii
1272 863 1481 919 fortuna
1515 865 1630 920 luit.
1674 866 1722 922 Δ

112 1007 114 1010 .
143 951 312 1006 Persis
340 953 483 1007 enim
513 952 681 1007 multa
714 965 768 1007 et
791 954 968 1021 gravia
1001 969 1288 1024 perpessus
1310 998 1324 1022 ,
1373 972 1515 1025 saepe
1552 955 1722 1025 captis

142 1043 363 1112 oppidis,
394 1043 614 1098 urbibus
643 1043 902 1112 obsessis,
933 1049 1087 1102 etesis
1113 1047 1454 1113 exercitibus,
1487 1047 1724 1102 nullum-

141 1150 234 1204 que
257 1134 308 1190 ei
333 1144 518 1190 contra
552 1135 818 1206 Saporem
852 1138 1091 1206 praelium
1121 1137 1222 1192 fuit
1250 1155 1586 1209 prosperum,
1617 1140 1721 1196 nisi

141 1231 268 1293 quml
301 1226 442 1294 apud
473 1228 774 1296 Singarum,
816 1229 953 1283 baud
983 1239 1008 1266 ⁸
1038 1231 1246 1284 dubiant
1278 1231 1555 1285 victoriam
1585 1232 1722 1286 mili-

143 1329 240 1373 tum
272 1320 469 1375 lerocia
522 1322 736 1386 amisit,
770 1322 858 1391 qui
899 1338 1124 1391 pugnam
1170 1323 1420 1379 seditiose
1449 1335 1503 1377 et
1531 1324 1724 1380 stolide

143 1423 315 1468 :ontra
348 1414 609 1468 rationem
641 1415 764 1469 belli
796 1416 883 1469 die
904 1419 1014 1484 jam
1051 1417 1307 1485 prmcipiti
1340 1430 1720 1486 poposcerunt.

140 1502 232 1558 Per
261 1505 396 1558 idem
422 1514 620 1574 tempus
651 1503 968 1576 Dyrachium
1001 1507 1276 1563 Dalmatia:
1301 1519 1590 1564 terrasmotu
1618 1511 1724 1564 col-

109 1591 337 1668 lapsum
381 1608 476 1654 est.
525 1597 733 1653 Interea
779 1611 1070 1655 terrwmotu
1105 1618 1317 1673 magno,
1359 1613 1406 1656 et
1444 1605 1726 1658 iii-civitate

139 1692 320 1766 Bergto
350 1693 620 1748 Plitenices
649 1695 805 1765 facto,
847 1695 1068 1763 plurima
1092 1711 1212 1764 pars
1249 1699 1361 1766 ejus
1399 1696 1610 1758 corruit,
1653 1696 1724 1748 ita

141 1798 185 1838 ut
228 1789 379 1841 multi
425 1788 638 1857 gtntiles
683 1786 1074 1858 ingrederentur
1119 1788 1416 1852 ecclesiam,
1467 1802 1520 1840 se
1569 1788 1724 1840 ritum

1822 581 1874 634 in
1923 581 2088 636 Prusa
2131 582 2387 654 Bithynice
2438 583 2679 640 Vetranio
2724 599 3039 656 moraretur,
3083 589 3411 650 Constantius

1822 677 2022 743 scripsit
2063 677 2110 729 ei
2154 679 2324 732 dicens
2372 680 2496 749 quia
2544 683 2821 735 multorum
2868 683 3118 738 bonorum
3164 686 3210 739 ei
3255 703 3413 744 causa

1822 770 2030 838 fuisset,
2061 787 2210 840 quem
2247 789 2278 824 a
2323 775 2476 826 tantis
2502 776 2889 842 coyitationibus
2915 787 2960 830 et
2990 779 3137 831 malis
3166 778 3260 831 sibi
3286 795 3411 847 pro-

1822 863 2131 916 venientibus
2157 864 2453 930 liberasset;
2479 883 2570 918 nec
2590 883 2642 920 se
2663 867 2785 921 bene
2805 869 3002 937 fecisse,
3027 870 3146 938 quia
3176 887 3290 939 quae
3313 871 3414 926 sibi

1823 962 2066 1022 priestare
2095 955 2370 1018 debuerat,
2416 955 2494 1008 illi
2525 959 2694 1025 potius
2728 959 3069 1025 impendisset.
3103 960 3201 1014 His
3237 962 3413 1018 diebus

1826 1043 2005 1098 Roma
2033 1043 2354 1115 Nepotianus
2373 1087 2389 1111 ,
2419 1047 2688 1118 Eutropia!
2714 1049 3000 1104 Constantii
3041 1055 3228 1107 sororis
3249 1055 3412 1125 ﬁlius,

1824 1137 2140 1193 hortantibus
2171 1143 2399 1207 perditis,
2427 1144 2643 1211 Augusti
2665 1161 2844 1198 nomen
2865 1147 3019 1217 rapit.
3051 1146 3212 1212 Quem
3239 1159 3414 1204 octauo

1823 1229 1908 1281 die
1937 1231 2274 1299 vigesimoque
2305 1230 2632 1302 Magnentius
2659 1239 2928 1307 oppressit.
2955 1236 3125 1307 Caput
3155 1239 3270 1308 ejus
3308 1241 3416 1308 pilo

1828 1338 1922 1390 per
1954 1320 2145 1376 Urbem
2179 1325 2548 1378 circumlatum
2579 1337 2682 1392 est,
2710 1328 3146 1400 gravissimteque
3183 1331 3418 1402 proscri-

1827 1415 2037 1484 ptiones
2062 1424 2117 1470 et
2146 1416 2402 1471 nobilium
2428 1418 2600 1472 caedes
2633 1430 2654 1455 ι·
2679 1419 2913 1476 fuerunt.

2392 1510 2852 1568 MAGNENTIUS.
3405 1557 3410 1572 ς

1902 1597 2018 1652 Hoc
2050 1609 2270 1670 tempore
2301 1601 2625 1655 Constantius
2643 1618 2758 1655 cum
2777 1603 3072 1673 Magnentio
3092 1607 3236 1674 apud
3271 1607 3418 1662 .llur-

1829 1707 1938 1744 sam
1969 1691 2219 1745 dimicans
2241 1693 2381 1757 vicit,
2412 1695 2463 1746 in
2488 1711 2588 1763 quo
2615 1695 2744 1748 bello
2769 1713 2894 1763 pene
2911 1714 3166 1768 nunquam
3195 1703 3418 1768 amplius

1834 1783 2078 1837 Romana:
2104 1795 2418 1855 consumpta:
2455 1797 2574 1840 sunt
2603 1790 2755 1855 vires,
2789 1792 3040 1859 totiusque
3081 1791 3280 1862 imperii
3312 1795 3422 1861 for-

141 1881 542 1936 Christianorum
565 1893 851 1936 servaturos
879 1883 1206 1949 spondentes.
1240 1879 1412 1951 Igitur
1445 1891 1564 1951 post
1587 1880 1726 1935 Con-
1755 1859 1803 1918 Β
1832 1886 1952 1928 tuna
1978 1877 2324 1945 pessumdata.
2352 1875 2550 1930 Dehinc
2574 1880 2730 1944 enim,
2763 1896 2877 1933 cum
2912 1897 2967 1935 se
3015 1859 3338 1952 Magnentius
3365 1886 3422 1941 in

140 1980 323 2031 stantis
352 1993 573 2043 necem,
606 1970 912 2046 Magnentio
951 1975 1187 2045 Italiam,
1221 1977 1485 2041 Africam,
1529 1975 1728 2030 Gallias

138 2071 428 2136 obtinente,
470 2073 630 2126 etiam
680 2070 950 2141 Illyricum
977 2085 1064 2124 res
1107 2084 1272 2124 novas
1310 2075 1338 2115 b
1387 2069 1586 2123 habuit.
1638 2065 1727 2122 Ve-

139 2163 297 2216 tranio
325 2164 460 2216 enim
488 2163 730 2232 magister
750 2162 968 2216 militum
989 2162 1056 2214 ad
1076 2161 1350 2231 imperiunt
1374 2162 1426 2214 in
1456 2160 1728 2213 Pannonia

139 2258 266 2320 apud
293 2254 348 2308 M
355 2273 527 2309 ursam
549 2272 794 2310 consensu
817 2256 1036 2309 militum
1059 2255 1245 2309 electus
1264 2265 1357 2309 est.
1382 2254 1550 2321 Quem
1571 2269 1729 2323 gran-

138 2349 342 2402 daevum
367 2349 502 2418 jam,
531 2358 584 2404 et
609 2347 816 2402 cunctis
843 2348 1128 2403 amabilem
1158 2348 1507 2401 diuturnitate
1526 2388 1541 2411 ,
1567 2356 1619 2400 et
1650 2345 1728 2401 l'e-

140 2442 332 2496 licitate
363 2441 564 2496 militiae
586 2443 650 2494 atl
684 2439 936 2495 tuendum
971 2441 1235 2511 Illyricum
1269 2440 1561 2510 principem
1587 2456 1721 2496 crea-

139 2543 344 2599 verunt,
375 2535 544 2589 virum
571 2534 817 2604 probum,
842 2544 890 2589 et
928 2544 1165 2590 veterum
1195 2550 1426 2598 morum,
1453 2550 1516 2590 ac
1531 2535 1725 2602 jucun-

138 2628 210 2681 dae
238 2626 535 2694 civilitatis,
567 2629 661 2682 sed
695 2628 931 2681 omnium
974 2628 1266 2683 liberalium
1304 2628 1496 2682 artium
1537 2643 1728 2697 exper-

140 2725 255 2785 tem,
275 2718 418 2774 adeo
440 2729 495 2773 ut
517 2735 584 2774 ne
600 2720 864 2774 elementa
885 2720 1097 2788 quidem
1119 2721 1408 2789 primarum
1430 2720 1725 2774 litterarum

140 2809 227 2863 nisi
257 2811 579 2879 grandaevus
603 2851 618 2874 ,
649 2818 704 2864 et
727 2810 836 2879 jam
871 2811 1163 2879 imperator
1206 2821 1227 2848 ε
1258 2809 1542 2879 acceperit.
1587 2810 1728 2864 Tunc

139 2900 464 2956 Constantius
498 2903 775 2972 imperator
811 2901 1024 2956 Gallum
1062 2904 1345 2972 patruelem
1387 2918 1534 2956 suum
1562 2900 1728 2956 Caesa-

139 3011 232 3047 rem
263 2995 412 3064 fecit,
447 2996 528 3047 cui
569 3011 750 3048 nomen
781 3011 929 3048 suum
957 2997 1254 3062 imponens,
1295 2993 1505 3065 Syriam
1549 2995 1728 3048 Antio-

140 3088 254 3139 chia
280 3087 612 3140 habitandam
639 3087 934 3154 destinavit,
960 3098 1012 3140 ut
1035 3098 1205 3159 partes
1237 3104 1325 3162 per
1353 3103 1467 3141 eum
1503 3086 1727 3141 custodi-

1834 1965 2047 2021 Italiam
2075 1971 2360 2037 recepisset,
2381 1972 2520 2038 apud
2553 1971 2786 2026 Ticinum
2816 1977 2985 2041 plures
3033 1977 3188 2045 fudit,
3241 1990 3311 2045 et,
3362 1989 3422 2035 ut

1830 2062 2043 2115 victoria
2057 2063 2204 2129 solet,
2221 2063 2466 2116 audacius
2481 2077 2850 2136 persequentes,
2866 2068 3160 2138 veniensque
3180 2071 3418 2137 Romam,

1829 2155 2020 2207 multos
2049 2157 2256 2219 peremit
2283 2166 2541 2210 senatores
2569 2168 2614 2211 et
2667 2162 2904 2228 populos.
2932 2160 3112 2231 Ibique
3140 2181 3420 2234 agnoscens

1830 2245 2020 2299 vicinos
2049 2263 2157 2301 esse
2186 2259 2362 2300 contra
2402 2264 2454 2302 se
2501 2250 2684 2303 milites
2733 2251 3038 2324 Constantii,
3096 2259 3303 2310 accessit
3353 2258 3423 2311 ad

1833 2339 2022 2393 Callia:
2049 2352 2222 2408 partes
2241 2343 2588 2396 occidentalis.
2616 2345 2841 2411 Cumque
2859 2350 3018 2400 multa
3042 2359 3085 2402 et
3118 2350 3423 2417 gravissima

1829 2432 1954 2485 inibi
1983 2435 2163 2502 praelia
2189 2434 2239 2486 in
2271 2433 2544 2488 alterutros
2574 2447 2884 2500 et'ercerent,
2929 2441 3080 2492 modo
3133 2442 3240 2505 isti,
3271 2444 3423 2498 modo

1831 2527 1908 2579 illi
1931 2526 2139 2579 victores
2166 2543 2275 2579 esse
2305 2528 2621 2584 videbantur.
2658 2529 2946 2584 Novissime
2983 2543 3149 2585 autem
3198 2534 3424 2590 det-ictus

1834 2603 2162 2686 Magnentius
2183 2619 2338 2687 fugit,
2372 2619 2641 2687 vidensque
2675 2619 2884 2686 milites,
2941 2622 3087 2689 quasi
3133 2624 3195 2676 de
3244 2623 3420 2686 perdi-

1830 2712 1965 2765 tione
1993 2715 2186 2778 tristes,
2217 2723 2357 2766 stans
2380 2714 2647 2767 excelsiori
2688 2732 2771 2768 eos
2815 2717 3069 2769 nitebatur
3095 2718 3422 2775 alloctttionis

1830 2809 2197 2861 consuetudine
2241 2809 2550 2874 confortare.
2607 2809 2750 2862 'I'unc
2807 2810 2885 2862 illi
2941 2812 3166 2879 fat-orem
3211 2813 3422 2866 solitum

1833 2900 2134 2971 Magnentio
2166 2903 2398 2956 exhibere
2444 2904 2632 2972 parati,
2686 2904 2850 2967 inviti,
2882 2914 2928 2955 et
2970 2903 3194 2957 nolentes
3222 2907 3420 2958 clama-

1829 3005 2007 3046 verunt
2032 3010 2204 3048 omnes
2227 3011 2329 3046 una
2353 3011 2470 3047 voce
2499 3010 2516 3046 :
2549 2993 2816 3048 Constanti
2856 2997 3102 3064 Auguste,
3141 3006 3194 3048 tu
3225 2996 3420 3052 vincas.

1833 3087 1947 3140 Hoc
1971 3090 2246 3160 augurium
2275 3087 2602 3156 Magnentius
2628 3091 2786 3143 traxit
2816 3093 2884 3142 ad
2931 3090 3274 3158 semetipsum,
3303 3100 3420 3145 tan-

101 3191 104 3194 '
141 3189 309 3231 rentur
339 3179 647 3234 Orientales.
688 3179 803 3244 Quo
832 3181 900 3232 ad
937 3178 1261 3232 Antiochiam
1300 3179 1558 3243 veniente,
1589 3179 1725 3231 circa
1756 3173 1980 3290 C'quam
2013 3181 2056 3233 ei
2087 3181 2328 3233 divinitus
2363 3179 2723 3234 concederetur
2763 3181 3055 3248 imperinnt,
3094 3192 3141 3235 et
3187 3190 3420 3254 pr0pter-

145 3273 230 3290 ιι·
299 3286 308 3290 _
452 3275 463 3286 ι
855 3275 885 3290 ο-
932 3275 940 3284 ·
1017 3289 1026 3290 κ
1083 3274 1094 3290 ι
1167 3274 1228 3290 J',
1271 3272 1306 3290 ll
1382 3281 1580 3290 .-__,.4-
1636 3270 1698 3290 [τί
1845 3288 1853 3290 μ
1951 3274 2004 3290 ,l
2047 3273 2191 3290 ,,l.,.'
2321 3272 2492 3290 n,..l,L
2539 3281 2552 3290 Δ
2617 3272 2700 3290 ιικγ
2821 3272 2918 3290 ιἰμ
2993 3289 2998 3290 γ
3052 3283 3092 3290 ιγ
3135 3272 3206 3290 νΙ“
3249 3289 3254 3290 γ
3309 3284 3321 3290 ι

142 3273 392 3328 Orientem
417 3275 620 3346 signum
645 3275 885 3345 apparuit
926 3275 975 3327 in
1003 3274 1126 3327 ctelo
1151 3274 1232 3326 die
1260 3272 1603 3327 Pentecostes.
1634 3270 1726 3326 Co-

139 3369 305 3422 lumna
339 3385 557 3439 namque
581 3368 674 3422 sub
703 3368 870 3439 specie
905 3369 1069 3421 crucis
1099 3368 1151 3419 in
1181 3365 1306 3420 ctelo
1338 3367 1441 3420 visa
1471 3373 1577 3429 est,
1613 3381 1726 3435 spe-

139 3461 254 3514 ciem
296 3462 506 3516 luminis
554 3460 740 3515 habens
784 3471 1042 3515 extensum
1083 3478 1113 3512 a
1159 3459 1416 3532 Golgotha
1462 3477 1617 3530 usque
1657 3461 1724 3514 ad

139 3565 352 3608 montem
381 3556 666 3608 Oliuarum.
702 3552 766 3607 In
794 3555 1008 3607 circuitu
1037 3564 1204 3608 autem
1234 3555 1344 3624 ejus
1378 3569 1565 3606 corona
1589 3562 1720 3621 erat,

139 3647 260 3700 velut
285 3644 445 3699 Iridis
471 3647 688 3715 speciem
718 3645 924 3698 habens.
961 3643 1076 3697 Hoc
1102 3653 1146 3697 et
1176 3644 1502 3698 Constantius
1541 3643 1723 3698 Callus

139 3740 274 3794 cidit.
321 3738 526 3792 Interea
565 3736 893 3792 Constantius
940 3740 1200 3808 Augustus
1228 3741 1292 3790 atl
1337 3737 1592 3790 ultionem
1623 3738 1721 3790 ira-

143 3841 297 3888 ternte
343 3831 490 3887 necis
519 3831 718 3886 bellum
748 3831 905 3885 civile
933 3831 958 3870 ά
988 3843 1352 3885 commoverat
1397 3839 1724 3884 castrameta-

143 3933 214 3975 tus
253 3925 304 3975 in
350 3921 639 3992 Illyricum.
689 3919 909 3990 Cogebat
957 3921 1093 3973 enim
1139 3936 1251 3973 eum
1299 3923 1542 3988 fraterna:
1588 3920 1721 3973 necis

144 4014 287 4084 uitio,
309 4028 353 4070 et
379 4018 599 4070 maxime
637 4012 983 4078 Vetranionis,
1013 4014 1098 4082 qui
1135 4029 1224 4080 per
1255 4014 1438 4067 milites
1458 4013 1722 4081 Augustus

147 4110 297 4172 fuerat
327 4110 510 4177 factus.
541 4107 762 4176 Cumque
791 4108 996 4160 venisset
1027 4105 1312 4171 Sirmium,
1351 4117 1524 4158 mutuo
1562 4105 1721 4173 foede-

146 4201 270 4256 rtbus
297 4202 476 4256 habitis
510 4199 865 4254 Vetranionem
886 4201 1031 4253 vidit.
1065 4198 1381 4266 Factumque
1406 4206 1552 4252 estut
1588 4198 1721 4250 utili-

148 4303 207 4346 ies
235 4296 318 4364 qui
357 4311 468 4348 eum
513 4295 880 4348 constituerant
927 4292 1200 4345 transirent
1239 4293 1305 4343 ad
1334 4291 1557 4359 favorem
1587 4290 1722 4345 Con-

149 4387 304 4439 stantii
341 4402 361 4440 .'
402 4403 502 4455 quo
546 4386 712 4456 facto,
760 4387 925 4440 solum
967 4383 1323 4438 Constantium
1363 4385 1718 4453 imperatorem

150 4481 414 4549 Augustum
443 4495 562 4532 vote
599 4480 754 4532 missa
779 4477 1145 4530 clamareruut.
1176 4476 1402 4544 Cumque
1439 4480 1500 4530 de
1539 4475 1719 4530 Vetra-

148 4573 282 4627 nione
305 4575 448 4628 nulla
477 4574 717 4628 memoria
747 4574 887 4641 ﬁeret
905 4614 920 4639 ,
952 4571 1039 4624 ille
1065 4582 1265 4640 repente
1289 4573 1451 4625 sciens
1477 4588 1529 4626 se
1557 4573 1716 4625 tradi—
1743 4610 1796 4670 Β

149 4675 270 4733 tum,
299 4669 364 4720 ad
405 4668 556 4738 pedes
596 4683 650 4722 se
683 4667 953 4737 prostravit
995 4665 1336 4734 imperatoris.
1378 4663 1546 4719 Porro
1583 4663 1715 4720 Con-

146 4763 340 4815 stantius
387 4763 627 4832 auferens
677 4761 721 4812 ei
762 4775 1039 4826 coronant,
1096 4761 1248 4812 simul
1297 4770 1343 4812 et
1398 4775 1713 4829 purpuram,

145 4853 394 4907 clementer
416 4855 460 4906 ei
485 4853 688 4905 locutus
712 4860 807 4916 est,
831 4866 1038 4904 monens
1061 4861 1110 4903 ut
1135 4854 1227 4904 sub
1248 4853 1501 4904 schemate
1522 4853 1717 4918 privato

143 4944 431 5011 quiesceret,
461 4944 601 5014 quod
642 4944 753 5014 ejus
783 4943 956 5012 utique
993 4944 1130 4996 aetati
1161 4944 1534 4996 conuenientius
1563 4959 1718 5013 quam

142 5035 313 5091 habere
340 5052 520 5091 nomen
553 5035 984 5090 sollicitudinibus
1029 5044 1338 5091 onustatum.
1381 5034 1642 5105 Jussitque
1671 5038 1719 5090 ei

139 5141 359 5200 sumptus
404 5129 687 5184 uberrimos
731 5144 794 5182 ex
836 5127 1053 5182 publicis
1095 5127 1440 5198 functionibus
1469 5129 1712 5194 exhiberi,

205 5309 230 5337 ι
259 5293 346 5362 A.,
379 5290 610 5362 dubium.

203 5370 230 5410 δ
261 5357 364 5418 Af:
385 5361 603 5424 Habuit,
639 5357 948 5414 Vetranione
970 5359 1036 5410 ad
1064 5358 1190 5428 imp.
1227 5374 1473 5412 consensu
1497 5357 1713 5412 militum

135 5435 304 5489 electo.
340 5435 524 5498 Quem,
555 5441 660 5486 etc.

205 5519 224 5596 ξ
345 5525 357 5558 :
389 5503 667 5596 acceperit.
701 5502 806 5596 Sed
826 5499 1318 5596 fs-Con‘stant‘ioggui
1344 5499 1433 5596 ad;
1461 5508 1568 5596 etc:

202 5573 227 5613 ἀ
263 5579 326 5631 Δ.
354 5595 367 5628 :
397 5571 765 5638 Commoverat,
791 5573 1089 5642 abrogatunt
1117 5582 1191 5625 est
1219 5571 1518 5624 Vetrattioni
1547 5575 1711 5640 impe-

135 5657 259 5701 rium
279 5649 450 5710 {novo
481 5647 820 5714 inusitatoque
855 5661 1014 5706 more,
1045 5660 1286 5695 con:.ensu
1313 5643 1530 5694 militum
1555 5646 1707 5714 depo-

135 5728 246 5772 nere
265 5722 458 5787 insigne
485 5713 763 5786 compulso.
794 5717 971 5770 Romae
992 5731 1191 5783 quoque
1211 5719 1456 5787 tumultus
1481 5714 1575 5780 fuit
1601 5713 1708 5766 Ne-
1777 5761 1780 5764 .

136 5793 334 5848 potiano
363 5786 685 5845 Constantini
713 5792 902 5842 sororis
929 5788 1038 5852 ﬁlio
1078 5801 1166 5854 per
1211 5786 1571 5852 gladiatoriam
1603 5802 1714 5837 ma-

133 5869 257 5917 nunt
273 5864 546 5934 imperium
571 5860 880 5930 vindicanle,
929 5858 1016 5930 qui
1055 5856 1199 5913 stevis
1247 5857 1472 5910 exordiis
1500 5857 1712 5926 dignum

1831 3288 1888 3326 ea
1937 3274 2004 3325 ad
2039 3273 2284 3326 ulteriora
2317 3272 2572 3326 tendebat.
2610 3272 2950 3341 Sequentibus
2979 3283 3146 3326 autem
3167 3272 3422 3329 Constan-

1828 3367 1886 3419 tii
1916 3366 2160 3422 militibus
2187 3368 2323 3419 circa
2349 3374 2571 3420 montem
2597 3365 2871 3420 Seleucum
2887 3365 3022 3435 facta
3039 3370 3418 3438 congressione,

1827 3455 1968 3510 solus
2019 3458 2219 3527 fugiens
2255 3458 2384 3509 venit
2442 3458 2492 3510 in
2540 3455 2932 3526 Lugdunensem
2965 3457 3156 3526 urbem,
3189 3474 3424 3532 compre:

1828 3551 2152 3618 hendensque
2192 3566 2340 3602 suam
2389 3559 2620 3614 matrem,
2654 3560 2698 3603 et
2741 3551 2952 3620 fratrem
2977 3553 3246 3613 seniorem,
3270 3569 3422 3623 quem

1827 3643 1895 3695 ad
1923 3646 2137 3698 tuendas
2165 3643 2365 3698 Callias
2390 3643 2643 3697 Ctesarem
2671 3647 3020 3711 constituerat,
3064 3647 3272 3702 occidit.
3306 3645 3422 3702 Nec

1826 3736 1986 3789 multa
2016 3746 2133 3806 post
2165 3753 2195 3788 a
2229 3735 2513 3790 Constantii
2537 3739 2780 3790 militibus
2809 3738 2997 3791 ibidem
3028 3751 3421 3812 coangustatus,

1825 3829 2004 3900 gladio
2028 3829 2224 3882 occulte
2241 3830 2464 3898 proviso,
2484 3829 2637 3882 ictum
2655 3830 2804 3899 pulsu
2825 3833 3233 3900 parietisjuvans
3251 3841 3423 3887 trans-

1827 3927 1964 3994 fosso
1987 3923 2168 3986 latere,
2207 3931 2259 3974 ut
2313 3931 2420 3976 erat
2442 3922 2570 3974 vasti
2599 3924 2848 3992 corporis,
2901 3921 3225 3992 naribusque,
3258 3933 3303 3976 et
3333 3939 3423 3981 ore

1825 4031 2051 4069 cruorem
2071 4014 2361 4079 e/fundens,
2392 4030 2561 4068 mense
2589 4015 2791 4082 imperii
2815 4017 3208 4083 quadragesimo
3234 4031 3418 4070 secun-

1825 4111 1912 4174 do,
1945 4109 2110 4162 (etatis
2140 4123 2299 4178 prope
2327 4107 2766 4182 quinquagesimo,
2819 4107 3111 4174 exspiravit,
3155 4123 3292 4160 anno
3319 4093 3417 4184 ius}

1815 4185 1952 4270 perii
1983 4198 2267 4252 Constantii
2289 4208 2454 4263 sexto,
2493 4207 2538 4251 et
2596 4197 2735 4252 Galli
2785 4195 3069 4252 Constantii
3115 4202 3416 4276 consulatus

1825 4308 1963 4344 anno
1995 4289 2240 4354 secundo,
2264 4305 2390 4343 xvut
2422 4288 2684 4342 Kalendas
2705 4289 3042 4357 Septembris.
3065 4287 3190 4345 Fuit
3207 4293 3250 4346 is
3268 4303 3412 4369 ortus

1824 4385 2116 4454 parentibus
2143 4384 2392 4448 barbaris,
2412 4385 2497 4448 qui
2521 4381 2748 4436 Galliam
2782 4384 3159 4438 inhabitabant.
3183 4385 3413 4460 Legendi

1822 4478 1990 4531 studio
2018 4486 2304 4547 promptus,
2329 4491 2558 4530 sermone
2586 4491 2720 4541 acer,
2753 4477 2910 4529 animi
2941 4478 3126 4530 tumidi
3157 4488 3203 4532 et
3228 4465 3416 4552 immeo:

1823 4572 1942 4639 dici,
1966 4572 2194 4634 timidus,
2228 4572 2418 4641 artifex
2442 4580 2612 4624 tamen
2648 4570 2716 4622 ad
2775 4572 3135 4626 occultandam
3180 4574 3413 4632 audacia

1819 4665 1986 4731 specie
2015 4664 2362 4733 formidinem.
2396 4663 2530 4736 Ejus
2560 4673 2720 4718 morte
2751 4664 2954 4730 audita,
3001 4664 3274 4723 Decentius
3300 4669 3412 4739 fra-

1821 4766 1895 4808 ter
1922 4758 2035 4827 ejus
2059 4757 2234 4822 laqueo
2258 4755 2418 4824 fascia
2455 4757 2738 4822 composito
2787 4756 2942 4808 vitam
2993 4756 3177 4824 ﬁnivit.
3227 4757 3292 4812 In
3331 4760 3414 4819 his

1820 4863 1936 4914 ergo
1976 4844 2171 4913 prceliis
2214 4846 2456 4914 ingentes
2501 4843 2728 4899 Romani
2779 4846 2989 4914 imperii
3045 4845 3065 4885 ί
3109 4850 3250 4905 vires
3280 4866 3412 4929 con-7

1819 4952 2045 5012 sumptae
2063 4952 2210 5008 sunt,
2232 4942 2298 4996 ad
2323 4943 2580 5014 qualibet
2608 4944 2746 4998 bella
2775 4954 3002 5000 externa
3026 4944 3257 5013 idoneae,
3286 4961 3409 5017 qua

1822 5037 2048 5090 multum
2080 5037 2473 5106 triumphorum
2501 5046 2718 5105 possent
2771 5039 3178 5110 securitatisque
3211 5048 3236 5116 ξ
3267 5054 3411 5117 con-7

1820 5129 1978 5186 ferre.
2007 5129 2112 5186 Sed
2140 5146 2297 5200 neque
2327 5131 2398 5185 sic
2427 5133 2562 5186 circa
2585 5133 2819 5204 rempub.
2843 5135 2986 5203 quies
3032 5135 3210 5189 evenit.
3264 5131 3407 5210 Nam

1818 5290 2030 5344 exitium
2055 5301 2230 5343 nactus
2257 5299 2360 5352 est;
2390 5290 2633 5354 vigesimo
2667 5289 2799 5342 enim
2828 5298 2877 5344 et
2912 5297 3086 5343 octavo
3113 5289 3196 5342 die
3223 5305 3255 5341 a
3278 5287 3402 5342 Ma-

1817 5361 2100 5430 gnentianis
2124 5361 2341 5430 ducibus
2368 5376 2639 5429 Oppressus
2660 5377 2834 5427 poenas
2876 5361 3034 5413 dedit.
3072 5358 3256 5429 Caput,
3289 5367 3382 5426 etc_

1892 5440 1914 5468 °
1949 5435 2010 5484 Λ.
2042 5449 2052 5482 :
2087 5429 2338 5484 Fuerunt.
2373 5430 2491 5484 Non
2548 5435 2708 5484 multo
2751 5440 2863 5499 post
2906 5430 3230 5501 Magnentius
3258 5429 3400 5501 apud

1819 5501 2046 5556 Nursam
2078 5503 2376 5572 pro/ligatus
2407 5503 2516 5554 acie
2559 5512 2652 5565 est,
2696 5519 2756 5554 ac
2783 5518 2908 5571 pene
2949 5499 3148 5570 captus.
3192 5499 3401 5570 lngené

1819 5585 1910 5631 tes.
1953 5584 2057 5627 εις.
2983 5629 2987 5640 .

1894 5644 1912 5682 ί
1943 5647 2006 5698 Α.
2045 5661 2058 5698 :
2090 5643 2236 5696 Vires
2262 5660 2320 5695 ea
2351 5643 2678 5696 dimicatione
2703 5656 3033 5712 consumptae,
3069 5655 3174 5702 etc.
3241 5691 3246 5694 .

1892 5725 1917 5763 ε
1949 5719 2013 5769 Α.
2048 5732 2062 5767 :
2089 5715 2349 5784 Conferre.
2385 5715 2582 5767 Orienti
2607 5732 2723 5766 mox
2743 5735 2774 5767 a
2795 5713 3092 5770 Constantio
3123 5713 3304 5784 Cti’s'at’,
3319 5721 3400 5769 est

1818 5788 1969 5867 datus
1989 5787 2158 5866 patrui
2184 5782 2321 5866 filius
2345 5784 2549 5848 Gallus,
2585 5785 3001 5867 lll‘agncntiusqne
3021 5782 3231 5867 diversis
3256 5799 3397 5867 pris.-s

1817 5858 1899 5914 liis
1924 5855 2079 5913 victus
2107 5858 2204 5912 vim
2235 5858 2346 5912 vita:
2367 5873 2471 5911 sua:
2501 5861 2642 5927 apud
2653 5855 2980 5928 Lugdunum
3003 5859 3170 5913 attulit
3191 5855 3396 5926 imperii
