3918 6344
1426 312 1634 373 PAULI
1670 309 1945 370 DIACONI
1983 308 2136 366 OPP.
2176 308 2358 368 PARS
2392 311 2434 367 l.
2478 337 2548 354 --
2586 311 2974 372 HISTORICA.
3619 331 3691 398 m

538 442 656 507 post
683 431 948 506 paululum
971 430 1109 504 apud
1130 429 1469 488 occidentales
1494 430 1712 497 Gallias,
1749 429 1988 486 Silvanus
2009 427 2125 498 qui-
2152 425 2208 491 Δ
2230 430 2402 500 ﬁceret
2429 430 2481 485 in
2511 430 2784 496 rhetorica,
2812 432 3094 501 supervenit
3125 433 3175 486 in
3198 431 3466 496 Nicomeata
3507 441 3695 510 Navim

539 527 661 584 dum
685 538 766 581 res
792 540 948 580 novas
970 523 1196 589 molitus,
1229 533 1474 594 tyrannus
1496 532 1567 578 est
1607 529 1833 584 exortus,
1865 535 2012 591 quem
2035 518 2128 572 du-

537 633 632 683 ees
645 618 930 674 Constantii
955 617 1196 688 vigesimo
1219 626 1394 671 octavo
1422 615 1504 671 die
1522 615 1806 686 perimunt.
1838 609 1966 667 Fuit
1988 612 2130 683 inge-

539 712 630 766 nio
670 710 1055 775 blandissimus,
1105 725 1400 781 quanquam
1445 707 1666 763 barbaro
1713 719 1858 778 patre
1909 705 2127 778 genitus,

541 812 712 858 tamen
752 804 1080 858 institutione
1126 804 1361 857 Romana
1416 803 1541 856 satis
1585 803 1778 870 cultus,
1829 806 1877 854 et
1907 800 2130 868 patiens.

540 895 712 954 Porro
728 897 902 954 ,Ξυάωὶ
925 899 980 953 in
1006 898 1332 955 Dioctrsarea
1356 893 1644 950 Pala'stime
1667 894 1942 948 residentes
1969 892 2135 946 vicina

541 987 658 1044 loca
686 989 980 1056 turbabant,
1005 999 1053 1043 et
1103 999 1358 1043 sumentes
1385 1004 1531 1040 arma
1578 985 1843 1040 tentabant
1889 983 2138 1038 resultare

541 1082 812 1138 Romanis.
848 1083 974 1139 Post
999 1085 1109 1138 haec
1133 1086 1306 1154 itaque
1345 1081 1529 1138 Gallus
1572 1079 1747 1135 Crrsar
1797 1098 1914 1134 cum
1956 1079 2139 1133 Antio—

541 1176 670 1228 chiae
693 1176 916 1245 degeret,
945 1177 1170 1230 exercitu
1221 1176 1473 1229 destinato
1514 1190 1599 1228 eos
1647 1174 1921 1239 interfecit,
1954 1172 2135 1226 civita-

543 1273 743 1336 temque
771 1268 1000 1320 vastavit.
1025 1265 1250 1336 Cumque
1276 1268 1372 1322 sibi
1399 1269 1653 1321 videretur
1679 1283 1922 1336 prospere
1950 1266 2137 1335 gessis-

539 1373 614 1421 se,
646 1358 934 1426 felicitatem
959 1375 1060 1412 non
1091 1361 1280 1424 ferens,
1324 1361 1535 1413 accessit
1580 1361 1648 1412 ad
1703 1361 2049 1430 tyrannidem,
2095 1367 2140 1410 et

539 1447 811 1503 insinuans
863 1451 1162 1518 imperatori
1209 1470 1353 1506 suam
1414 1454 1783 1516 intentionem,
1841 1466 2139 1522 qna'storem

539 1541 785 1594 vocabulo
813 1539 1087 1614 Magnum,
1114 1553 1158 1595 et
1192 1542 1540 1595 Domitianum
1580 1547 1879 1613 pra’fectunt
1917 1542 2142 1598 Orientis

541 1637 744 1689 occidit.
777 1635 854 1689 0b
875 1653 1032 1708 quam
1056 1653 1163 1690 rem
1185 1637 1514 1691 Constantius
1559 1639 1879 1705 indignatus,
1923 1638 2142 1692 erocavit

539 1745 675 1785 cum.
723 1729 824 1795 Qui
863 1747 979 1783 cum
1033 1742 1357 1785 contemnere
1403 1749 1503 1784 non
1551 1733 1762 1798 valeret,
1812 1731 2046 1804 pergebat
2076 1731 2144 1784 ad

2235 527 2591 594 philosOphus,
2635 544 2736 590 non
2779 529 2870 596 ille
2918 527 3198 604 Byzantius
3246 542 3376 600 pater
3421 533 3615 608 Euclidis,
3641 551 3699 612 κε

2235 613 2509 683 Ephesius,
2542 635 2688 692 quem
2722 628 2903 690 postea
2929 625 3075 690 quasi
3096 630 3228 676 artes
3255 628 3450 694 magicas
3478 648 3702 698 exercth

2241 703 2637 762 Valentinianus
2670 711 2954 780 imperator
2991 714 3230 784 pracepit
3257 718 3418 772 occidi.
3456 721 3572 782 Tunc
3601 729 3705 798 igitur

2235 817 2338 856 non
2368 803 2429 858 ob
2451 806 2609 857 aliam
2631 820 2838 860 causam
2871 805 3232 862 Nicomediam
3254 825 3451 882 venerat,
3470 818 3552 882 nisi
3568 820 3708 886 ,Ιιιιὶηιμ

2240 894 2383 964 fama
2412 907 2717 964 protractus.
2744 900 2896 968 Apud
2923 917 3090 976 quem,
3120 919 3232 955 cum
3269 901 3484 970 Julianus
3501 912 3614 972 verba
3633 917 3709 979 pi";

2239 981 2506 1056 losophica
2550 1003 2929 1062 pra’gustasset,
2990 994 3136 1059 erepit
3175 995 3319 1048 etiam
3369 999 3554 1060 di-ctoris
3581 1003 3711 1070 imiimi

2238 1077 2554 1148 religionem.
2589 1077 2646 1134 Is
2675 1082 2804 1134 enin
2835 1084 2989 1138 etiam
3010 1084 3202 1158 imperii
3225 1088 3484 1158 cupidinem
3501 1091 3543 1154 ῇη
3560 1095 3713 1148 anim".

2241 1172 2352 1239 ejus
2383 1173 2679 1227 immiserat.
2707 1171 2932 1248 Cumque
2962 1177 3067 1230 hate
3098 1193 3199 1229 non
3243 1177 3440 1233 laterent
3465 1199 3584 1235 aures
3605 1187 3714 1254 impe-

2243 1268 2455 1332 rutpris,
2483 1266 2613 1318 inter
2640 1275 2825 1318 metum
2858 1284 3097 1340 spemque
3145 1271 3450 1337 constitutus,
3475 1275 3717 1346 suspicionem

2244 1357 2406 1408 celare
2430 1360 2622 1418 im’ens,
2647 1359 2767 1426 quia
2793 1361 2880 1434 qui
2909 1361 3108 1413 dudum
3149 1363 3335 1428 integer
3362 1363 3508 1434 fuerat
3546 1365 3719 1422 Christia-

2245 1466 2362 1513 nus,
2387 1461 2559 1520 posha
2591 1453 2827 1518 proditor
2869 1463 2939 1506 est
2982 1454 3216 1524 effectus,
3267 1467 3427 1510 tonsus
3470 1460 3722 1516 monachicam

2244 1541 2521 1594 simulabat
2551 1543 2726 1606 vitam,
2747 1554 2794 1597 et
2820 1544 3035 1598 latenter
3066 1549 3270 1617 quidem
3298 1549 3577 1604 exercebatur
3598 1552 3634 1602 in
3650 1553 3721 1618 phi-

2247 1633 2531 1703 losOphica,
2562 1635 2616 1688 in
2666 1636 2936 1708 manifesto
2986 1649 3156 1691 autem
3213 1657 3376 1692 sacros
3425 1637 3725 1704 Christianorum

2249 1728 2442 1798 legebat
2476 1729 2654 1784 libras.
2707 1729 2939 1802 Denique
2988 1733 3036 1786 in
3071 1732 3297 1787 Ecclesia
3331 1734 3598 1788 Nicomedia
3625 1735 3726 1788 lector

539 1823 850 1893 principem.
877 1822 1107 1892 Cumque
1129 1835 1305 1876 contra
1329 1826 1547 1877 insulam
1579 1822 1950 1878 Falconensem
1973 1826 2136 1877 venis-
2179 1819 2220 1888 Β
2248 1833 2322 1877 est
2368 1825 2697 1890 constitutus,
2732 1835 2778 1879 et
2812 1825 3008 1894 divinos
3039 1825 3250 1878 Codices
3280 1829 3329 1878 in
3360 1825 3544 1879 ecclesia
3568 1827 3729 1878 audienti

539 1927 616 1970 set
635 1957 652 1982 ,
685 1916 791 1970 illic
819 1933 934 1969 eum
965 1916 1290 1972 Constantius
1318 1921 1557 1990 μητρυιῆς
1587 1919 1830 1983 interimi,
1882 1935 2017 1972 anno
2049 1919 2140 1978 im-

543 2009 675 2077 perii
695 2011 778 2064 sui
813 2011 1049 2077 septimo,
1073 2021 1120 2066 et
1141 2015 1438 2066 consulatus
1469 2013 1628 2082 ipsius
1652 2010 1790 2065 Galli
1817 2029 1948 2064 anno
1975 2013 2141 2063 tertio.

541 2097 639 2154 Vir
668 2103 767 2168 fuit
795 2113 983 2156 ruitura
1016 2101 1181 2167 ferus,
1213 2113 1269 2157 et
1292 2106 1357 2157 ad
1395 2103 1731 2173 tyrannidem
1771 2104 1794 2130 "
1831 2104 2143 2172 promptior,

543 2190 592 2245 si
623 2205 719 2246 suo
762 2193 883 2262 jure
931 2195 1247 2262 imperareb
1295 2181 1554 2250 licuisset.
1607 2195 1766 2247 Solus
1821 2192 1874 2246 in
1925 2192 2150 2258 imperio

546 2279 792 2337 Romano
814 2298 880 2338 eo
911 2293 1149 2351 tempore
1163 2284 1510 2336 Constantius
1539 2284 1783 2351 princirps
1807 2292 1858 2337 el
1876 2283 2150 2350 Augustus

544 2386 572 2417 ο
601 2375 720 2431 fuit.
771 2375 924 2430 Nunc
969 2377 1128 2448 igitur
1151 2379 1213 2430 de
1237 2375 1460 2430 Claudio
1487 2375 1702 2430 Juliano
1733 2392 1898 2444 pauca
1929 2376 2148 2429 dicenda

543 2478 683 2530 sunt,
711 2469 924 2538 ejusque
948 2485 1148 2540 genere,
1174 2486 1235 2522 ac
1263 2471 1560 2535 disciplina,
1587 2480 1632 2521 et
1669 2469 1924 2538 quomodo
1965 2466 2152 2521 venerit

545 2559 616 2614 Id
635 2560 928 2630 imperium.
962 2560 1353 2626 Constantinus,
1373 2563 1461 2630 qui
1494 2562 1805 2632 Byzantium
1836 2579 1927 2615 suo
1952 2562 2154 2615 nomine

546 2649 1044 2723 Constantinopolim
1087 2653 1388 2724 appellavit,
1447 2655 1579 2707 tluos
1636 2653 1813 2708 habuit
1857 2670 1924 2708 ex
1977 2654 2156 2707 eodem

545 2753 716 2815 patre,
747 2762 850 2798 non
879 2761 943 2798 ex
963 2745 1144 2800 cadent
1189 2755 1374 2811 matre,
1406 2761 1696 2816 germanos.
1747 2744 1978 2812 Quorum
2021 2761 2154 2798 unus

545 2833 868 2904 Dalmatius,
911 2840 1044 2894 alter
1091 2837 1424 2894 Constantius
1473 2839 1770 2892 vocabatur.
1827 2837 2156 2893 Constantius

545 2936 878 2986 autem-duos
907 2930 1087 2986 habuit
1115 2942 1284 2999 natos,
1331 2931 1544 2986 Gallum
1586 2942 1634 2986 et
1695 2931 1985 2988 Julianum.
2032 2931 2157 2986 Post

545 3035 762 3080 mortem
820 3027 1144 3081 Constantini
1209 3028 1497 3080 conditoris
1569 3025 2159 3097 Constantinopolitancc

545 3119 784 3182 civitatis,
821 3119 940 3172 dum
965 3120 1152 3174 milites
1173 3122 1438 3191 juniorem
1465 3117 1774 3173 Dalmatium
1798 3121 2153 3190 peremisscnt,

548 3219 686 3277 tunc,
713 3223 758 3267 et
781 3214 888 3272 isti.
923 3214 1101 3284 functo
1120 3213 1239 3283 jam
1268 3223 1430 3284 patre,
1475 3229 1601 3283 pene
1631 3215 1808 3267 mortis
1866 3213 2146 3283 periculum

551 3306 902 3361 sustinuerant
925 3322 1039 3357 cunt
1067 3303 1355 3376 Dalmatia,
1388 3305 1485 3358 nisi
1534 3303 1744 3359 Gallum
1772 3305 1975 3374 quidem
2005 3305 2152 3375 (egri-

554 3399 702 3460 tudo,
723 3413 841 3470 quae
888 3397 1169 3468 putabatur
1210 3397 1536 3460 inevitabilis,
1567 3398 1853 3466 liberasset,
1882 3396 2155 3453 Julianum

551 3501 679 3546 tetas
709 3489 986 3561 infantilis,
1016 3497 1128 3544 erat
1152 3490 1286 3544 enim
1308 3505 1561 3543 annorum
1593 3499 1726 3544 octo.
1753 3489 1982 3562 Cumque
2001 3490 2064 3544 ab
2085 3491 2157 3546 eis

553 3583 725 3657 fervor
753 3584 1079 3662 imperatoris
1118 3583 1406 3650 quievisset,
1459 3581 1649 3638 Callus
1707 3584 1843 3639 circa
1896 3582 2158 3654 Ephesum

552 3673 698 3745 apud
723 3675 958 3730 doctores
986 3685 1117 3744 erat,
1145 3675 1232 3729 ubi
1259 3676 1411 3728 etiam
1440 3691 1471 3729 a
1501 3677 1914 3747 progenitoribus
1959 3694 2161 3747 posses-

553 3767 725 3825 siones
753 3770 986 3823 habebat.
1023 3768 1188 3823 Porro
1210 3766 1456 3824 Julianus
1505 3785 1736 3824 crescens
1785 3771 1837 3824 in
1887 3772 2159 3825 auditoriis

555 3860 1146 3934 Constantiimpolitanw
1174 3864 1332 3930 urbis,
1365 3865 1694 3918 exercebatur
1713 3865 1768 3918 in
1810 3864 2045 3930 basilica,
2075 3866 2160 3920 ubi

559 3953 795 4012 doctores
818 3964 987 4022 eram,
1019 3954 1197 4009 habitu
1245 3956 1442 4024 privato
1502 3955 1798 4023 procedens,
1848 3956 2162 4027 habebatque

559 4051 903 4124 ptedagogum
928 4049 1221 4104 eunuchum
1246 4050 1452 4104 nomine
1481 4049 1834 4116 Mardonium,
1871 4051 2163 4122 grammati-

559 4156 679 4198 cum
722 4142 988 4197 Nicoclem
1019 4140 1391 4208 Laconensem,
1445 4142 1753 4196 rhetoricam
1806 4158 1921 4197 vero
1967 4145 2164 4215 legebat

557 4236 700 4307 apud
728 4231 756 4272 ⁸
779 4233 1086 4306 Ecybolium
1115 4232 1438 4300 Sophistam.
1498 4232 1622 4296 Erat
1666 4236 1798 4289 enim
1829 4232 2074 4289 Julianus
2097 4235 2160 4289 ab

559 4329 712 4384 initio
740 4328 1084 4384 Christianus.
1137 4327 1363 4397 Cumque
1409 4330 1621 4384 lectione
1677 4331 1968 4399 proﬁceret,
2009 4331 2164 4384 etiam

561 4422 704 4494 fama
732 4438 820 4498 per
848 4423 1097 4494 papulum
1121 4423 1388 4489 volitabat,
1421 4425 1544 4496 quia
1565 4435 1727 4496 posset
1757 4424 1908 4479 etiam
1930 4424 2162 4496 reinpub.

561 4513 866 4588 gubernare.
924 4513 1077 4586 Quod
1129 4515 1252 4568 dnsn
1286 4515 1438 4570 latius
1479 4519 1808 4586 panderetur,
1837 4519 2164 4572 cestuationes

561 4603 774 4663 induxit
824 4605 1123 4662 Constantio
1170 4609 1489 4676 imperatori.
1551 4610 1893 4686 Quamobrem
1922 4603 2222 4663 abstinuit‘

565 4710 684 4754 eum
709 4699 773 4753 ab
801 4697 924 4755 urbe
951 4701 1112 4770 regia,
1145 4709 1194 4755 et
1217 4701 1354 4756 misit
1381 4701 1758 4780 Nicomediam,
1788 4703 2085 4772 pracipiens
2109 4719 2172 4758 ne

565 4795 858 4848 conveniret
907 4796 1049 4864 apud
1096 4794 1373 4850 Libanium
1427 4797 1726 4868 Sophistam
1763 4795 1976 4868 Syrum.
2028 4794 2173 4850 Tunc

564 4887 704 4942 enim
734 4885 982 4942 Libanius
1007 4904 1041 4941 a
1086 4889 1385 4961 ptedagogis
1423 4886 1870 4958 Constantinopoli
1900 4886 2169 4958 expulsus,

568 4979 894 5039 Nicomedia
940 4982 1254 5039 morabatur.
1304 4980 1684 5038 Pruhibebatur
1743 4997 1864 5053 ergo
1925 4979 2172 5036 Julianus

566 5077 711 5151 apud
739 5077 1011 5133 Libanium
1033 5079 1216 5149 legere,
1240 5093 1299 5132 eo
1325 5078 1463 5149 quod
1510 5093 1750 5150 paganus
1796 5087 1946 5143 esset,
1977 5093 2173 5134 verum-

572 5178 743 5227 tamen
771 5169 1022 5227 librorum
1050 5171 1164 5242 ejus
1194 5169 1499 5226 lectionibus
1530 5168 1785 5236 utebatur,
1812 5185 2027 5224 cumaue
2053 5185 2174 5240 pro-

576 5406 718 5460 σηηο
739 5392 910 5458 tertio,
938 5406 1107 5444 mense
1129 5389 1552 5513 septimo,(frater
1573 5403 1775 5470 quoque
1794 5389 1908 5460 ejus
1930 5385 2175 5453 Senonis,

576 5477 730 5513 auem
774 5462 843 5513 d
873 5464 1088 5513 tuendas
1134 5460 1337 5513 Gallias
1408 5475 1625 5513 (εισι-σπι
1653 5469 1906 5513 emuerat.
1944 5457 2043 5513 Per
2069 5459 2175 5513 htzc

576 5457 730 5535 quem
774 5462 843 5516 ad
873 5457 1626 5535 tuendas_GalliasCtesarein
1653 5457 1918 5535 emiseiat.
1944 5457 2043 5513 Per
2069 5459 2178 5535 htec

579 5530 814 5598 tempore
840 5533 990 5588 etiam
1021 5549 1052 5586 a
1081 5530 1422 5586 Constantino
1481 5531 1653 5585 multis
1701 5530 1991 5586 incivilibus
2053 5531 2176 5587 estis

579 5602 768 5663 Gallus
798 5603 970 5660 Casar
991 5607 1190 5660 occisus
1211 5613 1304 5658 est.
1341 5601 1456 5670 Vir,
1484 5610 1592 5660 etc.

653 5679 682 5711 ⁸
713 5679 808 5747 Δ.,
840 5677 1084 5747 Pronior.

652 5751 687 5793 δ
719 5741 803 5804 Δί
838 5765 853 5802 :
902 5745 1174 5802 Licuisset.
1227 5743 1476 5818 Silvanus
1525 5760 1720 5818 quoque
1775 5743 1829 5798 in
1870 5741 2045 5799 Gallia
2084 5761 2178 5818 res

579 5831 742 5892 mas
791 5819 1001 5876 molitus
1052 5827 1175 5875 ante
1221 5817 1358 5872 diem
1413 5817 1546 5873 xxx’
1576 5819 1856 5874 exstinctus
1913 5825 2007 5871 est.
2071 5817 2174 5872 So-

2250 1916 2443 1982 pOpulo
2473 1915 2690 1986 legebat.
2722 1914 2889 1969 Porro
2915 1917 3006 1972 sub
3031 1919 3124 1971 hoc
3155 1920 3330 1980 hame
3361 1920 3556 1988 furorem
3575 1919 3730 1972 decliu-

2250 2011 2318 2062 vit
2349 2010 2685 2080 imperatoris.
2718 2005 2844 2061 lla'c
2870 2011 3100 2078 equidem
3143 2028 3240 2080 pro
3270 2012 3440 2072 timore
3474 2009 3734 2078 [αἰτιῶμαι

2250 2119 2505 2172 quaquam
2537 2120 2567 2156 a
2598 2121 2684 2169 spe
2707 2103 2962 2168 recedens,
2991 2121 3142 2172 quam
3177 2115 3338 2158 irente
3366 2113 3633 2176 conceperat,
3649 2105 3734 2158 dice-

2253 2196 2437 2262 batque
2460 2198 2696 2268 plurimis
2721 2199 3006 2252 amicorum
3025 2215 3253 2259 suorum,
3276 2199 3435 2268 felicia
3457 2198 3548 2270 fore
3568 2206 3737 2266 tempore,

2252 2289 2432 2360 quibus
2462 2291 2568 2360 ipse
2589 2307 2754 2343 rerum
2773 2293 3043 2364 potiretur.
3067 2289 3196 2346 Past
3214 2291 3418 2362 paulum
3443 2306 3542 2343 vero
3559 2298 3736 2360 perempto

2255 2365 2411 2436 Callo
2465 2382 2708 2437 Julianus
2758 2395 2959 2454 repente
3003 2384 3060 2451 fit
3108 2393 3372 2451 suspectus
3401 2382 3663 2448 imperatori,
3690 2379 3741 2450 qui

2254 2475 2407 2528 etiam
2439 2493 2553 2528 eum
2584 2477 2833 2528 custodiri
2863 2477 3123 2542 prthepit,
3147 2486 3196 2528 et
3225 2475 3343 2526 dum
3373 2475 3484 2542 fuga
3503 2473 3639 2548 lapsus
3663 2469 3744 2538 fsis-

2255 2577 2350 2633 set,
2388 2569 2584 2622 diversa
2617 2567 2978 2621 circumeundo
3001 2567 3232 2620 salvatus
3252 2576 3342 2621 est.
3367 2564 3546 2638 Vixque
3566 2578 3650 2622 sero
3665 2574 3745 2612 uxor

2256 2659 2584 2728 imperatoris
2617 2658 2837 2712 Eusebia
2867 2658 3084 2712 celatum
3115 2660 3392 2722 inveniens,
3424 2651 3746 2722 supplicantiu-

2256 2753 2506 2822 peratori,
2537 2759 2784 2819 quatenus
2815 2752 2945 2803 nihil
2972 2751 3097 2804 mali
3125 2761 3408 2821 pateretur,
3450 2745 3529 2801 sed
3564 2755 3606 2798 ut
3637 2741 3750 2812 potius

2259 2844 2329 2895 ad
2361 2841 2832 2913 philosOphandum
2880 2841 3164 2894 mitteretur
3218 2841 3455 2894 Athenas.
3501 2830 3752 2902 Capitigitlt

2259 2931 2504 2998 Julianus
2559 2933 2852 3003 imperialia
2895 2942 3097 3000 sceptra
3147 2933 3452 2985 desiderare.
3502 2924 3754 2995 Qiuunobrttll

2261 3029 2553 3092 discurrens
2596 3028 2882 3082 universam
2944 3025 3246 3090 llelladam,
3299 3039 3431 3077 rates
3472 3018 3754 3092 quarebstre-

2262 3138 2452 3191 sponsa
2480 3120 2772 3180 reddentes,
2798 3121 3068 3173 consulens
3091 3119 3135 3171 si
3165 3118 3237 3170 ad
3268 3133 3415 3171 suum
3449 3110 3668 3183 imperium
3684 3119 3757 3169 pef-

2263 3213 2468 3276 veniret,
2502 3211 2788 3280 invenitque
2816 3211 3002 3274 virum,
3047 3209 3136 3277 qui
3166 3209 3217 3262 ei
3261 3208 3536 3260 desiderata
3574 3217 3620 3254 se
3650 3198 3759 3251 dicere

2261 3306 2526 3377 fateretur.
2560 3301 2616 3358 Is
2647 3319 2764 3356 eum
2790 3305 3072 3368 perducens
3093 3303 3159 3354 ad
3185 3299 3455 3371 quemdam
3483 3293 3688 3350 idolorum
3707 3286 3758 3339 lo-

2261 3412 2399 3464 cum,
2423 3407 2471 3452 et
2503 3397 2846 3451 intromittens
2893 3397 2943 3448 in
2995 3393 3236 3468 adytum,
3287 3393 3561 3448 seductores
3585 3385 3763 3438 damon“

2261 3491 2506 3553 evocavit,
2534 3491 2718 3559 quibus
2740 3489 3035 3544 solemniter
3065 3486 3454 3558 apparentibus,
3501 3493 3658 3535 terrore
3679 3488 3765 3529 con-

2261 3582 2474 3653 pellitur
2503 3581 2746 3635 Julianus
2772 3583 2824 3636 in
2849 3584 3018 3649 fronte
3068 3597 3158 3634 sua
3194 3580 3367 3633 crucis
3409 3570 3680 3647 signaculum
3700 3567 3753 3635 {at

2262 3689 2425 3728 mare.
2459 3672 2605 3726 Tunc
2629 3675 2886 3726 dwmones
2918 3672 3098 3744 troptri
3141 3671 3393 3725 dominici
3437 3667 3631 3739 ﬁguram
3663 3653 3769 3722 ταρι-

2265 3766 2475 3829 cientes,
2503 3776 2708 3835 repente
2738 3765 3126 3832 disparuerunt.
3157 3762 3318 3829 Quod
3359 3770 3614 3830 agnoscens
3637 3760 3770 3818 lingit.

2264 3859 2414 3929 erepit
2435 3857 2649 3925 culpare
2676 3855 2968 3910 lulianum.
3020 3857 3082 3908 At
3126 3853 3219 3908 ille
3251 3864 3490 3906 terrorem
3529 3836 3771 3917 signiﬁcat“.

2266 3958 2314 4003 et
2341 3949 2510 4003 crucis
2537 3964 2591 4003 se
2622 3948 2753 4002 dixit
2782 3947 3102 4015 obstupuisse
3129 3947 3392 4010 virtutem,
3442 3957 3498 3996 eo
3526 3936 3640 4007 quod
3661 3931 3775 3986 vides-

2267 4051 2339 4098 tes
2368 4043 2462 4097 hoc
2491 4043 2692 4112 signum
2734 4043 2992 4096 dtemones
3050 4049 3394 4095 evanuerunt.
3441 4035 3595 4090 Porro
3619 4032 3774 4096 iungit:

2271 4135 2392 4190 Non
2411 4133 2512 4188 hoc
2540 4135 2836 4203 suspiceris,
2872 4150 2900 4186 o
2929 4134 3057 4187 bone
3086 4133 3186 4193 vir,
3247 4135 3371 4204 quia
3414 4129 3673 4194 timuerunt,
3695 4116 3778 4204 εὲίξι

2267 4234 2366 4300 ais,
2391 4233 2479 4286 sed
2506 4231 2783 4284 abominati
2830 4230 2924 4283 hoc
2972 4230 3177 4300 signum
3231 4227 3404 4294 potius
3447 4201 3784 4307 recesserunt-5."

2266 4324 2338 4379 ita
2367 4325 2571 4397 capiens
2602 4323 2869 4387 miserum,
2897 4322 3014 4374 odio
3043 4321 3262 4390 replevit
3291 4314 3566 4373 Christiani
3606 4301 3783 4400 signa?!“

2265 4391 2553 4468 Iulianum.
2581 4410 2707 4466 Post
2734 4417 2841 4466 tunc
2866 4411 3025 4482 igitur
3075 4409 3417 4464 Constantius
3451 4401 3644 4459 evocavit
3663 4391 3782 4482 Julii-

2269 4521 2414 4570 num,
2446 4514 2492 4559 et
2523 4503 2786 4559 constituit
2826 4481 3079 4558 Caesarem
3122 4502 3348 4574 septimo
3391 4498 3518 4553 Idus
3547 4481 3783 4549 Novembris.

2273 4599 2504 4668 dansque
2559 4597 2604 4650 ei
2655 4595 2922 4666 conjugem
2975 4593 3230 4648 Helenam
3282 4606 3504 4647 sororem
3549 4584 3787 4674 suamqlt?

2277 4689 2583 4746 Constantia
2612 4690 2750 4742 dicta
2772 4698 2864 4755 est,
2900 4685 3078 4740 contra
3134 4686 3387 4740 barbaros
3431 4698 3536 4736 eum
3579 4673 3788 4730 destinat",

2273 4784 2344 4837 ad
2393 4781 2612 4838 Gallias.
2673 4779 2745 4834 Ili
2796 4795 3014 4846 namque
3063 4778 3296 4842 barbari,
3341 4787 3547 4846 quorum
3588 4764 3791 4832 imperitat

2277 4874 2612 4932 Constantius
2639 4885 2816 4928 contra
2849 4873 3208 4944 Magnentium
3261 4871 3452 4925 solatia
3505 4861 3698 4936 petierat,
3719 4861 3793 4902 σπι

2276 4971 2412 5024 nihil
2434 4969 2750 5040 profuissent
2777 4977 2954 5022 contra
2982 4977 3290 5036 tyrannum,
3323 4963 3654 5018 Romanorum
3676 4949 3791 5047 vati-0:

2279 5061 2396 5116 bant
2429 5063 2600 5125 urbes,
2629 5062 2758 5115 alias
2781 5059 3165 5131 expugnabant.
3221 5057 3436 5127 Ubique
3478 5051 3606 5108 [teda
3641 5045 3796 5131 vastitas

2280 5167 2304 5196 ε
2329 5165 2472 5226 erat,
2501 5127 3226 5226 Romanumquevimperium
3272 5165 3384 5208 non
3423 5145 3573 5205 dubia
3591 5140 3680 5214 jsm
3699 5127 3797 5188 αιι·

2279 5387 2481 5457 iusque,
2521 5393 2628 5457 εις.
2774 5453 2820 5457 __
2953 5451 2975 5457 _
3024 5453 3050 5457 η
3273 5451 3306 5457 _
3609 5440 3624 5457 .
3659 5426 3764 5457 ,ωτι

2516 5429 2710 5511 Fin.
2765 5453 2894 5510 Mos:
2941 5451 3213 5528 Iulianum
3262 5429 3800 5528 Ctesaremhadfﬁllft

2279 5510 2456 5593 misit,—
2468 5510 2750 5596 patruelem
2773 5543 2923 5581 suum
2949 5523 3089 5580 Galli
3137 5517 3589 5596 fratremttradilq
3608 5510 3800 5596 ϐίῇῖ

2280 5582 2574 5656 trimonium
2595 5582 2770 5654 sorore
2797 5614 2912 5662 sua,
2938 5614 3050 5650 cum
3079 5582 3246 5648 multa
3277 5582 3472 5663 oppida
3490 5582 3668 5645 barbati
3687 5582 3801 5644 θην

2279 5683 2541 5746 gnassent,
2573 5670 3020 5746 aliaiobsiderent.
3047 5666 3274 5740 Ubique,
3299 5676 3408 5724 etc.

2351 5742 2377 5782 ά
2411 5744 2534 5808 Μὴ,
2569 5741 2874 5812 Ecybolum.

2358 5821 2380 5846 ’⁵
2415 5821 2500 5884 A.,
2534 5826 2680 5870 esset.
