3918 6344
184 310 264 366 917
1189 295 1508 356 HISTORIA
1545 299 1901 362 MISCELLA.
1939 329 2012 346 -
2051 302 2176 359 LIB.
2224 303 2313 359 XI.

3273 310 3378 366 918

183 429 332 488 ηίωο
360 431 382 461 ι
410 418 625 478 nutabat.
647 415 778 472 Cum
813 424 942 472 esset
961 432 1084 487 ergo
1100 416 1408 488 juvenculus
1425 415 1698 482 Julianus,
1721 419 1775 480 Δ
1797 420 1979 474 stiones
2007 421 2331 490 professioni.
2361 420 2586 493 Cumque
2606 421 2930 478 Constantius
2956 434 3164 495 prapter
3191 425 3376 480 oellnm

180 517 300 594 jussit
323 514 368 568 ei
393 513 658 578 imperator
704 516 760 562 ut
799 515 982 576 prceter
1021 508 1294 563 consilium
1347 509 1530 562 ducum
1576 508 1704 562 nihil

182 608 320 665 uoliri
359 608 688 670 prasumeret.
742 599 968 668 Cumque
1019 603 1172 656 duces
1203 610 1412 670 accepta
1461 611 1705 670 potestate

132 687 136 694 ’
181 702 464 773 negligerettl,
492 703 537 748 et
563 703 826 762 propterea
857 693 1058 748 barbari
1101 704 1426 766 superarent,
1458 706 1578 749 tunc
1602 695 1708 762 lue

181 796 318 848 lienus
345 792 492 846 duces
533 787 736 856 quidem
762 788 962 842 deliciis
999 804 1182 842 uacare
1209 789 1434 856 permisit
1460 803 1478 841 :
1503 805 1706 842 sumens

178 894 314 939 autem
351 881 548 946 milites,
597 880 769 946 eisque
814 881 982 947 spolia
1031 881 1448 950 interemptorum
1487 881 1707 936 hostium

179 973 558 1043 eomprosnittens,
583 971 788 1024 initium
817 971 1050 1024 uincendi
1075 972 1316 1026 barbaras
1341 972 1543 1040 fecit,et
1563 990 1707 1028 amo-

178 1081 258 1118 rem
279 1077 416 1116 suum
451 1061 589 1128 apud
615 1061 799 1115 milites
825 1062 1114 1116 collocavit.
1159 1059 1347 1116 Fertur
1373 1063 1542 1133 itaque
1568 1063 1706 1134 quod

143 1153 272 1210 'dunl
294 1155 342 1207 in
367 1153 633 1220 quamdam
681 1153 932 1206 civitatem
984 1155 1157 1219 fuisset
1209 1155 1486 1226 ingressus,
1518 1170 1709 1208 corona

177 1250 338 1312 laurea,
363 1247 533 1315 quibus
553 1246 721 1300 solent
777 1247 1005 1301 civitates
1051 1248 1251 1312 ornari,
1278 1248 1414 1300 inter
1442 1247 1708 1301 columnas

177 1344 380 1410 pendens,
408 1351 558 1407 rupto
588 1342 734 1411 fusse,
757 1357 909 1410 super
931 1349 1083 1410 caput
1125 1341 1238 1409 ejus
1269 1340 1476 1399 decidit.
1498 1353 1709 1407 eumque

173 1436 393 1505 aptissime
413 1435 693 1487 coronavit.
723 1433 840 1498 Quo
887 1435 1046 1503 facta,
1088 1433 1258 1486 cuncti
1285 1434 1565 1487 clamavere
1590 1431 1711 1501 quia

174 1529 400 1596 eisignurn
421 1527 548 1592 foret
577 1527 801 1592 imperii.
851 1524 1057 1580 Interea
1093 1524 1361 1587 Julianus,
1413 1540 1527 1578 cunt
1571 1522 1710 1590 apud

172 1621 480 1688 imperatorem
522 1619 588 1672 de
628 1621 820 1673 ducum
865 1619 1168 1689 negligentia
1216 1626 1530 1686 quereretur,
1581 1615 1711 1668 alter

171 1728 386 1765 asinorum
415 1712 633 1765 mittitur
669 1714 930 1778 ntogister,
960 1716 1073 1784 ejus
1102 1712 1360 1765 alacritati
1391 1710 1708 1774 conveniens,

169 1807 285 1874 sttsz
309 1803 578 1857 ministerio
607 1821 720 1857 cum
751 1780 996 1858 barbaris
1017 1803 1326 1872 fiducialiter
1368 1813 1442 1857 est
1467 1818 1702 1872 congres-
1732 1780 1784 1842 Β

167 1911 250 1949 sus.
279 1895 337 1948 Et
361 1897 478 1950 dum
499 1898 581 1950 iiii
603 1914 692 1966 per
717 1900 910 1967 legatos
945 1900 1146 1952 litteras
1176 1900 1502 1967 impera-toris
1529 1915 1613 1952 eos
1635 1899 1706 1952 ad

169 1990 409 2056 prouincias
437 1992 704 2045 invitantis
743 1994 1089 2061 ostenderent,
1133 2005 1254 2049 tunc
1282 1995 1370 2048 ille
1398 1996 1593 2065 legatos
1621 2009 1706 2047 eo-

167 2097 254 2133 rum
277 2085 398 2135 misit
420 2084 470 2136 in
487 2085 731 2151 uincula;
758 2090 990 2154 factaque
1018 2089 1370 2156 congressione
1401 2103 1516 2140 cum
1537 2087 1702 2140 modi-

169 2174 224 2225 cis
243 2176 384 2239 copiis
415 2174 768 2230 Romanorum
816 2180 960 2248 apud
984 2182 1376 2248 Argentoratum
1404 2174 1592 2234 Gallice
1623 2197 1709 2233 ur-

167 2264 250 2316 bem
274 2267 478 2334 ingentes
501 2270 686 2336 capias
717 2271 936 2324 hostium
975 2273 1239 2326 exstinxit.
1274 2272 1492 2328 Stabant
1543 2271 1710 2326 acervi

167 2360 370 2411 stantium
397 2362 611 2422 similes,
646 2364 834 2430 ﬂuebat
858 2381 1010 2418 cruor
1033 2368 1306 2434 fluminum
1327 2367 1502 2432 modo,
1530 2374 1710 2434 captus

163 2451 416 2506 innabilis
441 2453 461 2490 ι’
489 2454 944 2518 Chonodumarus,
976 2469 1022 2512 et
1051 2459 1350 2514 Constantio
1380 2461 1583 2524 missus,
1607 2459 1710 2527 fusi

166 2558 305 2598 osum
331 2549 621 2615 optimates,
649 2552 884 2606 redditus
905 2551 1050 2606 limes
1089 2551 1334 2606 Romanas
1358 2554 1709 2622 possessionis.

164 2635 220 2690 lc
242 2643 548 2704 postmodum
579 2659 698 2696 cum
723 2645 1030 2698 Alamannis
1057 2647 1197 2712 apud
1253 2647 1481 2700 Rhenum
1501 2646 1713 2716 ﬂuuium

163 2728 450 2786 residentibus
471 2735 756 2803 dimicans,
783 2738 1190 2806 potentissimum
1219 2754 1396 2792 eorum
1415 2755 1582 2809 regem
1609 2737 1711 2792 Bo-

163 2819 404 2876 dotnarium
423 2827 588 2893 cepit,
620 2829 858 2895 claraque
883 2830 1093 2882 victoria
1117 2831 1406 2897 decoratus,
1457 2845 1573 2884 cum
1608 2846 1714 2882 me-

163 2911 386 2968 diocritate
413 2916 552 2986 vita,
579 2928 730 2986 atque
759 2921 1148 2975 nsonsuetudine
1169 2921 1416 2975 militibus
1457 2931 1712 2992 prteeuet,

161 3008 210 3058 ob
227 3007 286 3061 eis
311 3013 602 3081 appellatur
638 3014 916 3084 Augustus.
953 3015 1180 3084 Cumque
1199 3031 1384 3070 corona
1403 3015 1592 3070 deesset
1614 3017 1714 3070 ins-

164 3101 351 3203 perata,
380 3121 506 3160 ..καί
525 3108 686 3178 εἰσίω
711 3111 1041 3177 portantium,
1064 3121 1292 3180 torquem
1323 3128 1469 3178 quem
1492 3110 1704 3166 habebat
1731 3136 1780 3203 α

163 3192 208 3246 in
221 3196 328 3251 collo
348 3214 568 3266 samem,
593 3199 627 3253 ,Ι
637 3201 800 3254 uliani
817 3203 977 3270 capiti
1004 3203 1388 3273 circumposuit.

749 3333 1098 3392 JULIANUS.

216 3418 311 3475 Hoc
333 3439 446 3493 ergo
472 3424 632 3479 modo
657 3423 903 3479 Julianus
949 3427 966 3480 i
989 3435 1228 3498 sperator
1254 3437 1326 3480 est
1369 3429 1558 3494 factus.
1589 3423 1712 3480 Hoc

159 3508 286 3577 facto,
303 3514 420 3568 nihil
440 3515 502 3570 de
523 3516 831 3573 Constantio
853 3519 1100 3591 coqitans,
1115 3517 1316 3590 judices
1339 3517 1401 3570 ab
1429 3519 1516 3572 illo
1539 3518 1706 3587 factos

158 3599 392 3660 honoribus
421 3607 699 3678 mulcebat,
728 3619 774 3663 et
804 3611 870 3663 ad
900 3612 1040 3664 illius
1081 3611 1326 3666 invi-diam
1359 3613 1555 3664 litteras
1581 3627 1711 3682 pro-

157 3692 336 3762 ferebat,
360 3701 536 3765 quibus
569 3702 850 3756 ostenderet
893 3719 1027 3766 eum,
1062 3715 1268 3770 propter
1305 3702 1492 3755 bellum
1535 3711 1712 3755 contra

157 3784 468 3856 loquentium
503 3804 728 3863 gestum,
761 3794 813 3848 in
863 3789 1216 3847 Romanorum
1259 3805 1421 3848 terras
1469 3793 1712 3848 barbaros

157 3880 396 3940 induxisse.
430 3886 588 3941 "unc
615 3887 943 3942 Constantius
973 3906 1149 3959 urgere
1179 3888 1537 3960 legationibus,
1576 3899 1627 3942 nt
1659 3890 1712 3942 in

156 3989 308 4035 tlulttm
336 4001 617 4055 nomenque
651 3985 920 4054 pristinum
959 3997 1258 4039 revertatur.
1284 3983 1525 4038 Julianus
1565 4001 1711 4037 man-

157 4071 266 4128 datis
309 4078 622 4134 mollioribus
669 4079 822 4140 refert
865 4095 920 4132 se
963 4080 1054 4132 sub
1099 4080 1299 4131 nomine
1342 4079 1461 4131 celsi
1508 4077 1712 4144 imperii

156 4170 286 4223 multo
329 4174 602 4244 officiosius
652 4175 958 4242 parituram.
1005 4172 1176 4242 igitur
1222 4169 1466 4224 Julianus
1506 4177 1712 4240 repente

157 4261 363 4333 rrligione
389 4277 609 4335 mutata,
635 4282 748 4319 cum
778 4269 917 4334 prius
939 4265 1260 4320 Christianus
1287 4278 1393 4317 esse
1418 4271 1710 4334 putaretur,

156 4357 442 4424 unietipsum
490 4358 785 4428 pontificem
833 4357 1150 4424 nominabat,
1179 4365 1225 4409 et
1255 4355 1456 4410 veniens
1487 4355 1552 4409 ad
1585 4363 1713 4406 tern-

155 4445 225 4512 pla
247 4464 558 4520 paganorum
587 4451 928 4520 sacrificabat,
953 4449 1295 4519 suadebatque
1320 4446 1556 4519 subjectis
1585 4447 1714 4501 talia

157 4539 312 4606 colere,
337 4552 381 4598 et
411 4543 824 4600 Christianorum
855 4544 1126 4612 baptisma,
1164 4542 1454 4608 sacrificiis,
1483 4553 1530 4595 et
1562 4539 1714 4594 inno-

158 4639 428 4708 vationibus,
454 4659 582 4711 quas
611 4643 924 4708 expiationes
948 4640 1138 4712 pagani
1164 4647 1364 4702 vocant,
1389 4645 1437 4690 et
1465 4635 1719 4706 sanguine

174 4733 533 4790 mntolationum
563 4734 792 4794 studebat
823 4736 1052 4802 abluere,
1087 4738 1133 4786 et
1163 4729 1521 4785 abrenuntiare
1561 4727 1713 4782 Chri-

210 4871 234 4900 ⁸
258 4865 318 4920 Α.
342 4884 357 4923 :
392 4869 641 4932 Nestoret,
663 4887 695 4923 a
721 4886 820 4939 quo
849 4867 1064 4922 modicis
1101 4868 1261 4934 copiis
1282 4867 1422 4937 apud
1455 4869 1716 4938 Argento-

189 4938 300 5011 {tum
351 4940 542 4996 Gallice
607 4938 784 4995 urbem
826 4943 1054 5011 ingentes
1105 4940 1504 5011 Alemannorum
1555 4939 1719 5006 capite

197 5008 388 5078 {filictia
404 5023 548 5068 sunt.
579 5011 690 5070 Rea:
717 5008 946 5066 nabiliis.
999 5021 1203 5078 captus,
1240 5008 1427 5064 Gallice
1451 5011 1714 5065 restitutte.‘

201 5061 301 5156 {lifts
329 5093 506 5152 postea
536 5102 626 5156 per
645 5061 873 5138 eumdem
920 5061 1203 5156 uliaiiuiri
1216 5081 1440 5156 egregia

203 5135 945 5224 anisgestarsunt,subrnoti
968 5155 1107 5206 ultra
1153 5135 1392 5206 Rhenum
1447 5135 1714 5216 Germani.

201 5219 240 5296 ἢ
261 5210 518 5280 Μκιῖιιὲε
541 5210 703 5280 Rom:
723 5227 850 5296 imp.
875 5226 1181 5296 restitutum,
1226 5239 1382 5291 neque
1425 5226 1584 5296 multo
1605 5210 1719 5290 post

205 5294 301 5363 fw"
322 5299 652 5352 Yrmaniciani
678 5291 924 5352 exercitus
948 5315 980 5350 a
1000 5291 1295 5352 Galliarum
1339 5295 1576 5363 praesidio
1619 5298 1715 5349 tol-

209 5347 374 5437 εενςηι·,
395 5385 648 5423 consensu
671 5370 892 5422 militum
909 5367 1151 5422 Julianus
1180 5347 1440 5435 factttsTest
1471 5367 1600 5437 Aug.
1627 5347 1717 5419 ln-

209 5425 434 5511 Ψὶεειὲηε
458 5458 600 5495 anno
617 5443 686 5495 ad
706 5439 976 5511 Illyricum
995 5425 1322 5494 obtinendum
1352 5425 1608 5508 profectus
1621 5447 1714 5503 est,

211 5491 430 5581 βοῇξιιιίὂ
460 5491 1014 5581 “animinon-‘5;
1032 5491 1303 5577 occupato.
1345 5491 1429 5578 an
1447 5491 1606 5564 ’νείκη
1635 5491 1714 5563 σοί

211 5575 599 5653 ρηδίίῇᾒρειιωη
649 5575 812 5640 αἰναί
845 5599 1112 5638 conversus
1154 5575 1211 5636 in
1261 5575 1440 5635 itinere
1483 5582 1608 5635 obiit
1635 5582 1718 5635 in-

329 5637 1041 5730 Cj‘i'mCappadociamque,
1086 5670 1222 5730 arma
1278 5653 1406 5730 imp.
1455 5665 1629 5730 octavo
1672 5661 1719 5730 e_t

218 5711 1100 5848 ἵξεδίὲιιὲωιαεὶῗιὸξηωνίιίιᾴυε
1147 5728 1278 5781 inter
1329 5711 1474 5780 divos
1513 5724 1717 5798 referri.

315 5831 332 5848 .
447 5825 470 5848 ο

315 5831 332 5860 9
365 5825 470 5848 νην

1804 511 2064 567 Persicum
2088 514 2366 570 Antiochia!
2401 526 2704 581 moraretur,
2733 533 2945 585 sperans
2983 516 3070 571 ille
3107 520 3224 587 quia
3268 519 3378 573 sine

1804 605 1934 661 bello
1980 617 2145 678 posset
2189 605 2459 677 Illyricum
2503 610 2748 677 detinere,
2791 609 2859 662 ad
2905 625 2990 663 eos
3039 609 3214 680 agebat
3261 611 3375 676 iter,

1805 699 1978 754 dicens
2023 717 2076 754 se
2118 699 2245 754 velle
2287 699 2581 756 Constantio
2628 701 2949 769 satisfacere,
2992 710 3236 771 tanquam
3281 718 3380 756 non

1803 801 2004 860 sponte,
2034 793 2121 846 sed
2153 791 2408 848 voluntate
2437 793 2656 846 militum
2684 794 2876 862 infulas
2906 789 3107 858 imperii
3133 793 3380 863 suscepis-

1805 895 1898 940 set.
1933 884 2129 939 Dicitur
2173 886 2358 952 itaque,
2390 886 2512 938 dum
2541 884 2610 938 ad
2649 884 3025 938 hos'lerminos
3070 883 3380 952 accessisset,

1805 975 2055 1030 vindemia
2075 977 2188 1046 jam
2217 977 2425 1030 collecta
2471 977 2605 1030 circa
2650 991 2884 1028 occasum
2923 962 3382 1042 Pleiadumfuvas

1807 1067 1972 1122 denuo
2001 1068 2159 1137 fuisse
2189 1067 2440 1135 prolatas,
2468 1067 2674 1134 insuper
2711 1067 2866 1120 etiam
2907 1065 3116 1118 imbrem
3157 1079 3221 1119 es:
3267 1081 3384 1120 aere

1808 1159 2184 1214 descendentem
2218 1163 2267 1212 in
2295 1161 2405 1229 ejus
2431 1169 2614 1213 vestem
2640 1157 2814 1221 simul,
2843 1172 2904 1210 ac
2935 1165 3252 1221 cceterorum,
3278 1155 3382 1208 sin-

1808 1250 1954 1319 gulas
1993 1249 2158 1302 crucis
2202 1247 2736 1318 signacula-guttulas
2782 1250 3048 1318 formasse.
3091 1243 3204 1301 Hoc
3249 1247 3385 1319 facto

1808 1341 2072 1396 videbatur
2099 1351 2145 1394 et
2177 1342 2293 1409 ipsi,
2323 1350 2370 1394 et
2415 1340 2552 1406 aliis,
2583 1341 2700 1408 quia
2729 1340 2882 1396 botris
2912 1349 3052 1392 extra
3094 1349 3288 1410 tempus
3323 1337 3386 1392 il-

1812 1435 1947 1500 latis,
1981 1438 2165 1487 bonam
2195 1434 2240 1487 ei
2278 1433 2584 1502 panderetur
2611 1430 2878 1494 indicium,
2910 1431 3064 1483 imber
3092 1438 3264 1483 autem
3301 1446 3388 1483 ca-

1814 1527 1936 1579 dens
1963 1534 2142 1578 vestem
2185 1539 2332 1594 super
2361 1539 2513 1592 quam
2549 1521 2796 1574 ceciderat
2837 1521 3114 1573 roboraret.
3142 1518 3246 1573 Alii
3271 1533 3388 1573 vero

1814 1619 2043 1672 dicebant
2093 1633 2304 1671 uvarum
2357 1617 2557 1686 signum
2614 1623 2794 1683 prmter
2849 1622 3044 1680 tempus
3096 1611 3386 1680 significare

1818 1708 2145 1778 perditionem
2167 1707 2510 1775 imperatoris,
2535 1706 2600 1756 ad
2616 1705 2777 1758 instar
2793 1702 3088 1774 hujusmodi
3102 1702 3384 1769 botrorum,

1811 1813 1858 1854 et
1888 1801 2030 1870 parvi
2061 1800 2299 1868 temporis
2329 1799 2436 1868 fore
2482 1799 2594 1868 ejus
2631 1797 2918 1868 imperium.
2949 1793 3114 1849 Porro
3151 1795 3212 1852 de
3241 1811 3388 1849 cruce

1810 1893 2075 1956 dicebant,
2123 1891 2470 1960 praeminitare
2513 1889 2606 1941 hoc
2655 1891 2883 1958 signans,
2927 1887 3047 1958 quia
3089 1888 3154 1940 sit
3197 1887 3394 1940 cmleste

1810 1985 1995 2054 dogma
2027 1982 2452 2048 Christianorum,
2482 1990 2525 2031 et
2555 1981 2783 2050 oporteat
2822 1978 3014 2050 signari
3044 1985 3250 2030 cunctos
3277 1991 3392 2029 cru-

1812 2077 1884 2131 cis
1922 2075 2206 2148 signaculo.
2241 2072 2368 2127 Cum
2397 2071 2615 2125 audisset
2648 2071 2818 2139 itaque
2860 2069 3186 2123 Constantius
3215 2073 3393 2122 contra

1811 2189 1865 2227 se
1910 2175 2079 2226 venire
2123 2167 2410 2230 lulianum,
2443 2165 2777 2220 instructione
2805 2163 2925 2217 belli
2973 2161 3202 2215 Parthici
3245 2162 3391 2214 dere-

1815 2266 1968 2328 licta,
1996 2261 2488 2330 Constantinopolim
2527 2260 2768 2312 veniebat.
2797 2255 3020 2324 Cumque
3066 2257 3160 2309 iter
3201 2254 3395 2323 faciens

1816 2355 1981 2424 magis
2023 2354 2280 2423 magisque
2310 2352 2492 2403 ardens
2534 2349 2727 2414 dolore,
2765 2358 2913 2410 atque
2953 2355 3007 2399 ut
3058 2351 3162 2396 erat
3211 2344 3394 2395 talium

1815 2448 2103 2516 impatiens,
2127 2445 2310 2499 acriter
2337 2444 2621 2514 festinaret,
2646 2442 2694 2492 in
2718 2439 2973 2494 radicibus
2999 2436 3160 2510 Ταιῳὶ
3189 2437 3390 2498 montis,

1816 2539 1958 2608 apud
1988 2537 2235 2605 Oppidum
2281 2534 2648 2602 Mopsocrencn
2690 2532 2820 2586 inter
2851 2529 3080 2584 Ciliciam
3111 2536 3157 2580 et
3193 2527 3395 2594 Cappa-

1817 2618 2018 2684 ddcium
2046 2629 2173 2700 febri
2201 2628 2466 2692 acerrima,
2506 2640 2656 2695 quam
2696 2621 2977 2692 indignatio
3009 2619 3164 2672 nimia
3206 2619 3392 2688 vigiliis

1817 2720 2056 2791 augebat,
2078 2719 2267 2772 interiit
2295 2733 2350 2772 Ill
2376 2716 2553 2770 Nonas
2581 2713 2898 2771 Novembris.
2943 2709 3207 2764 consulatu
3233 2705 3398 2761 Tauri

1819 2822 1866 2872 et
1911 2809 2188 2874 Florentii,
2233 2826 2368 2863 anno
2427 2808 2625 2877 imperii
2682 2805 2934 2858 tricesimo
2980 2809 3187 2863 octavo,
3229 2798 3397 2853 artatis

1819 2903 1996 2974 quinto
2037 2911 2080 2957 et
2125 2901 2457 2972 sexagesimo.
2492 2895 2569 2952 Es:
2599 2896 2776 2967 quibus
2823 2894 3061 2949 tredecim
3091 2908 3207 2946 cum
3251 2899 3398 2963 patre

1821 2994 2067 3066 regnarit,
2098 2994 2274 3064 uiginti
2302 3003 2516 3061 quatuor
2549 2997 2658 3057 post
2686 2988 2854 3052 illum,
2891 2985 2946 3039 id
2976 2994 3068 3051 est,
3099 2993 3288 3052 septem
3315 2997 3400 3038 so-

1825 3087 1936 3152 lus,
1967 3099 2081 3140 cum
2109 3084 2354 3154 fratribus
2393 3094 2543 3152 atque
2583 3077 2882 3149 Magnentio
2921 3077 3155 3142 sedecim,
3187 3075 3399 3131 meruit-

1810 3195 1908 3250 que
1933 3179 2062 3232 iater
2101 3177 2242 3230 divos
2274 3175 2472 3244 referri.
2507 3173 2698 3226 Eodem
2727 3181 2966 3240 tempore,
2999 3186 3182 3239 magno
3229 3178 3402 3224 terra!-

1813 3277 1952 3325 tstolu
1995 3264 2466 3335 Constantinopolis
2510 3279 2632 3337 pars
2685 3261 2855 3315 diruta
2900 3269 2992 3314 est.
3035 3258 3141 3313 Iste
3183 3258 3278 3328 fuit
3326 3260 3402 3313 vir

1815 3361 2040 3432 egregia:
2085 3359 2502 3430 tranquil'itatis,
2548 3355 2807 3428 placidus,
2857 3354 3074 3408 nimium
3123 3351 3306 3407 amicis
3346 3359 3400 3408 et

1814 3455 2166 3512 fuitmiliarihus
2194 3453 2436 3518 credens,
2467 3466 2587 3504 mox
2638 3449 2796 3503 etiam
2847 3448 3104 3502 uxoribus
3145 3443 3396 3512 deditior,

1815 3545 1904 3615 qui
1937 3553 2110 3598 tamen
2145 3543 2195 3596 in
2228 3541 2410 3611 primis
2449 3555 2506 3595 se
2547 3538 2750 3609 imperii
2781 3537 2931 3593 annis
2971 3537 3168 3606 ingenti
3210 3534 3392 3592 mode-

1815 3636 1918 3692 stia
1967 3636 2154 3706 egerit.
2203 3631 2566 3692 Familiarium
2615 3630 2776 3686 etiam
2823 3629 3190 3698 locupletatur,
3225 3639 3396 3698 neque

1819 3739 1842 3767 ο
1871 3727 2205 3791 inhonorans,
2244 3741 2466 3792 quorum
2514 3725 2772 3779 laboriosa
2803 3731 3056 3792 expertus
3098 3721 3284 3776 fuisset
3324 3719 3404 3774 of-

1817 3817 1960 3876 ﬁcia.
1997 3818 2071 3871 Ad
2105 3819 2444 3872 severitatem
2490 3828 2663 3870 tamen
2711 3817 3041 3890 propensior,
3071 3817 3115 3870 si
3163 3815 3399 3885 suspicio

1818 3912 2025 3976 imperii
2059 3921 2377 3973 moveretur,
2409 3909 2435 3948 ἀ
2459 3912 2602 3966 milis
2633 3911 2728 3981 fuit
2759 3911 2911 3976 alias,
2941 3909 3067 3980 felix
3101 3910 3244 3963 bellis
3281 3909 3405 3962 civi-

1819 4003 1973 4069 libus,
2000 4005 2221 4057 esternis
2253 4003 2620 4074 lacryrnabilis,
2652 4003 2812 4058 mirus
2854 4002 3039 4074 artifex
3081 4002 3134 4054 in
3177 4000 3397 4069 sagittis,

1818 4112 1849 4152 α
1872 4096 2003 4162 cibo,
2036 4097 2270 4165 vinoque,
2299 4107 2344 4150 ct
2372 4113 2544 4148 somno
2586 4096 2800 4148 multum
2850 4104 3155 4162 temperans,
3202 4092 3401 4163 patiens

1818 4187 2028 4253 laboris,
2065 4186 2320 4257 facundiae
2349 4187 2584 4254 cupidus,
2611 4191 2777 4256 jquam
2807 4201 2923 4238 cum
2963 4184 3164 4255 assequi
3209 4181 3404 4255 ingenii

1817 4295 1918 4332 non
1952 4278 2137 4332 valeret
2183 4279 2315 4332 tardi
2328 4288 2437 4342 'ate,
2479 4279 2592 4331 aliis
2623 4277 2902 4343 invidebat,
2931 4277 3234 4346 spadonum,
3269 4274 3404 4328 auli-

1818 4385 2021 4434 corum,
2063 4367 2542 4438 vernaculorumque
2584 4367 2752 4420 amori
2795 4369 3017 4432 deditus,
3049 4381 3398 4436 umerumque,

1819 4462 1998 4530 quibus
2025 4472 2308 4525 contentus,
2339 4461 2480 4515 nulla
2507 4460 2720 4516 libidine
2751 4469 3054 4527 transversa,
3082 4467 3170 4516 aut
3198 4460 3396 4530 injusta

1821 4556 2160 4628 polluebatur.
2196 4554 2302 4611 Sed
2327 4571 2388 4609 ea:
2413 4555 2732 4628 conjugibus,
2763 4571 2890 4626 quas
2919 4555 3167 4627 plurimas
3195 4555 3405 4608 sortitus

1819 4659 1920 4717 est,
1952 4650 2199 4720 prwcipue
2241 4645 2508 4702 Eusebium
2552 4647 2757 4714 dilexit,
2786 4647 3023 4704 decoram
3058 4647 3296 4720 quidem,
3320 4661 3403 4702 ve-

1819 4759 1934 4797 rum
1963 4758 2052 4814 per
2079 4740 2432 4809 Adamantius,
2465 4747 2513 4794 et
2545 4737 2855 4814 Gorgonius,
2893 4748 2940 4796 et
2978 4740 3084 4795 alia
3112 4738 3403 4812 importuna

1889 4875 1920 4918 ιι
1947 4875 2072 4942 Ms.,
2105 4873 2454 4928 Nodomarus.

1894 4952 1918 5012 9
1953 4951 2042 5012 Δ..
2064 4947 2338 5000 inhonorae
2363 4946 2552 4998 sinens.

1891 5010 1918 5050 ἀ
1945 5019 2008 5071 Α.
2028 5009 2050 5070 ἐ
2087 5017 2408 5092 Mitis__atia_s,
2439 5025 2486 5092 et
2515 5015 2666 5092 cujus
2691 5013 2759 5092 in‘
2783 5012 3033 5092 civilibus,
3046 5009 3220 5092 magis
3239 5023 3402 5092 quam

1817 5089 1874 5146 ιη
1902 5055 2133 5143 una"?
2147 5055 2408 5142 suos;
2439 5055 3403 5157 nonsatiszurnsinuin;

1817 5177 1988 5216 rerum
2022 5161 2210 5227 potitus
2235 5167 2328 5224 est,
2367 5159 2656 5227 ingentique
2691 5153 2947 5226 apparatu
2980 5154 3186 5227 Parthis
3227 5153 3403 5207 intulit

1820 5224 2031 5295 bellant,
2053 5231 2137 5286 cui
2164 5224 2472 5298 expeditioni
2501 5224 2591 5298 ego
2620 5224 2814 5298 quoque
2845 5225 3076 5296 interfui,
3109 5224 3282 5298 aliqua
3309 5238 3404 5298 ap-_

1819 5305 1962 5374 picta,
1989 5293 2036 5358 et
2079 5293 2285 5374 castella
2326 5293 2602 5374 Persarum
2630 5293 2684 5353 in
2725 5293 3031 5374 deditionem
3072 5293 3294 5363 accepit,
3326 5293 3405 5374 vei

1819 5364 1868 5426 in
1924 5364 2266 5443 oppugnavit,
2309 5371 2665 5440 Assyriamque
2697 5371 2996 5443 populatus
3043 5377 3211 5420 castra
3261 5364 3403 5432 apud

1819 5439 2192 5513 Ctesiphontem
2233 5443 2415 5495 stativa
2460 5439 2760 5510 aliquandiu
2811 5439 3022 5513 habuit,
3055 5449 3404 5513 remeansque

1820 5509 1998 5580 uicto},
2021 5517 2142 5568 dum
2169 5531 2222 5569 se
2247 5509 2580 5568 inconsultius
2605 5513 2794 5580 prseliis
2815 5511 3010 5578 inserit,
3037 5509 3216 5580 hostili
3245 5521 3406 5580 manu

1821 5577 2118 5656 interfectus
2168 5596 2238 5639 est
2266 5599 2317 5639 γι
2343 5583 2468 5639 Kal.
2499 5577 2689 5656 Iulias,
2719 5585 2844 5656 imp.
2871 5577 3006 5636 anno
3033 5577 3089 5648 7,
3117 5577 3282 5635 tetatis
3309 5577 3406 5656 _t_sl-

1822 5668 1931 5714 tero
1957 5646 2018 5712 ἐι
2065 5657 2344 5729 trigesimo,
2393 5665 2540 5711 atoue
2580 5646 2712 5711 inter
2757 5646 2898 5709 divos
2937 5646 3128 5708 relatus
3165 5659 3264 5707 est.
3309 5646 3406 5703 Vir

1821 5747 2016 5806 egreg.,
2039 5739 2143 5788 etc.
