3918 6344
540 322 644 377 919

534 434 845 497 ministeria,
881 439 1143 485 vexantem
1171 431 1363 498 famam
1402 426 1495 479 viri
1524 435 1700 478 contra
1726 440 1877 493 quam
1907 420 2109 492 feminis

535 520 919 580 modestioribus
949 534 1056 573 mos
1082 523 1174 581 est,
1201 530 1417 589 quorum
1443 530 1578 582 saepe
1606 525 1855 582 prlecepm
1897 514 2108 567 maritos

526 622 728 688 juvant.
772 611 1028 681 Namque,
1060 618 1115 661 ut
1147 617 1356 662 cteteras
1400 607 1655 671 omittam,
1687 602 1934 673 Pompeia
1981 602 2110 659 Plo-

534 711 661 773 tina,
687 703 979 759 incredibile
1022 702 1163 755 dictu
1208 709 1313 765 est,
1359 707 1604 769 quantum
1647 698 1846 751 auxerit
1889 696 2109 766 gloriam

536 797 768 867 Trajani,
796 795 942 864 cujus
972 801 1330 863 procuratores
1370 806 1487 843 cum
1525 789 1792 842 calumniis
1824 788 2112 855 provincias

478 954 485 961 _
532 890 801 959 agitarent,
834 886 961 938 adeo
1008 891 1063 937 ut
1110 900 1245 937 unus
1291 898 1353 936 ex
1397 880 1475 935 his
1503 881 1755 934 diceretur
1800 881 2111 949 locupletum

476 968 485 1001 ⁸
532 994 773 1047 quemque
798 979 870 1030 ita
908 975 1210 1029 convenire:
1248 993 1266 1026 ί
1306 973 1433 1039 Qua:
1463 972 1655 1026 habes?
1688 971 1835 1025 Unde
1861 970 2053 1024 habes?
2088 988 2107 1022 ι

534 1074 754 1138 tertium,
778 1089 797 1121 ί
820 1069 962 1123 Ροηε
974 1067 1110 1138 quod
1124 1067 1295 1130 habes,
1326 1086 1344 1118 ›
1367 1066 1458 1119 illa
1474 1068 1737 1137 conjugem
1759 1066 2024 1130 corripuit,
2040 1074 2119 1117 at-

530 1181 626 1233 que
664 1164 929 1233 increpans
959 1160 1091 1229 quod
1122 1158 1291 1213 laudis
1328 1174 1435 1213 sua:
1461 1167 1587 1214 esset
1620 1158 1927 1223 incuriosus,
1963 1157 2117 1210 talem

529 1253 754 1307 reddidit
781 1262 976 1321 postea,
997 1258 1048 1303 ut
1074 1250 1354 1303 exactiones
1369 1249 1625 1317 improbas
1642 1248 1916 1312 detestans,
1935 1248 2116 1315 ﬁscum

531 1346 713 1399 lienem
738 1348 971 1408 vocaret,
1003 1340 1139 1409 quod
1170 1356 1226 1394 eo
1262 1348 1514 1393 crescente
1558 1338 1742 1407 reliqui
1783 1349 1927 1392 artus
1973 1340 2116 1393 tabe-

532 1447 698 1492 οεαηι.

602 1528 1051 1600 Ιαίιαν-άείιιηειο
1099 1526 1418 1589 Constantio,
1449 1523 1699 1579 Julianus
1729 1529 1843 1596 jam
1885 1524 2118 1580 Thracas

531 1620 804 1685 obtinebat,
833 1628 879 1674 et
912 1622 1148 1687 deinceps
1175 1618 1669 1689 Constantinopolim
1705 1618 1907 1671 veniens
1937 1617 2122 1685 appel-

528 1714 664 1766 latus
719 1721 792 1765 est
849 1713 1122 1782 Augustus.
1172 1710 1381 1764 Interea
1434 1711 1558 1763 dum
1612 1708 2115 1777 Constantinopolim

524 1805 705 1874 fuisset
734 1804 1015 1874 ingressus,
1044 1803 1190 1872 coepit
1229 1805 1450 1874 cogitare
1475 1802 1570 1857 sibi
1598 1805 1843 1872 populum
1880 1802 2108 1872 compla-

524 1915 660 1963 care,
688 1907 733 1950 cl
763 1914 936 1952 eorum
976 1898 1200 1965 favorem
1242 1897 1475 1951 decenter
1518 1898 1780 1967 acquirere
1803 1914 1821 1951 :
1850 1898 1984 1967 quod
2014 1896 2112 1950 hac

524 2000 634 2043 arte
656 1990 794 2059 fecit.
830 1988 964 2043 Bene
1004 2005 1220 2059 namque
1248 1990 1433 2043 sciebat
1461 1989 1817 2044 Constantium
1847 1990 1910 2042 ab
1940 1989 2109 2042 omni-

527 2084 619 2136 bus
644 2082 846 2152 pOpulis
889 2097 1070 2136 nomen
1098 2081 1641 2137 consubstantialitatis
1688 2080 2112 2148 amplectentibus

522 2176 655 2229 adiri
687 2192 705 2229 :
732 2176 793 2229 ob
837 2193 992 2245 quam
1030 2193 1136 2229 rem
1180 2176 1243 2228 ab
1286 2176 1510 2229 ecclesiis
1559 2174 1854 2227 videbantur
1884 2171 2108 2239 exclusi,

524 2277 573 2321 et
602 2268 821 2337 episcOpi
855 2267 1149 2336 confiscati,
1189 2267 1469 2336 exsilioque
1509 2267 1703 2320 directi.
1740 2265 1915 2320 Simul
1958 2267 2113 2319 etiam

528 2367 735 2413 noverat
763 2368 811 2412 et
843 2374 1067 2428 paganos
1099 2358 1260 2425 fuisse
1289 2359 1611 2410 contristatos
1653 2357 1994 2425 prohibitione
2028 2374 2113 2409 sa-

525 2450 855 2517 crificiorum,
889 2459 937 2502 et
968 2448 1263 2502 desiderare
1294 2449 1511 2519 adipisci
1541 2458 1758 2516 tempus,
1797 2464 1895 2517 quo
1936 2465 2111 2503 eorum

524 2542 849 2612 aperirentur
878 2542 1087 2609 templa,
1121 2550 1176 2593 ut
1209 2541 1448 2594 haberent
1497 2540 1651 2595 idolis
1694 2541 1993 2595 immolandi
2038 2541 2107 2594 li—

522 2632 762 2686 centiam.
797 2631 886 2687 Sic
913 2632 1069 2702 igitur
1096 2641 1364 2701 utrumque
1395 2633 1639 2701 populum
1675 2633 1969 2686 maeroribus
1998 2632 2110 2685 vul-

526 2732 753 2777 neratum
783 2739 814 2774 a
852 2725 1093 2787 defuncto
1136 2739 1464 2795 cognoscens,
1493 2732 1539 2777 et
1582 2712 2108 2776 communiter'omnes

522 2814 868 2870 cunuchorum
906 2816 1174 2880 violentia,
1206 2824 1255 2869 et
1298 2816 1552 2884 praecipue
1594 2814 1804 2868 Eusebii
1855 2814 2109 2868 Nicome-

520 2907 708 2962 diensis
731 2908 954 2979 episcopi
975 2908 1170 2978 rapinis
1198 2908 1601 2979 ingemiscentes,
1649 2906 1738 2976 qui
1766 2922 1912 2959 suam
1941 2905 2110 2960 sedem

517 3000 815 3071 reliquerat,
838 3009 887 3053 et
914 3000 1526 3067 Constantinopolitanam
1554 3000 1844 3053 invaserat:
1865 2997 2110 3052 Julianus

521 3095 594 3148 ita
621 3095 760 3161 apud
804 3109 975 3147 omnes
1005 3094 1331 3162 semetipsum
1368 3093 1649 3159 artificioso
1685 3091 1929 3145 velamine
1964 3106 2107 3145 com-

522 3185 821 3241 mendabat.
849 3183 916 3237 Et
945 3185 1063 3238 aliis
1091 3184 1395 3239 Christianis
1439 3183 1644 3250 quidem
1694 3199 1868 3236 amare
1905 3199 1957 3236 se
2003 3183 2103 3251 ﬁn-

523 3276 700 3346 gebat,
728 3276 847 3331 aliis
891 3288 1060 3331 autem
1089 3279 1302 3348 paganis
1334 3293 1421 3346 per
1448 3293 1629 3329 vanam
1668 3276 1886 3345 gloriam
1929 3277 2103 3347 largus

519 3378 648 3431 erat,
678 3368 912 3421 omnibus
941 3378 1109 3422 tamen
1140 3368 1305 3437 qualis
1334 3379 1456 3423 esset
1484 3369 1537 3422 in
1568 3384 1835 3421 commune
1863 3370 2106 3438 religione

520 3463 856 3515 monstrabat.
887 3461 952 3514 Et
991 3462 1214 3532 primum
1252 3461 1453 3531 quidem
1486 3461 1775 3515 crudelitati
1820 3460 2105 3516 Constantii

521 3555 657 3609 circa
702 3553 952 3624 subjectos
999 3554 1275 3624 derogans,
1308 3564 1352 3608 et
1392 3571 1499 3607 eam
1532 3570 1703 3607 coram
1744 3554 1980 3607 universo
2013 3570 2106 3622 po-

521 3645 643 3714 pulo
689 3646 1025 3714 redarguens,
1061 3645 1209 3716 jubet
1257 3647 1519 3715 episcOpos
1574 3646 1755 3698 exsilio
1812 3646 2104 3715 deportatos

520 3738 735 3803 evocari,
766 3746 812 3790 et
837 3738 1133 3805 conﬁscatas
1161 3753 1335 3790 eorum
1359 3737 1507 3789 reddi
1529 3736 1861 3790 substantias.
1890 3735 2102 3803 Templa

518 3847 718 3903 quoque
746 3846 1062 3902 paganorum
1092 3830 1327 3885 velociter
1354 3847 1472 3884 suos
1519 3832 1830 3886 necessarios
1860 3832 2103 3902 prcecepit

517 3925 736 3994 aperire,
768 3939 853 3977 eos
890 3932 1060 3976 autem
1102 3924 1191 3993 qui
1232 3922 1435 3991 fuerant
1476 3922 1538 3975 ab
1566 3921 1810 3976 eunuchis
1851 3922 2099 3991 oppressi,

513 4018 756 4084 recipere,
783 4031 893 4083 qua:
925 4015 1056 4069 male
1081 4014 1143 4067 ab
1172 4016 1245 4068 eis
1270 4016 1473 4085 fuerant
1502 4016 1701 4087 objecta
1729 4016 1965 4069 sancivit.
1997 4015 2107 4068 Eu-

424 4170 427 4173 ,
517 4111 711 4164 sebium
760 4125 875 4163 vero
926 4108 1281 4180 praesidentem
1336 4109 1593 4177 imperiali
1655 4107 1885 4162 cubiculo
1942 4117 2104 4164 morte

518 4201 799 4265 damnavit,
824 4215 924 4252 non
948 4201 1117 4254 solum
1136 4201 1254 4269 quia
1284 4202 1469 4254 multos
1498 4210 1841 4271 oppresserat,
1864 4201 1953 4255 sed
1981 4203 2104 4269 quia

518 4292 725 4347 Gallum
754 4307 953 4362 quoque
981 4292 1193 4361 fratrem
1222 4294 1332 4363 ejus
1362 4292 1578 4346 consilio
1608 4294 1840 4347 audierat
1864 4294 2105 4348 interem-

516 4396 679 4456 ptum.
708 4383 777 4438 Et
804 4400 988 4453 corpus
1016 4385 1219 4453 quidem
1247 4381 1528 4439 Constantii
1571 4386 1708 4455 regio
1746 4385 1935 4439 honore
1965 4401 2105 4456 sepe-

516 4479 646 4534 livit.
678 4475 845 4545 Eiecit
889 4492 1005 4530 vero
1031 4493 1058 4531 e
1086 4475 1277 4546 palatio
1322 4476 1603 4543 eunuchos,
1637 4486 1889 4541 tonsores,
1918 4488 1965 4532 et
2012 4493 2100 4532 co-

516 4586 641 4640 quos
662 4584 682 4623 :
716 4569 972 4623 eunuchos
1000 4567 1223 4636 quidem,
1250 4568 1368 4635 quia
1399 4585 1528 4622 uxor
1566 4570 1679 4639 ejus
1730 4571 1951 4636 obierat,
1993 4580 2104 4642 post

516 4678 671 4732 quam
717 4676 819 4715 non
849 4661 994 4714 duxit
1026 4661 1216 4725 aliam;
1248 4678 1429 4731 coquos
1470 4672 1666 4727 autem,
1697 4681 1755 4719 eo
1796 4665 1935 4733 quod
1982 4664 2105 4719 cibis

512 4753 829 4821 simplicibus
873 4761 1125 4816 uteretur;
1169 4762 1391 4808 tonsores
1437 4771 1572 4821 vero,
1605 4758 1727 4826 quia
1780 4758 1973 4820 multis,
2020 4758 2102 4811 in-

513 4848 640 4913 quit,
668 4846 849 4916 sufﬁcit
877 4862 1031 4900 unus.
1064 4845 1386 4915 Scriptorum
1416 4856 1583 4900 autem
1608 4849 1855 4918 plurimos
1882 4850 2106 4920 antiqute

512 4942 735 5014 fortuna:
762 4942 1049 5009 restituens,
1082 4941 1286 5010 reliquis
1316 4957 1492 4994 eorum
1531 4941 1810 4995 mercedem
1841 4943 2106 5011 scriptura:

511 5036 637 5089 dare
663 5034 923 5104 prlecepit.
954 5034 1178 5088 Abscidit
1208 5050 1404 5104 quoque
1430 5034 1582 5088 etiam
1620 5035 1878 5103 publicum
1900 5051 2104 5089 cursum

512 5127 771 5180 ntularum
834 5136 880 5179 et
936 5126 1269 5180 caballorum.
1323 5124 1454 5180 Hac
1524 5130 1632 5197 ejus
1685 5143 1841 5195 Opera
1890 5128 2105 5184 laudant

511 5219 685 5289 pauci,
710 5220 994 5288 vituperant
1024 5220 1193 5271 multi.
1220 5217 1277 5271 Is
1301 5218 1434 5271 enim
1457 5220 1609 5271 etiam
1632 5218 1861 5273 noctibus
1883 5221 2101 5290 vigilans

511 5312 853 5367 conscribebat
881 5310 1060 5376 libros,
1091 5320 1136 5365 et
1164 5312 1476 5365 descendens
1506 5312 1557 5364 in
1586 5320 1765 5365 senatu
1797 5311 1995 5380 publice
2022 5331 2102 5368 re-

509 5402 714 5456 citabat.
760 5401 916 5457 Solus
965 5402 1097 5456 enim
1140 5403 1508 5469 imperatorum
1548 5418 1582 5453 a
1621 5400 1765 5455 Iulio
1796 5400 2000 5457 Caesare
2045 5405 2100 5458 in

512 5494 657 5547 curia
695 5502 903 5548 senatus
947 5494 1173 5547 recitavit
1215 5494 1489 5546 orationes.
1523 5492 1825 5548 Honorabat
1865 5497 2098 5566 discipli-

509 5601 694 5640 narum
724 5585 968 5650 cultores,
999 5585 1216 5637 maxime
1266 5584 1700 5652 philosophantes.
1732 5585 1964 5640 Habebat
2000 5602 2097 5641 au-

514 5686 610 5727 tem
636 5676 913 5745 plurimum
942 5691 1083 5729 vana:
1105 5675 1282 5744 gloria:
1302 5674 1499 5741 vitium,
1525 5686 1569 5728 et
1598 5680 1649 5729 in
1674 5676 1918 5737 oratione.
1947 5695 2099 5746 quam

512 5768 575 5820 de
604 5768 889 5825 Ca'suribus
933 5767 1229 5840 scripserat,
1264 5778 1467 5826 cunctos
1505 5778 1622 5825 ante
1648 5787 1698 5825 se
1731 5770 1982 5841 vrincipes
2020 5770 2097 5828 la-

1362 312 1561 368 PAULI
1604 309 1871 366 DIACONI
1911 308 2061 363 OPP.
2104 304 2280 362 PARS
2319 306 2358 361 1.
2402 335 2469 347 -
2510 303 2894 363 HISTORICA.

3636 322 3713 379 99.0

2138 423 2188 481 Α
2213 420 2415 473 ceravit.
2451 419 2499 472 Η
2506 435 2565 472 ac
2591 436 2711 490 ergo
2738 419 3037 489 arrogantia
3066 430 3251 489 motus,
3272 425 3412 480 etiam
3435 442 3588 488 contra
3605 436 3714 495 Chri-

2222 514 2414 568 stianos
2443 513 2742 582 conscripsit
2783 514 2963 567 libros.
2992 513 3060 567 Ut
3088 531 3208 585 ergo
3231 533 3401 587 coquos
3431 532 3559 593 atque
3588 537 3715 586 tam.

2222 620 2301 658 res
2331 605 2619 672 expelleret,
2655 621 2782 673 opus
2808 604 3131 675 philosophi,
3169 624 3264 661 non
3292 620 3437 666 tamen
3461 615 3716 683 imperatoris

2222 696 2353 764 egit;
2379 706 2433 748 ut
2454 695 2759 764 detraheret,
2787 706 2937 765 atque
2966 700 3227 764 laceraret,
3256 716 3340 754 nec
3367 698 3629 776 philoiOphi,
3655 727 3718 765 nec

2222 787 2464 856 principis
2496 787 2617 857 fuit.
2646 785 2815 858 Igitur
2851 785 3098 841 Julianus
3125 788 3313 843 dudum
3337 794 3520 848 studens
3552 796 3719 868 Pagoni-

2222 886 2376 931 tatem
2414 880 2468 931 in
2509 878 2648 931 omni
2677 894 2773 932 sua
2819 879 3010 933 ditione
3050 880 3272 943 dilatari,
3302 896 3348 937 et
3375 882 3721 952 Christianitatem

2220 969 2565 1034 exterminari,
2588 970 2807 1039 primum
2829 970 3030 1038 quidem
3055 967 3376 1025 Gali/(corum
3404 972 3513 1042 filiis
3535 978 3614 1044 (sic
3629 980 3720 1034 enim

2224 1061 2509 1117 Salvatoris
2556 1062 2714 1115 nostri
2761 1061 2983 1116 cultores
3026 1063 3401 1132 denominabat)
3450 1071 3647 1139 pracepit
3682 1088 3723 1125 ne

2222 1164 2488 1226 poetarum
2512 1164 2600 1208 aut
2632 1154 3056 1225 philosophorum
3086 1155 3302 1227 legerent
3328 1157 3606 1226 disciplinas.
3631 1160 3722 1215 Pro-
3784 1144 3785 1147 Ἴ

2222 1246 2370 1315 priis,
2395 1246 2581 1313 inquit,
2610 1248 2791 1316 pennis
2813 1247 3142 1299 vulneramur
3166 1248 3428 1301 secundum
3454 1252 3722 1321 proverbium,

2222 1351 2285 1390 ex
2329 1338 2514 1390 nostris
2560 1337 2694 1390 enim
2737 1340 2924 1390 armati
2972 1338 3443 1405 conscriptionibus,
3481 1354 3627 1397 contra
3662 1362 3724 1398 nos

2223 1427 2354 1482 bella
2384 1429 2684 1497 suscipiunt.
2718 1428 2785 1483 Et
2816 1428 3005 1498 templa
3031 1431 3233 1496 quidem
3261 1440 3394 1483 erant
3419 1442 3589 1500 aperta,
3614 1438 3725 1488 sacri-

2224 1518 2442 1585 ficiaque
2470 1516 2803 1589 Paganorum
2828 1534 2917 1585 per
2947 1519 3173 1573 civitates
3203 1522 3463 1573 secundum
3491 1525 3725 1578 voluntatem

2222 1612 2361 1665 illius
2390 1612 2756 1681 procedebant;
2780 1614 2890 1680 ipse
2924 1622 3095 1667 autem
3123 1614 3383 1682 aestuabat,
3412 1632 3467 1669 ne
3493 1616 3629 1685 fervor
3650 1619 3725 1686 ejus

2224 1702 2636 1759 Christianorum
2694 1707 3010 1760 abundantia
3067 1707 3409 1775 frustraretur.
3466 1707 3524 1763 Et
3574 1712 3727 1765 maxime

2140 1785 2190 1844 B
2222 1798 2540 1865 pulsabatur,
2562 1798 2699 1867 ‘quia
2730 1798 2875 1851 multi
2905 1800 3229 1852 sacerdotum
3257 1816 3455 1852 suorum
3486 1798 3725 1854 Christianas

2218 1889 2467 1942 habebant
2514 1904 2717 1953 uxores,
2748 1898 2793 1941 et
2838 1890 2974 1957 filios
3015 1901 3061 1943 et
3093 1906 3282 1945 servos.
3316 1892 3576 1945 Arbitratus
3608 1903 3726 1945 autem

2217 1978 2621 2036 Christianitatis
2670 1990 2855 2034 statum
2900 1998 2961 2035 ex
3006 1984 3108 2036 vita
3158 1983 3291 2037 bona
3339 1994 3383 2036 et
3432 1984 3726 2038 canuersationt

2218 2074 2511 2139 consistere,
2555 2074 2750 2126 studuit
2796 2073 2980 2143 ubique
3026 2074 3215 2145 templa
3254 2092 3551 2146 paganorum
3584 2077 3728 2128 insint-

2217 2166 2382 2220 ctionc
2418 2176 2467 2221 et
2513 2167 2693 2219 ordine
2739 2165 3043 2221 Christiana:
3088 2168 3344 2238 religionis
3385 2184 3549 2222 ornare
3583 2170 3725 2223 sedibus

2215 2268 2368 2328 atque
2411 2259 2865 2327 processionibus:
2908 2258 3242 2331 Paganorum
3302 2262 3592 2331 dogmatibus
3624 2272 3729 2328 atqu

2216 2351 2577 2405 monitionibus
2619 2353 2831 2405 lectores
2873 2368 2982 2407 sate
3018 2355 3395 2421 superstitionis
3433 2354 3637 2415 instituit,
3659 2350 3725 2402 ad-

2213 2442 2377 2497 instar
2407 2442 2726 2508 clericorunt,
2760 2451 2817 2496 ut
2847 2444 2996 2497 horas
3026 2455 3213 2512 certas,
3242 2455 3295 2499 et
3326 2446 3449 2511 dies,
3476 2454 3520 2499 et
3546 2445 3729 2499 orationes

2213 2534 2503 2589 salemniter
2527 2535 2864 2603 observarent,
2894 2538 3198 2608 praecipiens
3227 2540 3417 2611 pariter
3446 2539 3603 2594 habere
3627 2553 3728 2591 cum

2214 2628 2435 2681 virorum
2469 2638 2621 2693 atque
2648 2629 2920 2684 mulierum
2948 2630 3318 2701 philosophare
3338 2635 3553 2699 scientes,
3579 2633 3726 2686 habita-

2214 2721 2344 2776 culis
2390 2724 2771 2792 peregrinorum
2817 2733 2864 2778 et
2914 2741 3226 2794 pauperum,
3257 2729 3454 2795 aliaque
3490 2723 3730 2798 providentia

2214 2817 2352 2869 circa
2393 2832 2575 2887 egenos
2616 2818 2862 2882 exhibita,
2893 2834 3219 2889 paganorum
3264 2819 3543 2889 religionem
3579 2830 3730 2884 compt-

2216 2924 2352 2976 nere,
2382 2919 2428 2963 et
2475 2910 2675 2979 pietatis
2715 2910 2900 2964 habere
2926 2927 3130 2965 nomen.
3168 2911 3234 2968 Si
3279 2914 3390 2980 quis
3428 2921 3575 2964 autem
3606 2914 3730 2977 sponte

2214 3002 2289 3056 vel
2327 3003 2513 3056 invitus
2547 3012 2796 3068 peccaret,
2829 3006 3109 3058 secundum
3139 3007 3465 3059 traditionem
3494 3002 3732 3059 Christiano-

2215 3112 2326 3148 rum
2355 3095 2595 3159 instituit,
2621 3105 2674 3150 ut
2703 3105 2816 3163 post
2854 3098 3209 3167 ptenitentiam
3240 3098 3529 3152 mediocrem
3553 3094 3731 3149 constitu-

2133 3164 2178 3225 Ο
2210 3195 2315 3240 tam
2364 3189 2630 3241 sustineret
2687 3189 3080 3256 correptionem.
3134 3188 3407 3260 I’rtecipue
3453 3205 3557 3242 vero
3592 3188 3730 3239 selattu

2208 3279 2396 3331 dicitur
2422 3288 2573 3333 notas
2601 3280 2881 3334 litterarum
2912 3282 3303 3352 episcOpalium,
3334 3283 3506 3353 quibus
3529 3280 3659 3335 solent
3677 3277 3728 3330 al-

2208 3371 2409 3423 terutris
2438 3370 2707 3425 scribentes
2748 3376 3099 3427 commendare
3129 3375 3446 3446 peregrinos,
3472 3385 3516 3427 et
3550 3372 3615 3426 ubi
3645 3384 3728 3439 pro-

2207 3458 2524 3525 ficiscuntur,
2546 3468 2592 3514 et
2620 3478 2651 3514 a
2678 3462 2855 3532 quibus
2878 3466 3083 3519 veniunt
3106 3468 3274 3521 modis
3296 3466 3519 3520 omnibus
3540 3464 3722 3521 indicare,

2205 3559 2250 3603 et
2270 3551 2452 3605 solatia
2472 3555 2768 3622 promereri,
2788 3564 3029 3623 tanquam
3056 3560 3164 3612 noti
3190 3568 3240 3613 et
3266 3560 3417 3614 amici
3445 3560 3554 3622 sint,
3571 3556 3729 3610 testimo-

2204 3641 2288 3694 nio
2310 3643 2484 3696 directi
2510 3644 2779 3715 signaculi.
2802 3644 2929 3700 Hcec
2959 3649 3297 3705 considerans
3324 3650 3591 3719 festinabat.
3614 3656 3652 3696 ³η
3668 3658 3728 3711 Ρα·

2204 3735 2325 3804 gani
2354 3735 2760 3790 Christianorum
2782 3752 3162 3795 consuescerent
3186 3744 3385 3812 officiis.
3412 3742 3621 3796 Scriberis
3638 3736 3729 3789 enim

2206 3825 2401 3879 Arsabo
2432 3827 2658 3895 pontifici
2687 3827 2903 3883 Galatia’
2928 3833 3017 3884 tali
3054 3835 3207 3887 modo
3238 3834 3538 3903 epistolam:
3567 3849 3583 3880 t
3608 3827 3727 3895 Paga-

2206 3931 2405 3984 norum,
2440 3918 2623 3987 inquit,
2649 3920 2779 3973 ritus
2805 3921 3029 3975 nondum
3056 3925 3229 3993 agitur
3255 3924 3529 3979 secundum
3556 3916 3729 3973 intentio.

2207 4025 2319 4062 nent
2345 4023 2591 4076 nostram,
2621 4022 2834 4083 prapter
2863 4015 3081 4068 cultores
3120 4019 3233 4086 ejus
3274 4017 3329 4070 in
3371 4012 3639 4086 negligentia
3666 4021 3728 4076 p0-

2205 4101 2349 4156 sitos.
2382 4101 2520 4157 Nam
2552 4104 2763 4159 deorum
2787 4106 3014 4175 claritas,
3047 4109 3373 4177 magnitudo,
3400 4118 3539 4177 atque
3561 4099 3731 4158 sublimi-

2207 4202 2305 4259 tas,
2335 4196 2471 4248 omni
2500 4198 2718 4264 ratione,
2746 4200 2983 4269 omnique
3010 4216 3099 4269 spe
3137 4202 3307 4271 major
3336 4210 3443 4265 est;
3466 4200 3545 4252 sed
3577 4188 3730 4264 ρῑορίιιῗ

2206 4285 2309 4337 sint
2338 4288 2524 4341 nostris
2558 4290 2741 4344 animis
2773 4291 2868 4352 dii,
2898 4300 3105 4362 propter
3136 4295 3495 4365 negligentiam
3522 4305 3647 4360 quant
3667 4287 3732 4337 lut-

2206 4375 2401 4447 bemus,
2426 4396 2542 4433 cum
2566 4381 2771 4435 illorum
2802 4384 3116 4451 providentia
3138 4386 3190 4440 in
3219 4402 3384 4456 parvo
3411 4397 3610 4455 tempore
3631 4385 3730 4431 tanta

2208 4469 2345 4539 facta
2371 4472 2582 4524 mutatio
2609 4474 2692 4538 sit,
2725 4484 2964 4542 quantum
2990 4492 3080 4529 nec
3106 4493 3258 4531 orare
3305 4477 3537 4546 primitus
3568 4470 3731 4543 quitus-

2208 4578 2305 4631 que
2348 4575 2759 4633 praesumpserat.
2787 4563 2889 4619 Cur
2916 4584 3035 4638 ergo
3065 4569 3324 4623 credimus
3355 4570 3448 4623 hoc
3486 4580 3613 4635 posse
3631 4558 3733 4626 illi“

2208 4675 2338 4724 cere,
2371 4675 2529 4729 neque
2574 4662 2873 4731 respicimus
2912 4654 3345 4734 quemadmodtﬁn
3393 4660 3738 4734 superstitionem

2209 4748 2613 4806 Christianorum
2660 4757 2806 4808 auxit
2849 4771 2970 4809 cura
3013 4758 3424 4828 peregrinorum,
3457 4765 3499 4810 et
3536 4755 3648 4806 circa
3678 4761 3720 4800 κ

2207 4846 2460 4913 pulturas,
2488 4858 2537 4901 et
2565 4857 2793 4902 mortuos
2819 4848 2985 4902 multa
3018 4851 3226 4917 solatia,
3253 4850 3558 4917 honestoque
3580 4854 3708 4899 convc

2206 4939 2419 4993 sationis
2446 4941 2631 5005 studia,
2665 4956 2767 4994 non
2808 4957 2942 5006 vera,
2969 4943 3060 4995 sed
3104 4943 3244 5011 ficta.
3280 4944 3424 5008 Quas
3459 4956 3532 4993 res
3568 4933 3705 4991 arbit'

2203 5031 2294 5085 sub
2336 5033 2541 5086 veritate
2569 5033 2709 5104 apud
2740 5051 2832 5087 nos
2860 5034 3040 5089 debere
3070 5035 3199 5107 geri.
3226 5034 3355 5089 Non
3397 5035 3557 5100 itaque
3596 5020 3703 5100 fa!“

2202 5133 2249 5178 te
2277 5126 2445 5179 solum
2485 5125 2638 5180 talem
2666 5142 2790 5197 esse,
2819 5128 2908 5181 sed
2932 5143 3107 5183 omnes
3134 5129 3342 5183 abolute
3370 5130 3501 5183 circa
3530 5123 3700 5180 σαιμνι

2201 5217 2511 5283 sacerdotes,
2542 5234 2666 5287 quos
2690 5228 2779 5273 aut
2806 5218 3099 5288 deprecare,
3132 5231 3218 5274 aut
3248 5221 3482 5274 oratione
3507 5206 3701 5289 fleam

2203 5318 2333 5362 certe
2374 5309 2673 5379 festinanter
2709 5328 2739 5364 a
2776 5312 3087 5366 sacerdotali
3132 5313 3418 5367 ministerio
3448 5327 3596 5365 remo;
3620 5293 3701 5347 πίεί

2200 5403 2298 5457 diis
2329 5419 2445 5457 cum
2488 5406 2810 5475 conjugibus,
2844 5414 2888 5459 et
2928 5406 3074 5475 ﬁliis,
3104 5419 3256 5476 atque
3287 5406 3467 5473 servis,
3508 5423 3568 5461 co
3603 5388 3698 5444 ηδ’

2198 5497 2459 5564 miserint,
2506 5513 2607 5549 non
2637 5497 2856 5567 ferentes
2894 5498 3105 5555 ulterius
3130 5516 3306 5555 eorum
3337 5518 3513 5555 servos
3544 5484 3696 5550 ίβίίοε

2201 5590 2295 5644 hoc
2323 5593 2511 5659 facere,
2543 5601 2920 5651 contemnentes
2951 5603 3120 5647 autem
3150 5592 3402 5649 Calila’os
3434 5584 3695 5665 ξηησοηττσ

2199 5682 2317 5736 deos
2370 5694 2597 5753 agentes,
2650 5694 2694 5737 ct
2750 5685 3030 5751 impietates
3081 5684 3357 5754 pietatibus
3416 5675 3691 5756 primani“-

2198 5774 2397 5830 Deinde
2423 5786 2632 5831 cunctos
2658 5779 2899 5846 admone,
2927 5788 2982 5833 ut
3012 5779 3245 5833 sacerdos
3289 5766 3491 5849 nequei
3515 5769 3692 5834 δυεαίῗ

2129 4527 2183 4588 D
