3918 6344
195 237 275 299 ρει

1212 222 1528 284 HISTORIA
1567 222 1931 282 MISCELLA.
1976 253 2041 263 —
2084 223 2210 279 LIB.
2257 224 2343 280 XI.

3309 224 3415 280 993

190 354 283 405 cuia
306 342 541 416 procedat,
563 353 721 410 neque
745 339 798 392 in
830 337 1049 392 tabernis
1076 334 1235 406 bibat,
1263 348 1350 391 aut
1375 338 1576 391 cuilibet
1604 338 1724 400 arti,
1758 341 1806 398 Α
1835 354 2145 407 paganorum
2173 342 2297 394 ritus
2321 338 2601 405 extolleret,
2627 340 2817 396 invenit
2840 341 3049 394 modum
3070 341 3155 410 qui
3180 338 3415 411 plurimis

193 451 262 497 aut
298 434 504 507 operibus
551 430 805 496 turpibus,
838 438 926 482 aut
968 430 1347 498 impudentibus
1398 430 1591 497 praesit.
1634 422 1734 491 Qui

189 529 390 587 obediunt
425 526 749 586 hortarentur,
788 521 1124 575 inobedientes
1153 521 1365 589 expelle.
1400 520 1734 575 Xenodochia

191 619 398 675 constitue
424 629 507 682 per
532 612 758 682 singulas
790 612 1032 678 civitates,
1063 621 1119 665 ut
1147 623 1319 666 nostra
1357 614 1608 685 peregrini
1634 612 1735 666 cle-

188 711 343 767 mentia
380 710 719 778 perfruantur,
752 720 851 757 non
879 713 1075 757 tantum
1123 704 1308 770 nostri,
1336 704 1422 757 sed
1465 705 1613 757 etiam
1643 719 1735 757 ea:-

190 803 323 859 tranei
358 798 577 871 pecuniis
620 797 916 868 indigentes.
952 795 1018 851 Ut
1045 809 1215 851 autem
1245 797 1428 851 habeas
1458 796 1593 850 unde
1621 795 1732 863 fiat,

185 897 353 952 interim
395 890 587 946 decrevi
630 890 844 960 singulis
888 890 1033 943 annis
1072 891 1279 959 triginta
1320 888 1485 942 millia
1536 889 1735 941 modios

186 986 309 1041 tritici
342 998 424 1053 per
445 982 727 1035 universam
752 981 867 1035 dari
894 979 1174 1046 Calatiam,
1200 990 1247 1034 et
1276 981 1541 1050 sexaginta
1575 978 1736 1033 millia

181 1080 266 1132 vini
300 1076 551 1130 sextarios.
587 1072 788 1127 Horum
834 1075 1008 1143 quinta
1048 1091 1164 1143 pars
1196 1073 1500 1142 pauperibus
1544 1074 1735 1141 templa

182 1169 517 1225 observantibus
556 1167 694 1221 debet
738 1168 979 1235 expendi,
1024 1168 1218 1235 reliqua
1263 1167 1558 1237 peregrinis,
1596 1167 1736 1219 indi-

178 1260 472 1333 gentibusque
517 1260 771 1312 distribui.
822 1258 989 1329 Turpe
1036 1274 1252 1329 namque
1302 1268 1373 1311 est
1429 1265 1481 1310 ut
1526 1256 1738 1312 Iudaeos

178 1356 351 1426 quidem
374 1369 471 1407 non
503 1352 766 1421 abjiciant,
796 1354 885 1406 sed
915 1353 1081 1422 potius
1105 1353 1337 1405 nutriant
1368 1352 1512 1418 impii
1539 1350 1739 1405 Caliltei

176 1454 215 1499 et
237 1460 345 1499 suos
387 1443 580 1513 pariter
626 1453 673 1495 et
718 1451 936 1511 nostros,
972 1444 1133 1495 nostri
1178 1458 1292 1497 vero
1329 1453 1615 1497 nostrorum
1659 1460 1740 1497 so-

176 1536 279 1589 latio
323 1536 639 1590 deserantur.
686 1532 1014 1601 Quapropter
1056 1532 1182 1587 doce
1234 1535 1386 1587 etiam
1440 1534 1741 1586 collationes

174 1631 320 1698 facere
341 1642 570 1697 paganos
592 1626 658 1678 ad
687 1626 811 1678 talia
840 1626 1144 1687 ministeria,
1170 1640 1588 1695 paganorumque
1610 1625 1741 1677 vicos

172 1696 451 1785 oﬂ'errediis
488 1718 744 1788 primitias
775 1721 1000 1787 frugum,
1043 1733 1224 1786 eosque
1249 1716 1545 1787 hujnsmodi
1584 1719 1735 1770 bene-
1767 1696 1814 1755 B

169 1811 298 1879 fartis
320 1810 544 1873 institue,
580 1811 764 1862 docens
794 1824 879 1862 eos
908 1808 1001 1861 hoc
1028 1825 1153 1877 opus
1182 1809 1302 1861 olim
1350 1809 1509 1877 fuisse
1542 1820 1740 1860 nostro—

168 1918 280 1955 rum.
313 1899 572 1953 Homerus
596 1902 729 1953 enim
757 1898 855 1955 hoc
881 1900 1080 1970 probat,
1108 1901 1431 1955 introducens
1457 1900 1740 1954 Eumenum

167 1997 272 2047 talia
296 1995 587 2064 facientem.
622 1993 734 2047 Nos
761 1986 880 2064 ergo
908 2011 1066 2064 neque
1092 1994 1221 2047 bona
1248 2002 1531 2047 nostrorum
1574 1994 1743 2047 imita-

166 2103 273 2147 mur,
300 2088 383 2141 sed
413 2086 531 2141 aliis
560 2088 886 2149 remittimus,
919 2076 1226 2157 negligentia
1256 2104 1355 2141 non
1381 2089 1613 2157 confusi,-
1634 2104 1742 2139 ma-

164 2178 400 2246 gisautem
430 2177 651 2231 deorum
675 2179 999 2232 reverentiam
1029 2191 1339 2248 respuentes.
1368 2178 1427 2234 Si
1454 2180 1608 2248 igitur
1638 2177 1744 2231 haec

166 2281 202 2322 te
224 2271 486 2338 facientem
509 2285 818 2340 coqnovero,
846 2286 935 2341 ego
963 2272 1139 2324 ltetitia
1163 2270 1338 2340 plenus
1360 2287 1463 2325 ero.
1494 2270 1745 2323 Pra’sides

162 2360 514 2427 provinciarum
539 2361 717 2413 rarius
742 2362 880 2415 danti
909 2364 1127 2434 suscipe,
1154 2364 1440 2433 frequenter
1461 2369 1532 2420 eis
1557 2371 1747 2439 scripta

163 2455 443 2507 transmitte.
490 2452 910 2523 Ingredientibus
937 2459 1011 2511 eis
1051 2460 1332 2524 civitatein,
1361 2461 1535 2515 nullus
1580 2479 1748 2515 sacer-

162 2544 314 2598 dotum
355 2556 622 2600 occurrat.
649 2546 876 2618 Cumque
912 2549 979 2602 ad
1011 2552 1197 2618 templa
1238 2556 1462 2606 venerint
1500 2552 1743 2620 deorum,

162 2638 276 2689 intra
299 2639 486 2701 ianuas
510 2639 593 2692 eis
622 2654 769 2692 nemo
799 2641 1051 2705 prazcedat
1076 2640 1311 2708 militum,
1342 2651 1431 2695 aut
1463 2644 1591 2712 forte
1618 2659 1747 2709 pra:-

162 2729 419 2782 cedentium
472 2731 804 2800 officiorum,
852 2732 939 2783 scd
976 2735 1063 2801 qui
1120 2733 1337 2787 voluerit
1392 2736 1744 2804 subsequatur.

160 2816 362 2889 Cumque
404 2825 473 2876 ad
526 2825 709 2893 ipsum
748 2825 901 2878 limen
947 2826 1122 2894 templi
1171 2827 1479 2893 pervenerit,
1522 2830 1749 2898 privatus

161 2915 335 2969 existat.
364 2915 440 2969 Tu
468 2917 641 2982 enim,
670 2917 800 2971 sicut
829 2919 979 2984 nosti,
1004 2920 1171 2987 judes:
1198 2921 1333 2974 intus
1363 2940 1433 2975 es.
1473 2921 1588 2975 Hoc
1616 2927 1747 2976 enim

159 3008 286 3061 etiam
313 3026 462 3063 sacra
505 3012 717 3065 sanctio
756 3011 956 3063 videtur
985 3012 1202 3082 exigere.
1253 3014 1552 3069 ()bedientes
1594 3017 1747 3088 igitur
1774 3050 1822 3112 Ο

161 3117 240 3167 pro
272 3103 475 3158 veritate
506 3105 587 3171 pii
634 3102 754 3171 sint,
786 3105 1092 3159 reluctantes
1138 3123 1282 3161 vana:
1310 3109 1487 3178 gloria:
1529 3111 1749 3178 compri-

160 3204 356 3247 utantur.
394 3195 545 3261 Quid
577 3196 723 3250 enim
755 3195 1005 3264 patiatur,
1038 3208 1123 3250 aut
1152 3199 1289 3267 quod
1319 3210 1570 3255 mereatur
1597 3203 1751 3255 auxi-

163 3282 291 3352 lium,
315 3288 401 3356 qui
450 3297 687 3341 matrem
727 3288 938 3341 deorum
971 3291 1243 3360 propitiam
1275 3292 1455 3347 habere
1500 3295 1757 3349 uoluerit?

160 3373 248 3439 Qui
272 3393 388 3447 ergo
433 3394 553 3432 eam
587 3378 935 3447 neglexerint,
965 3396 1066 3433 non
1095 3381 1262 3435 solum
1286 3387 1395 3437 sine
1422 3387 1625 3456 querela
1654 3401 1756 3439 non

158 3479 301 3538 erunt,
330 3474 423 3525 sed
451 3475 627 3527 etiam
673 3481 859 3525 nostris
906 3473 1270 3543 indignationis
1316 3478 1558 3548 impetum
1602 3479 1756 3533 εωιὶ-

155 3567 346 3624 nebunt.
392 3569 590 3640 Neque
629 3572 762 3624 enim
801 3572 882 3639 fas
923 3580 996 3625 est
1026 3581 1080 3623 ut
1111 3569 1189 3623 illi
1238 3583 1498 3640 parcatur,
1528 3572 1609 3640 qui
1638 3570 1757 3625 deos

157 3660 372 3714 habuerit
406 3664 686 3716 inimicos.
720 3661 894 3717 Suade
922 3663 1167 3731 siquidem
1199 3662 1271 3716 eis
1299 3670 1351 3715 ut
1378 3663 1423 3716 si
1449 3678 1558 3716 mea
1587 3663 1758 3716 volue-

153 3751 241 3805 rint
266 3756 369 3823 frui
400 3758 657 3821 mitione,
688 3772 859 3811 omnes
887 3758 1038 3810 matri
1066 3758 1276 3811 deorum
1303 3757 1538 3810 studeant
1568 3755 1758 3824 offerre

156 3846 412 3904 culturam.
447 3870 467 3903 ι
508 3850 656 3904 Hcce
696 3852 864 3920 itaque
911 3852 1101 3920 faciens
1140 3851 1414 3917 imperator
1457 3849 1523 3902 ad
1563 3850 1763 3901 destru-

152 3943 353 3998 ctionem
400 3943 866 4010 Christianorum,
908 3960 1067 4014 neque
1108 3943 1347 4014 subjectis
1396 3943 1681 4011 prtevaluit,
1716 3950 1763 3997 et

154 4048 313 4101 aperte
339 4036 672 4092 Christianis
702 4039 801 4091 vim
830 4052 1018 4108 parare
1046 4037 1263 4091 erubuit.
1307 4035 1453 4089 Inter
1482 4039 1588 4090 htec
1618 4046 1671 4088 ut
1698 4037 1767 4088 ad

154 4132 498 4199 paganitatem
541 4130 744 4183 milites
784 4133 1149 4193 insuescerent,
1192 4127 1387 4183 studuit
1426 4128 1494 4180 ad
1544 4127 1765 4197 priscum

155 4222 343 4277 schema
372 4227 685 4295 reformare
708 4224 911 4294 signum
938 4223 1068 4276 illud
1102 4222 1337 4275 labarum
1360 4220 1631 4275 sublimius
1664 4217 1768 4271 Ro-

151 4331 434 4387 manorum,
470 4317 630 4388 quod
674 4313 1063 4380 Constantinus,
1093 4314 1225 4367 sicut
1255 4313 1557 4381 prwdictum
1587 4321 1679 4373 est,
1718 4310 1770 4363 in

1834 430 2136 487 Christianis
2160 434 2402 487 militibus
2426 434 2582 488 clarte
2606 435 2807 488 virtutis
2836 448 3076 489 coronam
3099 435 3258 487 dedit.
3286 435 3416 488 Cum

1834 526 2044 578 venisset
2091 526 2258 595 itaque
2296 536 2485 597 tempus
2536 543 2634 596 quo
2680 526 2965 596 imperialia
3023 527 3205 580 milites
3251 527 3415 579 solent

1836 619 1971 671 dona
2009 619 2260 688 percipere
2292 618 2408 688 (hoc
2435 620 2566 672 enim
2595 619 2765 689 agitur
2796 617 3090 687 plerumque
3122 618 3205 671 die
3230 615 3423 670 Kalen-

1834 710 2015 763 darum
2054 708 2444 778 Ianuariarum,
2476 720 2522 765 et
2568 711 2727 764 natali
2757 710 3076 781 principum,
3120 715 3167 761 et
3216 707 3420 760 urbium

1835 803 2134 874 regiarum),
2167 804 2426 870 exquisivit
2455 812 2699 873 quatenus
2726 819 2811 857 eos
2837 802 3135 869 simpliciter
3156 816 3217 853 ea:
3255 800 3421 869 prisca

1837 897 2203 949 consuetudine
2227 897 2400 950 fallere
2432 897 2691 962 potuisset.
2716 893 2973 965 Jussitque
3000 905 3051 947 ut
3082 896 3423 962 unusquisque

1837 987 1904 1039 ad
1936 1004 2114 1041 manus
2158 987 2478 1056 imperatoris
2523 989 2895 1053 accedentium,
2928 988 2990 1040 ab
3019 985 3194 1056 officiis
3235 985 3421 1039 admo-

1838 1082 1992 1141 nitus,
2027 1079 2188 1144 primo
2220 1082 2476 1132 incensum
2498 1078 2700 1146 offerret
2718 1080 2850 1147 (erat
2876 1079 3011 1134 enim
3035 1088 3151 1132 ante
3169 1093 3284 1132 eum
3306 1077 3424 1131 thus

1838 1171 2084 1240 positum,
2118 1177 2163 1223 et
2192 1170 2314 1240 ara)
2359 1172 2637 1225 secundum
2677 1172 2935 1241 antiquam
2977 1172 3125 1224 Rom.
3153 1177 3427 1223 consuetu-

1840 1262 2025 1313 dinem.
2052 1260 2197 1312 Tunc
2224 1261 2312 1313 alii
2339 1262 2538 1329 quidem
2567 1262 2774 1314 licenter
2801 1278 2944 1314 suam
2974 1260 3293 1313 ostenderunt
3319 1263 3427 1329 for-

1840 1351 2125 1417 titudinem,
2151 1361 2197 1403 et
2229 1367 2386 1420 neque
2415 1352 2673 1405 incensum
2704 1350 2907 1418 offerre,
2938 1367 3094 1419 neque
3120 1350 3311 1403 donum
3340 1364 3428 1403 ac-

1841 1445 2007 1511 cipere
2037 1446 2173 1510 passi
2198 1452 2333 1496 sunt.
2356 1443 2457 1496 Alii
2487 1460 2623 1512 vero,
2646 1446 2907 1499 occasione
2934 1446 3057 1515 legis
3084 1454 3128 1498 et
3156 1444 3426 1514 antiquita-

1840 1537 1922 1595 tis,
1941 1552 2100 1605 neque
2120 1546 2280 1588 mente
2302 1547 2649 1603 perceperunt,
2668 1538 2805 1607 quod
2829 1538 3120 1590 commisere
3141 1548 3425 1605 peccatum.

1851 1626 2037 1680 Verum
2066 1628 2154 1681 alii
2181 1638 2390 1697 propter
2420 1628 2617 1681 lucrum
2643 1631 2800 1699 capti,
2831 1639 2915 1682 aut
2935 1631 3111 1683 timore
3128 1630 3428 1697 perturbati,

1845 1737 1931 1774 seu
1953 1724 2189 1791 jussione
2226 1722 2489 1788 repentina
2518 1722 2765 1791 conclusi,
2803 1723 2916 1775 licet
2956 1723 3316 1787 intellexerint,
3348 1732 3429 1776 ta-

1844 1830 1954 1866 men
2001 1814 2345 1883 paganitatem
2394 1813 2652 1866 declinare
2704 1830 2803 1867 non
2856 1824 3148 1883 potuerunt.
3210 1812 3433 1866 Plurimi

1843 1907 2091 1975 siquidem
2130 1923 2218 1975 per
2253 1906 2599 1975 ignorantiam
2632 1906 2855 1976 decepti,
2887 1906 3009 1958 dum
3038 1909 3164 1958 inter
3191 1905 3345 1971 cibos,
3380 1914 3433 1957 ut

1844 1998 2060 2061 assolet,
2088 2007 2136 2051 et
2180 1998 2361 2067 pocula
2396 2002 2686 2052 invocarent
2733 1999 2783 2051 in
2829 1999 3099 2051 alterutros
3150 1995 3429 2061 Christum,

1844 2091 2154 2160 respondens
2202 2090 2411 2160 quidam
2464 2090 2590 2143 dixit
2624 2106 2643 2144 :
2677 2089 2813 2155 Quid
2866 2090 3097 2159 patimini
3145 2091 3435 2143 invocantes

1848 2179 2127 2243 Christum,
2147 2198 2295 2250 quem
2317 2190 2431 2235 ante
2456 2181 2723 2251 paululum
2754 2181 3059 2251 denegastis,
3089 2181 3210 2232 dum
3240 2180 3431 2232 donum

1847 2277 1908 2328 ab
1938 2276 2220 2344 imrerante
2268 2274 2598 2343 percipientes
2625 2317 2639 2342 ,
2670 2278 2783 2328 thus
2814 2274 2867 2327 in
2911 2275 3079 2343 ignem
3132 2273 3437 2327 mitteretis?

1850 2366 2069 2432 Cumque
2100 2367 2192 2421 hoc
2214 2368 2398 2420 milites
2428 2367 2711 2430 audissent,
2745 2375 2790 2419 et
2819 2366 2953 2433 quod
2983 2374 3238 2433 gesserant
3270 2380 3432 2434 agno-

1848 2462 2053 2525 vissent,
2078 2462 2246 2512 statim
2268 2462 2573 2522 etrsilientes,
2607 2458 2804 2528 publice
2844 2456 3132 2523 currebant,
3161 2466 3311 2525 atque
3341 2458 3438 2507 int-

1851 2562 1969 2620 petu
1999 2555 2135 2621 facto
2166 2552 2487 2613 clamabant,
2525 2548 2786 2617 Deumque
2827 2564 2975 2600 suum
3017 2554 3063 2599 et
3094 2554 3299 2601 cunctos
3338 2545 3438 2597 ho-

1851 2642 2010 2694 mines
2058 2643 2367 2694 testabantur
2400 2656 2452 2695 se
2482 2638 2801 2693 Christianos
2830 2656 2964 2705 esse,
2995 2648 3042 2691 et
3069 2640 3119 2691 in
3148 2654 3205 2693 eo
3237 2638 3440 2691 nomine

1851 2750 2164 2803 permanere,
2200 2747 2347 2803 a'qne
2372 2749 2461 2802 per
2492 2732 2832 2802 ignorantiam
2862 2748 2915 2783 se
2944 2731 3141 2799 fecisse,
3168 2739 3234 2795 et,
3266 2732 3311 2782 si
3337 2729 3442 2782 dici

1853 2837 2035 2893 posset,
2070 2829 2233 2879 solam
2269 2842 2473 2878 manum
2506 2840 2759 2895 paganum
2789 2839 2915 2888 esse,
2941 2822 3300 2874 conscientiam
3325 2833 3438 2871 vero

1852 2920 1983 2973 nihil
2028 2922 2179 2972 simul
2220 2920 2399 2988 egisse.
2451 2914 2675 2982 Cumque
2724 2915 2971 2967 venissent
3002 2912 3069 2964 ad
3118 2910 3440 2980 principem,

1855 3014 2172 3083 projecerunt
2196 3028 2379 3064 aurum
2401 3014 2538 3077 quod
2562 3016 2882 3077 acceperant,
2906 3018 2951 3061 et
2974 3009 3095 3078 forti
3122 3022 3239 3059 voce
3269 3020 3446 3073 posce-

1856 3107 1973 3159 bant
2006 3115 2059 3159 ut
2100 3109 2341 3171 reciperet
2373 3103 2509 3171 quod
2551 3102 2801 3166 dedisset,
2834 3109 2880 3153 et
2909 3099 3153 3152 occideret
3184 3099 3316 3151 illos.
3356 3094 3447 3151 Sic

1856 3199 1987 3252 enim
2018 3197 2363 3266 paenitentiam
2393 3209 2546 3263 agere
2574 3193 2883 3261 fatebantur,
2917 3205 2976 3243 eo
3006 3189 3141 3256 quod
3163 3186 3444 3256 improvide

1858 3309 2030 3349 eorum
2072 3292 2278 3345 dextera
2308 3296 2594 3359 peccasset,
2622 3296 2669 3339 et
2696 3287 2897 3339 studere
2944 3292 3152 3353 prapter
3193 3280 3450 3335 Christum

1860 3396 2019 3442 totum
2070 3401 2253 3452 corpus
2301 3398 2461 3452 plena:
2506 3380 2726 3435 tradere.
2762 3378 2990 3449 Cumque
3036 3375 3281 3430 Julianus
3325 3375 3451 3428 talia

1859 3481 2106 3545 audisset,
2139 3480 2309 3547 furore
2339 3484 2649 3542 commotus,
2677 3473 2914 3543 prtecepit
2958 3474 3127 3539 capita
3173 3485 3345 3523 eorum
3370 3470 3450 3521 in-

1860 3574 2049 3638 cidere,
2080 3582 2124 3624 et
2152 3586 2264 3623 cum
2293 3569 2598 3621 ducerentur
2623 3566 2689 3618 ad
2718 3574 2952 3629 mortem,
2976 3571 3212 3631 sequente
3239 3559 3451 3631 papula,

1861 3679 1908 3724 et
1935 3669 2150 3722 mirante
2172 3667 2408 3719 virtutem
2435 3679 2607 3718 eorum
2639 3677 2731 3728 pro
2761 3662 2948 3731 pietate
2967 3665 3275 3727 susceptam,
3308 3670 3453 3709 vene-

1862 3776 1981 3820 runt
2002 3764 2070 3818 ad
2090 3764 2258 3817 locum
2284 3778 2384 3832 quo
2410 3761 2485 3814 rei
2510 3758 2681 3830 puniri
2710 3756 2894 3810 solent.
2927 3754 3069 3808 Tunc
3092 3753 3453 3822 spiculatorem

1865 3861 2062 3930 rogavit
2093 3859 2261 3912 senior
2290 3856 2535 3919 omnium,
2567 3861 2618 3904 ut
2647 3860 2766 3904 ante
2796 3865 2969 3903 omnes
3010 3856 3159 3916 caput
3186 3847 3457 3917 cujusdam

1869 3955 2071 4007 nomine
2097 3949 2312 4004 Romani
2333 3947 2501 4002 adhuc
2526 3945 2861 3998 adolescentis
2882 3942 3221 4001 abscinderet,
3247 3955 3311 3991 ne
3334 3939 3457 3989 dum

1870 4047 2088 4100 aliorum
2138 4042 2404 4110 respiceret
2458 4050 2695 4101 mortem,
2731 4036 3073 4105 frangeretur.
3108 4031 3332 4100 Cumque
3376 4028 3462 4083 ille

1872 4154 2035 4209 genua
2065 4135 2257 4203 fixisset
2289 4135 2339 4185 in
2367 4140 2525 4196 terra,
2557 4139 2602 4183 et
2629 4129 2909 4199 spiculator
2933 4126 3159 4196 gladium
3189 4124 3459 4192 etmginas-

1874 4228 2123 4291 set,venit
2169 4234 2378 4292 repente
2422 4224 2629 4277 nuntius
2681 4221 2903 4274 clamore
2949 4218 3219 4287 prohibens
3270 4230 3461 4269 necem.

1879 4323 2043 4378 Porro
2064 4319 2370 4394 juvenculus
2411 4318 2501 4372 ille
2529 4316 2780 4369 occisione
2821 4315 3045 4384 privatus
3075 4312 3146 4364 ait
3170 4328 3188 4365 :
3216 4308 3336 4363 Non
3369 4307 3469 4375 fuit

3452 1328 3467 1355 ἱ

154 4412 305 4463 crucis
350 4412 598 4477 formam
648 4415 951 4461 mutaverat.
993 4404 1181 4459 Verum
1221 4406 1273 4459 in
1323 4405 1539 4473 publicis
1580 4403 1748 4472 imagi-

1884 4418 2141 4474 Romanus
2191 4415 2375 4485 dignus
2422 4421 2476 4466 ut
2524 4408 2713 4465 Christi
2757 4420 2951 4479 martyr
2992 4405 3359 4477 appellaretur.
3402 4399 3469 4456 Et

151 4502 286 4558 nibus
321 4501 662 4575 depingebat
693 4498 868 4554 Jovem
895 4500 1040 4569 quasi
1078 4499 1141 4552 de
1180 4497 1302 4552 ctelo
1331 4496 1426 4551 sibi
1453 4512 1695 4550 coronam
1724 4506 1771 4549 et

155 4611 432 4666 purpuram
499 4595 863 4666 deferentem,
912 4591 1221 4645 Mercurium
1267 4599 1315 4644 et
1365 4589 1580 4643 Martem
1626 4589 1679 4641 in
1721 4605 1775 4643 se

149 4656 500 4759 respicientes,
533 4656 812 4758 velufpro
841 4686 1129 4740 testimonio
1160 4683 1398 4752 sapientis
1427 4693 1471 4737 et
1503 4682 1671 4751 fortis.
1710 4679 1776 4735 Et

151 4780 238 4834 hoc
257 4783 448 4852 agebat
483 4780 838 4852 imaginibus,
862 4790 918 4834 ut
941 4778 1030 4833 sub
1052 4779 1316 4833 occasione
1340 4777 1538 4847 imperii
1564 4775 1778 4831 latenter

149 4876 493 4932 adorerentur
524 4876 647 4941 dii,
682 4881 726 4928 et
770 4873 865 4927 hoc
901 4874 1052 4927 modo
1085 4872 1301 4943 subjecti
1342 4872 1582 4926 clanculo
1629 4870 1778 4939 falle-

151 4977 338 5026 rentur.
373 4969 775 5024 Arbitrabatur
802 4967 936 5020 enim
968 4966 1089 5036 quia
1115 4966 1156 5019 si
1188 4966 1283 5019 hoc
1310 4973 1491 5035 sponte
1517 4966 1590 5019 eis
1617 4965 1781 5035 impo-

153 5070 307 5125 neret,
342 5071 541 5129 postea
591 5073 718 5128 qua:
762 5056 907 5111 vellet
954 5058 1219 5125 impleret;
1248 5058 1292 5110 si
1322 5072 1439 5111 vero
1488 5066 1780 5126 respuentes

154 5165 472 5223 agnosceret,
505 5156 681 5209 venia
709 5152 907 5206 sublata
934 5162 1208 5223 torqueret,
1241 5161 1482 5221 tanquam
1511 5151 1648 5205 circa
1678 5151 1785 5205 Ro-

152 5265 277 5303 mam
317 5251 601 5305 solemrtia
634 5244 972 5313 reluctantes,
1002 5254 1049 5299 et
1088 5246 1142 5299 in
1186 5246 1463 5318 republica,
1494 5254 1644 5314 atque
1672 5244 1784 5313 ipso

151 5341 360 5412 imperio
386 5343 796 5412 delinquentes.
832 5337 997 5394 Pauci
1026 5339 1279 5409 siquidem
1302 5339 1452 5394 etiam
1479 5337 1639 5409 pmnis
1667 5339 1786 5393 sub-

153 5441 260 5509 diti,
286 5447 682 5514 cognoverunt
710 5438 915 5506 dolum,
944 5439 1093 5508 quia,
1131 5439 1262 5492 sicut
1306 5438 1465 5492 moris
1512 5445 1640 5501 erat,
1694 5436 1789 5491 ad-

155 5547 294 5588 orare
322 5536 663 5589 uoluerunt.
695 5529 861 5584 Turba
902 5547 1039 5597 vero,
1069 5539 1125 5584 ut
1164 5531 1379 5594 assolet,
1412 5547 1499 5601 per
1534 5514 1782 5601 ignoram-

154 5630 272 5683 tiam
302 5627 646 5699 simpliciter
682 5624 927 5694 imagines
957 5625 1229 5691 adorabat,
1259 5624 1398 5689 quod
1429 5634 1595 5677 tamen
1624 5625 1789 5692 impe—

154 5723 313 5778 ratori
356 5720 502 5776 nihil
546 5717 781 5791 profuit.
803 5717 1029 5790 Cumque
1056 5719 1217 5774 multa
1253 5719 1585 5789 excogitaret,
1611 5715 1793 5789 quibus

1879 4509 1990 4563 licet
2014 4510 2311 4578 sanguinem
2333 4503 2586 4572 malignus
2600 4503 2879 4570 imperator
2897 4499 3231 4567 prohibuisset
3250 4492 3467 4563 effundi,

1880 4604 2059 4657 ductus
2094 4603 2306 4666 invidia,
2339 4609 2689 4655 verumtamen
2720 4614 2818 4650 non
2850 4612 2933 4649 eos
2963 4595 3016 4647 in
3061 4592 3344 4646 civitatibus
3375 4591 3470 4643 Ita-

1884 4696 2042 4750 bitare
2070 4694 2321 4763 permisit,
2351 4693 2437 4746 sed
2465 4692 2531 4744 ad
2554 4690 2734 4743 ultima
2768 4686 3122 4740 Romanorum
3156 4687 3265 4737 loca
3289 4682 3470 4735 exsilio

1881 4787 2167 4840 destinavit.
2204 4783 2393 4837 Postea
2423 4799 2538 4837 vero
2583 4780 2820 4851 prtecepit
2852 4789 2904 4831 ut
2946 4778 3035 4849 qui
3062 4776 3352 4841 sacrificare
3380 4789 3473 4826 no-

1882 4881 2093 4947 luerint,
2123 4883 2174 4935 in
2223 4881 2418 4947 palatio
2468 4894 2570 4932 non
2619 4876 2894 4937 intrarent,
2937 4882 2983 4927 et
3031 4885 3189 4938 neque
3231 4866 3469 4936 collegio,

1884 4994 2041 5045 neque
2068 4978 2180 5048 foro
2207 4992 2310 5040 eos,
2341 4989 2503 5041 neque
2528 4970 2762 5033 arbitrio,
2786 4982 2945 5037 neque
2966 4963 3075 5018 ulla
3097 4962 3357 5033 dignitate,
3382 4974 3472 5011 nec

1886 5068 2107 5141 qualibet
2134 5068 2482 5120 communione
2511 5062 2822 5133 participare
2840 5059 3015 5133 jussit.
3066 5051 3270 5109 Interea
3297 5051 3472 5106 Julia-

1890 5179 2005 5227 nus,
2040 5162 2162 5214 dum
2188 5155 2634 5225 Constantinopoli
2661 5154 2801 5223 apud
2834 5149 3119 5203 Fortunam
3138 5144 3469 5212 sacriﬁcaret,

1888 5252 2097 5307 accessit
2121 5251 2187 5303 ad
2209 5267 2322 5303 eum
2348 5248 2520 5302 Mares
2544 5247 2812 5318 episcopus
2838 5241 3176 5305 Chalcedone,
3202 5247 3248 5289 et
3278 5233 3477 5306 publice

1888 5346 2119 5415 impium,
2136 5360 2197 5396 ac
2216 5344 2324 5395 sine
2348 5340 2474 5409 Deo,
2499 5348 2886 5409 apostatamque
2905 5332 3117 5389 vocavit.
3139 5331 3239 5385 Ille
3259 5345 3370 5383 vero
3391 5344 3476 5383 so-

1895 5437 1996 5491 lam
2010 5438 2054 5491 ei
2067 5438 2439 5508 improperasse
2453 5437 2615 5504 fertur
2630 5431 2925 5511 cmcitatem.
2945 5426 3076 5480 Erat
3088 5426 3223 5479 enim
3240 5439 3412 5487 senex,
3426 5432 3477 5477 et

1895 5548 1987 5603 pro
1999 5527 2345 5584 imbecillitate
2360 5527 2627 5582 oculorum
2645 5540 2795 5576 manu
2810 5522 3017 5576 alterius
3031 5519 3292 5591 agebatur.
3312 5516 3481 5586 Super

1896 5627 2002 5677 [nec
2030 5624 2185 5676 etiam
2213 5618 2381 5673 volens
2413 5620 2637 5672 lacerare
2678 5630 2816 5678 eum,
2841 5620 3077 5666 consuete
3105 5609 3233 5663 dixit
3257 5627 3269 5663 :
3300 5607 3482 5677 Neque

1898 5716 2147 5773 Calilasus
2192 5714 2330 5770 Deus
2355 5724 2472 5769 tuus
2497 5725 2674 5766 curare
2701 5720 2746 5763 te
2779 5717 2958 5778 potest.
3009 5706 3337 5778 Respondeas
3362 5716 3481 5764 vero
