3918 6344
547 290 651 353 925

1424 295 1622 353 PAULI
1662 292 1934 351 DIACONI
1973 289 2122 346 OPP.
2163 288 2337 345 PARS
2377 286 2418 344 l.
2457 315 2527 329 -—
2567 282 2949 345 IIISTORICA.
3618 301 3692 360 θὶς

548 414 719 473 Mares
740 427 761 467 .'
787 411 899 485 Ego
922 410 1126 483 quidem
1150 410 1255 467 Deo
1276 426 1385 466 meo
1410 412 1602 480 gratias
1623 424 1720 481 ago
1749 423 1841 476 pro
1868 405 2110 468 ciuitate,
2145 403 2194 461 Α
2215 405 2482 461 vacuatus.
2510 397 2647 450 Circa
2686 396 2846 451 noctis
2889 396 2993 466 fere
3039 392 3260 485 medium
3305 397 3482 469 defecit.
3528 400 3696 467 Quidam

540 506 663 575 quia
692 505 787 561 hoc
816 504 927 559 ideo
965 514 1159 573 gestum
1187 502 1340 557 estin
1372 518 1468 565 me,
1510 517 1572 557 ne
1599 510 1647 553 te
1689 501 1885 553 videam
1933 497 2116 566 pietate

545 595 810 650 nudatum.
842 592 1130 662 Imperator
1158 604 1326 651 autem
1350 592 1481 647 nihil
1521 592 1829 661 respondens
1851 591 2112 644 abscessit.

545 686 635 743 Sis
673 687 805 740 enim
843 686 1050 754 putabat
1098 686 1268 754 potius
1314 684 1546 739 roborari
1594 683 1960 754 paganitatem,
1996 684 2038 736 si
2065 699 2120 738 se

542 778 814 849 patiean
861 795 921 835 ac
962 778 1132 833 utilem
1178 793 1297 847 erga
1344 774 1659 833 Christianos
1702 774 2115 829 demonstrasset.

544 867 716 940 Igitur
744 871 864 928 dum
896 868 1070 927 Persa
1114 878 1369 927 mortuum
1412 868 1760 938 cognovissent
1790 867 1944 935 fuisse
1985 865 2118 920 Con-

541 962 808 1024 stantium.
836 971 982 1031 capta
1011 961 1203 1026 ﬁducia
1229 969 1466 1015 venerunt
1494 961 1563 1013 ad
1584 960 1824 1013 terminos
1859 958 1899 1011 Β
1926 975 2117 1012 νηιαηοο

540 1066 685 1115 rum.
716 1051 1069 1109 denuntiantes
1116 1051 1321 1109 bellant.
1376 1050 1454 1106 0b
1499 1069 1652 1124 quam
1700 1069 1805 1106 rem
1860 1051 2118 1106 Romanas

539 1145 668 1201 vires
696 1157 978 1201 contractas
1008 1147 1229 1212 mutique
1257 1146 1496 1203 Julianus
1524 1146 1746 1210 adrexit,
1782 1152 1835 1198 ut
1864 1146 1932 1197 ad
1963 1144 2116 1197 desti-

539 1250 712 1292 natam
734 1257 899 1294 secum
924 1243 1140 1295 traheret
1170 1242 1520 1307 perditionem,
1539 1240 1772 1307 misitque
1793 1240 1843 1292 in
1867 1235 2113 1308 Delphos,

480 1330 510 1367 θ
538 1341 585 1387 et
621 1333 822 1399 Delum,
858 1344 1007 1404 atque
1047 1332 1330 1400 Dodonem,
1372 1335 1441 1388 ad
1488 1334 1812 1401 percipienda
1852 1347 2112 1401 responsa,

536 1425 581 1479 si
605 1426 864 1496 expediret
897 1427 939 1483 ei
975 1426 1106 1481 bella
1142 1428 1417 1497 suscipere.
1462 1426 1609 1480 Tunc
1637 1428 1855 1481 universi
1884 1437 2040 1490 vates,
2070 1434 2117 1479 et

537 1517 799 1585 pugnandi
827 1515 1069 1584 fiduciam
1098 1518 1321 1583 dabant,
1351 1525 1396 1571 et
1437 1519 1694 1572 uictoriam
1733 1518 2111 1585 promittebant.

541 1602 711 1663 Unum
738 1622 853 1661 vero
894 1623 1193 1677 responsum
1235 1625 1328 1681 pro
1373 1609 1601 1677 exemplo
1639 1610 1889 1662 mendarii
1930 1609 2007 1661 vel
2036 1625 2115 1662 se-

535 1697 789 1752 ductionis
826 1700 1042 1754 inserere
1085 1717 1185 1754 non
1233 1701 1437 1770 pigebit.
1472 1700 1565 1755 Est
1609 1703 1742 1756 enim
1769 1701 2069 1772 hujusmodi
2090 1718 2112 1758 :

2218 495 2389 541 autem
2433 486 2607 543 dicunt
2637 486 2871 558 jaculum
2897 494 3101 551 repente
3129 484 3342 541 delatum
3365 488 3605 549 discurrens
3634 517 3697 569 per

2217 580 2483 637 brachium
2503 583 2615 652 ejus
2640 582 2694 635 in
2720 583 2854 637 lotus
2882 582 3174 637 immersum
3202 600 3319 639 esse.
3352 587 3440 653 Qui
3457 607 3551 646 vero
3564 598 3699 665 jussis.

2216 676 2400 730 simum
2442 674 2613 729 intulit
2662 676 2849 730 vulnus
2875 715 2892 740 ,
2935 676 3180 731 hactenus
3224 677 3482 747 ignoratur.
3522 684 3606 741 Sed
3639 693 3704 745 alii

2215 768 2487 839 quemdam
2534 768 2858 824 invisibilium
2900 770 3142 825 virtutum
3184 787 3284 826 esse
3328 774 3495 842 ferunt,
3516 780 3590 831 alii
3623 798 3703 836 sero

2216 873 2376 913 unum
2404 870 2657 929 pastorem
2687 860 3091 926 Ismaelitarum,
3123 863 3213 916 alii
3242 866 3436 918 militem
3462 867 3573 936 fatue
3593 876 3707 927 et

2218 966 2335 1005 nere
2379 951 2670 1019 fatigatum.
2722 951 2830 1009 Sed
2878 953 2982 1007 sive
3028 957 3199 1018 homo,
3230 955 3328 1009 sive
3368 960 3549 1027 angelus
3584 961 3706 1030 fuerit,

2219 1043 2393 1114 palam
2418 1054 2485 1099 est
2506 1047 2640 1115 quod
2664 1046 2849 1100 divinis
2870 1047 3192 1117 jussionibus
3223 1048 3518 1105 ministravit.
3545 1051 3709 1110 (.‘alistus

2218 1147 2416 1204 autem,
2450 1139 2535 1208 qui
2565 1145 2693 1193 inter
2726 1140 3005 1209 familiares
3035 1149 3153 1195 tunc
3184 1140 3481 1208 imperatoris
3503 1145 3709 1215 militabat,

2218 1240 2265 1287 et
2312 1231 2518 1287 heroico
2554 1249 2701 1286 versu
2746 1234 2853 1304 ejus
2897 1235 3197 1305 conscripsit
3241 1235 3600 1302 historiam,ait
3630 1256 3710 1293 eunt

2216 1324 2533 1378 vulneratum
2560 1341 2592 1379 a
2617 1325 2865 1380 dtemone.
2909 1324 3156 1380 Libanius
3193 1341 3304 1380 vero
3333 1326 3551 1396 Saphista
3575 1331 3710 1399 Syrus,

2218 1414 2348 1469 inter
2377 1426 2585 1470 exteras
2615 1419 2815 1482 laudes,
2845 1434 2973 1485 quas
3000 1418 3065 1472 de
3090 1419 3192 1472 vita
3233 1420 3339 1488 ejus
3365 1421 3557 1490 scripsit,
3582 1422 3627 1473 ia
3643 1423 3712 1488 ﬁne

2218 1506 2358 1573 libri,
2379 1508 2448 1561 sic
2462 1510 2533 1560 ait
2556 1524 2573 1559 :
2602 1506 2645 1562 0
2664 1507 2967 1563 Dwmonum
2989 1509 3216 1575 alumne,
3241 1510 3587 1580 dxmonumque
3606 1512 3713 1565 disci-

2217 1605 2357 1673 pule,
2391 1617 2438 1658 et
2477 1608 2766 1660 daemonum
2816 1604 3405 1661 observatorllulienus
3445 1622 3549 1677 ergo
3580 1617 3710 1675 quarto

2221 1697 2484 1750 consulatu
2513 1712 2626 1762 suo,
2655 1713 2803 1762 quem
2821 1707 2990 1765 egerat
3009 1714 3125 1751 cum
3145 1697 3410 1761 Sallustio,
3430 1712 3494 1749 vn
3518 1694 3713 1750 Kalendas

536 1784 588 1845 Ν
596 1803 691 1841 unc
716 1804 889 1845 omnes
914 1766 1244 1860 aggredimur
1272 1766 1352 1846 dei
1386 1793 1609 1845 victoria:
1628 1802 1818 1862 tropica
1840 1792 2110 1862 referentes
2146 1766 2186 1823 Β
2214 1785 2342 1839 Julii
2386 1787 2597 1854 interiit,
2622 1803 2758 1840 anno
2806 1788 3002 1857 imperii
3044 1787 3122 1839 sui
3151 1787 3321 1851 tertio,
3349 1788 3536 1856 septimo
3564 1801 3651 1839 vero
3671 1801 3714 1838 es

528 1879 665 1935 circa
690 1882 900 1951 fluvium
933 1881 1154 1953 Tigrem.
1202 1884 1399 1939 llorum
1427 1901 1517 1955 ego
1547 1888 1650 1939 dux
1672 1903 1758 1940 ero
1790 1886 2113 1956 belligerator

532 1966 695 2027 Mars.
752 1972 952 2027 [lorum
1002 1975 1170 2045 itaque
1216 1979 1501 2031 carminum
1553 1978 1831 2031 ridiculum
1885 1980 2111 2032 convenit

530 2063 811 2134 divulgare,
835 2069 919 2137 qui
949 2069 1245 2125 rationalem
1278 2071 1539 2125 dominum
1569 2070 1936 2140 Musarumque
1966 2076 2112 2140 prin-

526 2156 689 2226 cipem
731 2156 973 2228 Pythium
1020 2176 1133 2217 eum
1163 2171 1361 2217 vocant.
1419 2161 1529 2232 Ego
1574 2172 1744 2215 autem
1791 2163 2111 2217 mendacium

523 2249 898 2306 seductionibus
940 2253 1047 2322 ejus
1094 2254 1348 2307 inveniens
1397 2254 1635 2319 inditum,
1670 2254 1962 2323 ingemisco.
2017 2253 2111 2307 Ti-

523 2354 663 2409 grem
687 2356 901 2410 namque
924 2344 1136 2412 ﬂuvium
1161 2342 1352 2409 Tigrim
1375 2342 1531 2398 voluit
1552 2345 1847 2413 appellare;
1870 2346 2112 2411 quoniam

528 2425 695 2498 Tigris
739 2431 849 2499 ejus
896 2442 968 2485 est
1011 2435 1350 2491 nominativus
1375 2474 1391 2497 ,
1422 2443 1468 2488 et
1501 2450 1591 2501 per
1633 2436 1961 2504 Assyriorum
1990 2451 2112 2489 arva

524 2520 833 2588 discurrens,
853 2524 904 2576 in
936 2523 1192 2580 Persicum
1221 2527 1386 2599 sinum
1415 2526 1691 2581 descendit.
1728 2526 1831 2582 Per
1853 2528 1960 2584 lucc
1992 2546 2111 2600 ergo

522 2626 767 2681 responsa
814 2622 1051 2684 deceptus
1092 2618 1272 2684 infelix
1300 2626 1345 2671 et
1374 2618 1636 2673 victoriam
1666 2630 1830 2674 mente
1882 2625 2106 2675 somnia-

521 2701 628 2767 bat,
655 2714 704 2759 et
750 2716 862 2775 post
912 2706 1210 2763 Parthicum
1257 2711 1571 2780 triumphum
1613 2728 1838 2781 pugnam
1873 2711 2107 2767 Galilwis

521 2797 712 2868 inferre
752 2800 986 2867 parabat.
1042 2801 1234 2857 Multos
1279 2804 1449 2874 itaque
1496 2806 1652 2871 vicos,
1682 2816 1951 2877 castraque
1979 2807 2109 2862 deti-

520 2903 643 2947 nens
677 2892 792 2962 jam
820 2892 968 2946 etiam
1014 2895 1239 2949 civitates
1267 2895 1520 2961 cupiebat,
1564 2897 1923 2968 Assyriamque
1950 2900 2106 2968 depo-

518 2980 743 3049 pulatus,
774 2992 940 3037 castra
964 2984 1107 3050 apud
1136 2983 1507 3055 Ctesiphontem
1530 2988 1784 3040 civitatem
1815 2988 2012 3043 habuit.
2040 2987 2105 3047 In

2214 1897 2312 1948 quo
2338 1880 2506 1935 Ctesar
2524 1898 2556 1934 a
2577 1881 2872 1936 Constantio
2900 1882 3065 1951 fuerat
3091 1881 3373 1944 ordinatus,
3399 1881 3501 1934 vita
3522 1896 3629 1933 anno
3648 1880 3714 1932 tri-

2214 1973 2400 2043 gesimo
2429 1973 2616 2042 primo.
2672 1972 2792 2026 Post
2831 1976 2981 2041 cujus
3011 1982 3227 2026 mortem
3265 1974 3374 2037 eius
3402 1972 3560 2041 magia
3594 1969 3715 2024 Curris

2214 2076 2484 2134 comperta
2510 2076 2648 2121 sunt.
2674 2065 2776 2120 Per
2813 2066 2944 2121 hanc
2967 2083 3143 2135 agens,
3170 2068 3408 2135 quoniam
3433 2082 3510 2131 per
3536 2063 3717 2117 Edessam

2215 2172 2308 2225 pro
2342 2156 2439 2223 pia:
2474 2157 2732 2224 religionis
2760 2157 2901 2211 cultu
2931 2157 3143 2210 transire
3168 2157 3419 2222 noluerat,
3445 2156 3493 2209 in
3517 2154 3715 2220 templum,

2213 2249 2349 2317 quod
2376 2267 2407 2302 a
2434 2250 2644 2320 paganis
2665 2249 2867 2315 colitur,
2892 2259 2968 2304 est
2992 2251 3272 2320 ingressus.
3307 2248 3399 2305 Ubi
3418 2250 3526 2303 dum
3542 2248 3717 2319 quadarn

2212 2356 2328 2397 cum
2369 2343 2471 2396 suis
2517 2342 2832 2396 consortibus
2869 2343 3119 2413 sacrilega
3158 2344 3479 2405 celebrasset,
3507 2343 3656 2412 janues
3685 2349 3720 2392 et

2214 2433 2441 2489 claustra
2486 2435 2780 2499 disposuit,
2828 2445 2876 2488 et
2924 2435 3173 2500 quosdam
3214 2434 3284 2486 ibi
3327 2434 3499 2487 milites
3531 2432 3722 2484 observare

2216 2530 2469 2597 prtecepit,
2500 2537 2554 2580 ut
2594 2529 2809 2582 interius
2854 2528 3024 2581 nullus
3067 2528 3354 2589 accederet,
3385 2527 3530 2579 donec
3553 2524 3635 2591 ipse
3666 2536 3718 2573 re-

2215 2630 2422 2675 mearet.
2457 2620 2683 2690 Cumquo
2727 2630 2954 2674 mortuus
2994 2619 3169 2688 fuisset
3212 2612 3721 2683 Julianus,etlorianus

2216 2713 2329 2782 pius
2368 2714 2688 2767 successisset
2714 2755 2729 2779 ,
2761 2713 3102 2784 ingredientes
3131 2713 3185 2764 in
3216 2713 3473 2778 templum,
3500 2708 3721 2759 inveuauut

2214 2805 2476 2861 mulierem
2506 2823 2539 2859 a
2580 2805 2781 2873 capillis
2824 2821 3101 2875 appensans
3143 2815 3375 2858 extensus
3404 2801 3626 2854 habentem
3648 2812 3723 2848 ste-

2213 2911 2329 2961 nus,
2363 2897 2509 2966 cujus
2532 2905 2727 2949 uterum
2757 2907 3049 2962 aperuerat,
3083 2904 3137 2947 ut
3173 2894 3447 2948 Persarum
3464 2886 3721 2944 victoriamir

2206 2990 2381 3059 jecore
2402 2991 2512 3060 ejus
2542 2989 2832 3055 inspiceret.
2867 2986 2932 3041 In
2960 3005 3060 3057 qua
3086 2989 3228 3051 urbe,
3259 3004 3374 3041 cum
3406 2988 3507 3055 ejus
3529 2982 3723 3036 nuntiatus

518 3088 620 3144 qua
666 3073 717 3129 in
768 3084 964 3130 tantum
1009 3077 1200 3131 obsedit
1248 3094 1435 3148 regem,
1473 3090 1526 3131 ut
1554 3081 1739 3134 crebris
1770 3081 2105 3150 legationibus
2133 3117 2178 3180 ο
2214 3081 2389 3151 fuisset
2427 3082 2678 3145 interitus,
2717 3081 2974 3152 publicam
3003 3084 3169 3135 cuncti
3200 3082 3418 3135 habuere
3457 3078 3721 3180 feuisifattut,

520 3179 767 3234 uteretur,
808 3170 1025 3237 offerens
1071 3172 1193 3225 dare
1234 3188 1343 3229 sute
1391 3175 1572 3242 patria:
1612 3184 1828 3243 partem,
1856 3176 1899 3229 si
1938 3178 2105 3229 soluto

519 3261 650 3317 bello
676 3264 977 3330 discederet,
1010 3262 1147 3331 quod
1178 3265 1264 3319 ille
1293 3265 1478 3325 noluit,
1510 3283 1671 3336 neque
1697 3268 2105 3336 supplicantibus

521 3362 594 3409 est
621 3357 1045 3425 misertus,ueque
1070 3368 1233 3411 mente
1262 3358 1508 3427 percepit,
1526 3360 1651 3428 quia
1676 3360 1871 3414 vincere
1896 3362 2102 3427 quidem

518 3444 705 3501 bonum
731 3456 826 3511 est,
859 3448 1206 3516 supervincere
1250 3458 1417 3503 autem
1456 3451 1603 3515 nimis
1648 3451 1969 3516 invidiosum,
1997 3470 2102 3506 cre-

519 3537 645 3595 dens
690 3538 940 3609 praecipue
971 3541 1175 3613 magicis
1202 3541 1395 3596 artibus
1419 3585 1435 3607 ,
1464 3560 1592 3614 quas
1621 3546 1665 3598 ei
1696 3543 1956 3601 Maximus
1986 3546 2103 3612 phi-

520 3629 760 3698 lszphus
787 3632 1068 3697 exhibebat,
1100 3644 1143 3691 et
1175 3634 1456 3693 arbitratus
1489 3637 1765 3695 Alexandri
1800 3638 2101 3697 Macedonis

516 3737 571 3779 se
596 3724 811 3793 gloriam
857 3734 1208 3795 perceptarum
1228 3768 1245 3793 ,
1278 3743 1366 3781 aut
1399 3739 1529 3785 certe
1557 3734 1825 3798 potiorem.
1878 3733 2101 3795 Putabat

517 3815 669 3882 enim,
697 3818 978 3877 secundum
1013 3816 1388 3890 Pythagoream
1424 3820 1754 3894 Platonisque
1780 3835 2096 3893 sententiam,

515 3923 581 3973 ex
606 3913 883 3965 mutatione
924 3927 1194 3984 corporum
1244 3914 1525 3969 Alexandri
1556 3919 1779 3972 animam
1821 3920 2096 3989 possidere,

514 4011 603 4061 aut
632 4018 739 4056 esse
764 4004 934 4075 potius
958 4007 1008 4061 in
1038 4005 1142 4063 alio
1172 4021 1384 4077 corpore
1424 4008 1585 4063 altum
1615 4011 1984 4065 Alexandrum.
2022 4012 2096 4065 0b

512 4094 644 4151 hanc
670 4096 839 4166 itaque
862 4113 1072 4152 causam
1114 4096 1394 4155 Persarum
1438 4102 1571 4171 regis
1616 4103 1779 4157 noluit
1805 4120 1975 4173 preces
2006 4105 2097 4156 ad-

513 4187 724 4241 mittere.
756 4184 964 4243 Interea
989 4203 1104 4242 cum
1132 4190 1185 4242 in
1214 4190 1411 4243 deserto
1435 4190 1546 4245 loco
1581 4195 1897 4261 captivorum
1930 4195 2095 4262 primo

512 4278 765 4335 habuisset
814 4282 1083 4349 ducatum,
1112 4293 1289 4351 postea
1331 4283 1544 4353 quidam
1583 4285 1749 4341 senior
1798 4291 2089 4357 transfuga,

510 4371 603 4429 sub
630 4372 882 4427 schemate
903 4373 1196 4443 proditoris,
1222 4391 1275 4427 se
1296 4376 1340 4428 ei
1363 4376 1781 4442 compendiosum
1807 4377 1901 4431 iter
1928 4390 2095 4433 osten-

2211 3183 2257 3227 et
2288 3189 2387 3226 non
2412 3174 2576 3228 solum
2606 3175 2656 3226 in
2697 3173 2940 3233 ecclesiis,
2976 3183 3023 3226 et
3051 3173 3299 3243 sepulcris
3329 3180 3583 3239 martyrum
3600 3164 3721 3219 mulv

2207 3265 2422 3331 labant,
2451 3265 2539 3319 sed
2587 3265 2739 3319 etiam
2785 3264 2837 3318 in
2885 3265 3095 3319 theatris
3145 3266 3406 3318 victoriam
3454 3258 3723 3332 pradicabaut

2209 3376 2323 3415 cum
2352 3360 2694 3413 sacerdotibus
2715 3359 2947 3414 exsultan
2957 3371 3045 3413 tes.
3082 3360 3429 3413 Communiter
3451 3357 3569 3409 enim
3588 3353 3722 3405 clauae-

2207 3454 2325 3507 bant
2374 3469 2546 3507 omnes
2576 3468 2593 3507 :
2627 3451 2856 3508 Maxime
2900 3453 3060 3522 fatue,
3094 3454 3181 3507 ubi
3229 3466 3349 3507 sunt
3388 3447 3600 3505 vaticinia
3630 3438 3722 3494 tu!

2212 3543 2346 3600 Vivit
2375 3544 2544 3609 Deus,
2569 3552 2615 3599 et
2646 3545 2873 3600 Christus
2901 3546 3033 3616 ejus.
3070 3543 3175 3599 llic
3210 3545 3308 3615 fuit
3335 3545 3409 3597 vir
3446 3536 3664 3612 egregius.
3687 3542 3722 3585 εί

2204 3635 2449 3705 retnpnb.
2484 3635 2760 3703 insigniter
2795 3638 3193 3703 moderalurus,
3219 3638 3263 3691 si
3289 3638 3498 3706 perlata
3522 3633 3714 3688 licuissol.

2203 3725 2513 3785 liberalibus
2543 3726 2834 3797 disciplinis
2864 3727 3103 3795 apprime
3131 3736 3153 3762 υ
3184 3728 3449 3783 eruditus.
3475 3721 3719 3793 liquerunt

2199 3821 2334 3877 enim
2365 3821 2694 3889 philosophos
2721 3831 2767 3875 et
2794 3819 3092 3876 Graecorum
3135 3820 3558 3890 sapientissimos,
3586 3813 3718 3865 fawll'

2199 3914 2285 3970 dia
2331 3913 2551 3982 ingenti,
2583 3928 2678 3965 usu
2705 3907 2734 3947 ι’
2766 3914 3079 3981 promptior,
3108 3911 3387 3966 memoria:
3417 3902 3715 3965 tenacissima.

2197 4013 2362 4073 atque
2391 4006 2412 4035 θ
2446 4003 2810 4073 amplissimis,
2854 4004 2904 4059 in
2947 4004 3150 4058 amicos
3204 4001 3459 4063 liberalis,
3487 3997 3568 4052 sed
3593 3993 3714 4048 minus

2196 4098 2425 4167 diligens
2473 4112 2629 4165 qutun
2690 4097 2975 4165 principem
3007 4095 3032 4135 ἀ
3062 4096 3283 4161 decuit,
3335 4106 3535 4158 corpore
3576 4082 3718 4141 validi“

2196 4189 2421 4256 quidem,
2448 4186 2535 4241 sed
2580 4187 2737 4242 brevis
2769 4188 2885 4258 fuit,
2920 4186 3074 4241 barba
3104 4187 3337 4258 prolixa,
3364 4184 3491 4239 oculi
3529 4183 3718 4235 current?!

2197 4280 2295 4335 huc
2335 4281 2558 4349 illucque
2599 4280 2810 4346 directi,
2845 4283 2896 4335 in
2940 4281 3299 4348 provinciales
3337 4270 3716 4362 justissimahfl

2198 4373 2513 4427 trilmtorutn
2540 4412 2554 4438 ,
2588 4381 2842 4441 quantum
2893 4370 3003 4426 ﬁeri
3036 4383 3241 4442 posset,
3276 4382 3571 4437 repreSsor,
3596 4355 3718 4415 ritilis

512 4465 631 4520 dere
660 4465 1027 4534 εοηιρνοηιὶείι.
1052 4463 1275 4536 Cumque
1300 4470 1462 4521 tribus
1485 4468 1663 4523 diebus
1685 4470 2003 4526 ambulantes
2026 4473 2095 4526 ad
2122 4491 2175 4552 υ
2202 4463 2254 4519 in
2296 4473 2538 4529 cunctos,
2574 4464 2897 4521 mediocrem
2928 4463 3129 4519 habens
3161 4464 3342 4521 aerarii
3373 4452 3716 4552 curando“?

512 4560 755 4627 majorem
786 4560 1111 4615 solitudinem
1140 4561 1411 4625 venissent,
1440 4564 1491 4615 in
1528 4564 1747 4619 insidias
1781 4566 2089 4623 inciderunt.

510 4647 702 4704 Statim
724 4648 868 4704 illum
893 4650 1098 4721 quidem
1134 4668 1305 4707 senem
1335 4653 1553 4721 fustibus
1583 4657 1897 4721 occiderunt,
1929 4659 2086 4728 conﬁ-

509 4749 692 4795 tentem
730 4759 783 4802 se
821 4744 915 4807 hoc
951 4742 1131 4813 fecisse
1161 4762 1254 4813 pro
1296 4749 1481 4817 patriae
1510 4748 1769 4813 libertate,
1800 4760 1848 4804 et
1881 4751 2094 4806 liberator

506 4835 677 4890 Omnia
720 4845 969 4889 tormenta
1013 4839 1280 4892 sustinere.
1322 4838 1547 4911 Cumque
1588 4858 1704 4895 eum
1745 4840 1930 4897 Parthi
1974 4845 2093 4901 hinc

506 4936 767 4998 urgerent,
790 4942 817 4981 e
841 4929 1021 4981 castris
1038 4932 1155 5005 jam
1202 4933 1401 4999 positis,
1427 4942 1631 5004 arrepto
1672 4944 1872 4989 tantum
1913 4937 2092 5008 clypeo

502 5018 776 5087 procurrit.
807 5014 1032 5088 Cumque
1060 5022 1131 5075 sic
1160 5023 1446 5079 inconsulto
1474 5026 1665 5079 ardore
1686 5027 1867 5080 nititur
1890 5029 2093 5085 ordines

502 5107 572 5173 ad
599 5109 832 5180 prwlium
858 5126 1158 5181 componere
1177 5154 1190 5179 ,
1221 5114 1287 5167 ab
1319 5132 1420 5169 uno
1446 5132 1512 5169 ex
1539 5116 1785 5186 hostibus,
1810 5127 1855 5172 et
1884 5119 2090 5189 quidem

499 5203 747 5277 fugiente,
770 5214 916 5261 conta
944 5206 1243 5276 percutitur.
1272 5206 1582 5279 Relatusque
1601 5210 1655 5263 in
1677 5209 2086 5277 tabernaculum,

499 5312 703 5354 rursum
726 5299 795 5361 ad
820 5299 1100 5363 hortandos
1125 5318 1243 5367 suos
1287 5320 1535 5375 egressus,
1563 5305 1815 5375 paulatim
1842 5309 2090 5380 sanguine

625 5483 722 5560 _A_.:
747 5476 1014 5549 Eruditus,
1039 5481 1228 5540 Graecis
1250 5484 1465 5560 doctior,
1488 5494 1637 5558 atque
1660 5487 1787 5560 adeo
1818 5495 1872 5541 ut
1896 5485 2087 5545 Latina

497 5554 781 5637 eruditi.on
815 5571 1103 5625 quanquam
1148 5571 1263 5609 cum
1300 5554 1482 5612 Graeca
1526 5554 2081 5629 scicntia'conveniret,

498 5626 764 5697 facundia,
788 5635 894 5682 etc.

569 5696 598 5739 ιδ
629 5694 718 5759 Α..
749 5704 798 5769 et
830 5708 1086 5769 prompta.
1124 5768 1133 5769 ί
1294 5732 1301 5737 ί

569 5773 596 5805 ⁸
622 5769 712 5825 Δις
728 5766 1087 5838 Amplissinue.
1107 5768 1175 5828 In
1188 5771 1487 5831 quibusdam
1508 5773 1825 5849 philosophis
1847 5776 2059 5849 propior

2196 4558 2405 4625 avidus,
2436 4573 2498 4613 ac
2529 4574 2620 4626 per
2663 4572 2780 4614 eam
2824 4558 2985 4613 animi
3030 4558 3352 4628 plerumque
3381 4547 3638 4612 immodici.
3661 4541 3717 4596 ni’

2194 4651 2335 4709 mins
2360 4651 2676 4707 Christiana:
2706 4651 2981 4720 religionis
3010 4649 3306 4717 insecutae,
3340 4645 3546 4720 perinde
3572 4650 3716 4697 tamen.

2196 4754 2255 4803 ut
2283 4760 2310 4798 a
2338 4758 2528 4801 cruore
2554 4744 2872 4803 abstineret.
2904 4751 2927 4780 ε
2956 4742 3024 4797 Μ.
3051 4742 3334 4801 Antonino
3373 4755 3474 4799 non
3502 4728 3713 4791 absimilis,

2195 4852 2352 4908 quem
2394 4838 2553 4895 etiam
2583 4837 2820 4896 aemulari
2848 4834 3118 4901 Studebat,
3153 4835 3172 4874 ί
3212 4837 3359 4893 cultu
3395 4828 3627 4889 numinum
3654 4835 3713 4922 si:

2192 4906 2525 5002 perstitiosus.
2579 4929 2835 5001 Prcefatus
2885 4928 3113 4985 consulto
3156 4945 3272 4985 sese
3313 4927 3377 4981 de
3402 4920 3591 4992 imitari"
3628 4906 3716 5009 "fw

2193 5028 2457 5088 mandare,
2488 5039 2549 5076 ne
2599 5022 2696 5093 (uti
2743 5022 2869 5077 solet
2914 5022 2968 5074 in
3017 5020 3351 5075 multitudine
3393 5004 3713 5080 discrepanti”

2190 5116 2376 5171 studiis
2404 5115 2706 5183 amicorum)
2731 5129 2794 5169 ex
2823 5114 3017 5167 invidia
3041 5113 3187 5183 regni
3213 5126 3325 5181 prie
3350 5104 3588 5163 discordia
3613 5105 3712 5149 estt-

2193 5210 2324 5264 citus
2353 5208 2635 5278 periculum
2661 5215 2891 5277 pararet.
2918 5204 3102 5259 Audax
3128 5203 3407 5276 plusquam
3428 5193 3711 5265 imperato"!

2191 5303 2355 5370 decet,
2394 5302 2475 5358 cui
2505 5300 2645 5355 salus
2686 5300 2920 5373 prapria,
2948 5316 3061 5355 cum
3104 5313 3309 5369 semper
3352 5296 3419 5350 ad
3460 5285 3709 5351 σαινίωεια

2189 5476 2257 5536 In
2285 5481 2492 5546 amicos,
2519 5492 2625 5537 etc.

2258 5528 2790 5607 uerunt
2817 5549 2951 5605 enim
2975 5549 3217 5604 nonnulli
3257 5548 3347 5622 qui
3372 5545 3563 5603 sulm
3583 5528 3711 5611 Μ

2188 5627 2300 5699 ejus
2331 5628 2607 5699 inferrent.
2628 5623 2697 5699 In
2718 5623 3075 5699 provinciales,
3101 5634 3207 5678 etc.

2262 5706 2286 5733 ⁸
2316 5697 2410 5764 A.,
2443 5696 2642 5751 Marcio
2665 5698 2907 5751 Antonia.

2265 5765 2286 5806 ί
2323 5771 2388 5824 A.
2435 5765 2679 5824 Jovianus
2700 5767 2920 5840 genitus.
2941 5774 3045 5823 etc.
