  <div class='ocr_page' id='page_1' title='image "/cluster/home/n/w/nwhite01/storage/ocr_20150623/95/hvd.32044010719722/486.png"; bbox 0 0 3918 6344; ppageno 0'>
   <div class='ocr_carea' id='block_1_1' title="bbox 198 312 289 372">
    <p class='ocr_par' dir='ltr' id='par_1_1' title="bbox 198 312 289 372">
     <span class='ocr_line' id='line_1_1' title="bbox 198 312 289 372; baseline 0 -5"><span class='ocrx_word' id='word_1_1' title='bbox 198 312 289 372; x_wconf 70' lang='lat'><strong><em>925</em></strong></span> 
     </span>
    </p>
   </div>
   <div class='ocr_carea' id='block_1_2' title="bbox 1195 306 2351 373">
    <p class='ocr_par' dir='ltr' id='par_1_2' title="bbox 1195 306 2351 373">
     <span class='ocr_line' id='line_1_2' title="bbox 1195 306 2351 373; baseline 0.002 -9"><span class='ocrx_word' id='word_1_2' title='bbox 1195 306 1514 367; x_wconf 78' lang='lat' dir='ltr'><strong><em>HISTORIA</em></strong></span> <span class='ocrx_word' id='word_1_3' title='bbox 1548 308 1911 373; x_wconf 62' lang='lat' dir='ltr'><strong><em>MISCEILA.</em></strong></span> <span class='ocrx_word' id='word_1_4' title='bbox 1952 340 2020 352; x_wconf 95' lang='lat'><strong>—</strong></span> <span class='ocrx_word' id='word_1_5' title='bbox 2061 310 2188 366; x_wconf 86' lang='lat' dir='ltr'><strong>LIB.</strong></span> <span class='ocrx_word' id='word_1_6' title='bbox 2233 311 2351 373; x_wconf 80' lang='lat' dir='ltr'><strong><em>XII.</em></strong></span> 
     </span>
    </p>
   </div>
   <div class='ocr_carea' id='block_1_3' title="bbox 3331 311 3439 375">
    <p class='ocr_par' dir='ltr' id='par_1_3' title="bbox 3331 311 3439 375">
     <span class='ocr_line' id='line_1_3' title="bbox 3331 311 3439 375; baseline 0 -2"><span class='ocrx_word' id='word_1_7' title='bbox 3331 311 3439 375; x_wconf 73' lang='lat'><strong><em>926</em></strong></span> 
     </span>
    </p>
   </div>
   <div class='ocr_carea' id='block_1_4' title="bbox 195 420 3437 500">
    <p class='ocr_par' dir='ltr' id='par_1_4' title="bbox 195 420 3437 500">
     <span class='ocr_line' id='line_1_4' title="bbox 195 420 3437 500; baseline -0.002 -11"><span class='ocrx_word' id='word_1_8' title='bbox 195 432 411 497; x_wconf 83' lang='lat' dir='ltr'><strong><em>omnium,</em></strong></span> <span class='ocrx_word' id='word_1_9' title='bbox 443 436 543 483; x_wconf 86' lang='lat' dir='ltr'><strong><em>tum</em></strong></span> <span class='ocrx_word' id='word_1_10' title='bbox 582 426 636 481; x_wconf 87' lang='lat' dir='ltr'><strong><em>in</em></strong></span> <span class='ocrx_word' id='word_1_11' title='bbox 662 424 794 482; x_wconf 90' lang='lat' dir='ltr'><strong><em>bello</em></strong></span> <span class='ocrx_word' id='word_1_12' title='bbox 819 425 1041 481; x_wconf 76' lang='lat' dir='ltr'><strong><em>maxime</em></strong></span> <span class='ocrx_word' id='word_1_13' title='bbox 1066 424 1316 479; x_wconf 88' lang='lat' dir='ltr'><strong><em>servanda</em></strong></span> <span class='ocrx_word' id='word_1_14' title='bbox 1343 435 1433 478; x_wconf 85' lang='lat' dir='ltr'><strong><em>est.</em></strong></span> <span class='ocrx_word' id='word_1_15' title='bbox 1468 422 1556 479; x_wconf 85' lang='lat' dir='ltr'><strong><em>Ita</em></strong></span> <span class='ocrx_word' id='word_1_16' title='bbox 1596 425 1742 479; x_wconf 88' lang='lat' dir='ltr'><strong><em>illum</em></strong></span> <span class='ocrx_word' id='word_1_17' title='bbox 1773 427 1822 490; x_wconf 77' lang='grc' dir='ltr'>Α</span> <span class='ocrx_word' id='word_1_18' title='bbox 1847 432 1895 477; x_wconf 91' lang='lat' dir='ltr'><strong><em>et</em></strong></span> <span class='ocrx_word' id='word_1_19' title='bbox 1926 420 2280 493; x_wconf 69' lang='lat' dir='ltr'><strong><em>Numantinis,</em></strong></span> <span class='ocrx_word' id='word_1_20' title='bbox 2309 434 2355 480; x_wconf 94' lang='lat' dir='ltr'><strong><em>et</em></strong></span> <span class='ocrx_word' id='word_1_21' title='bbox 2392 421 2637 479; x_wconf 85' lang='lat' dir='ltr'><strong><em>Numidis</em></strong></span> <span class='ocrx_word' id='word_1_22' title='bbox 2679 426 2947 496; x_wconf 75' lang='lat' dir='ltr'><strong><em>confestim</em></strong></span> <span class='ocrx_word' id='word_1_23' title='bbox 2974 426 3103 483; x_wconf 89' lang='lat' dir='ltr'><strong><em>bella</em></strong></span> <span class='ocrx_word' id='word_1_24' title='bbox 3130 426 3276 483; x_wconf 83' lang='lat' dir='ltr'><strong><em>illata</em></strong></span> <span class='ocrx_word' id='word_1_25' title='bbox 3296 438 3437 500; x_wconf 88' lang='lat' dir='ltr'><strong><em>sunt,</em></strong></span> 
     </span>
    </p>
   </div>
   <div class='ocr_carea' id='block_1_5' title="bbox 188 518 1740 595">
    <p class='ocr_par' dir='ltr' id='par_1_5' title="bbox 188 518 1740 595">
     <span class='ocr_line' id='line_1_5' title="bbox 188 518 1740 595; baseline -0.005 -17"><span class='ocrx_word' id='word_1_26' title='bbox 188 523 350 595; x_wconf 87' lang='lat' dir='ltr'><strong><em>cupido</em></strong></span> <span class='ocrx_word' id='word_1_27' title='bbox 388 520 558 594; x_wconf 73' lang='lat' dir='ltr'><strong><em>gloria:</em></strong></span> <span class='ocrx_word' id='word_1_28' title='bbox 598 518 902 589; x_wconf 77' lang='lat' dir='ltr'><strong><em>ﬂagrantior</em></strong></span> <span class='ocrx_word' id='word_1_29' title='bbox 942 519 1245 583; x_wconf 72' lang='lat' dir='ltr'><strong><em>pervicerat,</em></strong></span> <span class='ocrx_word' id='word_1_30' title='bbox 1274 526 1330 570; x_wconf 89' lang='lat' dir='ltr'><strong><em>ut</em></strong></span> <span class='ocrx_word' id='word_1_31' title='bbox 1362 533 1517 587; x_wconf 89' lang='lat' dir='ltr'><strong><em>neque</em></strong></span> <span class='ocrx_word' id='word_1_32' title='bbox 1567 526 1740 571; x_wconf 64' lang='lat' dir='ltr'><strong><em>terrat-</em></strong></span> 
     </span>
    </p>
   </div>
   <div class='ocr_carea' id='block_1_6' title="bbox 190 610 1741 684">
    <p class='ocr_par' dir='ltr' id='par_1_6' title="bbox 190 610 1741 684">
     <span class='ocr_line' id='line_1_6' title="bbox 190 610 1741 684; baseline -0.005 -12"><span class='ocrx_word' id='word_1_33' title='bbox 190 629 343 680; x_wconf 81' lang='lat' dir='ltr'><strong><em>motu,</em></strong></span> <span class='ocrx_word' id='word_1_34' title='bbox 389 630 537 684; x_wconf 87' lang='lat' dir='ltr'><strong><em>neque</em></strong></span> <span class='ocrx_word' id='word_1_35' title='bbox 600 613 852 680; x_wconf 74' lang='lat' dir='ltr'><strong><em>plerisque</em></strong></span> <span class='ocrx_word' id='word_1_36' title='bbox 901 610 1197 680; x_wconf 78' lang='lat' dir='ltr'><strong><em>prtesagiis,</em></strong></span> <span class='ocrx_word' id='word_1_37' title='bbox 1245 610 1423 679; x_wconf 78' lang='lat' dir='ltr'><strong><em>quibus</em></strong></span> <span class='ocrx_word' id='word_1_38' title='bbox 1478 611 1741 665; x_wconf 86' lang='lat' dir='ltr'><strong><em>vetabatur</em></strong></span> 
     </span>
    </p>
   </div>
   <div class='ocr_carea' id='block_1_7' title="bbox 190 702 1741 775">
    <p class='ocr_par' dir='ltr' id='par_1_7' title="bbox 190 702 1741 775">
     <span class='ocr_line' id='line_1_7' title="bbox 190 702 1741 775; baseline -0.005 -13"><span class='ocrx_word' id='word_1_39' title='bbox 190 706 423 762; x_wconf 80' lang='lat' dir='ltr'><strong><em>Persidem</em></strong></span> <span class='ocrx_word' id='word_1_40' title='bbox 451 712 612 775; x_wconf 88' lang='lat' dir='ltr'><strong><em>petere</em></strong></span> <span class='ocrx_word' id='word_1_41' title='bbox 636 744 651 768; x_wconf 86' lang='lat'><strong><em>,</em></strong></span> <span class='ocrx_word' id='word_1_42' title='bbox 682 704 936 758; x_wconf 85' lang='lat' dir='ltr'><strong><em>adductus</em></strong></span> <span class='ocrx_word' id='word_1_43' title='bbox 965 703 1030 755; x_wconf 92' lang='lat' dir='ltr'><strong><em>sit</em></strong></span> <span class='ocrx_word' id='word_1_44' title='bbox 1058 702 1212 771; x_wconf 76' lang='lat' dir='ltr'><strong><em>ﬁnem</em></strong></span> <span class='ocrx_word' id='word_1_45' title='bbox 1244 719 1428 771; x_wconf 84' lang='lat' dir='ltr'><strong><em>ponere</em></strong></span> <span class='ocrx_word' id='word_1_46' title='bbox 1456 704 1651 768; x_wconf 88' lang='lat' dir='ltr'><strong><em>ardori,</em></strong></span> <span class='ocrx_word' id='word_1_47' title='bbox 1680 719 1741 756; x_wconf 90' lang='lat' dir='ltr'><strong><em>ac</em></strong></span> 
     </span>
    </p>
   </div>
   <div class='ocr_carea' id='block_1_8' title="bbox 187 794 1740 865">
    <p class='ocr_par' dir='ltr' id='par_1_8' title="bbox 187 794 1740 865">
     <span class='ocr_line' id='line_1_8' title="bbox 187 794 1740 865; baseline -0.002 -12"><span class='ocrx_word' id='word_1_48' title='bbox 187 816 239 853; x_wconf 88' lang='lat' dir='ltr'><strong><em>ne</em></strong></span> <span class='ocrx_word' id='word_1_49' title='bbox 262 809 401 851; x_wconf 81' lang='lat' dir='ltr'><strong><em>noctu</em></strong></span> <span class='ocrx_word' id='word_1_50' title='bbox 443 795 643 865; x_wconf 83' lang='lat' dir='ltr'><strong><em>quidem</em></strong></span> <span class='ocrx_word' id='word_1_51' title='bbox 682 798 816 849; x_wconf 91' lang='lat' dir='ltr'><strong><em>visus</em></strong></span> <span class='ocrx_word' id='word_1_52' title='bbox 844 797 1019 864; x_wconf 85' lang='lat' dir='ltr'><strong><em>ingens</em></strong></span> <span class='ocrx_word' id='word_1_53' title='bbox 1047 794 1225 865; x_wconf 79' lang='lat' dir='ltr'><strong><em>globus</em></strong></span> <span class='ocrx_word' id='word_1_54' title='bbox 1253 796 1379 850; x_wconf 78' lang='lat' dir='ltr'><strong><em>ctelo</em></strong></span> <span class='ocrx_word' id='word_1_55' title='bbox 1419 797 1596 865; x_wconf 86' lang='lat' dir='ltr'><strong><em>lapsus</em></strong></span> <span class='ocrx_word' id='word_1_56' title='bbox 1625 805 1740 857; x_wconf 86' lang='lat' dir='ltr'><strong><em>ante</em></strong></span> 
     </span>
    </p>
   </div>
   <div class='ocr_carea' id='block_1_9' title="bbox 183 887 1019 957">
    <p class='ocr_par' dir='ltr' id='par_1_9' title="bbox 183 887 1019 957">
     <span class='ocr_line' id='line_1_9' title="bbox 183 887 1019 957; baseline -0.004 -13"><span class='ocrx_word' id='word_1_57' title='bbox 183 891 294 944; x_wconf 87' lang='lat' dir='ltr'><strong><em>diem</em></strong></span> <span class='ocrx_word' id='word_1_58' title='bbox 322 888 450 953; x_wconf 81' lang='lat' dir='ltr'><strong><em>belli,</em></strong></span> <span class='ocrx_word' id='word_1_59' title='bbox 483 896 681 941; x_wconf 86' lang='lat' dir='ltr'><strong><em>cautum</em></strong></span> <span class='ocrx_word' id='word_1_60' title='bbox 707 887 1019 957; x_wconf 61' lang='lat' dir='ltr'><strong><em>praestiterit.</em></strong></span> 
     </span>
    </p>
   </div>
   <div class='ocr_carea' id='block_1_10' title="bbox 773 980 1124 1045">
    <p class='ocr_par' dir='ltr' id='par_1_10' title="bbox 773 980 1124 1045">
     <span class='ocr_line' id='line_1_10' title="bbox 773 980 1124 1045; baseline 0 -8"><span class='ocrx_word' id='word_1_61' title='bbox 773 980 1124 1045; x_wconf 69' lang='lat' dir='ltr'><strong><em>IOVIANUS.</em></strong></span> 
     </span>
    </p>
   </div>
   <div class='ocr_carea' id='block_1_11' title="bbox 242 1071 1737 1146">
    <p class='ocr_par' dir='ltr' id='par_1_11' title="bbox 242 1071 1737 1146">
     <span class='ocr_line' id='line_1_11' title="bbox 242 1071 1737 1146; baseline -0.003 -18"><span class='ocrx_word' id='word_1_62' title='bbox 242 1071 391 1146; x_wconf 81' lang='lat' dir='ltr'><strong><em>Igitur</em></strong></span> <span class='ocrx_word' id='word_1_63' title='bbox 412 1073 574 1127; x_wconf 88' lang='lat' dir='ltr'><strong><em>altera</em></strong></span> <span class='ocrx_word' id='word_1_64' title='bbox 601 1072 686 1126; x_wconf 89' lang='lat' dir='ltr'><strong><em>die</em></strong></span> <span class='ocrx_word' id='word_1_65' title='bbox 713 1073 899 1141; x_wconf 83' lang='lat' dir='ltr'><strong><em>absque</em></strong></span> <span class='ocrx_word' id='word_1_66' title='bbox 924 1075 1064 1127; x_wconf 90' lang='lat' dir='ltr'><strong><em>omni</em></strong></span> <span class='ocrx_word' id='word_1_67' title='bbox 1084 1072 1329 1127; x_wconf 79' lang='lat' dir='ltr'><strong><em>dilatione</em></strong></span> <span class='ocrx_word' id='word_1_68' title='bbox 1353 1071 1571 1126; x_wconf 80' lang='lat' dir='ltr'><strong><em>Joviano</em></strong></span> <span class='ocrx_word' id='word_1_69' title='bbox 1596 1071 1737 1143; x_wconf 78' lang='lat' dir='ltr'><strong><em>infu-</em></strong></span> 
     </span>
    </p>
   </div>
   <div class='ocr_carea' id='block_1_12' title="bbox 179 1165 1735 1237">
    <p class='ocr_par' dir='ltr' id='par_1_12' title="bbox 179 1165 1735 1237">
     <span class='ocr_line' id='line_1_12' title="bbox 179 1165 1735 1237; baseline -0.001 -16"><span class='ocrx_word' id='word_1_70' title='bbox 179 1166 239 1221; x_wconf 87' lang='lat' dir='ltr'><strong><em>las</em></strong></span> <span class='ocrx_word' id='word_1_71' title='bbox 260 1166 563 1236; x_wconf 81' lang='lat' dir='ltr'><strong><em>imperatoris</em></strong></span> <span class='ocrx_word' id='word_1_72' title='bbox 591 1170 868 1237; x_wconf 84' lang='lat' dir='ltr'><strong><em>imponunt.</em></strong></span> <span class='ocrx_word' id='word_1_73' title='bbox 904 1166 1028 1219; x_wconf 82' lang='lat' dir='ltr'><strong><em>Erat</em></strong></span> <span class='ocrx_word' id='word_1_74' title='bbox 1058 1168 1192 1221; x_wconf 89' lang='lat' dir='ltr'><strong><em>enim</em></strong></span> <span class='ocrx_word' id='word_1_75' title='bbox 1218 1169 1291 1219; x_wconf 83' lang='lat' dir='ltr'><strong><em>vir</em></strong></span> <span class='ocrx_word' id='word_1_76' title='bbox 1317 1168 1482 1237; x_wconf 76' lang='lat' dir='ltr'><strong><em>fortis,</em></strong></span> <span class='ocrx_word' id='word_1_77' title='bbox 1516 1176 1561 1220; x_wconf 91' lang='lat' dir='ltr'><strong><em>et</em></strong></span> <span class='ocrx_word' id='word_1_78' title='bbox 1594 1165 1735 1220; x_wconf 82' lang='lat' dir='ltr'><strong><em>nobi-</em></strong></span> 
     </span>
    </p>
   </div>
   <div class='ocr_carea' id='block_1_13' title="bbox 177 1258 1734 1329">
    <p class='ocr_par' dir='ltr' id='par_1_13' title="bbox 177 1258 1734 1329">
     <span class='ocr_line' id='line_1_13' title="bbox 177 1258 1734 1329; baseline -0.001 -15"><span class='ocrx_word' id='word_1_79' title='bbox 177 1260 245 1321; x_wconf 85' lang='lat' dir='ltr'><strong><em>lis.</em></strong></span> <span class='ocrx_word' id='word_1_80' title='bbox 269 1269 311 1313; x_wconf 87' lang='lat' dir='ltr'><strong><em>et</em></strong></span> <span class='ocrx_word' id='word_1_81' title='bbox 337 1260 421 1313; x_wconf 90' lang='lat' dir='ltr'><strong><em>illo</em></strong></span> <span class='ocrx_word' id='word_1_82' title='bbox 443 1269 668 1328; x_wconf 86' lang='lat' dir='ltr'><strong><em>tempore</em></strong></span> <span class='ocrx_word' id='word_1_83' title='bbox 695 1258 790 1313; x_wconf 84' lang='lat' dir='ltr'><strong><em>Mil</em></strong></span> <span class='ocrx_word' id='word_1_84' title='bbox 799 1260 1035 1325; x_wconf 65' lang='lat' dir='ltr'><strong><em>lenarius,</em></strong></span> <span class='ocrx_word' id='word_1_85' title='bbox 1062 1278 1158 1329; x_wconf 89' lang='lat' dir='ltr'><strong><em>quo</em></strong></span> <span class='ocrx_word' id='word_1_86' title='bbox 1181 1258 1423 1314; x_wconf 83' lang='lat' dir='ltr'><strong><em>Julianus</em></strong></span> <span class='ocrx_word' id='word_1_87' title='bbox 1443 1260 1734 1315; x_wconf 79' lang='lat' dir='ltr'><strong><em>electionem</em></strong></span> 
     </span>
    </p>
   </div>
   <div class='ocr_carea' id='block_1_14' title="bbox 175 1351 1735 1422">
    <p class='ocr_par' dir='ltr' id='par_1_14' title="bbox 175 1351 1735 1422">
     <span class='ocr_line' id='line_1_14' title="bbox 175 1351 1735 1422; baseline 0 -17"><span class='ocrx_word' id='word_1_88' title='bbox 175 1353 382 1405; x_wconf 72' lang='lat' dir='ltr'><strong><em>militibus</em></strong></span> <span class='ocrx_word' id='word_1_89' title='bbox 410 1352 519 1421; x_wconf 84' lang='lat' dir='ltr'><strong><em>lege</em></strong></span> <span class='ocrx_word' id='word_1_90' title='bbox 548 1354 844 1422; x_wconf 81' lang='lat' dir='ltr'><strong><em>proposuit,</em></strong></span> <span class='ocrx_word' id='word_1_91' title='bbox 878 1361 932 1405; x_wconf 92' lang='lat' dir='ltr'><strong><em>ut</em></strong></span> <span class='ocrx_word' id='word_1_92' title='bbox 977 1362 1063 1405; x_wconf 90' lang='lat' dir='ltr'><strong><em>aut</em></strong></span> <span class='ocrx_word' id='word_1_93' title='bbox 1093 1352 1459 1421; x_wconf 78' lang='lat' dir='ltr'><strong><em>sacriﬁcarent,</em></strong></span> <span class='ocrx_word' id='word_1_94' title='bbox 1483 1362 1568 1405; x_wconf 90' lang='lat' dir='ltr'><strong><em>aut</em></strong></span> <span class='ocrx_word' id='word_1_95' title='bbox 1600 1351 1735 1417; x_wconf 78' lang='lat' dir='ltr'><strong><em>ini/i-</em></strong></span> 
     </span>
    </p>
   </div>
   <div class='ocr_carea' id='block_1_15' title="bbox 172 1443 1732 1516">
    <p class='ocr_par' dir='ltr' id='par_1_15' title="bbox 172 1443 1732 1516">
     <span class='ocr_line' id='line_1_15' title="bbox 172 1443 1732 1516; baseline 0.001 -21"><span class='ocrx_word' id='word_1_96' title='bbox 172 1446 242 1497; x_wconf 78' lang='lat' dir='ltr'><strong><em>tia-</em></strong></span> <span class='ocrx_word' id='word_1_97' title='bbox 262 1443 497 1498; x_wconf 83' lang='lat' dir='ltr'><strong><em>cederent.</em></strong></span> <span class='ocrx_word' id='word_1_98' title='bbox 550 1445 651 1508; x_wconf 87' lang='lat' dir='ltr'><strong><em>Qui</em></strong></span> <span class='ocrx_word' id='word_1_99' title='bbox 674 1444 932 1516; x_wconf 76' lang='lat' dir='ltr'><strong><em>cingulum</em></strong></span> <span class='ocrx_word' id='word_1_100' title='bbox 960 1448 1119 1515; x_wconf 88' lang='lat' dir='ltr'><strong><em>magis</em></strong></span> <span class='ocrx_word' id='word_1_101' title='bbox 1148 1444 1298 1516; x_wconf 88' lang='lat' dir='ltr'><strong><em>elegit</em></strong></span> <span class='ocrx_word' id='word_1_102' title='bbox 1322 1446 1550 1499; x_wconf 88' lang='lat' dir='ltr'><strong><em>amittere</em></strong></span> <span class='ocrx_word' id='word_1_103' title='bbox 1578 1461 1732 1516; x_wconf 87' lang='lat' dir='ltr'><strong><em>quam</em></strong></span> 
     </span>
    </p>
   </div>
   <div class='ocr_carea' id='block_1_16' title="bbox 169 1535 1731 1608">
    <p class='ocr_par' dir='ltr' id='par_1_16' title="bbox 169 1535 1731 1608">
     <span class='ocr_line' id='line_1_16' title="bbox 169 1535 1731 1608; baseline 0.002 -20"><span class='ocrx_word' id='word_1_104' title='bbox 169 1535 455 1605; x_wconf 88' lang='lat' dir='ltr'><strong><em>imperatoris</em></strong></span> <span class='ocrx_word' id='word_1_105' title='bbox 483 1538 829 1607; x_wconf 74' lang='lat' dir='ltr'><strong><em>prreceptionit‘</em></strong></span> <span class='ocrx_word' id='word_1_106' title='bbox 848 1555 906 1590; x_wconf 89' lang='lat' dir='ltr'><strong><em>us</em></strong></span> <span class='ocrx_word' id='word_1_107' title='bbox 936 1539 1106 1606; x_wconf 88' lang='lat' dir='ltr'><strong><em>impiis</em></strong></span> <span class='ocrx_word' id='word_1_108' title='bbox 1135 1538 1355 1591; x_wconf 85' lang='lat' dir='ltr'><strong><em>obedire.</em></strong></span> <span class='ocrx_word' id='word_1_109' title='bbox 1411 1537 1568 1591; x_wconf 82' lang='lat' dir='ltr'><strong><em>Hunc</em></strong></span> <span class='ocrx_word' id='word_1_110' title='bbox 1611 1555 1731 1608; x_wconf 89' lang='lat' dir='ltr'><strong><em>ergo</em></strong></span> 
     </span>
    </p>
   </div>
   <div class='ocr_carea' id='block_1_17' title="bbox 168 1626 1730 1699">
    <p class='ocr_par' dir='ltr' id='par_1_17' title="bbox 168 1626 1730 1699">
     <span class='ocr_line' id='line_1_17' title="bbox 168 1626 1730 1699; baseline 0.004 -21"><span class='ocrx_word' id='word_1_111' title='bbox 168 1633 265 1679; x_wconf 82' lang='lat' dir='ltr'><strong><em>tunc</em></strong></span> <span class='ocrx_word' id='word_1_112' title='bbox 293 1626 530 1681; x_wconf 81' lang='lat' dir='ltr'><strong><em>Julianus</em></strong></span> <span class='ocrx_word' id='word_1_113' title='bbox 556 1640 765 1699; x_wconf 79' lang='lat' dir='ltr'><strong><em>propter</em></strong></span> <span class='ocrx_word' id='word_1_114' title='bbox 794 1630 909 1682; x_wconf 78' lang='lat' dir='ltr'><strong><em>belli</em></strong></span> <span class='ocrx_word' id='word_1_115' title='bbox 936 1633 1280 1685; x_wconf 78' lang='lat' dir='ltr'><strong><em>necessitatem</em></strong></span> <span class='ocrx_word' id='word_1_116' title='bbox 1311 1631 1439 1684; x_wconf 91' lang='lat' dir='ltr'><strong><em>inter</em></strong></span> <span class='ocrx_word' id='word_1_117' title='bbox 1468 1632 1601 1685; x_wconf 87' lang='lat' dir='ltr'><strong><em>viros</em></strong></span> <span class='ocrx_word' id='word_1_118' title='bbox 1629 1631 1730 1685; x_wconf 90' lang='lat' dir='ltr'><strong><em>mi-</em></strong></span> 
     </span>
    </p>
   </div>
   <div class='ocr_carea' id='block_1_18' title="bbox 167 1718 1726 1794">
    <p class='ocr_par' dir='ltr' id='par_1_18' title="bbox 167 1718 1726 1794">
     <span class='ocr_line' id='line_1_18' title="bbox 167 1718 1726 1794; baseline 0.006 -23"><span class='ocrx_word' id='word_1_119' title='bbox 167 1718 310 1773; x_wconf 87' lang='lat' dir='ltr'><strong><em>litares</em></strong></span> <span class='ocrx_word' id='word_1_120' title='bbox 339 1720 569 1786; x_wconf 84' lang='lat' dir='ltr'><strong><em>habebat,</em></strong></span> <span class='ocrx_word' id='word_1_121' title='bbox 602 1724 689 1789; x_wconf 91' lang='lat' dir='ltr'><strong><em>qui</em></strong></span> <span class='ocrx_word' id='word_1_122' title='bbox 715 1740 829 1776; x_wconf 89' lang='lat' dir='ltr'><strong><em>cum</em></strong></span> <span class='ocrx_word' id='word_1_123' title='bbox 858 1725 1098 1778; x_wconf 86' lang='lat' dir='ltr'><strong><em>violenter</em></strong></span> <span class='ocrx_word' id='word_1_124' title='bbox 1120 1741 1150 1777; x_wconf 94' lang='lat' dir='ltr'><strong><em>a</em></strong></span> <span class='ocrx_word' id='word_1_125' title='bbox 1178 1725 1416 1777; x_wconf 87' lang='lat' dir='ltr'><strong><em>militibus</em></strong></span> <span class='ocrx_word' id='word_1_126' title='bbox 1455 1725 1524 1777; x_wconf 87' lang='lat' dir='ltr'><strong><em>ad</em></strong></span> <span class='ocrx_word' id='word_1_127' title='bbox 1567 1725 1726 1794; x_wconf 82' lang='lat' dir='ltr'><strong><em>impe-</em></strong></span> 
     </span>
    </p>
   </div>
   <div class='ocr_carea' id='block_1_19' title="bbox 1843 516 3438 595">
    <p class='ocr_par' dir='ltr' id='par_1_19' title="bbox 1843 516 3438 595">
     <span class='ocr_line' id='line_1_19' title="bbox 1843 516 3438 595; baseline 0.006 -27"><span class='ocrx_word' id='word_1_128' title='bbox 1843 530 2002 583; x_wconf 89' lang='lat' dir='ltr'><strong><em>neque</em></strong></span> <span class='ocrx_word' id='word_1_129' title='bbox 2029 532 2133 585; x_wconf 73' lang='lat' dir='ltr'><strong><em>pax</em></strong></span> <span class='ocrx_word' id='word_1_130' title='bbox 2170 525 2280 570; x_wconf 88' lang='lat' dir='ltr'><strong><em>rata</em></strong></span> <span class='ocrx_word' id='word_1_131' title='bbox 2328 518 2443 586; x_wconf 82' lang='lat' dir='ltr'><strong><em>fuit.</em></strong></span> <span class='ocrx_word' id='word_1_132' title='bbox 2497 516 2602 573; x_wconf 87' lang='lat' dir='ltr'><strong><em>Sed</em></strong></span> <span class='ocrx_word' id='word_1_133' title='bbox 2652 518 2772 572; x_wconf 89' lang='lat' dir='ltr'><strong><em>dum</em></strong></span> <span class='ocrx_word' id='word_1_134' title='bbox 2821 521 3062 573; x_wconf 82' lang='lat' dir='ltr'><strong><em>temulum</em></strong></span> <span class='ocrx_word' id='word_1_135' title='bbox 3107 524 3186 575; x_wconf 92' lang='lat' dir='ltr'><strong><em>sui</em></strong></span> <span class='ocrx_word' id='word_1_136' title='bbox 3237 522 3438 595; x_wconf 85' lang='lat' dir='ltr'><strong><em>imperii</em></strong></span> 
     </span>
    </p>
   </div>
   <div class='ocr_carea' id='block_1_20' title="bbox 1841 609 3429 683">
    <p class='ocr_par' dir='ltr' id='par_1_20' title="bbox 1841 609 3429 683">
     <span class='ocr_line' id='line_1_20' title="bbox 1841 609 3429 683; baseline 0.006 -22"><span class='ocrx_word' id='word_1_137' title='bbox 1841 621 2056 675; x_wconf 84' lang='lat' dir='ltr'><strong><em>veretur,</em></strong></span> <span class='ocrx_word' id='word_1_138' title='bbox 2088 611 2221 663; x_wconf 85' lang='lat' dir='ltr'><strong><em>intra</em></strong></span> <span class='ocrx_word' id='word_1_139' title='bbox 2263 609 2517 664; x_wconf 79' lang='lat' dir='ltr'><strong><em>Orientem</em></strong></span> <span class='ocrx_word' id='word_1_140' title='bbox 2548 611 2796 677; x_wconf 84' lang='lat' dir='ltr'><strong><em>residens,</em></strong></span> <span class='ocrx_word' id='word_1_141' title='bbox 2828 610 3007 682; x_wconf 79' lang='lat' dir='ltr'><strong><em>glOt‘itL’</em></strong></span> <span class='ocrx_word' id='word_1_142' title='bbox 3035 630 3213 683; x_wconf 89' lang='lat' dir='ltr'><strong><em>parum</em></strong></span> <span class='ocrx_word' id='word_1_143' title='bbox 3242 632 3429 670; x_wconf 90' lang='lat' dir='ltr'><strong><em>consu-</em></strong></span> 
     </span>
    </p>
   </div>
   <div class='ocr_carea' id='block_1_21' title="bbox 1840 696 3433 768">
    <p class='ocr_par' dir='ltr' id='par_1_21' title="bbox 1840 696 3433 768">
     <span class='ocr_line' id='line_1_21' title="bbox 1840 696 3433 768; baseline 0.006 -17"><span class='ocrx_word' id='word_1_144' title='bbox 1840 696 1955 752; x_wconf 84' lang='lat' dir='ltr'><strong><em>luit.</em></strong></span> <span class='ocrx_word' id='word_1_145' title='bbox 1993 699 2131 753; x_wconf 85' lang='lat' dir='ltr'><strong><em>Tunc</em></strong></span> <span class='ocrx_word' id='word_1_146' title='bbox 2161 702 2434 768; x_wconf 88' lang='lat' dir='ltr'><strong><em>imperator</em></strong></span> <span class='ocrx_word' id='word_1_147' title='bbox 2463 702 2689 756; x_wconf 83' lang='lat' dir='ltr'><strong><em>discessit</em></strong></span> <span class='ocrx_word' id='word_1_148' title='bbox 2718 701 2781 756; x_wconf 89' lang='lat' dir='ltr'><strong><em>ab</em></strong></span> <span class='ocrx_word' id='word_1_149' title='bbox 2816 703 3105 766; x_wconf 77' lang='lat' dir='ltr'><strong><em>Antiochia,</em></strong></span> <span class='ocrx_word' id='word_1_150' title='bbox 3130 715 3175 757; x_wconf 93' lang='lat' dir='ltr'><strong><em>et</em></strong></span> <span class='ocrx_word' id='word_1_151' title='bbox 3204 707 3334 759; x_wconf 83' lang='lat' dir='ltr'><strong><em>venit</em></strong></span> <span class='ocrx_word' id='word_1_152' title='bbox 3363 706 3433 761; x_wconf 87' lang='lat' dir='ltr'><strong><em>ad</em></strong></span> 
     </span>
    </p>
   </div>
   <div class='ocr_carea' id='block_1_22' title="bbox 1840 790 3435 866">
    <p class='ocr_par' dir='ltr' id='par_1_22' title="bbox 1840 790 3435 866">
     <span class='ocr_line' id='line_1_22' title="bbox 1840 790 3435 866; baseline 0.004 -21"><span class='ocrx_word' id='word_1_153' title='bbox 1840 790 2060 846; x_wconf 84' lang='lat' dir='ltr'><strong><em>Tarsum</em></strong></span> <span class='ocrx_word' id='word_1_154' title='bbox 2086 793 2309 857; x_wconf 74' lang='lat' dir='ltr'><strong><em>Ciliciaz,</em></strong></span> <span class='ocrx_word' id='word_1_155' title='bbox 2341 795 2505 865; x_wconf 81' lang='lat' dir='ltr'><strong><em>ibique</em></strong></span> <span class='ocrx_word' id='word_1_156' title='bbox 2533 812 2715 862; x_wconf 83' lang='lat' dir='ltr'><strong><em>corpus</em></strong></span> <span class='ocrx_word' id='word_1_157' title='bbox 2744 794 2942 849; x_wconf 71' lang='lat' dir='ltr'><strong><em>Iuliani</em></strong></span> <span class='ocrx_word' id='word_1_158' title='bbox 2971 793 3197 866; x_wconf 72' lang='lat' dir='ltr'><strong><em>sepelivit</em></strong></span> <span class='ocrx_word' id='word_1_159' title='bbox 3223 795 3435 852; x_wconf 85' lang='lat' dir='ltr'><strong><em>honori-</em></strong></span> 
     </span>
    </p>
   </div>
   <div class='ocr_carea' id='block_1_23' title="bbox 1839 883 3431 957">
    <p class='ocr_par' dir='ltr' id='par_1_23' title="bbox 1839 883 3431 957">
     <span class='ocr_line' id='line_1_23' title="bbox 1839 883 3431 957; baseline 0.003 -20"><span class='ocrx_word' id='word_1_160' title='bbox 1839 884 1953 952; x_wconf 84' lang='lat' dir='ltr'><strong><em>]ice.</em></strong></span> <span class='ocrx_word' id='word_1_161' title='bbox 2005 883 2072 939; x_wconf 88' lang='lat' dir='ltr'><strong><em>Et</em></strong></span> <span class='ocrx_word' id='word_1_162' title='bbox 2104 902 2219 938; x_wconf 89' lang='lat' dir='ltr'><strong><em>cum</em></strong></span> <span class='ocrx_word' id='word_1_163' title='bbox 2246 897 2429 940; x_wconf 87' lang='lat' dir='ltr'><strong><em>cuncta</em></strong></span> <span class='ocrx_word' id='word_1_164' title='bbox 2473 885 2722 939; x_wconf 84' lang='lat' dir='ltr'><strong><em>solemnia</em></strong></span> <span class='ocrx_word' id='word_1_165' title='bbox 2755 885 2926 956; x_wconf 76' lang='lat' dir='ltr'><strong><em>funeri</em></strong></span> <span class='ocrx_word' id='word_1_166' title='bbox 2968 889 3079 957; x_wconf 83' lang='lat' dir='ltr'><strong><em>ejus</em></strong></span> <span class='ocrx_word' id='word_1_167' title='bbox 3106 886 3431 953; x_wconf 77' lang='lat' dir='ltr'><strong><em>exhibuisset,</em></strong></span> 
     </span>
    </p>
   </div>
   <div class='ocr_carea' id='block_1_24' title="bbox 1838 975 3430 1048">
    <p class='ocr_par' dir='ltr' id='par_1_24' title="bbox 1838 975 3430 1048">
     <span class='ocr_line' id='line_1_24' title="bbox 1838 975 3430 1048; baseline 0.002 -19"><span class='ocrx_word' id='word_1_168' title='bbox 1838 975 2128 1048; x_wconf 87' lang='lat' dir='ltr'><strong><em>designatus</em></strong></span> <span class='ocrx_word' id='word_1_169' title='bbox 2156 986 2230 1031; x_wconf 86' lang='lat' dir='ltr'><strong><em>est</em></strong></span> <span class='ocrx_word' id='word_1_170' title='bbox 2269 976 2447 1031; x_wconf 81' lang='lat' dir='ltr'><strong><em>consul</em></strong></span> <span class='ocrx_word' id='word_1_171' title='bbox 2489 994 2592 1030; x_wconf 80' lang='lat' dir='ltr'><strong><em>una</em></strong></span> <span class='ocrx_word' id='word_1_172' title='bbox 2631 993 2745 1030; x_wconf 90' lang='lat' dir='ltr'><strong><em>cum</em></strong></span> <span class='ocrx_word' id='word_1_173' title='bbox 2785 976 3110 1031; x_wconf 87' lang='lat' dir='ltr'><strong><em>Varroniano</em></strong></span> <span class='ocrx_word' id='word_1_174' title='bbox 3160 979 3269 1045; x_wconf 79' lang='lat' dir='ltr'><strong><em>ﬁlio</em></strong></span> <span class='ocrx_word' id='word_1_175' title='bbox 3315 993 3430 1032; x_wconf 79' lang='lat' dir='ltr'><strong><em>suo.</em></strong></span> 
     </span>
    </p>
   </div>
   <div class='ocr_carea' id='block_1_25' title="bbox 1840 1068 3431 1142">
    <p class='ocr_par' dir='ltr' id='par_1_25' title="bbox 1840 1068 3431 1142">
     <span class='ocr_line' id='line_1_25' title="bbox 1840 1068 3431 1142; baseline 0.001 -20"><span class='ocrx_word' id='word_1_176' title='bbox 1840 1068 2073 1141; x_wconf 83' lang='lat' dir='ltr'><strong><em>Dumque</em></strong></span> <span class='ocrx_word' id='word_1_177' title='bbox 2098 1071 2587 1141; x_wconf 65' lang='lat' dir='ltr'><strong><em>Constantinomlim</em></strong></span> <span class='ocrx_word' id='word_1_178' title='bbox 2616 1072 2897 1136; x_wconf 63' lang='lat' dir='ltr'><strong><em>festinaret,</em></strong></span> <span class='ocrx_word' id='word_1_179' title='bbox 2925 1072 3060 1125; x_wconf 81' lang='lat' dir='ltr'><strong><em>venit</em></strong></span> <span class='ocrx_word' id='word_1_180' title='bbox 3086 1072 3152 1123; x_wconf 80' lang='lat' dir='ltr'><strong><em>nd</em></strong></span> <span class='ocrx_word' id='word_1_181' title='bbox 3178 1071 3431 1142; x_wconf 61' lang='lat' dir='ltr'><strong><em>pratdium</em></strong></span> 
     </span>
    </p>
   </div>
   <div class='ocr_carea' id='block_1_26' title="bbox 1837 1163 3439 1236">
    <p class='ocr_par' dir='ltr' id='par_1_26' title="bbox 1837 1163 3439 1236">
     <span class='ocr_line' id='line_1_26' title="bbox 1837 1163 3439 1236; baseline 0.002 -20"><span class='ocrx_word' id='word_1_182' title='bbox 1837 1166 2038 1219; x_wconf 87' lang='lat' dir='ltr'><strong><em>nomine</em></strong></span> <span class='ocrx_word' id='word_1_183' title='bbox 2080 1163 2393 1230; x_wconf 79' lang='lat' dir='ltr'><strong><em>Dadastam,</em></strong></span> <span class='ocrx_word' id='word_1_184' title='bbox 2437 1168 2569 1219; x_wconf 88' lang='lat' dir='ltr'><strong><em>inter</em></strong></span> <span class='ocrx_word' id='word_1_185' title='bbox 2611 1164 2867 1219; x_wconf 80' lang='lat' dir='ltr'><strong><em>Galatiam</em></strong></span> <span class='ocrx_word' id='word_1_186' title='bbox 2915 1178 2959 1220; x_wconf 92' lang='lat' dir='ltr'><strong><em>et</em></strong></span> <span class='ocrx_word' id='word_1_187' title='bbox 3004 1165 3321 1236; x_wconf 77' lang='lat' dir='ltr'><strong><em>Bithyniam,</em></strong></span> <span class='ocrx_word' id='word_1_188' title='bbox 3350 1166 3439 1220; x_wconf 86' lang='lat' dir='ltr'><strong><em>ubi</em></strong></span> 
     </span>
    </p>
   </div>
   <div class='ocr_carea' id='block_1_27' title="bbox 1840 1252 3435 1329">
    <p class='ocr_par' dir='ltr' id='par_1_27' title="bbox 1840 1252 3435 1329">
     <span class='ocr_line' id='line_1_27' title="bbox 1840 1252 3435 1329; baseline -0.001 -18"><span class='ocrx_word' id='word_1_189' title='bbox 1840 1252 2141 1312; x_wconf 79' lang='lat' dir='ltr'><strong><em>Thentistius</em></strong></span> <span class='ocrx_word' id='word_1_190' title='bbox 2162 1258 2496 1329; x_wconf 82' lang='lat' dir='ltr'><strong><em>philosophus</em></strong></span> <span class='ocrx_word' id='word_1_191' title='bbox 2530 1275 2642 1311; x_wconf 87' lang='lat' dir='ltr'><strong><em>cunt</em></strong></span> <span class='ocrx_word' id='word_1_192' title='bbox 2665 1259 2782 1313; x_wconf 87' lang='lat' dir='ltr'><strong><em>aliis</em></strong></span> <span class='ocrx_word' id='word_1_193' title='bbox 2802 1258 3116 1312; x_wconf 85' lang='lat' dir='ltr'><strong><em>senatoribus</em></strong></span> <span class='ocrx_word' id='word_1_194' title='bbox 3144 1274 3435 1323; x_wconf 83' lang='lat' dir='ltr'><strong><em>occurrens,</em></strong></span> 
     </span>
    </p>
   </div>
   <div class='ocr_carea' id='block_1_28' title="bbox 1835 1350 3475 1422">
    <p class='ocr_par' dir='ltr' id='par_1_28' title="bbox 1835 1350 3475 1422">
     <span class='ocr_line' id='line_1_28' title="bbox 1835 1350 3475 1422; baseline 0.001 -22"><span class='ocrx_word' id='word_1_195' title='bbox 1835 1350 2151 1402; x_wconf 81' lang='lat' dir='ltr'><strong><em>consularem</em></strong></span> <span class='ocrx_word' id='word_1_196' title='bbox 2178 1350 2402 1403; x_wconf 86' lang='lat' dir='ltr'><strong><em>recitavit</em></strong></span> <span class='ocrx_word' id='word_1_197' title='bbox 2450 1352 2751 1404; x_wconf 86' lang='lat' dir='ltr'><strong><em>orationem.</em></strong></span> <span class='ocrx_word' id='word_1_198' title='bbox 2816 1350 2875 1404; x_wconf 89' lang='lat' dir='ltr'><strong><em>In</em></strong></span> <span class='ocrx_word' id='word_1_199' title='bbox 2926 1352 3167 1419; x_wconf 72' lang='lat' dir='ltr'><strong><em>prcrdicto</em></strong></span> <span class='ocrx_word' id='word_1_200' title='bbox 3212 1365 3475 1422; x_wconf 47' lang='lat' dir='ltr'><strong><em>namque‘</em></strong></span> 
     </span>
    </p>
   </div>
   <div class='ocr_carea' id='block_1_29' title="bbox 1836 1442 3425 1513">
    <p class='ocr_par' dir='ltr' id='par_1_29' title="bbox 1836 1442 3425 1513">
     <span class='ocr_line' id='line_1_29' title="bbox 1836 1442 3425 1513; baseline 0.002 -20"><span class='ocrx_word' id='word_1_201' title='bbox 1836 1442 2029 1506; x_wconf 76' lang='lat' dir='ltr'><strong><em>prtedio</em></strong></span> <span class='ocrx_word' id='word_1_202' title='bbox 2060 1442 2236 1495; x_wconf 85' lang='lat' dir='ltr'><strong><em>hiemis</em></strong></span> <span class='ocrx_word' id='word_1_203' title='bbox 2266 1451 2487 1512; x_wconf 89' lang='lat' dir='ltr'><strong><em>tempore</em></strong></span> <span class='ocrx_word' id='word_1_204' title='bbox 2533 1442 2780 1513; x_wconf 87' lang='lat' dir='ltr'><strong><em>languOre</em></strong></span> <span class='ocrx_word' id='word_1_205' title='bbox 2827 1444 3127 1495; x_wconf 86' lang='lat' dir='ltr'><strong><em>constrictus</em></strong></span> <span class='ocrx_word' id='word_1_206' title='bbox 3160 1444 3425 1509; x_wconf 82' lang='lat' dir='ltr'><strong><em>repentina</em></strong></span> 
     </span>
    </p>
   </div>
   <div class='ocr_carea' id='block_1_30' title="bbox 1834 1530 3423 1602">
    <p class='ocr_par' dir='ltr' id='par_1_30' title="bbox 1834 1530 3423 1602">
     <span class='ocr_line' id='line_1_30' title="bbox 1834 1530 3423 1602; baseline 0.003 -20"><span class='ocrx_word' id='word_1_207' title='bbox 1834 1540 1994 1585; x_wconf 87' lang='lat' dir='ltr'><strong><em>morte</em></strong></span> <span class='ocrx_word' id='word_1_208' title='bbox 2026 1532 2166 1586; x_wconf 90' lang='lat' dir='ltr'><strong><em>obiit.</em></strong></span> <span class='ocrx_word' id='word_1_209' title='bbox 2204 1530 2353 1586; x_wconf 82' lang='lat' dir='ltr'><strong><em>Multi</em></strong></span> <span class='ocrx_word' id='word_1_210' title='bbox 2376 1534 2402 1562; x_wconf 82' lang='lat'>&quot;</span> <span class='ocrx_word' id='word_1_211' title='bbox 2427 1534 2767 1586; x_wconf 69' lang='lat' dir='ltr'><strong><em>exanimatum</em></strong></span> <span class='ocrx_word' id='word_1_212' title='bbox 2793 1535 3096 1598; x_wconf 70' lang='lat' dir='ltr'><strong><em>crapulitale</em></strong></span> <span class='ocrx_word' id='word_1_213' title='bbox 3124 1534 3423 1602; x_wconf 86' lang='lat' dir='ltr'><strong><em>opinantur,</em></strong></span> 
     </span>
    </p>
   </div>
   <div class='ocr_carea' id='block_1_31' title="bbox 1831 1624 3431 1696">
    <p class='ocr_par' dir='ltr' id='par_1_31' title="bbox 1831 1624 3431 1696">
     <span class='ocr_line' id='line_1_31' title="bbox 1831 1624 3431 1696; baseline 0.002 -17"><span class='ocrx_word' id='word_1_214' title='bbox 1831 1624 1961 1679; x_wconf 77' lang='lat' dir='ltr'><strong><em>inter</em></strong></span> <span class='ocrx_word' id='word_1_215' title='bbox 1992 1626 2297 1679; x_wconf 75' lang='lat' dir='ltr'><strong><em>ctznandum</em></strong></span> <span class='ocrx_word' id='word_1_216' title='bbox 2338 1629 2471 1680; x_wconf 85' lang='lat' dir='ltr'><strong><em>enim</em></strong></span> <span class='ocrx_word' id='word_1_217' title='bbox 2512 1627 2720 1679; x_wconf 86' lang='lat' dir='ltr'><strong><em>nimium</em></strong></span> <span class='ocrx_word' id='word_1_218' title='bbox 2769 1628 2931 1696; x_wconf 88' lang='lat' dir='ltr'><strong><em>epulis</em></strong></span> <span class='ocrx_word' id='word_1_219' title='bbox 2977 1628 3293 1693; x_wconf 87' lang='lat' dir='ltr'><strong><em>indulserat;</em></strong></span> <span class='ocrx_word' id='word_1_220' title='bbox 3339 1627 3431 1682; x_wconf 88' lang='lat' dir='ltr'><strong><em>alii</em></strong></span> 
     </span>
    </p>
   </div>
   <div class='ocr_carea' id='block_1_32' title="bbox 1831 1720 3435 1792">
    <p class='ocr_par' dir='ltr' id='par_1_32' title="bbox 1831 1720 3435 1792">
     <span class='ocr_line' id='line_1_32' title="bbox 1831 1720 3435 1792; baseline 0.002 -20"><span class='ocrx_word' id='word_1_221' title='bbox 1831 1721 1988 1773; x_wconf 79' lang='lat' dir='ltr'><strong><em>odere</em></strong></span> <span class='ocrx_word' id='word_1_222' title='bbox 2035 1720 2275 1785; x_wconf 89' lang='lat' dir='ltr'><strong><em>cubiculi,</em></strong></span> <span class='ocrx_word' id='word_1_223' title='bbox 2304 1721 2441 1790; x_wconf 91' lang='lat' dir='ltr'><strong><em>quod</em></strong></span> <span class='ocrx_word' id='word_1_224' title='bbox 2491 1737 2552 1774; x_wconf 75' lang='lat' dir='ltr'><strong><em>ex</em></strong></span> <span class='ocrx_word' id='word_1_225' title='bbox 2597 1724 2786 1775; x_wconf 85' lang='lat' dir='ltr'><strong><em>recenti</em></strong></span> <span class='ocrx_word' id='word_1_226' title='bbox 2827 1721 3032 1775; x_wconf 84' lang='lat' dir='ltr'><strong><em>tectorio</em></strong></span> <span class='ocrx_word' id='word_1_227' title='bbox 3084 1722 3239 1776; x_wconf 87' lang='lat' dir='ltr'><strong><em>calcis</em></strong></span> <span class='ocrx_word' id='word_1_228' title='bbox 3282 1737 3435 1792; x_wconf 89' lang='lat' dir='ltr'><strong><em>grave</em></strong></span> 
     </span>
    </p>
   </div>
   <div class='ocr_carea' id='block_1_33' title="bbox 165 1811 3435 1887">
    <p class='ocr_par' dir='ltr' id='par_1_33' title="bbox 165 1811 3435 1887">
     <span class='ocr_line' id='line_1_33' title="bbox 165 1811 3435 1887; baseline 0.003 -25"><span class='ocrx_word' id='word_1_229' title='bbox 165 1811 275 1864; x_wconf 87' lang='lat' dir='ltr'><strong><em>rium</em></strong></span> <span class='ocrx_word' id='word_1_230' title='bbox 314 1811 618 1879; x_wconf 86' lang='lat' dir='ltr'><strong><em>traheretur,</em></strong></span> <span class='ocrx_word' id='word_1_231' title='bbox 657 1814 911 1868; x_wconf 88' lang='lat' dir='ltr'><strong><em>clamabat</em></strong></span> <span class='ocrx_word' id='word_1_232' title='bbox 939 1817 1111 1869; x_wconf 87' lang='lat' dir='ltr'><strong><em>dicens</em></strong></span> <span class='ocrx_word' id='word_1_233' title='bbox 1141 1833 1239 1869; x_wconf 92' lang='lat' dir='ltr'><strong><em>non</em></strong></span> <span class='ocrx_word' id='word_1_234' title='bbox 1265 1833 1317 1871; x_wconf 91' lang='lat' dir='ltr'><strong><em>se</em></strong></span> <span class='ocrx_word' id='word_1_235' title='bbox 1353 1816 1475 1869; x_wconf 88' lang='lat' dir='ltr'><strong><em>velle</em></strong></span> <span class='ocrx_word' id='word_1_236' title='bbox 1516 1816 1728 1887; x_wconf 85' lang='lat' dir='ltr'><strong><em>paganis</em></strong></span> <span class='ocrx_word' id='word_1_237' title='bbox 1764 1817 1808 1879; x_wconf 83' lang='grc' dir='ltr'><strong>Β</strong></span> <span class='ocrx_word' id='word_1_238' title='bbox 1834 1812 2205 1883; x_wconf 84' lang='lat' dir='ltr'><strong><em>quiescentibus</em></strong></span> <span class='ocrx_word' id='word_1_239' title='bbox 2244 1826 2386 1881; x_wconf 87' lang='lat' dir='ltr'><strong><em>erat;</em></strong></span> <span class='ocrx_word' id='word_1_240' title='bbox 2442 1815 2648 1885; x_wconf 89' lang='lat' dir='ltr'><strong><em>quidam</em></strong></span> <span class='ocrx_word' id='word_1_241' title='bbox 2696 1818 2953 1870; x_wconf 88' lang='lat' dir='ltr'><strong><em>nimietate</em></strong></span> <span class='ocrx_word' id='word_1_242' title='bbox 3000 1832 3281 1886; x_wconf 84' lang='lat' dir='ltr'><strong><em>prunarum</em></strong></span> <span class='ocrx_word' id='word_1_243' title='bbox 3310 1833 3435 1880; x_wconf 91' lang='lat' dir='ltr'><strong><em>quas</em></strong></span> 
     </span>
    </p>
   </div>
   <div class='ocr_carea' id='block_1_34' title="bbox 166 1902 1725 1975">
    <p class='ocr_par' dir='ltr' id='par_1_34' title="bbox 166 1902 1725 1975">
     <span class='ocr_line' id='line_1_34' title="bbox 166 1902 1725 1975; baseline 0.004 -21"><span class='ocrx_word' id='word_1_244' title='bbox 166 1902 416 1957; x_wconf 80' lang='lat' dir='ltr'><strong><em>hominibus</em></strong></span> <span class='ocrx_word' id='word_1_245' title='bbox 464 1907 739 1974; x_wconf 79' lang='lat' dir='ltr'><strong><em>imperare,</em></strong></span> <span class='ocrx_word' id='word_1_246' title='bbox 784 1923 897 1959; x_wconf 89' lang='lat' dir='ltr'><strong><em>cum</em></strong></span> <span class='ocrx_word' id='word_1_247' title='bbox 947 1906 1055 1975; x_wconf 87' lang='lat' dir='ltr'><strong><em>ipse</em></strong></span> <span class='ocrx_word' id='word_1_248' title='bbox 1099 1908 1420 1961; x_wconf 79' lang='lat' dir='ltr'><strong><em>Christianus</em></strong></span> <span class='ocrx_word' id='word_1_249' title='bbox 1473 1910 1725 1962; x_wconf 80' lang='lat' dir='ltr'><strong><em>existeret.</em></strong></span> 
     </span>
    </p>
   </div>
   <div class='ocr_carea' id='block_1_35' title="bbox 165 1995 1731 2072">
    <p class='ocr_par' dir='ltr' id='par_1_35' title="bbox 165 1995 1731 2072">
     <span class='ocr_line' id='line_1_35' title="bbox 165 1995 1731 2072; baseline 0.004 -21"><span class='ocrx_word' id='word_1_250' title='bbox 165 1995 359 2067; x_wconf 81' lang='lat' dir='ltr'><strong><em>Cumque</em></strong></span> <span class='ocrx_word' id='word_1_251' title='bbox 385 2016 477 2053; x_wconf 74' lang='lat' dir='ltr'><strong><em>vox</em></strong></span> <span class='ocrx_word' id='word_1_252' title='bbox 502 2002 735 2053; x_wconf 88' lang='lat' dir='ltr'><strong><em>omnium</em></strong></span> <span class='ocrx_word' id='word_1_253' title='bbox 763 2003 1095 2055; x_wconf 52' lang='lat' dir='ltr'><strong><em>communiter</em></strong></span> <span class='ocrx_word' id='word_1_254' title='bbox 1124 2003 1300 2072; x_wconf 89' lang='lat' dir='ltr'><strong><em>procla</em></strong></span> <span class='ocrx_word' id='word_1_255' title='bbox 1323 2012 1488 2056; x_wconf 86' lang='lat' dir='ltr'><strong><em>nosset</em></strong></span> <span class='ocrx_word' id='word_1_256' title='bbox 1512 2044 1527 2068; x_wconf 90' lang='lat'><strong><em>,</em></strong></span> <span class='ocrx_word' id='word_1_257' title='bbox 1557 2004 1731 2058; x_wconf 90' lang='lat' dir='ltr'><strong><em>dicen-</em></strong></span> 
     </span>
    </p>
   </div>
   <div class='ocr_carea' id='block_1_36' title="bbox 164 2092 1728 2164">
    <p class='ocr_par' dir='ltr' id='par_1_36' title="bbox 164 2092 1728 2164">
     <span class='ocr_line' id='line_1_36' title="bbox 164 2092 1728 2164; baseline 0.004 -20"><span class='ocrx_word' id='word_1_258' title='bbox 164 2096 332 2146; x_wconf 86' lang='lat' dir='ltr'><strong><em>tiumse</em></strong></span> <span class='ocrx_word' id='word_1_259' title='bbox 356 2110 554 2161; x_wconf 87' lang='lat' dir='ltr'><strong><em>quoque</em></strong></span> <span class='ocrx_word' id='word_1_260' title='bbox 585 2110 689 2147; x_wconf 85' lang='lat' dir='ltr'><strong><em>esse</em></strong></span> <span class='ocrx_word' id='word_1_261' title='bbox 719 2092 1061 2164; x_wconf 86' lang='lat' dir='ltr'><strong><em>Christianos,</em></strong></span> <span class='ocrx_word' id='word_1_262' title='bbox 1093 2096 1311 2161; x_wconf 84' lang='lat' dir='ltr'><strong><em>suscepit</em></strong></span> <span class='ocrx_word' id='word_1_263' title='bbox 1346 2096 1635 2163; x_wconf 89' lang='lat' dir='ltr'><strong><em>imperiunt.</em></strong></span> <span class='ocrx_word' id='word_1_264' title='bbox 1672 2093 1728 2150; x_wconf 89' lang='lat' dir='ltr'><strong><em>Is</em></strong></span> 
     </span>
    </p>
   </div>
   <div class='ocr_carea' id='block_1_37' title="bbox 164 2183 1726 2257">
    <p class='ocr_par' dir='ltr' id='par_1_37' title="bbox 164 2183 1726 2257">
     <span class='ocr_line' id='line_1_37' title="bbox 164 2183 1726 2257; baseline 0.002 -20"><span class='ocrx_word' id='word_1_265' title='bbox 164 2185 351 2237; x_wconf 68' lang='lat' dir='ltr'><strong><em>exercitu</em></strong></span> <span class='ocrx_word' id='word_1_266' title='bbox 380 2185 429 2237; x_wconf 91' lang='lat' dir='ltr'><strong><em>in</em></strong></span> <span class='ocrx_word' id='word_1_267' title='bbox 465 2183 679 2238; x_wconf 77' lang='lat' dir='ltr'><strong><em>Perside</em></strong></span> <span class='ocrx_word' id='word_1_268' title='bbox 707 2187 875 2255; x_wconf 85' lang='lat' dir='ltr'><strong><em>inopia</em></strong></span> <span class='ocrx_word' id='word_1_269' title='bbox 919 2186 1202 2249; x_wconf 89' lang='lat' dir='ltr'><strong><em>laborante,</em></strong></span> <span class='ocrx_word' id='word_1_270' title='bbox 1237 2202 1413 2257; x_wconf 88' lang='lat' dir='ltr'><strong><em>pacem</em></strong></span> <span class='ocrx_word' id='word_1_271' title='bbox 1457 2203 1570 2239; x_wconf 87' lang='lat' dir='ltr'><strong><em>cum</em></strong></span> <span class='ocrx_word' id='word_1_272' title='bbox 1619 2185 1726 2240; x_wconf 88' lang='lat' dir='ltr'><strong><em>Sa-</em></strong></span> 
     </span>
    </p>
   </div>
   <div class='ocr_carea' id='block_1_38' title="bbox 162 2274 1722 2348">
    <p class='ocr_par' dir='ltr' id='par_1_38' title="bbox 162 2274 1722 2348">
     <span class='ocr_line' id='line_1_38' title="bbox 162 2274 1722 2348; baseline 0.003 -21"><span class='ocrx_word' id='word_1_273' title='bbox 162 2291 262 2346; x_wconf 78' lang='lat' dir='ltr'><strong><em>pore</em></strong></span> <span class='ocrx_word' id='word_1_274' title='bbox 273 2292 377 2343; x_wconf 87' lang='lat' dir='ltr'><strong><em>rege</em></strong></span> <span class='ocrx_word' id='word_1_275' title='bbox 401 2274 706 2341; x_wconf 86' lang='lat' dir='ltr'><strong><em>Persarum,</em></strong></span> <span class='ocrx_word' id='word_1_276' title='bbox 729 2280 1063 2331; x_wconf 85' lang='lat' dir='ltr'><strong><em>necessariam</em></strong></span> <span class='ocrx_word' id='word_1_277' title='bbox 1084 2280 1307 2347; x_wconf 76' lang='lat' dir='ltr'><strong><em>quidem,</em></strong></span> <span class='ocrx_word' id='word_1_278' title='bbox 1326 2280 1414 2332; x_wconf 89' lang='lat' dir='ltr'><strong><em>sed</em></strong></span> <span class='ocrx_word' id='word_1_279' title='bbox 1432 2279 1722 2348; x_wconf 84' lang='lat' dir='ltr'><strong><em>ignobilem,</em></strong></span> 
     </span>
    </p>
   </div>
   <div class='ocr_carea' id='block_1_39' title="bbox 163 2371 1729 2447">
    <p class='ocr_par' dir='ltr' id='par_1_39' title="bbox 163 2371 1729 2447">
     <span class='ocr_line' id='line_1_39' title="bbox 163 2371 1729 2447; baseline 0.006 -27"><span class='ocrx_word' id='word_1_280' title='bbox 163 2371 276 2438; x_wconf 78' lang='lat' dir='ltr'><strong><em>fecit,</em></strong></span> <span class='ocrx_word' id='word_1_281' title='bbox 300 2372 497 2424; x_wconf 85' lang='lat' dir='ltr'><strong><em>mutatis</em></strong></span> <span class='ocrx_word' id='word_1_282' title='bbox 522 2371 736 2439; x_wconf 72' lang='lat' dir='ltr'><strong><em>finibus,</em></strong></span> <span class='ocrx_word' id='word_1_283' title='bbox 761 2390 821 2426; x_wconf 91' lang='lat' dir='ltr'><strong><em>ac</em></strong></span> <span class='ocrx_word' id='word_1_284' title='bbox 843 2374 1091 2426; x_wconf 83' lang='lat' dir='ltr'><strong><em>nonnulla</em></strong></span> <span class='ocrx_word' id='word_1_285' title='bbox 1114 2375 1315 2445; x_wconf 80' lang='lat' dir='ltr'><strong><em>imperii</em></strong></span> <span class='ocrx_word' id='word_1_286' title='bbox 1340 2374 1559 2429; x_wconf 82' lang='lat' dir='ltr'><strong><em>Romani</em></strong></span> <span class='ocrx_word' id='word_1_287' title='bbox 1584 2386 1729 2447; x_wconf 81' lang='lat' dir='ltr'><strong><em>parte</em></strong></span> 
     </span>
    </p>
   </div>
   <div class='ocr_carea' id='block_1_40' title="bbox 161 2460 1726 2536">
    <p class='ocr_par' dir='ltr' id='par_1_40' title="bbox 161 2460 1726 2536">
     <span class='ocr_line' id='line_1_40' title="bbox 161 2460 1726 2536; baseline 0.007 -26"><span class='ocrx_word' id='word_1_288' title='bbox 161 2460 335 2522; x_wconf 80' lang='lat' dir='ltr'><strong><em>tradita,</em></strong></span> <span class='ocrx_word' id='word_1_289' title='bbox 362 2462 496 2532; x_wconf 89' lang='lat' dir='ltr'><strong><em>quod</em></strong></span> <span class='ocrx_word' id='word_1_290' title='bbox 548 2472 669 2517; x_wconf 89' lang='lat' dir='ltr'><strong><em>ante</em></strong></span> <span class='ocrx_word' id='word_1_291' title='bbox 712 2481 845 2529; x_wconf 88' lang='lat' dir='ltr'><strong><em>eum,</em></strong></span> <span class='ocrx_word' id='word_1_292' title='bbox 878 2481 941 2518; x_wconf 73' lang='lat' dir='ltr'><strong><em>ex</em></strong></span> <span class='ocrx_word' id='word_1_293' title='bbox 986 2482 1084 2533; x_wconf 86' lang='lat' dir='ltr'><strong><em>quo</em></strong></span> <span class='ocrx_word' id='word_1_294' title='bbox 1137 2466 1425 2520; x_wconf 82' lang='lat' dir='ltr'><strong><em>Romanum</em></strong></span> <span class='ocrx_word' id='word_1_295' title='bbox 1454 2468 1726 2536; x_wconf 89' lang='lat' dir='ltr'><strong><em>imperium</em></strong></span> 
     </span>
    </p>
   </div>
   <div class='ocr_carea' id='block_1_41' title="bbox 161 2552 1726 2634">
    <p class='ocr_par' dir='ltr' id='par_1_41' title="bbox 161 2552 1726 2634">
     <span class='ocr_line' id='line_1_41' title="bbox 161 2552 1726 2634; baseline 0.009 -31"><span class='ocrx_word' id='word_1_296' title='bbox 161 2552 379 2605; x_wconf 85' lang='lat' dir='ltr'><strong><em>conditum</em></strong></span> <span class='ocrx_word' id='word_1_297' title='bbox 410 2563 543 2622; x_wconf 89' lang='lat' dir='ltr'><strong><em>erat,</em></strong></span> <span class='ocrx_word' id='word_1_298' title='bbox 593 2572 851 2624; x_wconf 86' lang='lat' dir='ltr'><strong><em>nunquam</em></strong></span> <span class='ocrx_word' id='word_1_299' title='bbox 893 2559 1102 2614; x_wconf 88' lang='lat' dir='ltr'><strong><em>accidit.</em></strong></span> <span class='ocrx_word' id='word_1_300' title='bbox 1153 2560 1285 2626; x_wconf 85' lang='lat' dir='ltr'><strong><em>Quin</em></strong></span> <span class='ocrx_word' id='word_1_301' title='bbox 1313 2562 1464 2615; x_wconf 89' lang='lat' dir='ltr'><strong><em>etiam</em></strong></span> <span class='ocrx_word' id='word_1_302' title='bbox 1504 2561 1726 2634; x_wconf 86' lang='lat' dir='ltr'><strong><em>legiones</em></strong></span> 
     </span>
    </p>
   </div>
   <div class='ocr_carea' id='block_1_42' title="bbox 159 2647 1724 2723">
    <p class='ocr_par' dir='ltr' id='par_1_42' title="bbox 159 2647 1724 2723">
     <span class='ocr_line' id='line_1_42' title="bbox 159 2647 1724 2723; baseline 0.01 -28"><span class='ocrx_word' id='word_1_303' title='bbox 159 2653 332 2712; x_wconf 68' lang='lat' dir='ltr'><strong><em>nostra,</em></strong></span> <span class='ocrx_word' id='word_1_304' title='bbox 351 2647 416 2701; x_wconf 91' lang='lat' dir='ltr'><strong><em>ita</em></strong></span> <span class='ocrx_word' id='word_1_305' title='bbox 438 2657 482 2703; x_wconf 92' lang='lat' dir='ltr'><strong><em>et</em></strong></span> <span class='ocrx_word' id='word_1_306' title='bbox 510 2649 657 2718; x_wconf 85' lang='lat' dir='ltr'><strong><em>apud</em></strong></span> <span class='ocrx_word' id='word_1_307' title='bbox 686 2648 937 2705; x_wconf 74' lang='lat' dir='ltr'><strong><em>Caudium</em></strong></span> <span class='ocrx_word' id='word_1_308' title='bbox 967 2670 1056 2723; x_wconf 90' lang='lat' dir='ltr'><strong><em>per</em></strong></span> <span class='ocrx_word' id='word_1_309' title='bbox 1085 2653 1323 2707; x_wconf 81' lang='lat' dir='ltr'><strong><em>Pontium</em></strong></span> <span class='ocrx_word' id='word_1_310' title='bbox 1354 2656 1533 2709; x_wconf 90' lang='lat' dir='ltr'><strong><em>ducem</em></strong></span> <span class='ocrx_word' id='word_1_311' title='bbox 1562 2655 1724 2711; x_wconf 85' lang='lat' dir='ltr'><strong><em>Sant-</em></strong></span> 
     </span>
    </p>
   </div>
   <div class='ocr_carea' id='block_1_43' title="bbox 162 2741 1721 2815">
    <p class='ocr_par' dir='ltr' id='par_1_43' title="bbox 162 2741 1721 2815">
     <span class='ocr_line' id='line_1_43' title="bbox 162 2741 1721 2815; baseline 0.007 -22"><span class='ocrx_word' id='word_1_312' title='bbox 162 2741 334 2807; x_wconf 87' lang='lat' dir='ltr'><strong><em>nitium,</em></strong></span> <span class='ocrx_word' id='word_1_313' title='bbox 364 2754 409 2799; x_wconf 91' lang='lat' dir='ltr'><strong><em>et</em></strong></span> <span class='ocrx_word' id='word_1_314' title='bbox 456 2746 508 2799; x_wconf 89' lang='lat' dir='ltr'><strong><em>in</em></strong></span> <span class='ocrx_word' id='word_1_315' title='bbox 559 2744 815 2815; x_wconf 87' lang='lat' dir='ltr'><strong><em>llispania</em></strong></span> <span class='ocrx_word' id='word_1_316' title='bbox 854 2748 994 2813; x_wconf 85' lang='lat' dir='ltr'><strong><em>apud</em></strong></span> <span class='ocrx_word' id='word_1_317' title='bbox 1051 2746 1421 2813; x_wconf 85' lang='lat' dir='ltr'><strong><em>Numantiam,</em></strong></span> <span class='ocrx_word' id='word_1_318' title='bbox 1447 2759 1492 2803; x_wconf 90' lang='lat' dir='ltr'><strong><em>et</em></strong></span> <span class='ocrx_word' id='word_1_319' title='bbox 1522 2751 1573 2803; x_wconf 86' lang='lat' dir='ltr'><strong><em>in</em></strong></span> <span class='ocrx_word' id='word_1_320' title='bbox 1603 2747 1721 2804; x_wconf 88' lang='lat' dir='ltr'><strong><em>Nu-</em></strong></span> 
     </span>
    </p>
   </div>
   <div class='ocr_carea' id='block_1_44' title="bbox 158 2832 1721 2909">
    <p class='ocr_par' dir='ltr' id='par_1_44' title="bbox 158 2832 1721 2909">
     <span class='ocr_line' id='line_1_44' title="bbox 158 2832 1721 2909; baseline 0.005 -22"><span class='ocrx_word' id='word_1_321' title='bbox 158 2832 288 2887; x_wconf 80' lang='lat' dir='ltr'><strong><em>midia</em></strong></span> <span class='ocrx_word' id='word_1_322' title='bbox 314 2836 397 2887; x_wconf 88' lang='lat' dir='ltr'><strong><em>sub</em></strong></span> <span class='ocrx_word' id='word_1_323' title='bbox 416 2838 610 2908; x_wconf 82' lang='lat' dir='ltr'><strong><em>jngunt</em></strong></span> <span class='ocrx_word' id='word_1_324' title='bbox 659 2840 829 2891; x_wconf 62' lang='lat' dir='ltr'><strong><em>missae</em></strong></span> <span class='ocrx_word' id='word_1_325' title='bbox 871 2848 1024 2905; x_wconf 89' lang='lat' dir='ltr'><strong><em>sunt,</em></strong></span> <span class='ocrx_word' id='word_1_326' title='bbox 1054 2850 1110 2891; x_wconf 89' lang='lat' dir='ltr'><strong><em>ut</em></strong></span> <span class='ocrx_word' id='word_1_327' title='bbox 1156 2839 1285 2892; x_wconf 84' lang='lat' dir='ltr'><strong><em>nihil</em></strong></span> <span class='ocrx_word' id='word_1_328' title='bbox 1325 2850 1495 2895; x_wconf 86' lang='lat' dir='ltr'><strong><em>tamen</em></strong></span> <span class='ocrx_word' id='word_1_329' title='bbox 1540 2842 1721 2909; x_wconf 78' lang='lat' dir='ltr'><strong><em>ﬁniunt</em></strong></span> 
     </span>
    </p>
   </div>
   <div class='ocr_carea' id='block_1_45' title="bbox 159 2924 1721 3004">
    <p class='ocr_par' dir='ltr' id='par_1_45' title="bbox 159 2924 1721 3004">
     <span class='ocr_line' id='line_1_45' title="bbox 159 2924 1721 3004; baseline 0.01 -32"><span class='ocrx_word' id='word_1_330' title='bbox 159 2924 418 2980; x_wconf 81' lang='lat' dir='ltr'><strong><em>traderetur.</em></strong></span> <span class='ocrx_word' id='word_1_331' title='bbox 445 2926 521 2981; x_wconf 86' lang='lat' dir='ltr'><strong><em>Ea</em></strong></span> <span class='ocrx_word' id='word_1_332' title='bbox 546 2929 688 2996; x_wconf 88' lang='lat' dir='ltr'><strong><em>pacis</em></strong></span> <span class='ocrx_word' id='word_1_333' title='bbox 712 2929 932 2983; x_wconf 89' lang='lat' dir='ltr'><strong><em>conditio</em></strong></span> <span class='ocrx_word' id='word_1_334' title='bbox 957 2947 1056 2983; x_wconf 88' lang='lat' dir='ltr'><strong><em>non</em></strong></span> <span class='ocrx_word' id='word_1_335' title='bbox 1084 2932 1283 3001; x_wconf 85' lang='lat' dir='ltr'><strong><em>penitus</em></strong></span> <span class='ocrx_word' id='word_1_336' title='bbox 1306 2930 1721 3004; x_wconf 75' lang='lat' dir='ltr'><strong><em>reprehendenda</em></strong></span> 
     </span>
    </p>
   </div>
   <div class='ocr_carea' id='block_1_46' title="bbox 157 3014 1716 3095">
    <p class='ocr_par' dir='ltr' id='par_1_46' title="bbox 157 3014 1716 3095">
     <span class='ocr_line' id='line_1_46' title="bbox 157 3014 1716 3095; baseline 0.006 -28"><span class='ocrx_word' id='word_1_337' title='bbox 157 3014 279 3084; x_wconf 68' lang='lat' dir='ltr'><strong><em>foret,</em></strong></span> <span class='ocrx_word' id='word_1_338' title='bbox 308 3020 348 3071; x_wconf 91' lang='lat' dir='ltr'><strong><em>si</em></strong></span> <span class='ocrx_word' id='word_1_339' title='bbox 376 3020 585 3086; x_wconf 66' lang='lat' dir='ltr'><strong><em>{aderis</em></strong></span> <span class='ocrx_word' id='word_1_340' title='bbox 626 3021 995 3089; x_wconf 85' lang='lat' dir='ltr'><strong><em>necessitatem,</em></strong></span> <span class='ocrx_word' id='word_1_341' title='bbox 1028 3030 1138 3074; x_wconf 89' lang='lat' dir='ltr'><strong><em>tum</em></strong></span> <span class='ocrx_word' id='word_1_342' title='bbox 1167 3040 1281 3075; x_wconf 89' lang='lat' dir='ltr'><strong><em>cum</em></strong></span> <span class='ocrx_word' id='word_1_343' title='bbox 1312 3024 1563 3095; x_wconf 90' lang='lat' dir='ltr'><strong><em>integrum</em></strong></span> <span class='ocrx_word' id='word_1_344' title='bbox 1597 3028 1716 3095; x_wconf 76' lang='lat' dir='ltr'><strong><em>fuit,</em></strong></span> 
     </span>
    </p>
   </div>
   <div class='ocr_carea' id='block_1_47' title="bbox 158 3112 1716 3181">
    <p class='ocr_par' dir='ltr' id='par_1_47' title="bbox 158 3112 1716 3181">
     <span class='ocr_line' id='line_1_47' title="bbox 158 3112 1716 3181; baseline 0.006 -22"><span class='ocrx_word' id='word_1_345' title='bbox 158 3121 320 3164; x_wconf 82' lang='lat' dir='ltr'><strong><em>mutare</em></strong></span> <span class='ocrx_word' id='word_1_346' title='bbox 348 3112 611 3177; x_wconf 81' lang='lat' dir='ltr'><strong><em>voluisset,</em></strong></span> <span class='ocrx_word' id='word_1_347' title='bbox 639 3114 767 3167; x_wconf 90' lang='lat' dir='ltr'><strong><em>sicut</em></strong></span> <span class='ocrx_word' id='word_1_348' title='bbox 798 3132 828 3167; x_wconf 91' lang='lat' dir='ltr'><strong><em>a</em></strong></span> <span class='ocrx_word' id='word_1_349' title='bbox 863 3114 1105 3168; x_wconf 79' lang='lat' dir='ltr'><strong><em>Romanis</em></strong></span> <span class='ocrx_word' id='word_1_350' title='bbox 1145 3113 1379 3169; x_wconf 89' lang='lat' dir='ltr'><strong><em>omnibus</em></strong></span> <span class='ocrx_word' id='word_1_351' title='bbox 1427 3116 1503 3169; x_wconf 90' lang='lat' dir='ltr'><strong><em>his</em></strong></span> <span class='ocrx_word' id='word_1_352' title='bbox 1548 3114 1716 3181; x_wconf 84' lang='lat' dir='ltr'><strong><em>bellis,</em></strong></span> 
     </span>
    </p>
   </div>
   <div class='ocr_carea' id='block_1_48' title="bbox 1834 1904 3433 1978">
    <p class='ocr_par' dir='ltr' id='par_1_48' title="bbox 1834 1904 3433 1978">
     <span class='ocr_line' id='line_1_48' title="bbox 1834 1904 3433 1978; baseline 0.002 -21"><span class='ocrx_word' id='word_1_353' title='bbox 1834 1908 1976 1976; x_wconf 80' lang='lat' dir='ltr'><strong><em>gravi</em></strong></span> <span class='ocrx_word' id='word_1_354' title='bbox 2007 1909 2199 1976; x_wconf 83' lang='lat' dir='ltr'><strong><em>frigore</em></strong></span> <span class='ocrx_word' id='word_1_355' title='bbox 2237 1904 2437 1961; x_wconf 87' lang='lat' dir='ltr'><strong><em>adoleri</em></strong></span> <span class='ocrx_word' id='word_1_356' title='bbox 2467 1909 2695 1978; x_wconf 87' lang='lat' dir='ltr'><strong><em>jusserat</em></strong></span> <span class='ocrx_word' id='word_1_357' title='bbox 2726 1909 2927 1962; x_wconf 90' lang='lat' dir='ltr'><strong><em>multas.</em></strong></span> <span class='ocrx_word' id='word_1_358' title='bbox 2968 1906 3191 1962; x_wconf 86' lang='lat' dir='ltr'><strong><em>Decessit</em></strong></span> <span class='ocrx_word' id='word_1_359' title='bbox 3236 1907 3433 1978; x_wconf 88' lang='lat' dir='ltr'><strong><em>imperii</em></strong></span> 
     </span>
    </p>
   </div>
   <div class='ocr_carea' id='block_1_49' title="bbox 1832 1998 3432 2071">
    <p class='ocr_par' dir='ltr' id='par_1_49' title="bbox 1832 1998 3432 2071">
     <span class='ocr_line' id='line_1_49' title="bbox 1832 1998 3432 2071; baseline 0.001 -18"><span class='ocrx_word' id='word_1_360' title='bbox 1832 2017 2001 2055; x_wconf 82' lang='lat' dir='ltr'><strong><em>mense</em></strong></span> <span class='ocrx_word' id='word_1_361' title='bbox 2042 2003 2260 2069; x_wconf 89' lang='lat' dir='ltr'><strong><em>septimo</em></strong></span> <span class='ocrx_word' id='word_1_362' title='bbox 2287 2045 2301 2070; x_wconf 86' lang='lat'><strong><em>,</em></strong></span> <span class='ocrx_word' id='word_1_363' title='bbox 2328 1998 2356 2037; x_wconf 68' lang='grc' dir='ltr'>δ</span> <span class='ocrx_word' id='word_1_364' title='bbox 2404 2018 2495 2056; x_wconf 79' lang='lat' dir='ltr'><strong><em>xut</em></strong></span> <span class='ocrx_word' id='word_1_365' title='bbox 2542 2001 2764 2057; x_wconf 78' lang='lat' dir='ltr'><strong><em>Kalend.</em></strong></span> <span class='ocrx_word' id='word_1_366' title='bbox 2800 1999 2998 2071; x_wconf 80' lang='lat' dir='ltr'><strong><em>Martii,</em></strong></span> <span class='ocrx_word' id='word_1_367' title='bbox 3032 2004 3216 2070; x_wconf 71' lang='lat' dir='ltr'><strong><em>(etatis,</em></strong></span> <span class='ocrx_word' id='word_1_368' title='bbox 3247 2010 3300 2055; x_wconf 89' lang='lat' dir='ltr'><strong><em>ut</em></strong></span> <span class='ocrx_word' id='word_1_369' title='bbox 3344 2001 3432 2070; x_wconf 86' lang='lat' dir='ltr'><strong><em>qui</em></strong></span> 
     </span>
    </p>
   </div>
   <div class='ocr_carea' id='block_1_50' title="bbox 1830 2095 3432 2168">
    <p class='ocr_par' dir='ltr' id='par_1_50' title="bbox 1830 2095 3432 2168">
     <span class='ocr_line' id='line_1_50' title="bbox 1830 2095 3432 2168; baseline 0.003 -22"><span class='ocrx_word' id='word_1_370' title='bbox 1830 2095 2107 2165; x_wconf 84' lang='lat' dir='ltr'><strong><em>plurimum</em></strong></span> <span class='ocrx_word' id='word_1_371' title='bbox 2158 2095 2236 2148; x_wconf 88' lang='lat' dir='ltr'><strong><em>vel</em></strong></span> <span class='ocrx_word' id='word_1_372' title='bbox 2278 2095 2540 2149; x_wconf 88' lang='lat' dir='ltr'><strong><em>minintum</em></strong></span> <span class='ocrx_word' id='word_1_373' title='bbox 2592 2098 2835 2164; x_wconf 89' lang='lat' dir='ltr'><strong><em>tradunt,</em></strong></span> <span class='ocrx_word' id='word_1_374' title='bbox 2886 2096 3148 2168; x_wconf 86' lang='lat' dir='ltr'><strong><em>trigesimo</em></strong></span> <span class='ocrx_word' id='word_1_375' title='bbox 3191 2106 3239 2150; x_wconf 91' lang='lat' dir='ltr'><strong><em>et</em></strong></span> <span class='ocrx_word' id='word_1_376' title='bbox 3285 2095 3432 2151; x_wconf 89' lang='lat' dir='ltr'><strong><em>tertio</em></strong></span> 
     </span>
    </p>
   </div>
   <div class='ocr_carea' id='block_1_51' title="bbox 1829 2187 3427 2261">
    <p class='ocr_par' dir='ltr' id='par_1_51' title="bbox 1829 2187 3427 2261">
     <span class='ocr_line' id='line_1_51' title="bbox 1829 2187 3427 2261; baseline 0.003 -22"><span class='ocrx_word' id='word_1_377' title='bbox 1829 2202 1998 2249; x_wconf 86' lang='lat' dir='ltr'><strong><em>anno,</em></strong></span> <span class='ocrx_word' id='word_1_378' title='bbox 2050 2191 2109 2242; x_wconf 87' lang='lat' dir='ltr'><strong><em>ac</em></strong></span> <span class='ocrx_word' id='word_1_379' title='bbox 2158 2187 2461 2261; x_wconf 88' lang='lat' dir='ltr'><strong><em>benignitate</em></strong></span> <span class='ocrx_word' id='word_1_380' title='bbox 2505 2191 2791 2260; x_wconf 79' lang='lat' dir='ltr'><strong><em>principum</em></strong></span> <span class='ocrx_word' id='word_1_381' title='bbox 2834 2189 2922 2260; x_wconf 89' lang='lat' dir='ltr'><strong><em>qui</em></strong></span> <span class='ocrx_word' id='word_1_382' title='bbox 2967 2191 3016 2244; x_wconf 91' lang='lat' dir='ltr'><strong><em>ei</em></strong></span> <span class='ocrx_word' id='word_1_383' title='bbox 3059 2198 3427 2257; x_wconf 89' lang='lat' dir='ltr'><strong><em>successerunt,</em></strong></span> 
     </span>
    </p>
   </div>
   <div class='ocr_carea' id='block_1_52' title="bbox 1827 2280 3430 2354">
    <p class='ocr_par' dir='ltr' id='par_1_52' title="bbox 1827 2280 3430 2354">
     <span class='ocr_line' id='line_1_52' title="bbox 1827 2280 3430 2354; baseline 0.002 -21"><span class='ocrx_word' id='word_1_384' title='bbox 1827 2280 1959 2333; x_wconf 66' lang='lat' dir='ltr'><strong><em>inter</em></strong></span> <span class='ocrx_word' id='word_1_385' title='bbox 1989 2280 2130 2335; x_wconf 83' lang='lat' dir='ltr'><strong><em>divos</em></strong></span> <span class='ocrx_word' id='word_1_386' title='bbox 2170 2283 2363 2335; x_wconf 88' lang='lat' dir='ltr'><strong><em>relatus</em></strong></span> <span class='ocrx_word' id='word_1_387' title='bbox 2411 2292 2503 2335; x_wconf 91' lang='lat' dir='ltr'><strong><em>est.</em></strong></span> <span class='ocrx_word' id='word_1_388' title='bbox 2541 2281 2643 2337; x_wconf 86' lang='lat' dir='ltr'><strong><em>llic</em></strong></span> <span class='ocrx_word' id='word_1_389' title='bbox 2673 2282 2768 2354; x_wconf 79' lang='lat' dir='ltr'><strong><em>fuit</em></strong></span> <span class='ocrx_word' id='word_1_390' title='bbox 2801 2282 3011 2354; x_wconf 81' lang='lat' dir='ltr'><strong><em>genitus</em></strong></span> <span class='ocrx_word' id='word_1_391' title='bbox 3058 2293 3205 2351; x_wconf 81' lang='lat' dir='ltr'><strong><em>patre</em></strong></span> <span class='ocrx_word' id='word_1_392' title='bbox 3237 2280 3430 2336; x_wconf 81' lang='lat' dir='ltr'><strong><em>Varro-</em></strong></span> 
     </span>
    </p>
   </div>
   <div class='ocr_carea' id='block_1_53' title="bbox 1828 2372 3417 2443">
    <p class='ocr_par' dir='ltr' id='par_1_53' title="bbox 1828 2372 3417 2443">
     <span class='ocr_line' id='line_1_53' title="bbox 1828 2372 3417 2443; baseline -0.002 -13"><span class='ocrx_word' id='word_1_393' title='bbox 1828 2376 1986 2430; x_wconf 63' lang='lat' dir='ltr'><strong><em>nitito</em></strong></span> <span class='ocrx_word' id='word_1_394' title='bbox 2018 2374 2186 2428; x_wconf 69' lang='lat' dir='ltr'><strong><em>incola</em></strong></span> <span class='ocrx_word' id='word_1_395' title='bbox 2208 2373 2319 2442; x_wconf 80' lang='lat' dir='ltr'><strong><em>agri</em></strong></span> <span class='ocrx_word' id='word_1_396' title='bbox 2346 2372 2769 2443; x_wconf 72' lang='lat' dir='ltr'><strong><em>Singidonensis,</em></strong></span> <span class='ocrx_word' id='word_1_397' title='bbox 2798 2377 3031 2442; x_wconf 76' lang='lat' dir='ltr'><strong><em>provinci</em></strong></span> <span class='ocrx_word' id='word_1_398' title='bbox 3050 2392 3080 2428; x_wconf 78' lang='lat' dir='ltr'><strong><em>I:</em></strong></span> <span class='ocrx_word' id='word_1_399' title='bbox 3108 2372 3417 2437; x_wconf 65' lang='lat' dir='ltr'><strong><em>Pannonia.</em></strong></span> 
     </span>
    </p>
   </div>
   <div class='ocr_carea' id='block_1_54' title="bbox 1830 2464 3423 2537">
    <p class='ocr_par' dir='ltr' id='par_1_54' title="bbox 1830 2464 3423 2537">
     <span class='ocr_line' id='line_1_54' title="bbox 1830 2464 3423 2537; baseline -0.001 -18"><span class='ocrx_word' id='word_1_400' title='bbox 1830 2465 1954 2537; x_wconf 83' lang='lat' dir='ltr'><strong><em>Ejus</em></strong></span> <span class='ocrx_word' id='word_1_401' title='bbox 1986 2467 2142 2537; x_wconf 81' lang='lat' dir='ltr'><strong><em>patri,</em></strong></span> <span class='ocrx_word' id='word_1_402' title='bbox 2174 2482 2295 2520; x_wconf 88' lang='lat' dir='ltr'><strong><em>cum</em></strong></span> <span class='ocrx_word' id='word_1_403' title='bbox 2330 2464 2525 2520; x_wconf 82' lang='lat' dir='ltr'><strong><em>liberos</em></strong></span> <span class='ocrx_word' id='word_1_404' title='bbox 2554 2465 2746 2520; x_wconf 71' lang='lat' dir='ltr'><strong><em>crebro</em></strong></span> <span class='ocrx_word' id='word_1_405' title='bbox 2779 2466 3069 2531; x_wconf 83' lang='lat' dir='ltr'><strong><em>amitteret,</em></strong></span> <span class='ocrx_word' id='word_1_406' title='bbox 3096 2476 3423 2535; x_wconf 67' lang='lat' dir='ltr'><strong><em>praeceptum</em></strong></span> 
     </span>
    </p>
   </div>
   <div class='ocr_carea' id='block_1_55' title="bbox 1825 2556 3421 2631">
    <p class='ocr_par' dir='ltr' id='par_1_55' title="bbox 1825 2556 3421 2631">
     <span class='ocr_line' id='line_1_55' title="bbox 1825 2556 3421 2631; baseline -0.003 -14"><span class='ocrx_word' id='word_1_407' title='bbox 1825 2571 1907 2617; x_wconf 68' lang='lat' dir='ltr'><strong><em>est</em></strong></span> <span class='ocrx_word' id='word_1_408' title='bbox 1929 2561 2159 2629; x_wconf 79' lang='lat' dir='ltr'><strong><em>smnniu,</em></strong></span> <span class='ocrx_word' id='word_1_409' title='bbox 2181 2576 2302 2616; x_wconf 87' lang='lat' dir='ltr'><strong><em>eum</em></strong></span> <span class='ocrx_word' id='word_1_410' title='bbox 2334 2561 2422 2631; x_wconf 86' lang='lat' dir='ltr'><strong><em>qui</em></strong></span> <span class='ocrx_word' id='word_1_411' title='bbox 2447 2560 2557 2630; x_wconf 80' lang='lat' dir='ltr'><strong><em>jam</em></strong></span> <span class='ocrx_word' id='word_1_412' title='bbox 2591 2562 2823 2614; x_wconf 82' lang='lat' dir='ltr'><strong><em>instante</em></strong></span> <span class='ocrx_word' id='word_1_413' title='bbox 2854 2560 3041 2614; x_wconf 78' lang='lat' dir='ltr'><strong><em>uxoris</em></strong></span> <span class='ocrx_word' id='word_1_414' title='bbox 3070 2569 3223 2626; x_wconf 86' lang='lat' dir='ltr'><strong><em>partu</em></strong></span> <span class='ocrx_word' id='word_1_415' title='bbox 3252 2556 3421 2613; x_wconf 84' lang='lat' dir='ltr'><strong><em>eden-</em></strong></span> 
     </span>
    </p>
   </div>
   <div class='ocr_carea' id='block_1_56' title="bbox 1824 2648 3429 2720">
    <p class='ocr_par' dir='ltr' id='par_1_56' title="bbox 1824 2648 3429 2720">
     <span class='ocr_line' id='line_1_56' title="bbox 1824 2648 3429 2720; baseline -0.001 -13"><span class='ocrx_word' id='word_1_416' title='bbox 1824 2652 1924 2707; x_wconf 86' lang='lat' dir='ltr'><strong><em>dus</em></strong></span> <span class='ocrx_word' id='word_1_417' title='bbox 1954 2654 2086 2707; x_wconf 86' lang='lat' dir='ltr'><strong><em>loret</em></strong></span> <span class='ocrx_word' id='word_1_418' title='bbox 2115 2652 2316 2708; x_wconf 86' lang='lat' dir='ltr'><strong><em>diceret</em></strong></span> <span class='ocrx_word' id='word_1_419' title='bbox 2348 2652 2369 2682; x_wconf 79' lang='lat'><strong>°</strong></span> <span class='ocrx_word' id='word_1_420' title='bbox 2401 2651 2705 2707; x_wconf 80' lang='lat' dir='ltr'><strong><em>.lovianum.</em></strong></span> <span class='ocrx_word' id='word_1_421' title='bbox 2741 2648 2865 2704; x_wconf 83' lang='lat' dir='ltr'><strong><em>Fuit</em></strong></span> <span class='ocrx_word' id='word_1_422' title='bbox 2888 2651 3024 2705; x_wconf 82' lang='lat' dir='ltr'><strong><em>enim</em></strong></span> <span class='ocrx_word' id='word_1_423' title='bbox 3057 2648 3278 2720; x_wconf 81' lang='lat' dir='ltr'><strong><em>insignis</em></strong></span> <span class='ocrx_word' id='word_1_424' title='bbox 3306 2664 3429 2705; x_wconf 83' lang='lat' dir='ltr'><strong><em>cor-</em></strong></span> 
     </span>
    </p>
   </div>
   <div class='ocr_carea' id='block_1_57' title="bbox 1823 2741 3426 2817">
    <p class='ocr_par' dir='ltr' id='par_1_57' title="bbox 1823 2741 3426 2817">
     <span class='ocr_line' id='line_1_57' title="bbox 1823 2741 3426 2817; baseline 0 -21"><span class='ocrx_word' id='word_1_425' title='bbox 1823 2757 1976 2817; x_wconf 80' lang='lat' dir='ltr'><strong><em>pore,</em></strong></span> <span class='ocrx_word' id='word_1_426' title='bbox 2010 2747 2160 2801; x_wconf 68' lang='lat' dir='ltr'><strong><em>Iratus</em></strong></span> <span class='ocrx_word' id='word_1_427' title='bbox 2207 2744 2454 2815; x_wconf 80' lang='lat' dir='ltr'><strong><em>ingenio,</em></strong></span> <span class='ocrx_word' id='word_1_428' title='bbox 2506 2744 2803 2799; x_wconf 84' lang='lat' dir='ltr'><strong><em>litterarum</em></strong></span> <span class='ocrx_word' id='word_1_429' title='bbox 2832 2751 2860 2792; x_wconf 72' lang='grc' dir='ltr'>α</span> <span class='ocrx_word' id='word_1_430' title='bbox 2893 2741 3183 2807; x_wconf 83' lang='lat' dir='ltr'><strong><em>studiosus,</em></strong></span> <span class='ocrx_word' id='word_1_431' title='bbox 3215 2759 3334 2796; x_wconf 90' lang='lat' dir='ltr'><strong><em>nam</em></strong></span> <span class='ocrx_word' id='word_1_432' title='bbox 3376 2752 3426 2798; x_wconf 89' lang='lat' dir='ltr'><strong><em>et</em></strong></span> 
     </span>
    </p>
   </div>
   <div class='ocr_carea' id='block_1_58' title="bbox 1822 2836 3426 2910">
    <p class='ocr_par' dir='ltr' id='par_1_58' title="bbox 1822 2836 3426 2910">
     <span class='ocr_line' id='line_1_58' title="bbox 1822 2836 3426 2910; baseline -0.002 -17"><span class='ocrx_word' id='word_1_433' title='bbox 1822 2840 2055 2893; x_wconf 89' lang='lat' dir='ltr'><strong><em>civilitati</em></strong></span> <span class='ocrx_word' id='word_1_434' title='bbox 2087 2839 2315 2910; x_wconf 85' lang='lat' dir='ltr'><strong><em>propior,</em></strong></span> <span class='ocrx_word' id='word_1_435' title='bbox 2340 2847 2385 2892; x_wconf 92' lang='lat' dir='ltr'><strong><em>et</em></strong></span> <span class='ocrx_word' id='word_1_436' title='bbox 2410 2846 2595 2892; x_wconf 74' lang='lat' dir='ltr'><strong><em>natura</em></strong></span> <span class='ocrx_word' id='word_1_437' title='bbox 2619 2836 2899 2892; x_wconf 87' lang='lat' dir='ltr'><strong><em>admodum</em></strong></span> <span class='ocrx_word' id='word_1_438' title='bbox 2921 2836 3169 2903; x_wconf 85' lang='lat' dir='ltr'><strong><em>liberalis,</em></strong></span> <span class='ocrx_word' id='word_1_439' title='bbox 3191 2838 3266 2889; x_wconf 88' lang='lat' dir='ltr'><strong><em>vir</em></strong></span> <span class='ocrx_word' id='word_1_440' title='bbox 3290 2838 3426 2890; x_wconf 86' lang='lat' dir='ltr'><strong><em>inter</em></strong></span> 
     </span>
    </p>
   </div>
   <div class='ocr_carea' id='block_1_59' title="bbox 1821 2926 3427 2999">
    <p class='ocr_par' dir='ltr' id='par_1_59' title="bbox 1821 2926 3427 2999">
     <span class='ocr_line' id='line_1_59' title="bbox 1821 2926 3427 2999; baseline -0.004 -14"><span class='ocrx_word' id='word_1_441' title='bbox 1821 2932 1953 2985; x_wconf 89' lang='lat' dir='ltr'><strong><em>alias</em></strong></span> <span class='ocrx_word' id='word_1_442' title='bbox 2004 2931 2210 2983; x_wconf 74' lang='lat' dir='ltr'><strong><em>virtutes</em></strong></span> <span class='ocrx_word' id='word_1_443' title='bbox 2252 2945 2411 2999; x_wconf 88' lang='lat' dir='ltr'><strong><em>neque</em></strong></span> <span class='ocrx_word' id='word_1_444' title='bbox 2452 2928 2773 2996; x_wconf 82' lang='lat' dir='ltr'><strong><em>imprudens,</em></strong></span> <span class='ocrx_word' id='word_1_445' title='bbox 2807 2944 2966 2998; x_wconf 89' lang='lat' dir='ltr'><strong><em>neque</em></strong></span> <span class='ocrx_word' id='word_1_446' title='bbox 2994 2926 3150 2981; x_wconf 86' lang='lat' dir='ltr'><strong><em>iners.</em></strong></span> <span class='ocrx_word' id='word_1_447' title='bbox 3197 2926 3427 2994; x_wconf 80' lang='lat' dir='ltr'><strong><em>Cumque</em></strong></span> 
     </span>
    </p>
   </div>
   <div class='ocr_carea' id='block_1_60' title="bbox 1819 3017 3424 3093">
    <p class='ocr_par' dir='ltr' id='par_1_60' title="bbox 1819 3017 3424 3093">
     <span class='ocr_line' id='line_1_60' title="bbox 1819 3017 3424 3093; baseline -0.002 -16"><span class='ocrx_word' id='word_1_448' title='bbox 1819 3023 1871 3078; x_wconf 83' lang='lat' dir='ltr'><strong><em>in</em></strong></span> <span class='ocrx_word' id='word_1_449' title='bbox 1908 3022 2123 3076; x_wconf 87' lang='lat' dir='ltr'><strong><em>Niceam</em></strong></span> <span class='ocrx_word' id='word_1_450' title='bbox 2156 3021 2413 3093; x_wconf 79' lang='lat' dir='ltr'><strong><em>Bithynia:</em></strong></span> <span class='ocrx_word' id='word_1_451' title='bbox 2442 3022 2655 3075; x_wconf 80' lang='lat' dir='ltr'><strong><em>venisset</em></strong></span> <span class='ocrx_word' id='word_1_452' title='bbox 2687 3022 2965 3085; x_wconf 74' lang='lat' dir='ltr'><strong><em>exercitus,</em></strong></span> <span class='ocrx_word' id='word_1_453' title='bbox 3008 3017 3424 3073; x_wconf 80' lang='lat' dir='ltr'><strong><em>Valentinianum</em></strong></span> 
     </span>
    </p>
   </div>
   <div class='ocr_carea' id='block_1_61' title="bbox 1821 3109 3424 3183">
    <p class='ocr_par' dir='ltr' id='par_1_61' title="bbox 1821 3109 3424 3183">
     <span class='ocr_line' id='line_1_61' title="bbox 1821 3109 3424 3183; baseline -0.001 -15"><span class='ocrx_word' id='word_1_454' title='bbox 1821 3113 2077 3168; x_wconf 86' lang='lat' dir='ltr'><strong><em>ordinavit</em></strong></span> <span class='ocrx_word' id='word_1_455' title='bbox 2127 3115 2507 3181; x_wconf 87' lang='lat' dir='ltr'><strong><em>imperatorem,</em></strong></span> <span class='ocrx_word' id='word_1_456' title='bbox 2539 3127 2569 3166; x_wconf 83' lang='lat' dir='ltr'><strong>v</strong></span> <span class='ocrx_word' id='word_1_457' title='bbox 2594 3110 2823 3166; x_wconf 87' lang='lat' dir='ltr'><strong><em>Kalend.</em></strong></span> <span class='ocrx_word' id='word_1_458' title='bbox 2869 3109 3071 3180; x_wconf 76' lang='lat' dir='ltr'><strong><em>Martii,</em></strong></span> <span class='ocrx_word' id='word_1_459' title='bbox 3096 3112 3259 3165; x_wconf 86' lang='lat' dir='ltr'><strong><em>virum</em></strong></span> <span class='ocrx_word' id='word_1_460' title='bbox 3286 3110 3424 3183; x_wconf 86' lang='lat' dir='ltr'><strong><em>opti-</em></strong></span> 
     </span>
    </p>
   </div>
   <div class='ocr_carea' id='block_1_62' title="bbox 157 3201 3002 3283">
    <p class='ocr_par' dir='ltr' id='par_1_62' title="bbox 157 3201 3002 3283">
     <span class='ocr_line' id='line_1_62' title="bbox 157 3201 3002 3283; baseline 0.002 -27"><span class='ocrx_word' id='word_1_461' title='bbox 157 3216 417 3283; x_wconf 81' lang='lat' dir='ltr'><strong><em>quacuuque</em></strong></span> <span class='ocrx_word' id='word_1_462' title='bbox 459 3208 763 3275; x_wconf 87' lang='lat' dir='ltr'><strong><em>memoravi,</em></strong></span> <span class='ocrx_word' id='word_1_463' title='bbox 795 3210 986 3277; x_wconf 76' lang='lat' dir='ltr'><strong><em>factum</em></strong></span> <span class='ocrx_word' id='word_1_464' title='bbox 1012 3217 1105 3262; x_wconf 88' lang='lat' dir='ltr'><strong><em>est.</em></strong></span> <span class='ocrx_word' id='word_1_465' title='bbox 1146 3206 1282 3261; x_wconf 85' lang='lat' dir='ltr'><strong><em>Nam</em></strong></span> <span class='ocrx_word' id='word_1_466' title='bbox 1306 3220 1348 3263; x_wconf 86' lang='lat' dir='ltr'><strong><em>et</em></strong></span> <span class='ocrx_word' id='word_1_467' title='bbox 1374 3207 1712 3281; x_wconf 86' lang='lat' dir='ltr'><strong><em>Samnitibus,</em></strong></span> <span class='ocrx_word' id='word_1_468' title='bbox 1744 3201 1790 3266; x_wconf 87' lang='lat' dir='ltr'><strong><em>C</em></strong></span> <span class='ocrx_word' id='word_1_469' title='bbox 1820 3226 1979 3265; x_wconf 75' lang='lat' dir='ltr'><strong><em>munt.</em></strong></span> <span class='ocrx_word' id='word_1_470' title='bbox 2008 3218 2053 3263; x_wconf 87' lang='lat' dir='ltr'><strong><em>et</em></strong></span> <span class='ocrx_word' id='word_1_471' title='bbox 2090 3208 2236 3279; x_wconf 88' lang='lat' dir='ltr'><strong><em>apice</em></strong></span> <span class='ocrx_word' id='word_1_472' title='bbox 2264 3207 2539 3277; x_wconf 82' lang='lat' dir='ltr'><strong><em>principali</em></strong></span> <span class='ocrx_word' id='word_1_473' title='bbox 2569 3205 2923 3275; x_wconf 88' lang='lat' dir='ltr'><strong><em>dignissimum</em></strong></span> <span class='ocrx_word' id='word_1_474' title='bbox 2955 3214 3002 3261; x_wconf 75' lang='grc' dir='ltr'><strong><em>ε.</em></strong></span> 
     </span>
    </p>
   </div>
   <div class='ocr_carea' id='block_1_63' title="bbox 211 3337 1328 3410">
    <p class='ocr_par' dir='ltr' id='par_1_63' title="bbox 211 3337 1328 3410">
     <span class='ocr_line' id='line_1_63' title="bbox 211 3337 1328 3410; baseline 0.005 -17"><span class='ocrx_word' id='word_1_475' title='bbox 211 3337 336 3410; x_wconf 81' lang='lat' dir='ltr'><strong><em>_‘A.,</em></strong></span> <span class='ocrx_word' id='word_1_476' title='bbox 359 3342 715 3398; x_wconf 67' lang='lat' dir='ltr'><strong><em>exanimatum</em></strong></span> <span class='ocrx_word' id='word_1_477' title='bbox 744 3343 903 3397; x_wconf 84' lang='lat' dir='ltr'><strong><em>nimia</em></strong></span> <span class='ocrx_word' id='word_1_478' title='bbox 928 3343 1197 3410; x_wconf 84' lang='lat' dir='ltr'><strong><em>cruditate,</em></strong></span> <span class='ocrx_word' id='word_1_479' title='bbox 1223 3353 1328 3400; x_wconf 82' lang='lat' dir='ltr'><strong><em>etc.</em></strong></span> 
     </span>
    </p>
   </div>
   <div class='ocr_carea' id='block_1_64' title="bbox 209 3406 608 3475">
    <p class='ocr_par' dir='ltr' id='par_1_64' title="bbox 209 3406 608 3475">
     <span class='ocr_line' id='line_1_64' title="bbox 209 3406 608 3475; baseline 0.01 -11"><span class='ocrx_word' id='word_1_480' title='bbox 209 3406 230 3446; x_wconf 72' lang='grc' dir='ltr'>δ</span> <span class='ocrx_word' id='word_1_481' title='bbox 255 3416 333 3475; x_wconf 82' lang='grc' dir='ltr'><strong><em>Α..</em></strong></span> <span class='ocrx_word' id='word_1_482' title='bbox 360 3429 441 3467; x_wconf 73' lang='lat' dir='ltr'><strong><em>xxv</em></strong></span> <span class='ocrx_word' id='word_1_483' title='bbox 474 3412 608 3468; x_wconf 85' lang='lat' dir='ltr'><strong><em>Kal.</em></strong></span> 
     </span>
    </p>
   </div>
   <div class='ocr_carea' id='block_1_65' title="bbox 208 3482 1184 3556">
    <p class='ocr_par' dir='ltr' id='par_1_65' title="bbox 208 3482 1184 3556">
     <span class='ocr_line' id='line_1_65' title="bbox 208 3482 1184 3556; baseline 0.003 -20"><span class='ocrx_word' id='word_1_484' title='bbox 208 3482 333 3556; x_wconf 64' lang='lat' dir='ltr'><strong><em>fA.,</em></strong></span> <span class='ocrx_word' id='word_1_485' title='bbox 357 3482 657 3537; x_wconf 78' lang='lat' dir='ltr'><strong><em>Jovianunt.</em></strong></span> <span class='ocrx_word' id='word_1_486' title='bbox 698 3485 789 3537; x_wconf 83' lang='lat' dir='ltr'><strong><em>llic</em></strong></span> <span class='ocrx_word' id='word_1_487' title='bbox 819 3485 1047 3556; x_wconf 75' lang='lat' dir='ltr'><strong><em>insignis,</em></strong></span> <span class='ocrx_word' id='word_1_488' title='bbox 1082 3499 1184 3539; x_wconf 82' lang='lat' dir='ltr'><strong><em>etc.</em></strong></span> 
     </span>
    </p>
   </div>
   <div class='ocr_carea' id='block_1_66' title="bbox 205 3548 1711 3627">
    <p class='ocr_par' dir='ltr' id='par_1_66' title="bbox 205 3548 1711 3627">
     <span class='ocr_line' id='line_1_66' title="bbox 205 3548 1711 3627; baseline 0.005 -21"><span class='ocrx_word' id='word_1_489' title='bbox 205 3548 226 3587; x_wconf 71' lang='grc' dir='ltr'>ά</span> <span class='ocrx_word' id='word_1_490' title='bbox 252 3559 339 3609; x_wconf 81' lang='lat' dir='ltr'><strong><em>A.:</em></strong></span> <span class='ocrx_word' id='word_1_491' title='bbox 367 3556 649 3609; x_wconf 84' lang='lat' dir='ltr'><strong><em>Studiosus</em></strong></span> <span class='ocrx_word' id='word_1_492' title='bbox 675 3557 742 3609; x_wconf 91' lang='lat' dir='ltr'><strong><em>ad</em></strong></span> <span class='ocrx_word' id='word_1_493' title='bbox 781 3548 1108 3610; x_wconf 70' lang='lat' dir='ltr'><strong><em>obtinendum</em></strong></span> <span class='ocrx_word' id='word_1_494' title='bbox 1139 3559 1429 3627; x_wconf 79' lang='lat' dir='ltr'><strong><em>imperium,</em></strong></span> <span class='ocrx_word' id='word_1_495' title='bbox 1462 3574 1711 3614; x_wconf 84' lang='lat' dir='ltr'><strong><em>consensu</em></strong></span> 
     </span>
    </p>
   </div>
   <div class='ocr_carea' id='block_1_67' title="bbox 150 3626 1710 3699">
    <p class='ocr_par' dir='ltr' id='par_1_67' title="bbox 150 3626 1710 3699">
     <span class='ocr_line' id='line_1_67' title="bbox 150 3626 1710 3699; baseline 0.007 -24"><span class='ocrx_word' id='word_1_496' title='bbox 150 3626 358 3680; x_wconf 54' lang='lat' dir='ltr'><strong><em>territus</em></strong></span> <span class='ocrx_word' id='word_1_497' title='bbox 407 3632 571 3680; x_wconf 82' lang='lat' dir='ltr'><strong><em>lectus</em></strong></span> <span class='ocrx_word' id='word_1_498' title='bbox 628 3640 718 3680; x_wconf 85' lang='lat' dir='ltr'><strong><em>est.</em></strong></span> <span class='ocrx_word' id='word_1_499' title='bbox 770 3626 1223 3682; x_wconf 65' lang='lat' dir='ltr'><strong><em>Commenduione</em></strong></span> <span class='ocrx_word' id='word_1_500' title='bbox 1262 3630 1421 3699; x_wconf 70' lang='lat' dir='ltr'><strong><em>parris</em></strong></span> <span class='ocrx_word' id='word_1_501' title='bbox 1470 3632 1710 3687; x_wconf 80' lang='lat' dir='ltr'><strong><em>militibus</em></strong></span> 
     </span>
    </p>
   </div>
   <div class='ocr_carea' id='block_1_68' title="bbox 149 3700 1707 3771">
    <p class='ocr_par' dir='ltr' id='par_1_68' title="bbox 149 3700 1707 3771">
     <span class='ocr_line' id='line_1_68' title="bbox 149 3700 1707 3771; baseline 0.006 -24"><span class='ocrx_word' id='word_1_502' title='bbox 149 3707 274 3771; x_wconf 78' lang='lat' dir='ltr'><strong><em>quam</em></strong></span> <span class='ocrx_word' id='word_1_503' title='bbox 304 3714 391 3751; x_wconf 81' lang='lat' dir='ltr'><strong><em>sua</em></strong></span> <span class='ocrx_word' id='word_1_504' title='bbox 420 3700 615 3761; x_wconf 80' lang='lat' dir='ltr'><strong><em>notior,</em></strong></span> <span class='ocrx_word' id='word_1_505' title='bbox 649 3703 733 3766; x_wconf 89' lang='lat' dir='ltr'><strong><em>qui</em></strong></span> <span class='ocrx_word' id='word_1_506' title='bbox 751 3700 865 3769; x_wconf 84' lang='lat' dir='ltr'><strong><em>jam</em></strong></span> <span class='ocrx_word' id='word_1_507' title='bbox 897 3701 1102 3757; x_wconf 79' lang='lat' dir='ltr'><strong><em>turbatis</em></strong></span> <span class='ocrx_word' id='word_1_508' title='bbox 1128 3703 1295 3765; x_wconf 82' lang='lat' dir='ltr'><strong><em>rebus,</em></strong></span> <span class='ocrx_word' id='word_1_509' title='bbox 1324 3702 1547 3755; x_wconf 71' lang='lat' dir='ltr'><strong><em>exercitu</em></strong></span> <span class='ocrx_word' id='word_1_510' title='bbox 1578 3720 1707 3771; x_wconf 84' lang='lat' dir='ltr'><strong><em>quo-</em></strong></span> 
     </span>
    </p>
   </div>
   <div class='ocr_carea' id='block_1_69' title="bbox 149 3768 1708 3839">
    <p class='ocr_par' dir='ltr' id='par_1_69' title="bbox 149 3768 1708 3839">
     <span class='ocr_line' id='line_1_69' title="bbox 149 3768 1708 3839; baseline 0.007 -22"><span class='ocrx_word' id='word_1_511' title='bbox 149 3778 222 3839; x_wconf 75' lang='lat' dir='ltr'><strong><em>que</em></strong></span> <span class='ocrx_word' id='word_1_512' title='bbox 254 3768 410 3837; x_wconf 84' lang='lat' dir='ltr'><strong><em>inapia</em></strong></span> <span class='ocrx_word' id='word_1_513' title='bbox 444 3772 734 3832; x_wconf 87' lang='lat' dir='ltr'><strong><em>laborante,</em></strong></span> <span class='ocrx_word' id='word_1_514' title='bbox 767 3788 865 3821; x_wconf 79' lang='lat' dir='ltr'><strong><em>uno</em></strong></span> <span class='ocrx_word' id='word_1_515' title='bbox 893 3788 923 3822; x_wconf 93' lang='lat' dir='ltr'><strong><em>a</em></strong></span> <span class='ocrx_word' id='word_1_516' title='bbox 954 3771 1123 3823; x_wconf 84' lang='lat' dir='ltr'><strong><em>I’ersis</em></strong></span> <span class='ocrx_word' id='word_1_517' title='bbox 1167 3782 1315 3839; x_wconf 90' lang='lat' dir='ltr'><strong><em>atque</em></strong></span> <span class='ocrx_word' id='word_1_518' title='bbox 1341 3774 1500 3825; x_wconf 89' lang='lat' dir='ltr'><strong><em>altero</em></strong></span> <span class='ocrx_word' id='word_1_519' title='bbox 1531 3768 1708 3838; x_wconf 65' lang='lat' dir='ltr'><strong><em>pririio</em></strong></span> 
     </span>
    </p>
   </div>
   <div class='ocr_carea' id='block_1_70' title="bbox 149 3836 1707 3911">
    <p class='ocr_par' dir='ltr' id='par_1_70' title="bbox 149 3836 1707 3911">
     <span class='ocr_line' id='line_1_70' title="bbox 149 3836 1707 3911; baseline 0.006 -23"><span class='ocrx_word' id='word_1_520' title='bbox 149 3836 297 3911; x_wconf 65' lang='lat' dir='ltr'><strong><em>victus,</em></strong></span> <span class='ocrx_word' id='word_1_521' title='bbox 336 3836 505 3907; x_wconf 83' lang='lat' dir='ltr'><strong><em>pacem</em></strong></span> <span class='ocrx_word' id='word_1_522' title='bbox 558 3857 678 3894; x_wconf 89' lang='lat' dir='ltr'><strong><em>cum</em></strong></span> <span class='ocrx_word' id='word_1_523' title='bbox 729 3840 928 3909; x_wconf 87' lang='lat' dir='ltr'><strong><em>Sapore</em></strong></span> <span class='ocrx_word' id='word_1_524' title='bbox 976 3836 1311 3895; x_wconf 82' lang='lat' dir='ltr'><strong><em>necessariam</em></strong></span> <span class='ocrx_word' id='word_1_525' title='bbox 1357 3836 1580 3911; x_wconf 85' lang='lat' dir='ltr'><strong><em>quidem,</em></strong></span> <span class='ocrx_word' id='word_1_526' title='bbox 1618 3844 1707 3898; x_wconf 87' lang='lat' dir='ltr'><strong><em>sed</em></strong></span> 
     </span>
    </p>
   </div>
   <div class='ocr_carea' id='block_1_71' title="bbox 148 3905 1706 3984">
    <p class='ocr_par' dir='ltr' id='par_1_71' title="bbox 148 3905 1706 3984">
     <span class='ocr_line' id='line_1_71' title="bbox 148 3905 1706 3984; baseline 0.004 -23"><span class='ocrx_word' id='word_1_527' title='bbox 148 3905 379 3984; x_wconf 66' lang='lat' dir='ltr'><strong><em>ignobilem</em></strong></span> <span class='ocrx_word' id='word_1_528' title='bbox 403 3953 417 3977; x_wconf 86' lang='lat'><strong><em>,</em></strong></span> <span class='ocrx_word' id='word_1_529' title='bbox 452 3914 571 3983; x_wconf 83' lang='lat' dir='ltr'><strong><em>fecit</em></strong></span> <span class='ocrx_word' id='word_1_530' title='bbox 602 3953 617 3974; x_wconf 93' lang='lat'><strong><em>,</em></strong></span> <span class='ocrx_word' id='word_1_531' title='bbox 648 3905 892 3965; x_wconf 83' lang='lat' dir='ltr'><strong><em>multatus</em></strong></span> <span class='ocrx_word' id='word_1_532' title='bbox 941 3914 1129 3980; x_wconf 82' lang='lat' dir='ltr'><strong><em>ﬁnibus</em></strong></span> <span class='ocrx_word' id='word_1_533' title='bbox 1152 3957 1167 3982; x_wconf 83' lang='lat'><strong><em>,</em></strong></span> <span class='ocrx_word' id='word_1_534' title='bbox 1197 3931 1258 3967; x_wconf 89' lang='lat' dir='ltr'><strong><em>ac</em></strong></span> <span class='ocrx_word' id='word_1_535' title='bbox 1295 3905 1541 3967; x_wconf 73' lang='lat' dir='ltr'><strong><em>nonnulla</em></strong></span> <span class='ocrx_word' id='word_1_536' title='bbox 1571 3905 1706 3984; x_wconf 81' lang='lat' dir='ltr'><strong><em>imp.</em></strong></span> 
     </span>
    </p>
   </div>
   <div class='ocr_carea' id='block_1_72' title="bbox 150 3977 1708 4052">
    <p class='ocr_par' dir='ltr' id='par_1_72' title="bbox 150 3977 1708 4052">
     <span class='ocr_line' id='line_1_72' title="bbox 150 3977 1708 4052; baseline 0.009 -23"><span class='ocrx_word' id='word_1_537' title='bbox 150 3977 273 4052; x_wconf 74' lang='lat' dir='ltr'><strong><em>liam.</em></strong></span> <span class='ocrx_word' id='word_1_538' title='bbox 301 3977 684 4051; x_wconf 38' lang='lat' dir='ltr'><strong><em>parte-tradita,</em></strong></span> <span class='ocrx_word' id='word_1_539' title='bbox 714 3986 851 4052; x_wconf 83' lang='lat' dir='ltr'><strong><em>quod</em></strong></span> <span class='ocrx_word' id='word_1_540' title='bbox 882 3977 996 4037; x_wconf 79' lang='lat' dir='ltr'><strong><em>ante</em></strong></span> <span class='ocrx_word' id='word_1_541' title='bbox 1024 4002 1137 4037; x_wconf 86' lang='lat' dir='ltr'><strong><em>eum</em></strong></span> <span class='ocrx_word' id='word_1_542' title='bbox 1156 3977 1327 4038; x_wconf 48' lang='lat' dir='ltr'><strong><em>&#39;annis</em></strong></span> <span class='ocrx_word' id='word_1_543' title='bbox 1358 3994 1635 4041; x_wconf 87' lang='lat' dir='ltr'><strong><em>trecentum</em></strong></span> <span class='ocrx_word' id='word_1_544' title='bbox 1655 3977 1708 4043; x_wconf 75' lang='lat' dir='ltr'><strong><em>et</em></strong></span> 
     </span>
    </p>
   </div>
   <div class='ocr_carea' id='block_1_73' title="bbox 150 4049 1707 4125">
    <p class='ocr_par' dir='ltr' id='par_1_73' title="bbox 150 4049 1707 4125">
     <span class='ocr_line' id='line_1_73' title="bbox 150 4049 1707 4125; baseline 0.01 -28"><span class='ocrx_word' id='word_1_545' title='bbox 150 4049 313 4105; x_wconf 82' lang='lat' dir='ltr'><strong><em>duobus</em></strong></span> <span class='ocrx_word' id='word_1_546' title='bbox 357 4056 414 4107; x_wconf 88' lang='lat' dir='ltr'><strong><em>de</em></strong></span> <span class='ocrx_word' id='word_1_547' title='bbox 462 4055 647 4125; x_wconf 80' lang='lat' dir='ltr'><strong><em>viginti</em></strong></span> <span class='ocrx_word' id='word_1_548' title='bbox 691 4049 816 4122; x_wconf 73' lang='lat' dir='ltr'><strong><em>fere,</em></strong></span> <span class='ocrx_word' id='word_1_549' title='bbox 847 4072 907 4108; x_wconf 76' lang='lat' dir='ltr'><strong><em>ea:</em></strong></span> <span class='ocrx_word' id='word_1_550' title='bbox 949 4072 1048 4122; x_wconf 89' lang='lat' dir='ltr'><strong><em>quo</em></strong></span> <span class='ocrx_word' id='word_1_551' title='bbox 1102 4054 1251 4110; x_wconf 79' lang='lat' dir='ltr'><strong><em>Rom.</em></strong></span> <span class='ocrx_word' id='word_1_552' title='bbox 1286 4059 1408 4121; x_wconf 87' lang='lat' dir='ltr'><strong><em>imp.</em></strong></span> <span class='ocrx_word' id='word_1_553' title='bbox 1444 4059 1707 4113; x_wconf 83' lang='lat' dir='ltr'><strong><em>conditum</em></strong></span> 
     </span>
    </p>
   </div>
   <div class='ocr_carea' id='block_1_74' title="bbox 149 4126 1708 4196">
    <p class='ocr_par' dir='ltr' id='par_1_74' title="bbox 149 4126 1708 4196">
     <span class='ocr_line' id='line_1_74' title="bbox 149 4126 1708 4196; baseline 0.008 -27"><span class='ocrx_word' id='word_1_554' title='bbox 149 4132 251 4183; x_wconf 78' lang='lat' dir='ltr'><strong><em>erat,</em></strong></span> <span class='ocrx_word' id='word_1_555' title='bbox 268 4140 520 4193; x_wconf 81' lang='lat' dir='ltr'><strong><em>nunquam</em></strong></span> <span class='ocrx_word' id='word_1_556' title='bbox 538 4126 730 4178; x_wconf 81' lang='lat' dir='ltr'><strong><em>accidit</em></strong></span> <span class='ocrx_word' id='word_1_557' title='bbox 748 4142 765 4188; x_wconf 86' lang='lat'><strong>;</strong></span> <span class='ocrx_word' id='word_1_558' title='bbox 782 4127 901 4195; x_wconf 88' lang='lat' dir='ltr'><strong><em>quin</em></strong></span> <span class='ocrx_word' id='word_1_559' title='bbox 924 4129 1075 4179; x_wconf 88' lang='lat' dir='ltr'><strong><em>etiam</em></strong></span> <span class='ocrx_word' id='word_1_560' title='bbox 1100 4127 1317 4196; x_wconf 83' lang='lat' dir='ltr'><strong><em>legiones</em></strong></span> <span class='ocrx_word' id='word_1_561' title='bbox 1336 4140 1542 4185; x_wconf 64' lang='lat' dir='ltr'><strong><em>nostra}.</em></strong></span> <span class='ocrx_word' id='word_1_562' title='bbox 1571 4141 1614 4181; x_wconf 89' lang='lat' dir='ltr'><strong><em>et</em></strong></span> <span class='ocrx_word' id='word_1_563' title='bbox 1635 4130 1708 4183; x_wconf 90' lang='lat' dir='ltr'><strong><em>ita</em></strong></span> 
     </span>
    </p>
   </div>
   <div class='ocr_carea' id='block_1_75' title="bbox 148 4196 1708 4269">
    <p class='ocr_par' dir='ltr' id='par_1_75' title="bbox 148 4196 1708 4269">
     <span class='ocr_line' id='line_1_75' title="bbox 148 4196 1708 4269; baseline 0.004 -21"><span class='ocrx_word' id='word_1_564' title='bbox 148 4198 258 4269; x_wconf 63' lang='lat' dir='ltr'><strong><em>quid</em></strong></span> <span class='ocrx_word' id='word_1_565' title='bbox 283 4196 551 4269; x_wconf 57' lang='lat' dir='ltr'><strong><em>Samnium</em></strong></span> <span class='ocrx_word' id='word_1_566' title='bbox 584 4213 669 4265; x_wconf 90' lang='lat' dir='ltr'><strong><em>per</em></strong></span> <span class='ocrx_word' id='word_1_567' title='bbox 708 4196 948 4269; x_wconf 75' lang='lat' dir='ltr'><strong><em>Pontium</em></strong></span> <span class='ocrx_word' id='word_1_568' title='bbox 990 4198 1338 4261; x_wconf 83' lang='lat' dir='ltr'><strong><em>’l&#39;helesinum,</em></strong></span> <span class='ocrx_word' id='word_1_569' title='bbox 1371 4210 1415 4252; x_wconf 88' lang='lat' dir='ltr'><strong><em>et</em></strong></span> <span class='ocrx_word' id='word_1_570' title='bbox 1454 4199 1708 4269; x_wconf 82' lang='lat' dir='ltr'><strong><em>Hispania</em></strong></span> 
     </span>
    </p>
   </div>
   <div class='ocr_carea' id='block_1_76' title="bbox 147 4266 1708 4341">
    <p class='ocr_par' dir='ltr' id='par_1_76' title="bbox 147 4266 1708 4341">
     <span class='ocr_line' id='line_1_76' title="bbox 147 4266 1708 4341; baseline 0.005 -22"><span class='ocrx_word' id='word_1_571' title='bbox 147 4267 259 4328; x_wconf 66' lang='lat' dir='ltr'><strong><em>apud</em></strong></span> <span class='ocrx_word' id='word_1_572' title='bbox 296 4266 640 4325; x_wconf 78' lang='lat' dir='ltr'><strong><em>Numantiam</em></strong></span> <span class='ocrx_word' id='word_1_573' title='bbox 662 4310 676 4332; x_wconf 86' lang='lat'><strong><em>,</em></strong></span> <span class='ocrx_word' id='word_1_574' title='bbox 706 4278 753 4323; x_wconf 87' lang='lat' dir='ltr'><strong><em>et</em></strong></span> <span class='ocrx_word' id='word_1_575' title='bbox 790 4270 843 4322; x_wconf 86' lang='lat' dir='ltr'><strong><em>iu</em></strong></span> <span class='ocrx_word' id='word_1_576' title='bbox 886 4268 1159 4333; x_wconf 84' lang='lat' dir='ltr'><strong><em>Numidia,</em></strong></span> <span class='ocrx_word' id='word_1_577' title='bbox 1194 4274 1286 4324; x_wconf 89' lang='lat' dir='ltr'><strong><em>sub</em></strong></span> <span class='ocrx_word' id='word_1_578' title='bbox 1315 4272 1502 4341; x_wconf 85' lang='lat' dir='ltr'><strong><em>jngum</em></strong></span> <span class='ocrx_word' id='word_1_579' title='bbox 1541 4266 1708 4328; x_wconf 76' lang='lat' dir='ltr'><strong><em>inissa:</em></strong></span> 
     </span>
    </p>
   </div>
   <div class='ocr_carea' id='block_1_77' title="bbox 145 4341 1704 4410">
    <p class='ocr_par' dir='ltr' id='par_1_77' title="bbox 145 4341 1704 4410">
     <span class='ocr_line' id='line_1_77' title="bbox 145 4341 1704 4410; baseline 0.003 -17"><span class='ocrx_word' id='word_1_580' title='bbox 145 4345 257 4410; x_wconf 60' lang='lat' dir='ltr'><strong><em>tum,</em></strong></span> <span class='ocrx_word' id='word_1_581' title='bbox 283 4348 332 4391; x_wconf 91' lang='lat' dir='ltr'><strong><em>ut</em></strong></span> <span class='ocrx_word' id='word_1_582' title='bbox 355 4342 482 4395; x_wconf 86' lang='lat' dir='ltr'><strong><em>nihil</em></strong></span> <span class='ocrx_word' id='word_1_583' title='bbox 513 4351 681 4393; x_wconf 89' lang='lat' dir='ltr'><strong><em>tamen</em></strong></span> <span class='ocrx_word' id='word_1_584' title='bbox 706 4341 886 4406; x_wconf 82' lang='lat' dir='ltr'><strong><em>ﬁnium</em></strong></span> <span class='ocrx_word' id='word_1_585' title='bbox 918 4342 1242 4408; x_wconf 87' lang='lat' dir='ltr'><strong><em>traderetur;</em></strong></span> <span class='ocrx_word' id='word_1_586' title='bbox 1272 4359 1330 4396; x_wconf 86' lang='lat' dir='ltr'><strong><em>ea</em></strong></span> <span class='ocrx_word' id='word_1_587' title='bbox 1362 4344 1500 4410; x_wconf 85' lang='lat' dir='ltr'><strong><em>pacis</em></strong></span> <span class='ocrx_word' id='word_1_588' title='bbox 1528 4343 1704 4398; x_wconf 88' lang='lat' dir='ltr'><strong><em>condi-</em></strong></span> 
     </span>
    </p>
   </div>
   <div class='ocr_carea' id='block_1_78' title="bbox 148 4404 1708 4481">
    <p class='ocr_par' dir='ltr' id='par_1_78' title="bbox 148 4404 1708 4481">
     <span class='ocr_line' id='line_1_78' title="bbox 148 4404 1708 4481; baseline 0.009 -28"><span class='ocrx_word' id='word_1_589' title='bbox 148 4404 200 4455; x_wconf 86' lang='lat' dir='ltr'><strong><em>lio</em></strong></span> <span class='ocrx_word' id='word_1_590' title='bbox 226 4424 313 4461; x_wconf 91' lang='lat' dir='ltr'><strong><em>non</em></strong></span> <span class='ocrx_word' id='word_1_591' title='bbox 341 4415 542 4480; x_wconf 87' lang='lat' dir='ltr'><strong><em>penitus</em></strong></span> <span class='ocrx_word' id='word_1_592' title='bbox 574 4404 991 4478; x_wconf 80' lang='lat' dir='ltr'><strong><em>reprehendenda</em></strong></span> <span class='ocrx_word' id='word_1_593' title='bbox 1022 4413 1174 4481; x_wconf 80' lang='lat' dir='ltr'><strong><em>foret,</em></strong></span> <span class='ocrx_word' id='word_1_594' title='bbox 1195 4404 1239 4466; x_wconf 83' lang='lat' dir='ltr'><strong><em>si</em></strong></span> <span class='ocrx_word' id='word_1_595' title='bbox 1262 4404 1463 4481; x_wconf 69' lang='lat' dir='ltr'><strong><em>{sederis</em></strong></span> <span class='ocrx_word' id='word_1_596' title='bbox 1492 4415 1708 4469; x_wconf 73' lang='lat' dir='ltr'><strong><em>nrcessi-</em></strong></span> 
     </span>
    </p>
   </div>
   <div class='ocr_carea' id='block_1_79' title="bbox 147 4482 1705 4553">
    <p class='ocr_par' dir='ltr' id='par_1_79' title="bbox 147 4482 1705 4553">
     <span class='ocr_line' id='line_1_79' title="bbox 147 4482 1705 4553; baseline 0.01 -27"><span class='ocrx_word' id='word_1_597' title='bbox 147 4482 267 4553; x_wconf 65' lang='lat' dir='ltr'><strong><em>tstetn</em></strong></span> <span class='ocrx_word' id='word_1_598' title='bbox 292 4490 394 4535; x_wconf 85' lang='lat' dir='ltr'><strong><em>tum</em></strong></span> <span class='ocrx_word' id='word_1_599' title='bbox 424 4499 541 4536; x_wconf 89' lang='lat' dir='ltr'><strong><em>cum</em></strong></span> <span class='ocrx_word' id='word_1_600' title='bbox 586 4485 843 4553; x_wconf 86' lang='lat' dir='ltr'><strong><em>integrum</em></strong></span> <span class='ocrx_word' id='word_1_601' title='bbox 879 4486 975 4553; x_wconf 82' lang='lat' dir='ltr'><strong><em>fuit</em></strong></span> <span class='ocrx_word' id='word_1_602' title='bbox 1010 4494 1211 4538; x_wconf 79' lang='lat' dir='ltr'><strong><em>mutare</em></strong></span> <span class='ocrx_word' id='word_1_603' title='bbox 1234 4486 1491 4551; x_wconf 71' lang='lat' dir='ltr'><strong><em>voluisset,</em></strong></span> <span class='ocrx_word' id='word_1_604' title='bbox 1520 4487 1644 4539; x_wconf 73' lang='lat' dir='ltr'><strong><em>sicut</em></strong></span> <span class='ocrx_word' id='word_1_605' title='bbox 1673 4504 1705 4541; x_wconf 75' lang='grc' dir='ltr'>α</span> 
     </span>
    </p>
   </div>
   <div class='ocr_carea' id='block_1_80' title="bbox 146 4543 1703 4629">
    <p class='ocr_par' dir='ltr' id='par_1_80' title="bbox 146 4543 1703 4629">
     <span class='ocr_line' id='line_1_80' title="bbox 146 4543 1703 4629; baseline 0.01 -31"><span class='ocrx_word' id='word_1_606' title='bbox 146 4543 358 4629; x_wconf 77' lang='lat' dir='ltr'><strong><em>liontanis</em></strong></span> <span class='ocrx_word' id='word_1_607' title='bbox 395 4543 749 4629; x_wconf 46' lang='lat' dir='ltr'><strong><em>clunibusjiis</em></strong></span> <span class='ocrx_word' id='word_1_608' title='bbox 788 4543 932 4611; x_wconf 80' lang='lat' dir='ltr'><strong><em>bellis</em></strong></span> <span class='ocrx_word' id='word_1_609' title='bbox 969 4572 1280 4629; x_wconf 71' lang='lat' dir='ltr'><strong><em>quwcunque</em></strong></span> <span class='ocrx_word' id='word_1_610' title='bbox 1311 4543 1582 4612; x_wconf 78' lang='lat' dir='ltr'><strong><em>memoravi</em></strong></span> <span class='ocrx_word' id='word_1_611' title='bbox 1620 4563 1703 4629; x_wconf 79' lang='lat' dir='ltr'><strong><em>fa-</em></strong></span> 
     </span>
    </p>
   </div>
   <div class='ocr_carea' id='block_1_81' title="bbox 1817 3344 3416 3417">
    <p class='ocr_par' dir='ltr' id='par_1_81' title="bbox 1817 3344 3416 3417">
     <span class='ocr_line' id='line_1_81' title="bbox 1817 3344 3416 3417; baseline -0.003 -13"><span class='ocrx_word' id='word_1_612' title='bbox 1817 3347 2008 3414; x_wconf 68' lang='lat' dir='ltr'><strong><em>llulti,</em></strong></span> <span class='ocrx_word' id='word_1_613' title='bbox 2054 3361 2193 3416; x_wconf 77' lang='lat' dir='ltr'><strong><em>etc.,</em></strong></span> <span class='ocrx_word' id='word_1_614' title='bbox 2245 3357 2303 3403; x_wconf 87' lang='lat' dir='ltr'><strong><em>ut</em></strong></span> <span class='ocrx_word' id='word_1_615' title='bbox 2353 3350 2545 3417; x_wconf 76' lang='lat' dir='ltr'><strong><em>legitur</em></strong></span> <span class='ocrx_word' id='word_1_616' title='bbox 2593 3364 2785 3417; x_wconf 75' lang='lat' dir='ltr'><strong><em>supra,</em></strong></span> <span class='ocrx_word' id='word_1_617' title='bbox 2822 3361 2991 3417; x_wconf 82' lang='lat' dir='ltr'><strong><em>usque</em></strong></span> <span class='ocrx_word' id='word_1_618' title='bbox 3026 3346 3093 3401; x_wconf 79' lang='lat' dir='ltr'><strong><em>ad</em></strong></span> <span class='ocrx_word' id='word_1_619' title='bbox 3122 3344 3284 3401; x_wconf 73' lang='lat' dir='ltr'><strong><em>verba</em></strong></span> <span class='ocrx_word' id='word_1_620' title='bbox 3334 3361 3416 3400; x_wconf 78' lang='lat' dir='ltr'><strong><em>rs-</em></strong></span> 
     </span>
    </p>
   </div>
   <div class='ocr_carea' id='block_1_82' title="bbox 1815 3417 3410 3490">
    <p class='ocr_par' dir='ltr' id='par_1_82' title="bbox 1815 3417 3410 3490">
     <span class='ocr_line' id='line_1_82' title="bbox 1815 3417 3410 3490; baseline -0.003 -13"><span class='ocrx_word' id='word_1_621' title='bbox 1815 3421 1951 3477; x_wconf 89' lang='lat' dir='ltr'><strong><em>latus</em></strong></span> <span class='ocrx_word' id='word_1_622' title='bbox 1996 3431 2099 3487; x_wconf 87' lang='lat' dir='ltr'><strong><em>est,</em></strong></span> <span class='ocrx_word' id='word_1_623' title='bbox 2142 3437 2261 3490; x_wconf 70' lang='lat' dir='ltr'><strong><em>qua:</em></strong></span> <span class='ocrx_word' id='word_1_624' title='bbox 2311 3423 2363 3476; x_wconf 90' lang='lat' dir='ltr'><strong><em>in</em></strong></span> <span class='ocrx_word' id='word_1_625' title='bbox 2410 3422 2766 3477; x_wconf 84' lang='lat' dir='ltr'><strong><em>Ambrosiauo</em></strong></span> <span class='ocrx_word' id='word_1_626' title='bbox 2806 3434 2959 3488; x_wconf 58' lang='lat' dir='ltr'><strong><em>sequ.</em></strong></span> <span class='ocrx_word' id='word_1_627' title='bbox 3006 3417 3298 3490; x_wconf 67' lang='lat' dir='ltr'><strong><em>postpmita</em></strong></span> <span class='ocrx_word' id='word_1_628' title='bbox 3331 3417 3410 3490; x_wconf 79' lang='lat' dir='ltr'><strong><em>le-</em></strong></span> 
     </span>
    </p>
   </div>
   <div class='ocr_carea' id='block_1_83' title="bbox 1815 3487 3414 3563">
    <p class='ocr_par' dir='ltr' id='par_1_83' title="bbox 1815 3487 3414 3563">
     <span class='ocr_line' id='line_1_83' title="bbox 1815 3487 3414 3563; baseline -0.001 -20"><span class='ocrx_word' id='word_1_629' title='bbox 1815 3507 2032 3563; x_wconf 68' lang='lat' dir='ltr'><strong><em>guntur,</em></strong></span> <span class='ocrx_word' id='word_1_630' title='bbox 2069 3487 2239 3559; x_wconf 71' lang='lat' dir='ltr'><strong><em>iisque</em></strong></span> <span class='ocrx_word' id='word_1_631' title='bbox 2267 3494 2443 3547; x_wconf 73' lang='lat' dir='ltr'><strong><em>slztlitn</em></strong></span> <span class='ocrx_word' id='word_1_632' title='bbox 2469 3492 2615 3545; x_wconf 81' lang='lat' dir='ltr'><strong><em>addit</em></strong></span> <span class='ocrx_word' id='word_1_633' title='bbox 2640 3510 2651 3545; x_wconf 90' lang='lat'>:</span> <span class='ocrx_word' id='word_1_634' title='bbox 2684 3491 2817 3549; x_wconf 78' lang='lat' dir='ltr'><strong><em>Nam</em></strong></span> <span class='ocrx_word' id='word_1_635' title='bbox 2845 3487 2895 3563; x_wconf 73' lang='lat' dir='ltr'><strong><em>et</em></strong></span> <span class='ocrx_word' id='word_1_636' title='bbox 2915 3487 3153 3542; x_wconf 88' lang='lat' dir='ltr'><strong><em>civilitate</em></strong></span> <span class='ocrx_word' id='word_1_637' title='bbox 3179 3488 3414 3563; x_wconf 74' lang='lat' dir='ltr'><strong><em>propria,</em></strong></span> 
     </span>
    </p>
   </div>
   <div class='ocr_carea' id='block_1_84' title="bbox 1812 3559 3417 3627">
    <p class='ocr_par' dir='ltr' id='par_1_84' title="bbox 1812 3559 3417 3627">
     <span class='ocr_line' id='line_1_84' title="bbox 1812 3559 3417 3627; baseline -0.002 -8"><span class='ocrx_word' id='word_1_638' title='bbox 1812 3559 1860 3619; x_wconf 77' lang='lat' dir='ltr'><strong><em>et</em></strong></span> <span class='ocrx_word' id='word_1_639' title='bbox 1892 3577 2074 3617; x_wconf 87' lang='lat' dir='ltr'><strong><em>natura</em></strong></span> <span class='ocrx_word' id='word_1_640' title='bbox 2117 3567 2395 3617; x_wconf 85' lang='lat' dir='ltr'><strong><em>admodum</em></strong></span> <span class='ocrx_word' id='word_1_641' title='bbox 2441 3563 2668 3616; x_wconf 86' lang='lat' dir='ltr'><strong><em>liberalis</em></strong></span> <span class='ocrx_word' id='word_1_642' title='bbox 2713 3564 2832 3627; x_wconf 69' lang='lat' dir='ltr'><strong><em>fuit.</em></strong></span> <span class='ocrx_word' id='word_1_643' title='bbox 2864 3559 2918 3614; x_wconf 89' lang='lat' dir='ltr'><strong><em>ls</em></strong></span> <span class='ocrx_word' id='word_1_644' title='bbox 2962 3572 3127 3615; x_wconf 83' lang='lat' dir='ltr'><strong><em>status</em></strong></span> <span class='ocrx_word' id='word_1_645' title='bbox 3167 3570 3278 3613; x_wconf 75' lang='lat' dir='ltr'><strong><em>erat</em></strong></span> <span class='ocrx_word' id='word_1_646' title='bbox 3312 3559 3417 3615; x_wconf 77' lang='lat' dir='ltr'><strong><em>Ilo-</em></strong></span> 
     </span>
    </p>
   </div>
   <div class='ocr_carea' id='block_1_85' title="bbox 1813 3634 3411 3696">
    <p class='ocr_par' dir='ltr' id='par_1_85' title="bbox 1813 3634 3411 3696">
     <span class='ocr_line' id='line_1_85' title="bbox 1813 3634 3411 3696; baseline 0.001 -10"><span class='ocrx_word' id='word_1_647' title='bbox 1813 3651 1981 3689; x_wconf 79' lang='lat' dir='ltr'><strong><em>mana:</em></strong></span> <span class='ocrx_word' id='word_1_648' title='bbox 2026 3639 2100 3689; x_wconf 85' lang='lat' dir='ltr'><strong><em>rei</em></strong></span> <span class='ocrx_word' id='word_1_649' title='bbox 2141 3635 2361 3691; x_wconf 66' lang='lat' dir='ltr'><strong><em>Joviano</em></strong></span> <span class='ocrx_word' id='word_1_650' title='bbox 2413 3637 2587 3689; x_wconf 81' lang='lat' dir='ltr'><strong><em>eodem</em></strong></span> <span class='ocrx_word' id='word_1_651' title='bbox 2625 3645 2672 3687; x_wconf 89' lang='lat' dir='ltr'><strong><em>st</em></strong></span> <span class='ocrx_word' id='word_1_652' title='bbox 2714 3634 3042 3687; x_wconf 80' lang='lat' dir='ltr'><strong><em>Varroniano</em></strong></span> <span class='ocrx_word' id='word_1_653' title='bbox 3088 3646 3248 3696; x_wconf 87' lang='lat' dir='ltr'><strong><em>coss.,</em></strong></span> <span class='ocrx_word' id='word_1_654' title='bbox 3276 3646 3411 3688; x_wconf 76' lang='lat' dir='ltr'><strong><em>antu</em></strong></span> 
     </span>
    </p>
   </div>
   <div class='ocr_carea' id='block_1_86' title="bbox 1817 3703 3410 3776">
    <p class='ocr_par' dir='ltr' id='par_1_86' title="bbox 1817 3703 3410 3776">
     <span class='ocr_line' id='line_1_86' title="bbox 1817 3703 3410 3776; baseline -0.001 -13"><span class='ocrx_word' id='word_1_655' title='bbox 1817 3705 1884 3763; x_wconf 86' lang='lat' dir='ltr'><strong><em>U.</em></strong></span> <span class='ocrx_word' id='word_1_656' title='bbox 1916 3708 1976 3762; x_wconf 68' lang='grc' dir='ltr'><strong><em>(ἰ.</em></strong></span> <span class='ocrx_word' id='word_1_657' title='bbox 2002 3708 2023 3759; x_wconf 83' lang='grc'><strong>1</strong></span> <span class='ocrx_word' id='word_1_658' title='bbox 2046 3709 2160 3761; x_wconf 82' lang='lat' dir='ltr'><strong><em>H8.</em></strong></span> <span class='ocrx_word' id='word_1_659' title='bbox 2194 3708 2331 3772; x_wconf 80' lang='lat' dir='ltr'><strong><em>Quia</em></strong></span> <span class='ocrx_word' id='word_1_660' title='bbox 2353 3717 2522 3761; x_wconf 82' lang='lat' dir='ltr'><strong><em>autem</em></strong></span> <span class='ocrx_word' id='word_1_661' title='bbox 2548 3705 2616 3758; x_wconf 90' lang='lat' dir='ltr'><strong><em>ad</em></strong></span> <span class='ocrx_word' id='word_1_662' title='bbox 2639 3707 2854 3776; x_wconf 63' lang='lat' dir='ltr'><strong><em>inciytos</em></strong></span> <span class='ocrx_word' id='word_1_663' title='bbox 2884 3703 3136 3772; x_wconf 83' lang='lat' dir='ltr'><strong><em>principes</em></strong></span> <span class='ocrx_word' id='word_1_664' title='bbox 3166 3718 3410 3776; x_wconf 75' lang='lat' dir='ltr'><strong><em>veneran-</em></strong></span> 
     </span>
    </p>
   </div>
   <div class='ocr_carea' id='block_1_87' title="bbox 1816 3774 3411 3849">
    <p class='ocr_par' dir='ltr' id='par_1_87' title="bbox 1816 3774 3411 3849">
     <span class='ocr_line' id='line_1_87' title="bbox 1816 3774 3411 3849; baseline 0.001 -20"><span class='ocrx_word' id='word_1_665' title='bbox 1816 3779 2008 3849; x_wconf 82' lang='lat' dir='ltr'><strong><em>dosqnc</em></strong></span> <span class='ocrx_word' id='word_1_666' title='bbox 2054 3793 2345 3849; x_wconf 88' lang='lat' dir='ltr'><strong><em>perventum</em></strong></span> <span class='ocrx_word' id='word_1_667' title='bbox 2376 3790 2478 3841; x_wconf 90' lang='lat' dir='ltr'><strong><em>est,</em></strong></span> <span class='ocrx_word' id='word_1_668' title='bbox 2512 3778 2713 3830; x_wconf 87' lang='lat' dir='ltr'><strong><em>interim</em></strong></span> <span class='ocrx_word' id='word_1_669' title='bbox 2744 3774 2882 3849; x_wconf 77' lang='lat' dir='ltr'><strong><em>operi</em></strong></span> <span class='ocrx_word' id='word_1_670' title='bbox 2911 3775 3117 3827; x_wconf 87' lang='lat' dir='ltr'><strong><em>modum</em></strong></span> <span class='ocrx_word' id='word_1_671' title='bbox 3156 3774 3411 3830; x_wconf 85' lang='lat' dir='ltr'><strong><em>dabimus.</em></strong></span> 
     </span>
    </p>
   </div>
   <div class='ocr_carea' id='block_1_88' title="bbox 1818 3847 3411 3920">
    <p class='ocr_par' dir='ltr' id='par_1_88' title="bbox 1818 3847 3411 3920">
     <span class='ocr_line' id='line_1_88' title="bbox 1818 3847 3411 3920; baseline -0.002 -17"><span class='ocrx_word' id='word_1_672' title='bbox 1818 3847 1957 3903; x_wconf 83' lang='lat' dir='ltr'><strong><em>Nam</em></strong></span> <span class='ocrx_word' id='word_1_673' title='bbox 1987 3847 2180 3917; x_wconf 86' lang='lat' dir='ltr'><strong><em>reliqua</em></strong></span> <span class='ocrx_word' id='word_1_674' title='bbox 2211 3850 2343 3920; x_wconf 78' lang='lat' dir='ltr'><strong><em>sigla</em></strong></span> <span class='ocrx_word' id='word_1_675' title='bbox 2370 3849 2563 3919; x_wconf 73' lang='lat' dir='ltr'><strong><em>ntrtjore</em></strong></span> <span class='ocrx_word' id='word_1_676' title='bbox 2589 3848 2805 3920; x_wconf 88' lang='lat' dir='ltr'><strong><em>dicenda</em></strong></span> <span class='ocrx_word' id='word_1_677' title='bbox 2833 3856 2966 3909; x_wconf 85' lang='lat' dir='ltr'><strong><em>sunt,</em></strong></span> <span class='ocrx_word' id='word_1_678' title='bbox 2998 3860 3113 3920; x_wconf 62' lang='lat' dir='ltr'><strong><em>quis</em></strong></span> <span class='ocrx_word' id='word_1_679' title='bbox 3134 3862 3288 3920; x_wconf 85' lang='lat' dir='ltr'><strong><em>nunc,</em></strong></span> <span class='ocrx_word' id='word_1_680' title='bbox 3311 3862 3411 3920; x_wconf 76' lang='lat' dir='ltr'><strong><em>non</em></strong></span> 
     </span>
    </p>
   </div>
   <div class='ocr_carea' id='block_1_89' title="bbox 1814 3918 3412 3991">
    <p class='ocr_par' dir='ltr' id='par_1_89' title="bbox 1814 3918 3412 3991">
     <span class='ocr_line' id='line_1_89' title="bbox 1814 3918 3412 3991; baseline -0.001 -18"><span class='ocrx_word' id='word_1_681' title='bbox 1814 3928 1919 3973; x_wconf 86' lang='lat' dir='ltr'><strong><em>tam</em></strong></span> <span class='ocrx_word' id='word_1_682' title='bbox 1950 3918 2378 3987; x_wconf 69' lang='lat' dir='ltr'><strong><em>praztermittimus</em></strong></span> <span class='ocrx_word' id='word_1_683' title='bbox 2404 3918 2562 3991; x_wconf 87' lang='lat' dir='ltr'><strong><em>quam</em></strong></span> <span class='ocrx_word' id='word_1_684' title='bbox 2586 3919 2655 3972; x_wconf 76' lang='lat' dir='ltr'><strong><em>ad</em></strong></span> <span class='ocrx_word' id='word_1_685' title='bbox 2700 3920 2948 3989; x_wconf 72' lang='lat' dir='ltr'><strong><em>majorem</em></strong></span> <span class='ocrx_word' id='word_1_686' title='bbox 2990 3919 3245 3972; x_wconf 71' lang='lat' dir='ltr'><strong><em>scribendi</em></strong></span> <span class='ocrx_word' id='word_1_687' title='bbox 3286 3918 3412 3971; x_wconf 79' lang='lat' dir='ltr'><strong><em>stili-</em></strong></span> 
     </span>
    </p>
   </div>
   <div class='ocr_carea' id='block_1_90' title="bbox 1812 3996 2893 4063">
    <p class='ocr_par' dir='ltr' id='par_1_90' title="bbox 1812 3996 2893 4063">
     <span class='ocr_line' id='line_1_90' title="bbox 1812 3996 2893 4063; baseline -0.007 -16"><span class='ocrx_word' id='word_1_688' title='bbox 1812 3996 2040 4063; x_wconf 79' lang='lat' dir='ltr'><strong><em>gentiam</em></strong></span> <span class='ocrx_word' id='word_1_689' title='bbox 2069 4009 2401 4046; x_wconf 88' lang='lat' dir='ltr'><strong><em>reservamus.</em></strong></span> <span class='ocrx_word' id='word_1_690' title='bbox 2623 4060 2662 4063; x_wconf 87' lang='lat'><strong><em>__</em></strong></span> <span class='ocrx_word' id='word_1_691' title='bbox 2892 4028 2893 4031; x_wconf 58' lang='grc' dir='ltr'><strong>η</strong></span> 
     </span>
    </p>
   </div>
   <div class='ocr_carea' id='block_1_91' title="bbox 1894 4052 3412 4134">
    <p class='ocr_par' dir='ltr' id='par_1_91' title="bbox 1894 4052 3412 4134">
     <span class='ocr_line' id='line_1_91' title="bbox 1894 4052 3412 4134; baseline -0.005 -16"><span class='ocrx_word' id='word_1_692' title='bbox 1894 4075 1915 4102; x_wconf 74' lang='grc' dir='ltr'><strong>ο</strong></span> <span class='ocrx_word' id='word_1_693' title='bbox 1952 4065 2004 4119; x_wconf 87' lang='lat' dir='ltr'><strong><em>ltt</em></strong></span> <span class='ocrx_word' id='word_1_694' title='bbox 2041 4069 2101 4123; x_wconf 69' lang='grc' dir='ltr'><strong><em>Α.</em></strong></span> <span class='ocrx_word' id='word_1_695' title='bbox 2129 4082 2141 4117; x_wconf 89' lang='lat'><strong>:</strong></span> <span class='ocrx_word' id='word_1_696' title='bbox 2171 4064 2393 4134; x_wconf 65' lang='lat' dir='ltr'><strong><em>Esplicit</em></strong></span> <span class='ocrx_word' id='word_1_697' title='bbox 2420 4063 2506 4118; x_wconf 89' lang='lat' dir='ltr'><strong><em>lib.</em></strong></span> <span class='ocrx_word' id='word_1_698' title='bbox 2535 4079 2587 4121; x_wconf 69' lang='grc' dir='ltr'><strong><em>χ.</em></strong></span> <span class='ocrx_word' id='word_1_699' title='bbox 2615 4060 2663 4115; x_wconf 89' lang='grc' dir='ltr'><em>Η</em></span> <span class='ocrx_word' id='word_1_700' title='bbox 2674 4076 2891 4134; x_wconf 68' lang='grc' dir='ltr'><strong><em>αεαεᾳιιε</em></strong></span> <span class='ocrx_word' id='word_1_701' title='bbox 2922 4059 3186 4134; x_wconf 75' lang='lat' dir='ltr'><strong><em>historiam</em></strong></span> <span class='ocrx_word' id='word_1_702' title='bbox 3219 4052 3412 4134; x_wconf 77' lang='lat' dir='ltr'><strong><em>Eutro-</em></strong></span> 
     </span>
    </p>
   </div>
   <div class='ocr_carea' id='block_1_92' title="bbox 1811 4129 3410 4207">
    <p class='ocr_par' dir='ltr' id='par_1_92' title="bbox 1811 4129 3410 4207">
     <span class='ocr_line' id='line_1_92' title="bbox 1811 4129 3410 4207; baseline -0.003 -19"><span class='ocrx_word' id='word_1_703' title='bbox 1811 4137 1926 4207; x_wconf 84' lang='lat' dir='ltr'><strong><em>pius</em></strong></span> <span class='ocrx_word' id='word_1_704' title='bbox 1959 4129 2264 4203; x_wconf 70' lang='lat' dir='ltr'><strong><em>composuit,</em></strong></span> <span class='ocrx_word' id='word_1_705' title='bbox 2290 4137 2370 4188; x_wconf 90' lang='lat' dir='ltr'><strong><em>cui</em></strong></span> <span class='ocrx_word' id='word_1_706' title='bbox 2398 4147 2564 4207; x_wconf 84' lang='lat' dir='ltr'><strong><em>tamen</em></strong></span> <span class='ocrx_word' id='word_1_707' title='bbox 2594 4135 2767 4201; x_wconf 85' lang='lat' dir='ltr'><strong><em>aliqua</em></strong></span> <span class='ocrx_word' id='word_1_708' title='bbox 2800 4129 2993 4207; x_wconf 54' lang='lat' dir='ltr'><strong><em>lfaulus</em></strong></span> <span class='ocrx_word' id='word_1_709' title='bbox 3025 4129 3410 4207; x_wconf 57' lang='lat' dir='ltr'><strong><em>liiaconus_ad-</em></strong></span> 
     </span>
    </p>
   </div>
   <div class='ocr_carea' id='block_1_93' title="bbox 1811 4202 3408 4272">
    <p class='ocr_par' dir='ltr' id='par_1_93' title="bbox 1811 4202 3408 4272">
     <span class='ocr_line' id='line_1_93' title="bbox 1811 4202 3408 4272; baseline -0.002 -12"><span class='ocrx_word' id='word_1_710' title='bbox 1811 4202 1964 4260; x_wconf 74' lang='lat' dir='ltr'><strong><em>didit.</em></strong></span> <span class='ocrx_word' id='word_1_711' title='bbox 1994 4208 2086 4260; x_wconf 81' lang='lat' dir='ltr'><strong><em>Hic</em></strong></span> <span class='ocrx_word' id='word_1_712' title='bbox 2108 4207 2369 4267; x_wconf 84' lang='lat' dir='ltr'><strong><em>decinms,</em></strong></span> <span class='ocrx_word' id='word_1_713' title='bbox 2395 4216 2450 4259; x_wconf 83' lang='lat' dir='ltr'><strong><em>cl.</em></strong></span> <span class='ocrx_word' id='word_1_714' title='bbox 2474 4205 2692 4259; x_wconf 83' lang='lat' dir='ltr'><strong><em>ultimus</em></strong></span> <span class='ocrx_word' id='word_1_715' title='bbox 2714 4215 2794 4258; x_wconf 71' lang='lat' dir='ltr'><strong><em>est</em></strong></span> <span class='ocrx_word' id='word_1_716' title='bbox 2824 4202 3084 4272; x_wconf 64' lang='lat' dir='ltr'><strong><em>Eutrop“,</em></strong></span> <span class='ocrx_word' id='word_1_717' title='bbox 3108 4215 3243 4271; x_wconf 82' lang='lat' dir='ltr'><strong><em>quos</em></strong></span> <span class='ocrx_word' id='word_1_718' title='bbox 3273 4202 3408 4257; x_wconf 73' lang='lat' dir='ltr'><strong><em>Pall-</em></strong></span> 
     </span>
    </p>
   </div>
   <div class='ocr_carea' id='block_1_94' title="bbox 1812 4274 3408 4341">
    <p class='ocr_par' dir='ltr' id='par_1_94' title="bbox 1812 4274 3408 4341">
     <span class='ocr_line' id='line_1_94' title="bbox 1812 4274 3408 4341; baseline -0.005 -4"><span class='ocrx_word' id='word_1_719' title='bbox 1812 4278 1895 4337; x_wconf 79' lang='lat' dir='ltr'><strong><em>ius</em></strong></span> <span class='ocrx_word' id='word_1_720' title='bbox 1923 4278 2185 4333; x_wconf 75' lang='lat' dir='ltr'><strong><em>Diaconos</em></strong></span> <span class='ocrx_word' id='word_1_721' title='bbox 2208 4294 2333 4331; x_wconf 80' lang='lat' dir='ltr'><strong><em>suos</em></strong></span> <span class='ocrx_word' id='word_1_722' title='bbox 2356 4278 2497 4341; x_wconf 80' lang='lat' dir='ltr'><strong><em>fecit,</em></strong></span> <span class='ocrx_word' id='word_1_723' title='bbox 2518 4277 2711 4333; x_wconf 76' lang='lat' dir='ltr'><strong><em>additis</em></strong></span> <span class='ocrx_word' id='word_1_724' title='bbox 2739 4287 2914 4330; x_wconf 79' lang='lat' dir='ltr'><strong><em>tamen</em></strong></span> <span class='ocrx_word' id='word_1_725' title='bbox 2936 4277 3166 4330; x_wconf 70' lang='lat' dir='ltr'><strong><em>subinde</em></strong></span> <span class='ocrx_word' id='word_1_726' title='bbox 3186 4274 3408 4339; x_wconf 69' lang='lat' dir='ltr'><strong><em>quihus-</em></strong></span> 
     </span>
    </p>
   </div>
   <div class='ocr_carea' id='block_1_95' title="bbox 1810 4344 3401 4417">
    <p class='ocr_par' dir='ltr' id='par_1_95' title="bbox 1810 4344 3401 4417">
     <span class='ocr_line' id='line_1_95' title="bbox 1810 4344 3401 4417; baseline -0.001 -16"><span class='ocrx_word' id='word_1_727' title='bbox 1810 4351 1954 4405; x_wconf 81' lang='lat' dir='ltr'><strong><em>dam.</em></strong></span> <span class='ocrx_word' id='word_1_728' title='bbox 1984 4351 2034 4405; x_wconf 91' lang='lat' dir='ltr'><strong><em>In</em></strong></span> <span class='ocrx_word' id='word_1_729' title='bbox 2062 4349 2259 4404; x_wconf 81' lang='lat' dir='ltr'><strong><em>Codice</em></strong></span> <span class='ocrx_word' id='word_1_730' title='bbox 2278 4351 2373 4405; x_wconf 79' lang='lat' dir='ltr'><strong><em>bis.</em></strong></span> <span class='ocrx_word' id='word_1_731' title='bbox 2403 4347 2750 4411; x_wconf 78' lang='lat' dir='ltr'><strong><em>Hirsieldcn.,</em></strong></span> <span class='ocrx_word' id='word_1_732' title='bbox 2780 4347 2892 4400; x_wconf 65' lang='lat' dir='ltr'><strong><em>haec</em></strong></span> <span class='ocrx_word' id='word_1_733' title='bbox 2915 4358 3066 4409; x_wconf 84' lang='lat' dir='ltr'><strong><em>erant</em></strong></span> <span class='ocrx_word' id='word_1_734' title='bbox 3086 4344 3401 4417; x_wconf 74' lang='lat' dir='ltr'><strong><em>subjuncla:</em></strong></span> 
     </span>
    </p>
   </div>
   <div class='ocr_carea' id='block_1_96' title="bbox 1814 4418 3410 4491">
    <p class='ocr_par' dir='ltr' id='par_1_96' title="bbox 1814 4418 3410 4491">
     <span class='ocr_line' id='line_1_96' title="bbox 1814 4418 3410 4491; baseline -0.005 -17"><span class='ocrx_word' id='word_1_735' title='bbox 1814 4420 2099 4491; x_wconf 60' lang='lat' dir='ltr'><strong><em>ﬂavusque</em></strong></span> <span class='ocrx_word' id='word_1_736' title='bbox 2129 4422 2395 4474; x_wconf 57' lang='lat' dir='ltr'><strong><em>h‘storiam</em></strong></span> <span class='ocrx_word' id='word_1_737' title='bbox 2428 4418 2713 4489; x_wconf 84' lang='lat' dir='ltr'><strong><em>Eutropius</em></strong></span> <span class='ocrx_word' id='word_1_738' title='bbox 2747 4420 3062 4491; x_wconf 72' lang='lat' dir='ltr'><strong><em>composuit;</em></strong></span> <span class='ocrx_word' id='word_1_739' title='bbox 3094 4432 3209 4469; x_wconf 89' lang='lat' dir='ltr'><strong><em>cum</em></strong></span> <span class='ocrx_word' id='word_1_740' title='bbox 3241 4426 3410 4491; x_wconf 77' lang='lat' dir='ltr'><strong><em>tamen</em></strong></span> 
     </span>
    </p>
   </div>
   <div class='ocr_carea' id='block_1_97' title="bbox 1808 4486 3407 4560">
    <p class='ocr_par' dir='ltr' id='par_1_97' title="bbox 1808 4486 3407 4560">
     <span class='ocr_line' id='line_1_97' title="bbox 1808 4486 3407 4560; baseline -0.003 -15"><span class='ocrx_word' id='word_1_741' title='bbox 1808 4495 1986 4560; x_wconf 84' lang='lat' dir='ltr'><strong><em>aliqua</em></strong></span> <span class='ocrx_word' id='word_1_742' title='bbox 2013 4486 2209 4545; x_wconf 72' lang='lat' dir='ltr'><strong><em>Paulus</em></strong></span> <span class='ocrx_word' id='word_1_743' title='bbox 2244 4491 2505 4545; x_wconf 80' lang='lat' dir='ltr'><strong><em>Diacouus</em></strong></span> <span class='ocrx_word' id='word_1_744' title='bbox 2538 4486 2766 4553; x_wconf 83' lang='lat' dir='ltr'><strong><em>addidit,</em></strong></span> <span class='ocrx_word' id='word_1_745' title='bbox 2788 4486 3004 4558; x_wconf 83' lang='lat' dir='ltr'><strong><em>jubente</em></strong></span> <span class='ocrx_word' id='word_1_746' title='bbox 3032 4491 3223 4543; x_wconf 84' lang='lat' dir='ltr'><strong><em>damna</em></strong></span> <span class='ocrx_word' id='word_1_747' title='bbox 3263 4487 3407 4541; x_wconf 77' lang='lat' dir='ltr'><strong><em>Adii-</em></strong></span> 
     </span>
    </p>
   </div>
   <div class='ocr_carea' id='block_1_98' title="bbox 1810 4560 3407 4635">
    <p class='ocr_par' dir='ltr' id='par_1_98' title="bbox 1810 4560 3407 4635">
     <span class='ocr_line' id='line_1_98' title="bbox 1810 4560 3407 4635; baseline -0.003 -17"><span class='ocrx_word' id='word_1_748' title='bbox 1810 4582 1966 4635; x_wconf 86' lang='lat' dir='ltr'><strong><em>perga</em></strong></span> <span class='ocrx_word' id='word_1_749' title='bbox 1986 4563 2422 4617; x_wconf 81' lang='lat' dir='ltr'><strong><em>Christianissima</em></strong></span> <span class='ocrx_word' id='word_1_750' title='bbox 2441 4561 2713 4617; x_wconf 83' lang='lat' dir='ltr'><strong><em>Beneventi</em></strong></span> <span class='ocrx_word' id='word_1_751' title='bbox 2728 4564 2972 4635; x_wconf 83' lang='lat' dir='ltr'><strong><em>ductrtoe,</em></strong></span> <span class='ocrx_word' id='word_1_752' title='bbox 2992 4566 3211 4635; x_wconf 75' lang='lat' dir='ltr'><strong><em>conjuge</em></strong></span> <span class='ocrx_word' id='word_1_753' title='bbox 3229 4560 3407 4615; x_wconf 79' lang='lat' dir='ltr'><strong><em>domui</em></strong></span> 
     </span>
    </p>
   </div>
   <div class='ocr_carea' id='block_1_99' title="bbox 148 4624 3407 4715">
    <p class='ocr_par' dir='ltr' id='par_1_99' title="bbox 148 4624 3407 4715">
     <span class='ocr_line' id='line_1_99' title="bbox 148 4624 3407 4715; baseline 0.003 -37"><span class='ocrx_word' id='word_1_754' title='bbox 148 4627 255 4715; x_wconf 47' lang='lat' dir='ltr'><strong><em>illum</em></strong></span> <span class='ocrx_word' id='word_1_755' title='bbox 268 4636 365 4715; x_wconf 64' lang='lat' dir='ltr'><strong><em>est.</em></strong></span> <span class='ocrx_word' id='word_1_756' title='bbox 390 4624 536 4715; x_wconf 60' lang='lat' dir='ltr'><strong><em>aut</em></strong></span> <span class='ocrx_word' id='word_1_757' title='bbox 555 4627 967 4715; x_wconf 37' lang='lat' dir='ltr'><strong><em>etisantn‘itibus,</em></strong></span> <span class='ocrx_word' id='word_1_758' title='bbox 984 4624 1042 4683; x_wconf 83' lang='lat' dir='ltr'><strong><em>et</em></strong></span> <span class='ocrx_word' id='word_1_759' title='bbox 1072 4624 1421 4715; x_wconf 79' lang='lat' dir='ltr'><strong><em>Numantinis,</em></strong></span> <span class='ocrx_word' id='word_1_760' title='bbox 1447 4624 1708 4715; x_wconf 33' lang='lat' dir='ltr'><strong><em>etoAiuitti-n</em></strong></span> <span class='ocrx_word' id='word_1_761' title='bbox 1738 4656 1790 4715; x_wconf 74' lang='grc' dir='ltr'><strong><em>Ι)</em></strong></span> <span class='ocrx_word' id='word_1_762' title='bbox 1810 4624 2016 4691; x_wconf 53' lang='lat' dir='ltr'><strong><em>&#39;Ariihis</em></strong></span> <span class='ocrx_word' id='word_1_763' title='bbox 2042 4637 2399 4715; x_wconf 68' lang='lat' dir='ltr'><strong><em>sapientissimi</em></strong></span> <span class='ocrx_word' id='word_1_764' title='bbox 2413 4646 2469 4715; x_wconf 61' lang='lat' dir='ltr'><strong><em>et</em></strong></span> <span class='ocrx_word' id='word_1_765' title='bbox 2492 4635 2725 4715; x_wconf 65' lang='lat' dir='ltr'><strong><em>catholici</em></strong></span> <span class='ocrx_word' id='word_1_766' title='bbox 2744 4634 3010 4714; x_wconf 72' lang='lat' dir='ltr'><strong><em>principis.</em></strong></span> <span class='ocrx_word' id='word_1_767' title='bbox 3032 4624 3281 4715; x_wconf 53' lang='lat' dir='ltr'><strong><em>[deinceps</em></strong></span> <span class='ocrx_word' id='word_1_768' title='bbox 3292 4645 3407 4713; x_wconf 71' lang='lat' dir='ltr'><strong><em>quae</em></strong></span> 
     </span>
    </p>
   </div>
   <div class='ocr_carea' id='block_1_100' title="bbox 148 4690 1708 4769">
    <p class='ocr_par' dir='ltr' id='par_1_100' title="bbox 148 4690 1708 4769">
     <span class='ocr_line' id='line_1_100' title="bbox 148 4690 1708 4769; baseline 0.01 -28"><span class='ocrx_word' id='word_1_769' title='bbox 148 4690 209 4769; x_wconf 73' lang='lat' dir='ltr'><strong><em>dis</em></strong></span> <span class='ocrx_word' id='word_1_770' title='bbox 235 4700 490 4761; x_wconf 67' lang='lat' dir='ltr'><strong><em>confestim</em></strong></span> <span class='ocrx_word' id='word_1_771' title='bbox 519 4690 651 4751; x_wconf 90' lang='lat' dir='ltr'><strong><em>bella</em></strong></span> <span class='ocrx_word' id='word_1_772' title='bbox 682 4699 830 4757; x_wconf 89' lang='lat' dir='ltr'><strong><em>illata</em></strong></span> <span class='ocrx_word' id='word_1_773' title='bbox 853 4690 989 4764; x_wconf 84' lang='lat' dir='ltr'><strong><em>sunt,</em></strong></span> <span class='ocrx_word' id='word_1_774' title='bbox 1024 4716 1182 4765; x_wconf 88' lang='lat' dir='ltr'><strong><em>neque</em></strong></span> <span class='ocrx_word' id='word_1_775' title='bbox 1213 4717 1314 4769; x_wconf 70' lang='lat' dir='ltr'><strong><em>pax</em></strong></span> <span class='ocrx_word' id='word_1_776' title='bbox 1340 4690 1448 4753; x_wconf 86' lang='lat' dir='ltr'><strong><em>rata</em></strong></span> <span class='ocrx_word' id='word_1_777' title='bbox 1480 4700 1599 4769; x_wconf 78' lang='lat' dir='ltr'><strong><em>fuit,</em></strong></span> <span class='ocrx_word' id='word_1_778' title='bbox 1622 4704 1708 4756; x_wconf 86' lang='lat' dir='ltr'><strong><em>sed</em></strong></span> 
     </span>
    </p>
   </div>
   <div class='ocr_carea' id='block_1_101' title="bbox 148 4763 1707 4833">
    <p class='ocr_par' dir='ltr' id='par_1_101' title="bbox 148 4763 1707 4833">
     <span class='ocr_line' id='line_1_101' title="bbox 148 4763 1707 4833; baseline 0.01 -24"><span class='ocrx_word' id='word_1_779' title='bbox 148 4763 245 4816; x_wconf 85' lang='lat' dir='ltr'><strong><em>dum</em></strong></span> <span class='ocrx_word' id='word_1_780' title='bbox 271 4770 506 4823; x_wconf 72' lang='lat' dir='ltr'><strong><em>amulum</em></strong></span> <span class='ocrx_word' id='word_1_781' title='bbox 548 4770 748 4833; x_wconf 84' lang='lat' dir='ltr'><strong><em>imperii</em></strong></span> <span class='ocrx_word' id='word_1_782' title='bbox 788 4763 1045 4824; x_wconf 86' lang='lat' dir='ltr'><strong><em>vereretur</em></strong></span> <span class='ocrx_word' id='word_1_783' title='bbox 1090 4763 1226 4824; x_wconf 83' lang='lat' dir='ltr'><strong><em>intra</em></strong></span> <span class='ocrx_word' id='word_1_784' title='bbox 1270 4763 1528 4825; x_wconf 36' lang='lat' dir='ltr'><strong><em>Oriente-in</em></strong></span> <span class='ocrx_word' id='word_1_785' title='bbox 1581 4763 1707 4827; x_wconf 81' lang='lat' dir='ltr'><strong><em>resi-</em></strong></span> 
     </span>
    </p>
   </div>
   <div class='ocr_carea' id='block_1_102' title="bbox 142 4835 1703 4915">
    <p class='ocr_par' dir='ltr' id='par_1_102' title="bbox 142 4835 1703 4915">
     <span class='ocr_line' id='line_1_102' title="bbox 142 4835 1703 4915; baseline 0.008 -28"><span class='ocrx_word' id='word_1_786' title='bbox 142 4835 277 4915; x_wconf 70' lang='lat' dir='ltr'><strong><em>dtus,</em></strong></span> <span class='ocrx_word' id='word_1_787' title='bbox 303 4841 480 4915; x_wconf 72' lang='lat' dir='ltr'><strong><em>glorise</em></strong></span> <span class='ocrx_word' id='word_1_788' title='bbox 524 4857 713 4911; x_wconf 84' lang='lat' dir='ltr'><strong><em>parum</em></strong></span> <span class='ocrx_word' id='word_1_789' title='bbox 754 4844 1030 4915; x_wconf 86' lang='lat' dir='ltr'><strong><em>consuluit.</em></strong></span> <span class='ocrx_word' id='word_1_790' title='bbox 1079 4841 1237 4912; x_wconf 81' lang='lat' dir='ltr'><strong><em>Isque</em></strong></span> <span class='ocrx_word' id='word_1_791' title='bbox 1276 4845 1372 4897; x_wconf 87' lang='lat' dir='ltr'><strong><em>iter</em></strong></span> <span class='ocrx_word' id='word_1_792' title='bbox 1411 4862 1703 4915; x_wconf 81' lang='lat' dir='ltr'><strong><em>aggressus,</em></strong></span> 
     </span>
    </p>
   </div>
   <div class='ocr_carea' id='block_1_103' title="bbox 140 4910 1705 4984">
    <p class='ocr_par' dir='ltr' id='par_1_103' title="bbox 140 4910 1705 4984">
     <span class='ocr_line' id='line_1_103' title="bbox 140 4910 1705 4984; baseline 0.006 -21"><span class='ocrx_word' id='word_1_793' title='bbox 140 4914 261 4972; x_wconf 60' lang='lat' dir='ltr'><strong><em>atque</em></strong></span> <span class='ocrx_word' id='word_1_794' title='bbox 306 4910 583 4981; x_wconf 62' lang='lat' dir='ltr'><strong><em>Illyricum</em></strong></span> <span class='ocrx_word' id='word_1_795' title='bbox 628 4919 801 4984; x_wconf 86' lang='lat' dir='ltr'><strong><em>petens</em></strong></span> <span class='ocrx_word' id='word_1_796' title='bbox 842 4915 898 4969; x_wconf 89' lang='lat' dir='ltr'><strong><em>in</em></strong></span> <span class='ocrx_word' id='word_1_797' title='bbox 939 4910 1159 4969; x_wconf 73' lang='lat' dir='ltr'><strong><em>Galatiai</em></strong></span> <span class='ocrx_word' id='word_1_798' title='bbox 1202 4914 1390 4983; x_wconf 80' lang='lat' dir='ltr'><strong><em>ﬁnibus</em></strong></span> <span class='ocrx_word' id='word_1_799' title='bbox 1437 4910 1705 4983; x_wconf 66' lang='lat' dir='ltr'><strong><em>repentina</em></strong></span> 
     </span>
    </p>
   </div>
   <div class='ocr_carea' id='block_1_104' title="bbox 142 4983 1702 5058">
    <p class='ocr_par' dir='ltr' id='par_1_104' title="bbox 142 4983 1702 5058">
     <span class='ocr_line' id='line_1_104' title="bbox 142 4983 1702 5058; baseline 0.004 -21"><span class='ocrx_word' id='word_1_800' title='bbox 142 4990 274 5037; x_wconf 65' lang='lat' dir='ltr'><strong><em>morte</em></strong></span> <span class='ocrx_word' id='word_1_801' title='bbox 299 4983 439 5038; x_wconf 87' lang='lat' dir='ltr'><strong><em>obiit.</em></strong></span> <span class='ocrx_word' id='word_1_802' title='bbox 496 4985 592 5040; x_wconf 84' lang='lat' dir='ltr'><strong><em>Vir</em></strong></span> <span class='ocrx_word' id='word_1_803' title='bbox 620 4983 750 5041; x_wconf 86' lang='lat' dir='ltr'><strong><em>alias</em></strong></span> <span class='ocrx_word' id='word_1_804' title='bbox 779 5001 935 5056; x_wconf 87' lang='lat' dir='ltr'><strong><em>neque</em></strong></span> <span class='ocrx_word' id='word_1_805' title='bbox 972 4987 1143 5055; x_wconf 88' lang='lat' dir='ltr'><strong><em>iners,</em></strong></span> <span class='ocrx_word' id='word_1_806' title='bbox 1176 5003 1336 5058; x_wconf 89' lang='lat' dir='ltr'><strong><em>neque</em></strong></span> <span class='ocrx_word' id='word_1_807' title='bbox 1380 4986 1702 5058; x_wconf 84' lang='lat' dir='ltr'><strong><em>imprudens.</em></strong></span> 
     </span>
    </p>
   </div>
   <div class='ocr_carea' id='block_1_105' title="bbox 1814 4704 3409 4778">
    <p class='ocr_par' dir='ltr' id='par_1_105' title="bbox 1814 4704 3409 4778">
     <span class='ocr_line' id='line_1_105' title="bbox 1814 4704 3409 4778; baseline 0.009 -20"><span class='ocrx_word' id='word_1_808' title='bbox 1814 4718 2095 4778; x_wconf 67' lang='lat' dir='ltr'><strong><em>sequuntur</em></strong></span> <span class='ocrx_word' id='word_1_809' title='bbox 2124 4706 2482 4778; x_wconf 15' lang='lat' dir='ltr'><strong><em>idemil’aulus</em></strong></span> <span class='ocrx_word' id='word_1_810' title='bbox 2518 4705 2821 4778; x_wconf 27' lang='lat' dir='ltr'><strong><em>exAdiversis</em></strong></span> <span class='ocrx_word' id='word_1_811' title='bbox 2861 4705 3152 4778; x_wconf 72' lang='lat' dir='ltr'><strong><em>auctoribus</em></strong></span> <span class='ocrx_word' id='word_1_812' title='bbox 3201 4704 3409 4778; x_wconf 74' lang='grc' dir='ltr'><strong><em>ρνοννίο</em></strong></span> 
     </span>
    </p>
   </div>
   <div class='ocr_carea' id='block_1_106' title="bbox 1811 4776 3407 4851">
    <p class='ocr_par' dir='ltr' id='par_1_106' title="bbox 1811 4776 3407 4851">
     <span class='ocr_line' id='line_1_106' title="bbox 1811 4776 3407 4851; baseline -0.004 -19"><span class='ocrx_word' id='word_1_813' title='bbox 1811 4776 1944 4849; x_wconf 82' lang='lat' dir='ltr'><strong><em>stylo</em></strong></span> <span class='ocrx_word' id='word_1_814' title='bbox 1957 4779 2250 4851; x_wconf 70' lang='lat' dir='ltr'><strong><em>conjunxit.</em></strong></span> <span class='ocrx_word' id='word_1_815' title='bbox 2266 4777 2391 4832; x_wconf 65' lang='lat' dir='ltr'><strong><em>lltec</em></strong></span> <span class='ocrx_word' id='word_1_816' title='bbox 2406 4782 2455 4832; x_wconf 84' lang='lat' dir='ltr'><strong><em>in</em></strong></span> <span class='ocrx_word' id='word_1_817' title='bbox 2472 4779 2567 4832; x_wconf 82' lang='lat' dir='ltr'><strong><em>Ms.</em></strong></span> <span class='ocrx_word' id='word_1_818' title='bbox 2587 4776 2750 4851; x_wconf 77' lang='lat' dir='ltr'><strong><em>Porro</em></strong></span> <span class='ocrx_word' id='word_1_819' title='bbox 2766 4776 3077 4851; x_wconf 57' lang='lat' dir='ltr'><strong><em>Eutropius}:</em></strong></span> <span class='ocrx_word' id='word_1_820' title='bbox 3090 4777 3335 4851; x_wconf 78' lang='lat' dir='ltr'><strong><em>continua</em></strong></span> <span class='ocrx_word' id='word_1_821' title='bbox 3346 4786 3407 4826; x_wconf 89' lang='lat' dir='ltr'><strong><em>ns</em></strong></span> 
     </span>
    </p>
   </div>
   <div class='ocr_carea' id='block_1_107' title="bbox 1810 4847 3410 4917">
    <p class='ocr_par' dir='ltr' id='par_1_107' title="bbox 1810 4847 3410 4917">
     <span class='ocr_line' id='line_1_107' title="bbox 1810 4847 3410 4917; baseline -0.004 -12"><span class='ocrx_word' id='word_1_822' title='bbox 1810 4847 1875 4905; x_wconf 75' lang='lat' dir='ltr'><strong><em>P.</em></strong></span> <span class='ocrx_word' id='word_1_823' title='bbox 1901 4847 2165 4906; x_wconf 64' lang='lat' dir='ltr'><strong><em>Diaconos</em></strong></span> <span class='ocrx_word' id='word_1_824' title='bbox 2194 4860 2400 4915; x_wconf 73' lang='lat' dir='ltr'><strong><em>exstat,</em></strong></span> <span class='ocrx_word' id='word_1_825' title='bbox 2425 4865 2583 4917; x_wconf 82' lang='lat' dir='ltr'><strong><em>quem</em></strong></span> <span class='ocrx_word' id='word_1_826' title='bbox 2605 4850 2855 4903; x_wconf 74' lang='lat' dir='ltr'><strong><em>conferre</em></strong></span> <span class='ocrx_word' id='word_1_827' title='bbox 2879 4847 3078 4916; x_wconf 78' lang='lat' dir='ltr'><strong><em>poteris</em></strong></span> <span class='ocrx_word' id='word_1_828' title='bbox 3096 4883 3111 4909; x_wconf 88' lang='lat'><strong><em>,</em></strong></span> <span class='ocrx_word' id='word_1_829' title='bbox 3136 4849 3320 4909; x_wconf 84' lang='lat' dir='ltr'><strong><em>lector,</em></strong></span> <span class='ocrx_word' id='word_1_830' title='bbox 3353 4852 3410 4899; x_wconf 86' lang='lat' dir='ltr'><strong><em>et</em></strong></span> 
     </span>
    </p>
   </div>
   <div class='ocr_carea' id='block_1_108' title="bbox 1814 4918 3405 4993">
    <p class='ocr_par' dir='ltr' id='par_1_108' title="bbox 1814 4918 3405 4993">
     <span class='ocr_line' id='line_1_108' title="bbox 1814 4918 3405 4993; baseline -0.004 -15"><span class='ocrx_word' id='word_1_831' title='bbox 1814 4924 2032 4980; x_wconf 77' lang='lat' dir='ltr'><strong><em>videbis</em></strong></span> <span class='ocrx_word' id='word_1_832' title='bbox 2055 4933 2307 4993; x_wconf 83' lang='lat' dir='ltr'><strong><em>quantum</em></strong></span> <span class='ocrx_word' id='word_1_833' title='bbox 2337 4932 2524 4979; x_wconf 82' lang='lat' dir='ltr'><strong><em>auctor</em></strong></span> <span class='ocrx_word' id='word_1_834' title='bbox 2546 4921 2800 4979; x_wconf 72' lang='lat' dir='ltr'><strong><em>Miscellte</em></strong></span> <span class='ocrx_word' id='word_1_835' title='bbox 2822 4918 3104 4976; x_wconf 78' lang='lat' dir='ltr'><strong><em>addiderit.</em></strong></span> <span class='ocrx_word' id='word_1_836' title='bbox 3137 4918 3405 4973; x_wconf 64' lang='lat' dir='ltr'><strong><em>mutatus.</em></strong></span> 
     </span>
    </p>
   </div>
   <div class='ocr_carea' id='block_1_109' title="bbox 146 5104 3403 5137">
    <p class='ocr_par' dir='ltr' id='par_1_109' title="bbox 146 5104 3403 5137">
     <span class='ocr_line' id='line_1_109' title="bbox 146 5104 3403 5137; baseline 0 -14"><span class='ocrx_word' id='word_1_837' title='bbox 146 5104 3403 5137; x_wconf 46' lang='lat' dir='ltr'><strong><em>mw</em></strong></span> 
     </span>
    </p>
   </div>
   <div class='ocr_carea' id='block_1_110' title="bbox 1204 5222 2286 5303">
    <p class='ocr_par' dir='ltr' id='par_1_110' title="bbox 1204 5222 2286 5303">
     <span class='ocr_line' id='line_1_110' title="bbox 1204 5222 2286 5303; baseline -0.001 0"><span class='ocrx_word' id='word_1_838' title='bbox 1204 5223 1507 5303; x_wconf 82' lang='lat' dir='ltr'><strong><em>LIBER</em></strong></span> <span class='ocrx_word' id='word_1_839' title='bbox 1580 5222 2286 5303; x_wconf 87' lang='lat' dir='ltr'><strong><em>DUODECIMUS.</em></strong></span> 
     </span>
    </p>
   </div>
   <div class='ocr_carea' id='block_1_111' title="bbox 1584 5387 1936 5405">
    <p class='ocr_par' dir='ltr' id='par_1_111' title="bbox 1584 5387 1936 5405">
     <span class='ocr_line' id='line_1_111' title="bbox 1584 5387 1936 5405; baseline -0.011 -2"><span class='ocrx_word' id='word_1_840' title='bbox 1584 5387 1936 5405; x_wconf 39' lang='lat' dir='ltr'>ﬁ</span> 
     </span>
    </p>
   </div>
   <div class='ocr_carea' id='block_1_112' title="bbox 621 5488 1196 5550">
    <p class='ocr_par' dir='ltr' id='par_1_112' title="bbox 621 5488 1196 5550">
     <span class='ocr_line' id='line_1_112' title="bbox 621 5488 1196 5550; baseline 0.007 -4"><span class='ocrx_word' id='word_1_841' title='bbox 621 5488 1196 5550; x_wconf 77' lang='lat' dir='ltr'><strong><em>VALENTINIANUS.</em></strong></span> 
     </span>
    </p>
   </div>
   <div class='ocr_carea' id='block_1_113' title="bbox 199 5573 1701 5652">
    <p class='ocr_par' dir='ltr' id='par_1_113' title="bbox 199 5573 1701 5652">
     <span class='ocr_line' id='line_1_113' title="bbox 199 5573 1701 5652; baseline 0.007 -21"><span class='ocrx_word' id='word_1_842' title='bbox 199 5573 341 5637; x_wconf 75' lang='lat' dir='ltr'><strong><em>Anno</em></strong></span> <span class='ocrx_word' id='word_1_843' title='bbox 392 5580 463 5639; x_wconf 70' lang='lat' dir='ltr'><strong><em>ab</em></strong></span> <span class='ocrx_word' id='word_1_844' title='bbox 515 5579 658 5639; x_wconf 80' lang='lat' dir='ltr'><strong><em>Urbe</em></strong></span> <span class='ocrx_word' id='word_1_845' title='bbox 710 5584 926 5640; x_wconf 78' lang='lat' dir='ltr'><strong><em>condita</em></strong></span> <span class='ocrx_word' id='word_1_846' title='bbox 980 5583 1007 5613; x_wconf 72' lang='grc'><strong>⁸</strong></span> <span class='ocrx_word' id='word_1_847' title='bbox 1064 5581 1242 5652; x_wconf 71' lang='grc'><strong>1118,</strong></span> <span class='ocrx_word' id='word_1_848' title='bbox 1294 5583 1701 5641; x_wconf 78' lang='lat' dir='ltr'><strong><em>Valentinianus</em></strong></span> 
     </span>
    </p>
   </div>
   <div class='ocr_carea' id='block_1_114' title="bbox 199 5690 1699 5763">
    <p class='ocr_par' dir='ltr' id='par_1_114' title="bbox 199 5690 1699 5763">
     <span class='ocr_line' id='line_1_114' title="bbox 199 5690 1699 5763; baseline 0.007 -19"><span class='ocrx_word' id='word_1_849' title='bbox 199 5690 337 5763; x_wconf 50' lang='lat' dir='ltr'><strong><em>9A.:</em></strong></span> <span class='ocrx_word' id='word_1_850' title='bbox 385 5694 535 5759; x_wconf 74' lang='lat' dir='ltr'><strong><em>38,e</em></strong></span> <span class='ocrx_word' id='word_1_851' title='bbox 564 5693 833 5753; x_wconf 89' lang='lat' dir='ltr'><strong><em>Pannonia</em></strong></span> <span class='ocrx_word' id='word_1_852' title='bbox 882 5696 1137 5754; x_wconf 87' lang='lat' dir='ltr'><strong><em>Cibalensi</em></strong></span> <span class='ocrx_word' id='word_1_853' title='bbox 1176 5698 1364 5763; x_wconf 88' lang='lat' dir='ltr'><strong><em>editus,</em></strong></span> <span class='ocrx_word' id='word_1_854' title='bbox 1410 5715 1525 5754; x_wconf 91' lang='lat' dir='ltr'><strong><em>cum</em></strong></span> <span class='ocrx_word' id='word_1_855' title='bbox 1572 5708 1699 5754; x_wconf 89' lang='lat' dir='ltr'><strong><em>esset</em></strong></span> 
     </span>
    </p>
   </div>
   <div class='ocr_carea' id='block_1_115' title="bbox 143 5754 1693 5843">
    <p class='ocr_par' dir='ltr' id='par_1_115' title="bbox 143 5754 1693 5843">
     <span class='ocr_line' id='line_1_115' title="bbox 143 5754 1693 5843; baseline 0.008 -27"><span class='ocrx_word' id='word_1_856' title='bbox 143 5754 345 5843; x_wconf 49' lang='lat' dir='ltr'><strong><em>{fibunus</em></strong></span> <span class='ocrx_word' id='word_1_857' title='bbox 384 5754 719 5843; x_wconf 61' lang='lat' dir='ltr'><strong><em>scutariorum</em></strong></span> <span class='ocrx_word' id='word_1_858' title='bbox 763 5772 923 5843; x_wconf 88' lang='lat' dir='ltr'><strong><em>apud_</em></strong></span> <span class='ocrx_word' id='word_1_859' title='bbox 946 5770 1161 5825; x_wconf 88' lang='lat' dir='ltr'><strong><em>Niceam</em></strong></span> <span class='ocrx_word' id='word_1_860' title='bbox 1214 5754 1473 5843; x_wconf 77' lang='lat' dir='ltr'><strong><em>Augustus</em></strong></span> <span class='ocrx_word' id='word_1_861' title='bbox 1512 5772 1693 5842; x_wconf 87' lang='lat' dir='ltr'><strong><em>appel-</em></strong></span> 
     </span>
    </p>
   </div>
   <div class='ocr_carea' id='block_1_116' title="bbox 146 5828 1695 5915">
    <p class='ocr_par' dir='ltr' id='par_1_116' title="bbox 146 5828 1695 5915">
     <span class='ocr_line' id='line_1_116' title="bbox 146 5828 1695 5915; baseline 0.012 -34"><span class='ocrx_word' id='word_1_862' title='bbox 146 5828 259 5888; x_wconf 84' lang='lat' dir='ltr'><strong><em>latus</em></strong></span> <span class='ocrx_word' id='word_1_863' title='bbox 309 5840 518 5908; x_wconf 72' lang='lat' dir='ltr'><strong><em>fratrem</em></strong></span> <span class='ocrx_word' id='word_1_864' title='bbox 571 5828 836 5899; x_wconf 78' lang='lat' dir='ltr'><strong><em>Valentem</em></strong></span> <span class='ocrx_word' id='word_1_865' title='bbox 884 5828 1322 5915; x_wconf 78' lang='lat' dir='ltr'><strong><em>ConstantinOpoli</em></strong></span> <span class='ocrx_word' id='word_1_866' title='bbox 1355 5832 1413 5899; x_wconf 86' lang='lat' dir='ltr'><strong><em>in</em></strong></span> <span class='ocrx_word' id='word_1_867' title='bbox 1466 5828 1695 5902; x_wconf 79' lang='lat' dir='ltr'><strong><em>cominu-</em></strong></span> 
     </span>
    </p>
   </div>
   <div class='ocr_carea' id='block_1_117' title="bbox 1804 5487 3398 5563">
    <p class='ocr_par' dir='ltr' id='par_1_117' title="bbox 1804 5487 3398 5563">
     <span class='ocr_line' id='line_1_117' title="bbox 1804 5487 3398 5563; baseline 0.001 -18"><span class='ocrx_word' id='word_1_868' title='bbox 1804 5489 2224 5563; x_wconf 80' lang='lat' dir='ltr'><strong><em>quadragesimus</em></strong></span> <span class='ocrx_word' id='word_1_869' title='bbox 2250 5488 2505 5545; x_wconf 87' lang='lat' dir='ltr'><strong><em>secundus</em></strong></span> <span class='ocrx_word' id='word_1_870' title='bbox 2532 5490 2594 5545; x_wconf 89' lang='lat' dir='ltr'><strong><em>ab</em></strong></span> <span class='ocrx_word' id='word_1_871' title='bbox 2624 5488 2851 5562; x_wconf 81' lang='lat' dir='ltr'><strong><em>Augusto</em></strong></span> <span class='ocrx_word' id='word_1_872' title='bbox 2890 5487 3169 5558; x_wconf 86' lang='lat' dir='ltr'><strong><em>imperator</em></strong></span> <span class='ocrx_word' id='word_1_873' title='bbox 3211 5487 3398 5561; x_wconf 77' lang='lat' dir='ltr'><strong><em>appel-</em></strong></span> 
     </span>
    </p>
   </div>
   <div class='ocr_carea' id='block_1_118' title="bbox 1804 5580 3397 5655">
    <p class='ocr_par' dir='ltr' id='par_1_118' title="bbox 1804 5580 3397 5655">
     <span class='ocr_line' id='line_1_118' title="bbox 1804 5580 3397 5655; baseline -0.003 -14"><span class='ocrx_word' id='word_1_874' title='bbox 1804 5586 1939 5641; x_wconf 87' lang='lat' dir='ltr'><strong><em>latus</em></strong></span> <span class='ocrx_word' id='word_1_875' title='bbox 1964 5594 2061 5653; x_wconf 87' lang='lat' dir='ltr'><strong><em>est,</em></strong></span> <span class='ocrx_word' id='word_1_876' title='bbox 2090 5581 2199 5638; x_wconf 80' lang='lat' dir='ltr'><strong><em>Iste</em></strong></span> <span class='ocrx_word' id='word_1_877' title='bbox 2217 5582 2317 5655; x_wconf 78' lang='lat' dir='ltr'><strong><em>{uit</em></strong></span> <span class='ocrx_word' id='word_1_878' title='bbox 2343 5582 2374 5625; x_wconf 65' lang='grc' dir='ltr'>ιι</span> <span class='ocrx_word' id='word_1_879' title='bbox 2400 5580 2701 5641; x_wconf 84' lang='lat' dir='ltr'><strong><em>Pannonius</em></strong></span> <span class='ocrx_word' id='word_1_880' title='bbox 2730 5599 2930 5655; x_wconf 77' lang='lat' dir='ltr'><strong><em>genere,</em></strong></span> <span class='ocrx_word' id='word_1_881' title='bbox 2969 5582 3033 5640; x_wconf 80' lang='lat' dir='ltr'><strong><em>dc</em></strong></span> <span class='ocrx_word' id='word_1_882' title='bbox 3057 5580 3237 5645; x_wconf 79' lang='lat' dir='ltr'><strong><em>Cibula</em></strong></span> <span class='ocrx_word' id='word_1_883' title='bbox 3276 5583 3397 5639; x_wconf 86' lang='lat' dir='ltr'><strong><em>civi-</em></strong></span> 
     </span>
    </p>
   </div>
   <div class='ocr_carea' id='block_1_119' title="bbox 1802 5707 3393 5847">
    <p class='ocr_par' dir='ltr' id='par_1_119' title="bbox 1802 5707 3393 5847">
     <span class='ocr_line' id='line_1_119' title="bbox 1802 5707 3393 5847; baseline -0.001 -20"><span class='ocrx_word' id='word_1_884' title='bbox 1802 5707 2280 5847; x_wconf 31' lang='lat' dir='ltr'><strong><em>?zinglniifi’iiulus</em></strong></span> <span class='ocrx_word' id='word_1_885' title='bbox 2298 5767 2623 5833; x_wconf 85' lang='lat' dir='ltr'><strong><em>aPannonia</em></strong></span> <span class='ocrx_word' id='word_1_886' title='bbox 2647 5768 2917 5837; x_wconf 78' lang='lat' dir='ltr'><strong><em>Civalensi.</em></strong></span> <span class='ocrx_word' id='word_1_887' title='bbox 2943 5766 3042 5835; x_wconf 77' lang='lat' dir='ltr'><strong><em>Ed.</em></strong></span> <span class='ocrx_word' id='word_1_888' title='bbox 3066 5767 3209 5847; x_wconf 69' lang='lat' dir='ltr'><strong><em>vulg.</em></strong></span> <span class='ocrx_word' id='word_1_889' title='bbox 3240 5763 3393 5825; x_wconf 81' lang='lat' dir='ltr'><strong><em>Ciba-</em></strong></span> 
     </span>
    </p>
   </div>
   <div class='ocr_carea' id='block_1_120' title="bbox 1797 5844 1970 5903">
    <p class='ocr_par' dir='ltr' id='par_1_120' title="bbox 1797 5844 1970 5903">
     <span class='ocr_line' id='line_1_120' title="bbox 1797 5844 1970 5903; baseline 0.006 -1"><span class='ocrx_word' id='word_1_890' title='bbox 1797 5844 1970 5903; x_wconf 88' lang='lat' dir='ltr'><strong><em>liensi.</em></strong></span> 
     </span>
    </p>
   </div>
  </div>
