3918 6344
534 344 636 409 927
1268 367 1271 370 ·
1363 346 1564 403 PAULI
1609 341 1875 402 DIACONI
1910 346 2062 402 OPP.
2107 341 2282 403 PARS
2323 345 2362 401 l.
2406 373 2472 386 —
2513 340 2895 400 IIISTORICA.
3625 361 3696 416 ζέε
3772 395 3776 400 .

535 478 656 524 tate.
685 464 820 522 bum
845 474 986 521 esset
1013 465 1258 521 tribunus
1285 464 1660 529 scutariorum,
1686 475 1806 517 tunc
1828 465 1872 516 ei
1899 463 2112 517 militum
2145 469 2190 526 Α
2219 464 2406 516 Acacio
2424 463 2870 533 Constantinopoli
2890 473 3007 519 sunt
3025 471 3573 538 patrata,tenendainque
3590 477 3700 542 fidem

535 577 657 614 cura
690 558 788 626 fuit
814 557 1101 623 commissa,
1155 573 1212 610 eo
1237 556 1372 624 quod
1401 556 1752 621 probatissinte
1781 564 1983 607 noverat
2029 554 2127 607 mi-

537 652 736 704 litarem
786 650 1130 720 disciplinam.
1183 647 1308 701 Fuit
1348 650 1481 701 enim
1525 649 1600 701 vir
1643 645 2033 716 magnanimus,
2083 652 2130 698 et

534 759 730 811 semper
760 744 998 813 prtesenti
1025 747 1231 811 fortuna
1272 743 1453 795 melior
1495 742 1799 810 apparebat,
1851 757 1950 792 non
1977 739 2130 792 modo

536 835 834 905 fortitudine
881 845 1112 904 tantum,
1153 842 1399 905 quantum
1430 833 1723 902 prudentia,
1775 831 2127 900 temperantia,

537 937 691 996 atque
711 930 938 996 justitia,
961 938 1006 981 et
1035 928 1262 998 corporis
1285 925 2008 997 magnitudine.praafulgebat.
2042 923 2132 979 Sic

535 1021 670 1073 enim
699 1019 1026 1090 fuitregalis,
1049 1029 1095 1074 et
1117 1022 1360 1084 urbanus,
1383 1028 1440 1071 ut
1470 1019 1594 1070 dum
1619 1019 1867 1070 exercitus
1897 1025 2131 1069 tentasset

535 1114 692 1166 alium
734 1113 931 1166 sociare
961 1123 1262 1176 consortem,
1296 1112 1382 1165 ille
1415 1111 1780 1180 respondisset,
1831 1108 1966 1176 quod
2009 1123 2132 1159 can-

538 1213 678 1256 tatur
697 1205 759 1256 ab
792 1205 1060 1258 ontnibus:
1095 1201 1349 1270 Vestrum,
1390 1204 1575 1273 inquit,
1609 1202 1727 1272 fuit,
1757 1217 1786 1255 ο
1813 1203 2012 1265 milites,
2037 1202 2132 1254 ins-

535 1305 769 1366 peratore
821 1313 924 1350 non
967 1297 1239 1362 existente,
1291 1295 1417 1350 mihi
1460 1299 1584 1349 dare
1623 1296 1844 1365 regimen
1888 1293 2131 1361 imperii;

536 1406 709 1445 verum
756 1393 843 1444 ubi
883 1392 978 1444 hoc
1017 1407 1108 1462 ego
1146 1391 1390 1456 suscepi,
1426 1405 1591 1444 meum
1620 1391 1737 1460 jam
1781 1397 1891 1451 est,
1924 1403 2026 1440 non
2060 1397 2132 1442 est

537 1494 754 1538 vestrum
797 1484 860 1536 de
903 1483 1052 1538 rebus
1095 1484 1316 1554 coyitare
1359 1483 1728 1536 communibus.
1789 1479 1947 1548 Cujus
1983 1477 2132 1532 verba

535 1577 708 1632 mirati
759 1578 978 1643 milites,
1017 1580 1129 1648 ejus
1168 1576 1328 1630 secuti
1377 1583 1491 1628 sunt
1537 1574 1864 1627 voluntatem.
1911 1571 2132 1640 Cumque

539 1671 1036 1737 ConstantinOpolim
1059 1670 1268 1723 venisset
1298 1677 1412 1739 post
1439 1668 1546 1721 dies
1577 1669 1782 1737 triginta
1807 1665 2008 1734 imperii
2031 1663 2127 1730 sui,

538 1763 755 1818 fratrem
788 1761 1065 1818 Valentem
1098 1763 1148 1814 in
1179 1760 1610 1814 communionem
1639 1758 1786 1826 regni
1813 1755 2125 1824 assumpsit,

2229 555 2367 626 apud
2413 555 2696 612 Seleuciam
2744 559 3028 626 expositam
3070 559 3405 615 decreverunt.
3443 561 3531 618 Sed
3569 567 3703 634 impius

2243 646 2444 713 Valens,
2475 650 2754 732 quceilapstd
2775 646 3122 720 Lampsacum
3141 661 3275 722 gesta
3293 663 3417 720 sunt,
3439 655 3651 726 destruit,
3672 670 3704 714 et

2225 737 2492 808 episcOpos
2519 742 2604 811 qui
2633 742 2701 795 ibi
2730 751 3085 811 convenerant,
3109 745 3282 799 exsilio
3304 746 3532 818 relegavit.
3553 749 3706 807 interea

2242 833 2428 890 Valens
2490 838 2543 890 in
2582 837 2858 891 Antiochia
2896 837 3114 906 plurimo
3153 845 3364 906 tempore
3410 852 3707 914 commoratus,

2230 928 2462 982 omnibus
2502 927 2762 982 licentiam
2786 927 2926 983 dedit
2953 945 3048 983 sua
3070 945 3218 984 sacra
3233 929 3480 997 celebrare,
3508 935 3710 1003 gentilibus

2229 1019 2442 1085 scilicet,
2473 1029 2622 1088 atque
2664 1019 2892 1084 Iudicis,
2947 1035 3142 1074 necnon
3185 1029 3229 1074 et
3274 1022 3481 1076 omnibus
3512 1025 3708 1080 hareticis.

2233 1109 2369 1164 Nam
2413 1120 2461 1164 et
2513 1111 2723 1180 gentiles
2769 1112 3064 1182 festivitates
3098 1113 3335 1183 agebant,
3368 1114 3626 1169 daemonibus
3655 1118 3714 1169 ni-

2231 1201 2523 1256 nistrantes.
2557 1202 2624 1256 Et
2655 1213 2766 1274 post
2787 1201 3058 1258 Iulianum
3097 1221 3129 1258 a
3167 1203 3376 1260 Joviano
3393 1206 3713 1263 idololatrian:-

2231 1295 2414 1348 uitales
2459 1296 2760 1362 exstinctus,
2795 1313 2994 1352 rursus
3037 1300 3220 1367 ﬂorere
3261 1301 3507 1369 permisit,
3555 1311 3592 1354 et
3615 1301 3714 1356 locis

2231 1387 2449 1458 cultum,
2500 1399 2650 1460 atque
2703 1389 2962 1461 Dionysii,
3018 1407 3260 1460 sacraque
3286 1391 3444 1445 Cereri
3462 1397 3556 1463 jam
3587 1397 3715 1447 nonin

2233 1482 2430 1534 occulto
2452 1489 2697 1548 tanquant
2717 1484 2806 1536 sub
2833 1483 2918 1552 pio
2945 1484 3246 1553 imperatore
3268 1483 3568 1551 celebrabant,
3579 1489 3643 1538 sed
3658 1501 3717 1554 pa

2235 1573 2454 1624 ntediam
2509 1575 2730 1643 plateam
2785 1574 3088 1630 bacchantes
3128 1577 3306 1645 ubique
3352 1578 3604 1632 currebant.
3640 1577 3718 1632 Illis

2233 1667 2586 1720 tantummodo
2630 1677 2747 1720 tunc
2784 1668 3019 1738 princeps
3061 1679 3170 1722 erat
3219 1670 3457 1734 inimicus,
3483 1671 3553 1739 qui
3576 1679 3719 1739 aposto-

2234 1755 2382 1808 licam
2437 1757 2724 1810 doctrinam
2751 1760 3031 1827 pratdicare
3079 1759 3388 1813 videbantur.
3421 1758 3590 1814 Eodem
3623 1773 3719 1815 anno

536 1854 751 1924 largitus
792 1856 840 1910 ei
882 1865 1050 1924 partes
1094 1854 1402 1918 Orientales,
1447 1853 1540 1907 sibi
1582 1853 1785 1905 retentis
1828 1849 2130 1902 Occidenta-
2162 1835 2208 1894 B
2234 1851 2373 1920 apud
2414 1852 2696 1906 Atrebatas
2730 1868 2852 1918 vera
2906 1855 3024 1907 lana
3057 1854 3124 1910 de
3169 1854 3390 1910 nubibus
3416 1855 3578 1923 pluvia:
3614 1854 3721 1906 misti

535 1949 686 2003 libus.
742 1947 908 2018 llnjus
955 1956 1104 2017 pater
1157 1945 1440 2002 Gratianus
1478 1945 1732 2000 mediocri
1772 1945 1938 2012 stirpe
1977 1953 2126 1997 ortus

534 2040 671 2110 apud
711 2037 964 2104 Cibalas,
1023 2037 1281 2092 Funarius
1331 2038 1629 2107 appellatus
1686 2047 1764 2091 est
1795 2079 1810 2102 ,
1866 2052 1930 2091 eo
1983 2035 2127 2104 quod

535 2130 841 2184 venalitium
883 2129 1060 2184 funem
1103 2128 1333 2198 portanti
1376 2127 1609 2198 quinth
1678 2127 1874 2181 milites
1941 2124 2127 2194 nequi-

534 2223 712 2277 verint
749 2232 1092 2292 extorquere.
1137 2222 1215 2277 Eo
1255 2225 1446 2276 merito
1485 2222 1684 2274 ascitus
1741 2221 1791 2273 in
1835 2220 2074 2273 militiam
2108 2259 2125 2286 ,

539 2329 706 2386 usque
732 2319 796 2368 ad
827 2315 1152 2385 praefectura:
1185 2315 1520 2384 praetoriana»
1543 2313 1834 2381 potentiam
1862 2313 2124 2368 ascendit.

539 2405 620 2461 Ob
685 2406 838 2474 cujus
902 2406 1042 2476 apud
1086 2405 1281 2460 milites
1322 2403 1840 2460 commendatibnem
1895 2404 2128 2458 Valenti-

536 2499 694 2553 niano
732 2507 758 2534 ⁸
790 2500 1068 2568 imperium
1111 2499 1326 2553 allatum
1374 2507 1477 2554 est.
1500 2497 1598 2565 Qui
1629 2514 1747 2551 cum
1796 2496 1895 2552 sub
1920 2496 2130 2552 Juliano

535 2589 775 2658 Augusto
804 2588 1221 2644 Christianitatis
1244 2587 1501 2658 integram
1527 2589 1684 2642 tidem
1717 2599 1951 2658 gereret,
1982 2601 2127 2655 cum,

536 2691 593 2737 ut
657 2683 857 2738 dictum
923 2693 1049 2751 est,
1115 2683 1466 2738 scutariorum
1537 2683 1778 2735 tribunus
1850 2677 1878 2718 ι)
1945 2689 2125 2749 esset,

534 2774 792 2846 ingressus
830 2784 904 2830 est
943 2791 1056 2828 cum
1094 2773 1308 2828 Iuliano
1348 2774 1399 2826 in
1446 2772 1688 2844 templum
1739 2771 1986 2826 Fortuna:
2011 2813 2026 2838 ,
2082 2782 2128 2826 et

536 2868 760 2920 ministri
798 2868 972 2939 templi
1009 2883 1074 2922 ex
1112 2879 1324 2936 utraque
1361 2876 1504 2936 parte
1559 2869 1843 2937 januarum
1905 2872 2128 2930 stantes,

535 2961 827 3031 aspersione
871 2977 1035 3029 aqua’,
1067 2962 1196 3014 sicut
1236 2960 1335 3026 ipsi
1363 2959 1621 3026 dicebant,
1653 2968 1932 3030 purgarent
1962 2961 2132 3028 ingre-

537 3059 734 3113 dientes
759 3099 776 3125 ,
825 3057 1221 3112 Valentinianus
1262 3057 1549 3124 pra'cedens
1589 3057 1912 3127 principem,
1957 3072 2133 3128 asper-

536 3152 695 3205 sionis
751 3161 942 3222 guttam
991 3168 1083 3204 sua
1139 3151 1263 3205 vidit
1305 3152 1356 3204 in
1413 3150 1712 3221 chlamyde,
1749 3159 1795 3205 et
1835 3151 2130 3220 indignatus

536 3259 706 3314 pugno
735 3244 980 3314 percussit
1011 3244 1182 3314 templi
1213 3243 1522 3308 ministrum,
1545 3246 1717 3296 dicens
1743 3258 1796 3296 se
1820 3243 2130 3296 maculatum

537 3335 707 3406 potius
763 3351 914 3404 quam
967 3337 1286 3388 mandatum.
1345 3335 1495 3398 Quod
1536 3334 1811 3405 respiciens
1852 3333 2131 3401 Julianus,

544 3430 690 3499 jussit
730 3445 842 3482 eum
872 3429 924 3482 in
949 3429 1236 3491 custodiam
1284 3429 1501 3493 retrudi,
1527 3430 1698 3482 dicens
1722 3445 1740 3481 :
1773 3430 1873 3482 Aut
1901 3429 2134 3497 sacri/ica

540 3523 714 3588 idolis,
767 3532 856 3576 aut
896 3523 1079 3577 militia
1109 3521 1313 3576 excede.
1345 3522 1443 3588 Qui
1472 3533 1664 3590 sponte
1711 3522 1975 3576 discessit.
2026 3521 2135 3577 Nec

543 3631 724 3681 mora,
760 3614 972 3670 Juliano
1026 3612 1340 3682 interfecto,
1381 3615 1713 3684 Jovianoque
1750 3624 1992 3678 mortuo,
2043 3614 2134 3684 qui

541 3723 640 3779 pro
686 3709 902 3763 nomine
937 3707 1136 3762 Christi
1177 3707 1434 3763 amiserat
1463 3708 1820 3774 tribunatum,
1857 3708 1909 3762 in
1959 3708 2135 3763 locum

543 3801 902 3872 persecutoris
928 3801 1007 3856 sui
1034 3801 1241 3868 accepit
1264 3800 1685 3868 imperium.Qui
1709 3817 1829 3856 cum
1857 3801 1966 3872 jam
1995 3816 2134 3854 anno

547 3892 708 3948 tertio
753 3893 1037 3962 imperium
1067 3907 1188 3946 cum
1217 3891 1384 3947 fratre
1413 3892 1634 3948 Valente
1673 3904 1874 3962 ageret,
1930 3891 2136 3948 Gratia-

542 4004 668 4044 num
703 3987 888 4053 lilium,
924 4003 1023 4044 nec
1051 3987 1177 4041 dum
1206 3989 1360 4057 plene
1389 3987 1666 4057 puberem,
1712 3989 1921 4040 hortatu
1951 4000 2136 4042 socrus

541 4088 596 4136 et
649 4083 850 4148 uxoris,
897 4082 1190 4150 Augustum
1241 4082 1460 4138 creavit.
1504 4079 1675 4152 Igitur
1733 4081 2132 4146 Valentinianus,

540 4174 664 4227 dum
693 4176 743 4228 in
771 4175 918 4228 initio
944 4175 1089 4244 regni
1109 4175 1192 4228 sui
1216 4175 1278 4228 de
1308 4175 1430 4228 urbe
1454 4173 2022 4243 Constantinopclitana
2048 4189 2136 4242 per

542 4268 792 4325 Thracias
813 4280 1108 4342 praperaret
1137 4270 1374 4335 Romam,
1399 4281 1518 4324 tunc
1540 4271 1762 4340 episcopi
1786 4268 2133 4339 Hellesponti,

545 4361 803 4434 Bithynia:
833 4407 848 4431 ,
897 4372 944 4417 et
995 4364 1279 4432 quicunque
1311 4363 1799 4417 consubstantialem
1837 4361 2040 4416 Patrem
2088 4370 2136 4414 et

545 4452 748 4509 Filium
776 4457 1143 4527 pra’dicabant,
1175 4457 1398 4525 legatum
1445 4457 1685 4510 miserunt
1714 4457 1780 4509 ad
1811 4471 1927 4508 eum
1954 4453 2133 4525 Ilypa-

2229 1942 2468 2009 delluttit,
2512 1953 2564 1997 et
2603 1944 3119 2015 Constantinopolim
3146 1961 3198 2000 tv
3231 1945 3402 2000 Nonas
3440 1945 3562 1999 Junii
3579 1945 3722 2014 grando

2230 2034 2379 2088 mirae
2430 2035 2812 2104 magnitudinis
2857 2036 3111 2092 decidens
3166 2039 3440 2092 nonnullos
3487 2037 3674 2091 homines
3704 2045 3720 2074 ο

2229 2129 2507 2184 exstinxit.
2543 2129 2764 2196 Quidam
2793 2147 2915 2184 sane
2954 2131 3095 2184 aiunt
3125 2131 3192 2184 de
3228 2129 3435 2185 Valente
3459 2133 3573 2199 quod
3600 2128 3724 2181 Domi-

2231 2226 2346 2280 nica
2391 2241 2520 2278 uxor
2548 2229 2658 2296 ejus
2686 2227 2992 2291 persuaserit
3021 2228 3065 2278 ei
3093 2225 3154 2279 ab
3202 2225 3470 2279 orthodoxa
3497 2222 3596 2291 ﬁde,
3618 2239 3724 2290 quam

2230 2333 2352 2372 suus
2379 2334 2648 2388 germanus
2673 2318 2928 2385 credebat,
2955 2317 3208 2382 recedere,
3237 2327 3282 2370 et
3311 2327 3409 2370 tam
3433 2318 3618 2368 valenter
3653 2314 3726 2366 Arii

2230 2426 2433 2466 sensum
2463 2409 2665 2462 sectari.
2701 2407 2866 2462 Porro
2897 2409 2986 2462 alii
3014 2410 3404 2478 scribunt,quod
3434 2419 3644 2476 postquam
3660 2407 3724 2457 im-

2231 2502 2505 2574 perat'erit,
2532 2513 2577 2554 et
2608 2501 2670 2555 ab
2705 2500 2945 2555 Eudoxio
2975 2501 3316 2572 rebaptizatus
3355 2503 3431 2567 sit,
3450 2497 3726 2573 juramentoei

2231 2591 2507 2660 firmaverit
2532 2593 2583 2646 in
2612 2593 2724 2660 ipso
2753 2592 3052 2662 baptismate
3078 2608 3196 2645 cum
3227 2593 3346 2645 Aria
3374 2609 3424 2646 se
3448 2606 3678 2651 scissuram,
3697 2591 3728 2640 et

2238 2683 2564 2737 Homousion
2617 2685 2830 2737 minime
2874 2693 3217 2753 recepturum.
3263 2681 3455 2736 Interea
3494 2679 3663 2733 Valente
3694 2677 3727 2728 in

2236 2773 2392 2846 Syria
2415 2791 2610 2828 moram
2630 2776 2871 2845 faciente,
2889 2774 3108 2828 surrexit
3123 2771 3542 2843 Constantinopoli
3553 2783 3729 2840 tyrannis

2238 2866 2519 2940 Procopius
2548 2872 2770 2936 nomine,
2795 2869 2886 2938 qui
2915 2883 3069 2938 parvo
3099 2878 3324 2936 tempore
3364 2869 3552 2918 multant
3575 2863 3647 2916 sibi
3668 2859 3730 2911 mi-

2235 2965 2397 3019 litiam
2461 2976 2758 3030 calervans,
2806 2964 3077 3034 festinabat
3121 2965 3387 3016 adversum
3431 2963 3728 3027 imperatorem,

2236 3061 2372 3129 quod
2417 3059 2541 3112 dum
2591 3060 2640 3112 ei
2689 3058 2975 3111 nuntiatum
3007 3058 3214 3126 fuisset,
3241 3055 3496 3126 paululum
3519 3067 3638 3104 suum
3671 3051 3732 3097 int-

2238 3164 2408 3220 petum
2439 3151 2674 3204 retinuit.
2699 3148 2930 3217 Cumque
2947 3149 3063 3202 belli
3086 3159 3294 3203 eventus
3313 3152 3490 3201 interea
3508 3142 3732 3214 parturiat,

2239 3251 2576 3298 terra-motus
2616 3241 2787 3296 lactus
2821 3250 2902 3297 est
2953 3255 3046 3310 per
3083 3224 3386 3294 universum
3414 3237 3595 3300 orbem,
3629 3229 3650 3267 ά
3687 3231 3731 3282 ill

2238 3346 2292 3389 ut
2322 3335 2542 3399 Siciliae,
2573 3343 2630 3389 et
2673 3333 2960 3387 multarum
3005 3333 3309 3387 insularum
3361 3329 3508 3384 urbes
3534 3333 3733 3380 concussu.I

2235 3437 2288 3483 et
2308 3427 2565 3491 subrutus,
2599 3425 3014 3480 innumerabiles
3045 3427 3200 3480 etiam
3233 3423 3448 3494 p0pulos
3477 3418 3617 3474 ruinis
3637 3417 3734 3481 θωρ-

2237 3521 2550 3590 presserint.
2585 3516 2733 3573 Circa
2788 3518 3079 3590 Bithyniam
3117 3535 3238 3572 vero
3269 3527 3372 3571 tam
3403 3520 3560 3584 ingens
3588 3509 3674 3581 fuit.
3700 3513 3735 3557 ιιι

2239 3615 2455 3670 Niceam
2506 3615 2812 3669 subverteret
2858 3614 3063 3680 urbem;
3096 3614 3187 3666 sed
3237 3613 3388 3666 etiam
3414 3623 3540 3663 mare
3564 3603 3734 3658 terminos

2235 3725 2355 3762 suos
2413 3709 2690 3762 immutavit
2716 3749 2732 3775 ,
2781 3717 2827 3760 et
2866 3707 2920 3760 in
2955 3707 3268 3776 quibusdam
3305 3703 3423 3758 locis
3457 3709 3578 3754 tanto
3608 3699 3735 3763 imp!“

2236 3803 2464 3871 influxit,
2515 3812 2565 3854 ut
2599 3803 2711 3856 loca
2741 3817 2854 3872 qua:
2885 3801 3082 3870 pridem
3129 3797 3384 3854 ambulari
3413 3803 3614 3865 poterant
3644 3789 3736 3856 riga-

2236 3905 2429 3950 rentur.
2484 3896 2558 3949 Ab
2602 3897 2722 3949 aliis
2755 3911 2870 3948 vero
2914 3895 3037 3949 locis
3081 3890 3281 3947 tantum
3313 3877 3738 3952 ~recessit,utarill

2238 3989 2388 4043 tellus
2427 3989 2757 4041 inveniretur.
2801 3987 3044 4057 Sequenti
3074 3995 3248 4040 autem
3278 3999 3412 4038 anno
3429 3979 3647 4041 Gratiani,
3670 3970 3739 4023 Dl-

2236 4081 2526 4150 galaisique
2548 4081 2813 4134 consulatu
2845 4080 2972 4134 bella
3004 4089 3279 4148 parantur.
3314 4078 3524 4146 Cumque
3559 4076 3738 4140 lyram!“

2239 4175 2530 4246 ProcOpius
2573 4175 2637 4229 de
2667 4173 3114 4245 Constantinopoli
3143 4188 3397 4244 egressus,
3424 4176 3572 4222 castra
3591 4161 3739 4215 morem

2238 4275 2508 4328 adversum
2539 4274 2916 4344 imperatorem,
2942 4270 3155 4342 audiens
3185 4267 3375 4322 Valens
3403 4263 3522 4319 venit
3541 4259 3593 4313 ab
3615 4251 3737 4344 Antio-

2239 4367 2376 4435 chia,
2408 4375 2454 4420 et
2480 4381 2593 4419 cum
2617 4382 2674 4418 eo
2698 4380 2997 4436 congressus
3028 4369 3100 4416 est
3139 4363 3278 4415 circa
3307 4360 3538 4412 civitatem
3570 4348 3740 4436 Phill“

2242 4460 2537 4515 Nacoliam.
2573 4457 2641 4513 Et
2686 4435 2854 4527 prima
2893 4457 3096 4526 quidem
3122 4471 3301 4525 pugna
3330 4451 3536 4505 devictus
3557 4449 3634 4498 est.
3657 4435 3740 4490 Post

545 4547 673 4599 tium
703 4545 971 4601 Heraclea:
1005 4547 1238 4602 Perinthi
1261 4549 1574 4616 episcopum,
1607 4559 1852 4618 quatenus
1893 4550 2132 4618 dignare—
2168 4580 2216 4638 ο
2241 4553 2512 4624 paululum
2560 4566 2677 4605 vero
2730 4547 3044 4617 Ρνοεορίυνη
3108 4547 3241 4618 εφη
3263 4586 3279 4611 ν
3351 4536 3630 4638 “ﬁdem”?

547 4647 632 4692 tur
691 4640 759 4692 ad
821 4642 1216 4694 emendationem
1279 4640 1531 4710 dogmatis
1596 4644 1852 4694 interesse.
1909 4640 1966 4694 Is
2022 4656 2136 4695 cum

546 4732 734 4787 adisset
764 4732 1136 4802 imperatorem,
1189 4741 1235 4785 et
1275 4734 1625 4802 episcoporum
1678 4731 1985 4804 legationem
2015 4732 2139 4786 inti-

545 4835 753 4891 masset,
797 4825 1108 4894 respondens
1163 4822 1596 4878 Valentinianus:
1630 4823 1784 4890 Mihi,
1817 4824 1998 4892 inquit,
2025 4839 2140 4877 cum

548 4921 774 4990 subjecto
795 4920 982 4989 populo
1010 4919 1072 4972 de
1099 4917 1400 4990 hujusmodi
1422 4918 1634 4988 negotiis
1664 4919 1862 4970 curiose
1886 4931 2034 4986 agere
2061 4919 2141 4986 fus

550 5032 652 5069 non
674 5025 768 5069 est.
796 5012 840 5068 U
847 5021 1000 5083 tergo
1029 5012 1229 5066 videtur
1258 5011 1396 5066 vobis
1416 5010 1788 5077 sacerdotibus,
1808 5010 1978 5081 facite.
1996 5009 2142 5066 Tunc

549 5109 795 5162 venientes
825 5107 964 5176 apud
999 5104 1370 5175 Lampsacum,
1413 5115 1459 5160 et
1505 5103 1703 5158 duobus
1741 5102 1851 5157 illic
1891 5103 2142 5158 mensibus

551 5203 871 5272 commorati,
897 5203 1165 5257 novissime
1192 5203 1339 5257 irrita
1363 5204 1552 5272 fecere,
1585 5213 1699 5278 quae
1721 5198 1784 5250 ab
1832 5195 2068 5253 Eudoxio
2094 5207 2141 5252 et

624 5363 651 5427 ξ
685 5364 746 5414 Α.
772 5358 1055 5427 Imperium
1078 5360 1327 5416 resistenti
1351 5359 1574 5423 illatum,
1593 5367 1696 5412 etc.

578 5423 744 5503 qbrA.
796 5423 961 5503 Esset,
993 5433 1173 5503 jussus
1200 5433 1262 5486 ab
1295 5433 1418 5498 imp.
1466 5431 1734 5502 sacrilego,
1765 5435 1853 5482 aut
1879 5429 2146 5485 immolare

554 5501 728 5566 idolis,
753 5512 840 5554 aut
860 5500 1040 5555 militia
1069 5503 1328 5566 excedere,
1363 5512 1560 5570 sponte,
1592 5500 1694 5556 etc.

630 5575 652 5603 °
682 5574 782 5644 A.:
806 5575 1066 5627 exstinxit.
1087 5571 1132 5626 ﬂ
1143 5576 1184 5626 is
1205 5574 1382 5626 diebus
1416 5573 1697 5644 Prompius
1727 5573 1867 5640 apud
1893 5572 2146 5627 Constan-

561 5643 822 5710 tinopolim
849 5646 1173 5712 tyrannidem
1203 5645 1466 5716 invadens,
1501 5647 1640 5710 apud
1668 5643 1948 5716 Phrygiam
1996 5644 2146 5699 Salu-

564 5723 719 5766 tarem
743 5717 1016 5786 exstinctus
1043 5725 1138 5786 est,
1171 5715 1475 5786 plurimique
1497 5719 1606 5786 ejus
1640 5719 1796 5782 partis
1816 5715 1963 5779 τωδὶ,
1995 5725 2146 5786 atque

561 5785 994 5857 proscripti_sunt.
1027 5783 1176 5840 Circa
1206 5788 1310 5841 haec
1337 5783 1560 5857 tempora
1587 5797 1922 5850 terrtcmntus,
1956 5783 2086 5842 etc;~

633 5859 661 5903 ά
689 5855 791 5914 A.:
817 5853 906 5913 Ita
934 5872 1075 5913 mare
1099 5858 1240 5915 littus
1268 5853 1544 5927 egressum,
1577 5869 1631 5914 ut
1658 5859 1874 5930 Siciliw,
1895 5868 1999 5917 etc.

2241 4616 2485 4715 'Agelone,
2530 4641 2872 4710 Gomarioque
2899 4616 3174 4706 militibus,
3209 4652 3339 4706 quos
3365 4635 3505 4690 etiam
3533 4616 3742 4718 postea-ll-

2242 4714 2466 4804 opinatis
2491 4735 2794 4806 quibusdam
2810 4730 3076 4803 suppliciis
3099 4731 3262 4802 jussit
3276 4725 3508 4795 expendi.
3525 4714 3742 4808 Despuit"

2243 4803 2376 4884 enim
2391 4803 2783 4900 jusjurandum,
2816 4827 2953 4894 quod
3005 4825 3078 4876 ei‘s
3117 4823 3430 4894 prwbuerat,
3453 4813 3585 4869 sertis
3611 4803 3741 4900 dt:le

2243 4896 2516 4976 crudeliter
2544 4920 2822 4975 interemit.
2853 4916 3154 4986 Tyrannum
3177 4931 3297 4970 vero
3327 4905 3510 4966 duabus
3537 4896 3741 4996 ticinltli"

2245 5015 2447 5069 boribus
2473 5014 2644 5083 ﬂexis,
2676 5011 2905 5082 singulos
2936 5012 2987 5063 in
3019 5009 3088 5063 eis
3133 5007 3288 5078 pedes
3329 5006 3436 5076 ejus
3480 4994 3608 5070 ligati
3647 4989 3740 5060 Ῑτάιι

2241 5124 2360 5180 qua:
2389 5107 2617 5161 dimissw
2646 5121 2817 5160 aerem
2855 5110 3158 5172 repetentes,
3193 5097 3499 5166 ProcOpium
3521 5083 3741 5184 diviserint.

2248 5173 2440 5256 Eodem
2474 5211 2700 5272 tempore
2731 5199 2933 5254 damon
2989 5195 3198 5266 quidam
3253 5203 3487 5248 erroneus
3521 5173 3742 5236 crudelia“

2319 5375 2344 5404 θ
2389 5367 2483 5418 A.:
2547 5361 2920 5433 Oppresserint.
2989 5357 3178 5433 Valens
3210 5355 3430 5433 interea.
3469 5347 3523 5400 ab

2245 5411 2451 5491 Arianae;
2498 5411 2744 5488 hrer'e'ieos
2793 5432 3054 5503 episcopo.
3084 5411 3740 5503 ὺαριὶιαεειεβιῇδωνξξίξξξῗ

2245 5483 2445 5491 “""""
2498 5483 2740 5488 """"'-
2795 5483 2845 5503 -τ
2881 5483 2916 5484 η
2939 5483 3014 5502 ’r’
3151 5483 3160 5495 -
3472 5493 3482 5502 .

2244 5507 2476 5562 hteresim
2528 5507 2762 5566 dilapsus
2803 5514 2906 5566 est,
2942 5511 3251 5569 conatusque
3262 5491 3556 5569 _Catholtco_s

2246 5542 2274 5560 η
2315 5542 2476 5561 ΊῦοΙΙΙῦ
2528 5542 2635 5558 “IIII
2663 5542 2762 5559 ’σμ’
2803 5542 2879 5557 is”.
2942 5542 3150 5555 υνσιισσιυυ
3189 5542 3249 5552 συν
3297 5542 3433 5549 ν-----
3579 5542 3587 5549 -

2246 5542 2419 5649 [διηὴ
2445 5542 2750 5632 auctoritate
2770 5543 3087 5641 compressus
3129 5542 3222 5625 es't.
3254 5565 3337 5649 Eu
3363 5561 3616 5631 tempestate
3631 5542 3739 5663 Msa:

2246 5652 2448 5686 nnra‘run
2479 5665 2567 5686 rom
2595 5647 2879 5686 Catthos-um
2933 5644 3254 5686 Christianas
3282 5656 3337 5686 In
3365 5645 3496 5686 ﬂente
3519 5641 3597 5682 sua
3615 5632 3678 5671 cru

2246 5641 2448 5706 uaricus
2479 5665 2567 5704 rex
2595 5647 2880 5702 Gothorum
2933 5644 3254 5699 Christianos
3282 5641 3337 5694 in
3365 5645 3496 5707 gente
3519 5641 3738 5702 manus,"

2249 5722 2437 5757 “ocima
2497 5729 2782 5757 nos-EPIIIIHI
2858 5721 2922 5757 ml
2961 5731 3201 5757 rm-mmm
3257 5707 3478 5757 mortarii
3510 5690 3738 5754 σιιθιηπππο

2247 5722 2437 5775 lissime
2495 5729 2812 5790 perscculus,
2857 5721 2922 5771 ad
2961 5731 3201 5771 coronam
3257 5709 3458 5779 martyri

2254 5791 2647 5850 Valentinianus
2696 5799 2801 5848 etc.
