3918 6344
163 358 249 418 939
1150 351 1466 410 HISTORIA
1509 350 1874 411 MlSCBL'aA.
1914 379 1986 394 --
2021 351 2152 408 LIB.
2193 350 2305 407 XII.
3313 351 3419 410 950

167 464 367 530 Valentis
396 472 605 534 abusus,
655 471 701 524 ei
752 468 1003 541 persuasit
1050 476 1107 522 ut
1151 477 1562 538 perscrutaretur
1601 468 1717 538 quis
1742 468 1795 531 Α
1822 465 1944 520 disti
1982 468 2202 537 justititz
2255 467 2542 522 convenire.
2597 466 2824 538 Cumque
2874 473 2989 538 post
3048 484 3242 537 paucos
3310 472 3419 526 dies

156 578 257 638 post
283 584 384 621 eum
431 576 560 619 esset
606 573 936 633 suscepturus
976 562 1273 632 imperium.
1328 562 1495 626 Quam
1533 562 1593 614 ob
1620 577 1729 614 rem

152 658 528 713 necromantiam
568 658 708 725 fecit.
765 656 961 722 Quibus
1002 654 1199 707 artibus
1245 654 1558 723 adimpletis,
1613 653 1729 716 plu-

146 751 292 804 rimas
339 750 423 803 ille
476 750 711 813 daemon,
761 764 861 801 non
892 746 1101 815 quidem
1133 757 1346 815 aperte,
1399 747 1488 799 sed
1525 745 1729 811 obliqua

144 844 320 917 fraude
345 858 586 913 responsa
612 839 873 913 proferens
904 841 1175 895 interemit.
1211 839 1348 894 Nam
1387 856 1504 893 cum
1547 840 1610 892 de
1634 840 1729 892 im-

146 936 282 1006 perio
310 938 676 1001 consuleretur,
713 943 931 1002 quatuor
959 933 1153 987 litteras
1182 932 1545 1003 demonstravit
1572 943 1729 988 ΘΕΟΔ

141 1030 329 1099 dicens,
361 1028 455 1081 hoc
485 1044 667 1081 nomen
692 1037 804 1097 post
842 1025 1108 1081 Valentem
1130 1026 1330 1093 imperii
1359 1026 1560 1078 culmen
1590 1025 1729 1078 acci-

143 1139 277 1194 pere.
307 1121 453 1187 Quod
483 1120 607 1173 dum
638 1117 704 1171 ad
730 1134 881 1171 aures
907 1118 1205 1188 pervenisset
1237 1118 1587 1185 imperatoris,
1619 1120 1730 1171 zelo

144 1216 320 1270 ductus
349 1216 534 1269 ntultos
564 1214 797 1285 peremit,
844 1228 971 1283 quos
1002 1212 1328 1282 tyrannidem
1358 1227 1617 1266 assumere
1639 1214 1732 1281 ju-

144 1309 341 1364 dicavit.
411 1305 788 1360 Uccidebantur
848 1306 1020 1374 itaque
1087 1302 1372 1369 Theodori,
1428 1301 1683 1356 Tlteoduli
1714 1343 1728 1367 ,

149 1396 408 1464 Theodoti,
449 1405 494 1450 et
523 1396 809 1465 quicunque
833 1393 926 1447 has
957 1394 1152 1447 litteras
1179 1394 1231 1446 in
1263 1395 1425 1464 capite
1456 1395 1537 1447 sui
1565 1393 1732 1446 nomi-

149 1494 215 1546 nis
247 1491 517 1544 habuisset.
571 1486 717 1543 Inter
738 1504 863 1559 quos
892 1488 1045 1542 etiam
1076 1487 1412 1552 Theodosius,
1455 1487 1531 1539 vir
1561 1487 1730 1557 fortis,

155 1599 201 1638 et:
232 1581 491 1653 Hispania
520 1582 781 1651 provincia
810 1597 966 1651 genus
990 1582 1203 1647 ducens,
1237 1590 1379 1649 pater
1431 1578 1732 1646 Theodosii,

156 1674 224 1746 qui
253 1684 363 1744 post
393 1674 609 1739 imperio
638 1673 867 1743 praefuit,
900 1672 1100 1725 occisus
1130 1681 1222 1726 est.
1256 1670 1373 1725 Hoc
1400 1686 1520 1740 ergo
1553 1671 1735 1723 timore

160 1768 351 1838 plurimi
385 1783 478 1819 sua
503 1767 710 1819 nontina
741 1773 1083 1830 mutaverunt,
1106 1780 1220 1831 qua:
1251 1765 1393 1830 prius
1421 1764 1729 1828 ltabuissenl,

164 1869 381 1932 negantes
447 1875 560 1911 cum
610 1860 943 1930 juramento,
1005 1866 1058 1910 ut
1122 1857 1348 1925 pericula
1395 1855 1731 1910 declinarent.

169 1955 349 2009 interea
399 1952 657 2007 Auxentio
700 1951 895 2005 Ariuno
949 1948 1323 2003 Mediolanensi
1360 1949 1596 2021 episc0po
1649 1951 1738 2003 de-

172 2049 344 2116 functo,
388 2044 781 2099 Valentinianus
807 2058 1089 2097 convocans
1118 2042 1406 2112 episcopos,
1442 2041 1740 2111 hujusntodi

170 2143 294 2195 rcrba
351 2141 490 2208 apud
540 2154 626 2193 eos
676 2137 878 2191 locutus
928 2146 1032 2191 est:
1087 2134 1269 2191 Nostis
1308 2145 1513 2204 aperte,
1556 2134 1741 2188 eruditi

172 2235 333 2302 quippe
377 2231 562 2285 divinis
616 2231 868 2297 eloquiis,
907 2231 1110 2295 qualem
1156 2236 1384 2295 Oporteat
1424 2243 1531 2281 esse
1567 2226 1739 2295 ponti-

169 2326 315 2394 ﬁcem,
344 2325 463 2393 quia
494 2339 597 2377 non
621 2323 758 2375 decet
788 2338 905 2374 eum
936 2321 1082 2373 verbo
1110 2321 1300 2387 solum,
1328 2319 1415 2373 sed
1447 2319 1596 2372 etiam
1622 2334 1741 2372 con-

171 2418 430 2469 versatione
460 2422 749 2485 gubernare
770 2415 1050 2484 subjectos,
1093 2423 1140 2465 et
1171 2412 1323 2464 totius
1353 2427 1405 2465 se
1436 2411 1744 2464 imitatorem

168 2510 350 2561 virtutis
375 2507 665 2572 ostendere,
714 2515 985 2574 testemque
1034 2505 1285 2557 doctrina:
1313 2503 1744 2557 conversationem

168 2599 332 2653 bonam
369 2599 571 2651 habere.
614 2595 795 2651 Talem
840 2596 1007 2663 itaque
1045 2595 1245 2665 eligite,
1293 2603 1338 2647 et
1369 2593 1422 2645 in
1465 2590 1747 2661 pontiﬁcali

167 2695 444 2748 constituite
472 2694 612 2758 sede,
635 2692 717 2745 cui
755 2702 803 2746 et
835 2707 927 2745 nos
949 2691 1037 2761 qui
1068 2692 1411 2762 gubernamus
1444 2690 1743 2759 imperium,

162 2788 344 2841 sincere
374 2788 540 2857 capita
566 2797 741 2840 nostra
768 2786 1152 2850 submittamus,
1179 2795 1224 2838 et
1254 2786 1365 2856 ejus
1394 2783 1748 2848 monita,dunt

164 2888 396 2949 tanquam
462 2880 689 2933 homines
761 2878 1122 2948 deliquerimus
1158 2917 1173 2940 ,
1243 2876 1529 2930 necessario
1594 2874 1750 2928 veluti

163 2976 379 3027 curantis
422 2977 792 3026 medicamenta
839 2970 1202 3039 suscipiamus.
1260 2967 1377 3022 [loc
1398 2983 1511 3020 cum
1539 2966 1750 3019 dixisset

162 3069 463 3138 imperator,
508 3066 648 3134 petiit
690 3066 913 3135 synodus
954 3073 1009 3117 ut
1066 3063 1228 3132 magis
1274 3062 1381 3130 ipse
1410 3060 1702 3113 decerneret
1735 3097 1750 3123 ,

162 3164 384 3228 sapiens,
408 3172 453 3215 et
485 3160 598 3230 pius
626 3161 870 3213 existens.
902 3159 964 3211 At
992 3156 1111 3211 ille:
1141 3156 1311 3226 Super
1329 3171 1434 3220 vos,
1467 3156 1651 3224 inquit,
1680 3162 1751 3208 est

164 3252 279 3304 talis
322 3253 516 3306 electio.
573 3250 675 3304 Vos
713 3251 848 3304 enim
889 3250 1060 3321 gratia
1100 3249 1272 3301 dit-ina
1321 3247 1505 3318 potiti,
1562 3256 1606 3300 et
1660 3246 1752 3300 illo

157 3347 424 3413 splendore
457 3346 731 3416 fulgentes,
761 3346 941 3399 melius
973 3344 1202 3413 poteritis
1228 3343 1436 3412 eligere.
1484 3341 1630 3395 Tunc
1668 3358 1754 3394 sa-

157 3441 384 3496 cerdotes
406 3440 684 3511 congressi,
704 3440 767 3491 de
796 3439 1071 3508 episcopali
1092 3440 1210 3491 sede
1229 3439 1532 3491 tractabant.
1562 3433 1754 3489 Verum

161 3534 381 3586 civitatis
411 3534 747 3597 habitatores,
776 3543 829 3584 ut
853 3531 1060 3597 assolet,
1089 3530 1332 3583 tumultus
1361 3527 1636 3597 faciebant,
1664 3525 1758 3579 alii

158 3626 310 3694 hunc,
343 3630 435 3681 alii
465 3627 615 3681 illunt
658 3625 888 3680 ordinari
921 3625 1204 3695 cupientes.
1242 3623 1342 3688 Qui
1365 3624 1495 3676 enim
1521 3630 1663 3676 erant
1696 3620 1759 3674 de

156 3718 336 3773 Ariani
365 3718 603 3774 Auxentii
653 3728 807 3777 secta,
842 3717 1057 3771 similem
1106 3715 1203 3769 sibi
1234 3716 1345 3782 ﬁeri
1376 3714 1754 3777 concertabant,

156 3827 366 3864 rursum
423 3810 700 3865 orthodoxi
755 3809 836 3863 sui
901 3808 1153 3878 dogmatis
1226 3808 1512 3861 nitebantur
1574 3804 1759 3858 habere

157 3904 474 3974 episcopum.
500 3900 655 3957 Hanc
674 3900 971 3957 seditionem
996 3901 1316 3965 Ambrosius,
1347 3901 1431 3954 cui
1453 3909 1573 3953 tunc
1590 3899 1759 3969 fuerat

157 3997 471 4063 prresidialis
500 4011 624 4049 cura
655 3994 940 4058 commissa,
971 4008 1300 4062 cognoscens,
1348 4001 1394 4045 et
1435 4000 1665 4044 metuens
1699 4006 1761 4044 ne

155 4088 276 4152 quid
338 4092 394 4142 in
452 4089 574 4142 urbe
634 4096 990 4156 consurgeret,
1054 4086 1122 4138 ad
1186 4084 1453 4139 ecclesiam
1499 4085 1763 4154 confestim

157 4182 391 4237 accessit.
422 4183 486 4234 At
512 4181 588 4235 illi
614 4190 840 4234 cessante
867 4179 1115 4233 seditione
1155 4192 1475 4231 communem
1514 4175 1763 4229 dederunt

158 4288 348 4339 vocem,
365 4283 587 4343 petentes
615 4282 669 4325 ut
697 4280 873 4340 pastor
901 4271 1067 4342 gregis
1087 4272 1413 4324 ordinaretur
1443 4268 1760 4330 Ambrosius,

159 4367 242 4431 qui
287 4368 517 4421 nondum
559 4366 725 4437 fuerat
773 4364 1084 4426 baptizatus.
1129 4362 1241 4416 lloc
1288 4362 1565 4433 imperator
1605 4375 1765 4430 agno-

162 4474 338 4524 scens,
378 4470 588 4527 repente
618 4458 774 4527 jussit
819 4456 1110 4527 baptizari,
1161 4465 1207 4508 et
1253 4465 1496 4524 tanquam
1556 4453 1764 4521 dignum

1828 572 2037 615 sanctus
2068 562 2360 616 Ambrosius
2376 579 2494 617 cum
2514 564 2675 617 multa
2691 564 2881 631 ﬁducia
2900 566 3039 635 apud
3058 566 3420 634 imperatorem

1830 662 2127 717 quereretur
2156 656 2276 723 quia
2307 653 2440 708 male
2467 672 2499 708 α
2518 655 2786 727 judicibus
2810 659 3075 731 agebatur,
3113 665 3234 711 tunc
3255 659 3420 728 impe-

1829 746 1970 805 rittor
2022 752 2125 806 ait:
2174 750 2351 813 Hanc,
2398 752 2593 819 inquit,
2639 752 3003 820 conﬁdentiam
3039 761 3179 805 tuam
3226 752 3424 806 dudum

1829 845 1981 909 novi,
2023 854 2070 898 et
2108 853 2282 911 aperte
2323 845 2543 911 probans
2590 861 2691 899 non
2732 846 2898 899 solum
2944 862 3048 901 non
3096 846 3291 912 restiti,
3335 845 3424 900 sed

1831 934 1986 987 etiam
2013 935 2066 987 in
2089 935 2328 987 electione
2354 936 2697 990 ordinationis
2740 945 2843 990 tute
2884 938 3050 990 socius
3080 936 3177 1006 fui.
3208 933 3427 990 Festina

1831 1030 2001 1097 itaque
2048 1046 2252 1096 sanare,
2299 1031 2430 1084 sicut
2468 1032 2521 1086 in
2561 1032 2736 1084 divina
2763 1032 2872 1102 lege
2896 1032 3210 1101 prcecipitur,
3240 1032 3428 1084 delicta

1837 1123 2129 1175 animarum
2162 1133 2471 1176 nostrarum.
2523 1122 2691 1193 Igitur
2726 1122 3128 1179 Valentinianus
3158 1123 3424 1193 Saxones,

1836 1226 2051 1288 gentem
2082 1216 2133 1271 in
2165 1216 2361 1285 Oceani
2387 1217 2656 1272 littoribus
2675 1226 2729 1272 et
2757 1217 3039 1286 paludibus
3065 1218 3223 1272 inviis
3243 1218 3424 1284 sitam,

1838 1311 2032 1365 virtute
2083 1320 2245 1380 atque
2291 1309 2528 1381 agilitate
2578 1310 2906 1375 terribilem,
2941 1309 3277 1380 periculosam
3325 1309 3432 1363 lio-

1845 1402 2019 1455 manis
2052 1400 2266 1466 linibus,
2298 1401 2634 1470 eruptionem
2666 1418 2852 1471 magna
2900 1402 3033 1455 mole
3062 1401 3430 1468 meditantem,

1838 1494 1892 1549 in
1924 1495 2050 1562 ipsis
2081 1494 2409 1549 Francorum
2440 1494 2636 1549 iinibus
2677 1494 2963 1564 oppressit.
2997 1494 3429 1564 Burgundionum

1838 1601 2051 1655 quoque
2097 1602 2343 1640 novorum
2392 1586 2622 1641 hostium
2673 1586 2824 1656 capit
2868 1601 3051 1639 nomen
3091 1601 3308 1649 novum,
3346 1585 3433 1655 qui

1842 1678 2120 1746 plusquam
2161 1692 2301 1732 ωαχ
2341 1677 2543 1744 millia,
2588 1684 2646 1731 ut
2689 1678 2880 1747 fertur,
2925 1685 3254 1731 armatorum
3305 1679 3436 1744 ripae

1843 1770 2016 1826 Rheni
2062 1770 2301 1825 ﬂuminis
2365 1771 2698 1827 insederunt.
2752 1769 2866 1824 Hos
2912 1769 3173 1840 quondam
3226 1769 3438 1823 subacta

1845 1865 2117 1922 Germania
2159 1865 2453 1920 interiorea
2494 1864 2663 1922 Druso
2706 1873 2754 1918 et
2793 1862 2997 1931 Tiberio
3036 1863 3283 1931 adoptivis
3317 1861 3439 1929 ﬁliis

1846 1957 2098 2026 Ctesaris,
2146 1973 2235 2026 per
2289 1965 2459 2011 castra
2504 1957 2779 2025 dispositos
2815 1955 2869 2008 in
2912 1969 3153 2023 magnam
3191 1954 3442 2006 coaluisse

1844 2058 2041 2118 gentem
2080 2057 2229 2116 atque
2257 2047 2328 2100 ita
2374 2048 2523 2100 etiam
2550 2062 2733 2101 nomen
2758 2060 2822 2101 ea:
2859 2060 3013 2114 opere
3041 2046 3440 2114 praesumpsisse,

1844 2139 1970 2210 quia
2015 2138 2191 2193 crebra
2238 2155 2327 2209 per
2361 2138 2574 2193 limitem
2605 2137 2899 2191 habitacula
2931 2140 3204 2191 constituta
3247 2135 3446 2207 But-gos

1847 2233 1997 2302 vulgo
2028 2240 2225 2296 vocant,
2243 2246 2510 2299 eorumque
2530 2245 2636 2284 esse
2664 2229 3080 2298 prtevalidam,et
3105 2228 3443 2298 perniciosum

1848 2339 2082 2389 ntanunt,
2124 2320 2309 2377 Galliie
2347 2321 2598 2391 hodieque
2631 2331 2775 2376 testes
2825 2331 2965 2388 sunt,
3020 2323 3074 2375 in
3102 2320 3282 2392 quibus
3312 2336 3447 2388 prat-

1847 2426 2049 2487 sumpta
2078 2418 2396 2487 possessione
2419 2417 2722 2482 consistunt,
2773 2414 2862 2485 qui
2910 2424 3084 2471 tamen
3123 2429 3229 2470 non
3282 2414 3449 2469 multo

1851 2519 1969 2577 post
2000 2517 2237 2578 tempore
2256 2508 2544 2563 Christiani
2572 2507 2746 2562 ellecti
2774 2516 2920 2563 sunt.
2968 2505 3279 2562 Valentinus
3311 2516 3336 2544 α
3364 2506 3446 2559 in-

1854 2610 1933 2655 lcr
1966 2601 2078 2655 lucc
2104 2610 2391 2670 antequam
2424 2600 2757 2672 tyrannidem
2818 2598 3113 2664 invaderet,
3160 2610 3450 2666 oppressus

1857 2702 1959 2749 est.
1988 2693 2389 2748 Valentinianus
2418 2708 2543 2747 vero
2570 2707 2712 2747 anno
2738 2692 2945 2760 imperii
2975 2690 3058 2744 sui
3087 2689 3390 2754 undecimo,
3421 2690 3451 2732 b

1853 2804 1977 2843 cum
2008 2789 2438 2843 Sauromatarum
2466 2803 2613 2856 gens,
2643 2801 2756 2854 quae
2799 2786 3010 2856 pusilla,
3037 2768 3087 2837 ct
3114 2783 3291 2851 inﬁma
3332 2798 3453 2853 gens

1854 2891 1949 2947 est,
2007 2891 2185 2935 contra
2236 2897 2351 2934 eum
2382 2880 2671 2951 insurgens,
2702 2894 2814 2932 sese
2843 2893 2931 2947 per
2965 2875 3261 2930 Pannonias
3290 2873 3453 2942 αθηνα-

1854 2974 2028 3037 disset,
2071 2986 2268 3041 easque
2323 2980 2345 3008 ε
2404 2972 2703 3037 devastaret,
2759 2967 2987 3038 belloque
3015 2967 3076 3021 ab
3104 2982 3160 3020 eo
3184 2975 3445 3037 superata,

1854 3068 1992 3136 apud
2027 3065 2368 3135 Brigitionem
2400 3062 2653 3132 oppidum
2683 3061 2708 3097 ά
2744 3060 3046 3128 Quadorum
3075 3059 3254 3129 legatis
3283 3056 3451 3111 missis

1857 3174 2032 3229 pacem
2059 3157 2403 3227 expostularet
2420 3171 2439 3210 :
2487 3170 2603 3210 cum
2651 3170 2684 3206 a
2708 3151 2891 3224 legatis
2919 3167 3093 3206 eorum
3115 3149 3456 3209 sciscitaretur

1860 3260 2029 3304 utrum
2053 3251 2379 3306 Sauromata:
2410 3248 2560 3317 tales,
2591 3256 2635 3301 et
2668 3259 2771 3301 tam
2792 3247 2966 3300 vilium
2985 3244 3257 3315 corporitnt
3285 3257 3458 3297 omnes

1856 3346 2167 3408 existerent,
2216 3342 2639 3412 respondentibus
2675 3337 3003 3412 imperatori:
3052 3338 3186 3405 Quia
3225 3335 3459 3390 meliores

1857 3452 2033 3490 eorum
2057 3436 2139 3489 hic
2168 3436 2338 3500 habes,
2370 3446 2418 3487 et
2441 3432 2615 3498 vides;
2646 3443 2753 3485 tum
2783 3430 3089 3485 validissime
3117 3430 3204 3484 ille
3233 3429 3460 3483 clamans

1858 3532 1931 3585 ait
1964 3547 1983 3585 :
2015 3530 2220 3583 Atracia
2275 3529 2569 3584 Romanum
2596 3529 2864 3596 imperiunt
2890 3527 3103 3579 sustinet
3130 3524 3197 3576 ad
3228 3522 3462 3576 Valenti.

1859 3627 2074 3680 nianum
2104 3623 2475 3695 pertingens,si
2498 3620 2823 3677 Sauromata:
2844 3619 2968 3673 tales
2990 3619 3256 3673 existentes
3282 3626 3462 3670 contra

1860 3722 2125 3778 Romanos
2152 3719 2447 3789 insurgunt.
2494 3714 2579 3770 Ex
2614 3715 2940 3769 animositate
2978 3724 3145 3769 autem
3178 3712 3369 3775 nimia,
3415 3719 3462 3765 et

1860 3814 2047 3886 plausu
2076 3825 2318 3865 manuunt
2339 3825 2468 3863 vena
2496 3807 2722 3877 corporis
2755 3809 2943 3869 recisa,
2971 3816 3020 3859 et
3047 3805 3266 3875 plurimo
3285 3818 3461 3858 erum-

1863 3911 2011 3977 pente
2070 3904 2350 3976 sanguine,
2428 3915 2548 3972 quae
2612 3900 2797 3956 Graece
2861 3893 3142 3961 ἁπόπληξις
3211 3902 3461 3961 vocatur,

1864 4012 1999 4056 voce
2025 3998 2242 4063 amissa,
2269 4011 2431 4053 sensu
2460 3996 2668 4064 integer
2702 3990 3001 4061 expiravit:
3057 3987 3198 4058 quod
3246 3987 3459 4056 quidem

1863 4089 2272 4161 intemperantia
2297 4088 2401 4143 cibi
2419 4101 2488 4142 ac
2509 4084 2817 4140 °securitate
2843 4083 3018 4152 plures
3047 4079 3276 4134 retulere
3295 4094 3310 4144 ;
3328 4094 3465 4132 anno

1863 4186 2029 4241 atatis
2069 4182 2493 4254 quinquagesimo
2522 4188 2570 4233 et
2611 4178 2809 4247 quinto,
2842 4175 3111 4229 consulatu
3141 4171 3379 4227 Gratiani
3414 4179 3464 4225 et

1865 4279 2086 4349 Equitii,
2116 4292 2185 4331 xv
2211 4274 2437 4330 Kalend.
2472 4270 2790 4327 Decembris.
2814 4267 2938 4323 Fuit
2956 4278 3131 4321 autem
3177 4267 3468 4334 imperator

1865 4370 2133 4443 egregius,
2176 4369 2321 4422 vultu
2364 4354 2398 4405 ’ί
2443 4367 2684 4433 decorus,
2729 4363 2899 4418 solers
2942 4361 3176 4431 ingenio,
3224 4359 3404 4413 animo
3440 4367 3465 4404 8

1866 4467 2064 4538 gravis,
2089 4463 2380 4521 Aureliano
2407 4460 2620 4520 similis.
2646 4472 2897 4515 sermone
2920 4456 3267 4518 cultissimus,
3298 4466 3468 4523 quan-

163 4551 322 4605 virum
353 4550 587 4606 ordinari
618 4550 933 4618 pontiﬁcem.
969 4547 1195 4601 Noverat
1217 4548 1351 4599 enim
1369 4549 1479 4617 ejus
1497 4546 1763 4599 certiorem
1795 4574 1844 4635 Β
1867 4576 2025 4632 quam
2051 4567 2196 4617 “se;
2209 4558 2276 4612 ad
2302 4552 2630 4626 loquendum
2656 4566 2867 4621 parcus,
2886 4565 3126 4617 “verus,
3144 4548 3464 4616 vehemens,

166 4645 300 4696 omni
354 4643 579 4715 pondere
619 4640 965 4707 voluntatem,
1016 4648 1065 4693 et
1112 4638 1267 4691 totius
1319 4636 1511 4707 regula:
1563 4635 1765 4690 decreta

164 4739 447 4800 subtiliora,
466 4735 743 4790 arbitratus
765 4734 915 4788 etiam
940 4732 1164 4785 divinum
1190 4732 1243 4784 itt
1271 4746 1329 4784 eo
1359 4745 1464 4783 esse
1479 4728 1761 4801 judicium,

167 4836 282 4887 dum
302 4836 357 4888 in
393 4824 503 4903 efus
534 4830 777 4887 electione
803 4830 955 4883 etiam
988 4844 1110 4898 pars
1141 4824 1405 4880 contraria
1433 4822 1760 4878 consonaret.

170 4926 222 4982 ls
250 4945 369 4998 ergo
399 4926 535 4980 sacri
567 4922 888 4994 baptismatis
919 4921 1054 4974 dono
1080 4926 1293 4990 potitus,
1324 4919 1544 4988 gratiam
1567 4932 1765 4986 quoque

168 5022 317 5075 simul
370 5019 590 5083 suscepit
647 5017 989 5086 episcopatus.
1023 5012 1135 5080 Quo
1165 5012 1302 5082 [acto
1346 5011 1567 5079 optimus
1613 5011 1767 5080 impe-

173 5130 309 5170 rator
349 5119 484 5170 hunc
536 5115 784 5185 hymnum
820 5111 1082 5168 Salvatori
1108 5151 1125 5177 ,
1176 5121 1223 5164 et
1270 5108 1488 5162 Domino
1527 5107 1768 5163 obtulisse

177 5207 371 5271 fertur;
404 5206 637 5270 Gratias,
679 5203 866 5269 inquit,
896 5201 984 5256 tibi
1022 5217 1142 5272 ago,
1189 5198 1409 5253 Domine
1453 5198 1769 5267 omnipotens

172 5321 221 5354 ιτ
244 5302 489 5358 Salvator
511 5311 702 5365 noster,
733 5300 854 5370 quia
883 5297 1002 5351 huic
1032 5297 1143 5349 viro
1191 5312 1283 5366 ego
1310 5295 1515 5364 quidem
1542 5291 1771 5346 commisi

175 5410 409 5465 corpora,
441 5406 496 5449 tu
522 5403 694 5447 autent
721 5393 944 5457 animas,
974 5398 1020 5443 et
1064 5404 1229 5442 meam
1267 5388 1564 5441 electionem
1612 5393 1774 5440 osten-

242 5524 269 5553 ι
296 5515 389 5578 A.,
415 5512 547 5565 inter
579 5510 684 5563 luec
708 5508 759 5561 in
783 5506 1057 5561 Britannia
1084 5511 1380 5578 antequam,
1411 5510 1517 5556 etc.

242 5586 270 5623 δ
302 5575 395 5648 Δί,
426 5599 543 5635 cum
568 5582 821 5635 Sarmata:
842 5594 971 5645 sese,
998 5588 1104 5631 etc.
1129 5575 1474 5641 diﬂ'udissent.

247 5674 268 5699 ε
299 5646 391 5719 A.,
425 5664 678 5707 vastarent
701 5653 883 5705 bellum
905 5652 954 5702 in
977 5665 1061 5702 eos
1092 5649 1445 5715 paruns,dum
1472 5646 1632 5717 apud,
1665 5655 1770 5701 etc.

244 5731 269 5771 ἀ
302 5729 407 5782 A.:
462 5725 792 5791 Squadorum
828 5723 1071 5791 legationi
1114 5720 1459 5791 responderet,
1506 5735 1639 5771 anno
1682 5719 1775 5770 avi

172 5798 347 5863 quinto
376 5808 422 5851 et
450 5790 1059 5867 quinquagesimosubita
1083 5790 1333 5859 effusione
1363 5791 1776 5861 sanguinis,quw

177 5870 357 5925 Greece
384 5870 676 5939 apoplexis,
706 5877 809 5925 etc.

1870 4654 1898 4693 ιι
1915 4655 2138 4711 infestus
2152 4652 2319 4716 vitiis,
2334 4651 2690 4718 maximasque
2705 4644 2798 4719 [ιη’.
2817 4648 2918 4719 leg.
2936 4642 3192 4716 maxime]
3208 4642 3466 4698 avaritia.

1876 4751 2227 4807 Severitatem
2252 4756 2429 4800 tamen
2456 4744 2578 4813 ejus
2603 4742 2823 4798 nimiam
2844 4750 2898 4795 et
2924 4741 3236 4810 parcitatem
3256 4737 3468 4806 quidam

1870 4840 2237 4898 crudelitatem
2276 4848 2330 4892 et
2360 4836 2645 4889 avaritiam
2676 4832 3187 4903 interpretabantur.
3221 4831 3358 4883 Acer
3417 4828 3470 4881 in

1874 4936 1957 4991 liis
1988 4948 2108 5006 quas
2146 4950 2225 4987 me
2250 4940 2555 4987 moraturus
2607 4944 2745 4993 sum,
2796 4927 3141 4996 Adrianoque
3176 4923 3469 4993 proximus,

1874 5032 2097 5101 pingere
2114 5025 2513 5091 venustissime,
2539 5023 2869 5089 meminisse,
2891 5036 3023 5075 nova
3040 5034 3185 5074 arma
3202 5015 3469 5082 meditari,

1876 5124 2075 5191 ﬁngere
2099 5134 2223 5175 cera
2253 5132 2349 5172 seu
2381 5117 2507 5171 limo
2543 5116 2864 5179 simulacra,
2898 5112 3190 5184 prudenter
3225 5111 3299 5163 uti
3320 5109 3472 5176 locis,

1875 5214 2222 5283 temporibus,
2255 5223 2525 5273 sermone,
2554 5217 2753 5277 atque,
2787 5216 2845 5260 ut
2870 5203 3101 5258 breviter
3129 5200 3470 5267 concludam,

1874 5306 1919 5360 si
1938 5306 1986 5360 ei
2013 5304 2026 5341 ί
2052 5302 2228 5371 infidis
2247 5300 2574 5363 hominibus,
2590 5297 2789 5368 quibus
2810 5310 2868 5350 se
2882 5296 3031 5366 quasi
3052 5291 3325 5350 ﬁdissimis
3350 5306 3473 5361 pru-

1873 5397 2308 5466 dentissimisque
2324 5396 2567 5460 dederat,
2583 5404 2777 5449 carere
2791 5398 2883 5446 aut
2900 5388 3138 5460 probatis
3165 5386 3475 5457 auditisque

1948 5522 1972 5551 ⁸
1995 5514 2086 5579 A.,
2117 5510 2404 5566 saturitate.

1951 5583 1971 5621 ί
2001 5588 2091 5645 Α.,
2120 5585 2318 5635 decens.

1950 5666 1974 5735 ξι
2120 5621 2318 5735 gravi:
2340 5654 2565 5707 ntoribus
2582 5621 2699 5719 Aul
2712 5650 2904 5717 eliano,
2930 5658 3035 5706 etc.

1948 5724 1973 5767 ιι
1998 5724 2389 5795 Μ5,,’ίηῙεεια.ς.

1954 5798 1971 5837 ἱ
2006 5805 2094 5858 Α..
2120 5799 2282 5853 Τωάέε.
