3918 6344
140 398 225 452 935
690 372 693 375 ’
1161 386 1487 447 HISTORIA
1527 384 1895 442 MISCELLA.
1933 414 2004 430 --
2040 385 2171 446 LIB.
2212 390 2328 446 xu.

3274 393 3377 453 θδι

141 516 231 568 loco
257 520 426 565 tenens
455 510 801 581 principatum
831 506 1134 573 Getharum,
1174 507 1262 573 qui
1291 514 1339 557 et
1373 515 1533 557 terras
1563 501 1693 570 δεν-
1723 502 1775 560 Δ
1802 502 2033 557 decenter
2063 516 2291 560 ornatus.
2346 504 2487 561 Tunc
2514 508 2558 562 ei
2581 510 2739 579 jussit
2773 508 2961 565 Valens
3008 528 3211 583 poscere
3239 517 3378 572 dona

139 606 251 659 thias
285 618 398 655 cum
438 618 532 655 sua
561 612 707 670 gente
735 601 975 663 introiit,
1030 602 1218 662 reperit
1263 597 1317 649 in
1364 594 1558 666 papula
1607 609 1698 646 suo

137 699 363 769 quasdam
391 710 564 765 magas
592 695 827 748 mulieres
850 735 863 757 ,
902 707 1028 763 quas
1064 691 1277 745 Gothico
1317 703 1548 743 sermone
1574 687 1699 756 Alg-

134 806 326 845 rumnas
352 799 554 855 vocant,
594 803 776 857 easque
804 784 996 839 habens
1027 791 1302 852 suspectas,
1334 782 1395 834 de
1422 780 1588 834 medio
1620 777 1702 832 sui

130 885 452 957 proturbavit,
473 883 716 948 longeque
736 879 796 932 ub
816 880 1039 933 exercitu
1066 896 1157 933 suo
1180 882 1408 949 fugatas,
1437 878 1489 930 in
1518 875 1699 929 solitu-

125 981 233 1032 dine
262 978 425 1046 coegit
466 989 658 1034 errare,
690 989 820 1042 quas
851 971 1102 1025 silvestres
1134 970 1388 1035 homines,
1419 985 1547 1037 quos
1574 984 1699 1022 non-

121 1069 245 1124 nulli
274 1071 457 1137 [aunos
484 1064 741 1137 phicarios
769 1074 948 1117 vocant
975 1104 990 1130 ,
1040 1078 1129 1131 per
1159 1062 1414 1116 desertum
1459 1070 1700 1130 vagantes

118 1164 234 1215 dum
266 1159 525 1223 vidissent,
545 1165 592 1210 et
608 1172 779 1209 eurum
795 1154 1139 1223 complexibus
1156 1155 1209 1207 in
1235 1154 1421 1206 coitum
1438 1152 1699 1205 emiscuis-

114 1264 216 1310 sent
229 1251 324 1326 [Γ.
340 1248 727 1321 emicuisseut],
742 1252 837 1302 hoc
847 1264 1003 1318 genus
1015 1246 1387 1312 ferocissimum
1400 1244 1693 1297 ediderunt.

117 1348 267 1414 Quod
283 1347 382 1415 fuit
398 1347 616 1417 primum
637 1343 766 1397 inter
789 1340 1001 1411 paludes
1021 1338 1313 1402 Matotidas,
1334 1340 1607 1401 minutum,
1627 1346 1700 1389 te-

114 1449 269 1501 trum,
293 1447 446 1504 atque
458 1433 608 1497 exile,
626 1430 1118 1502 quasiinhumanum
1135 1446 1315 1501 genus,
1334 1446 1423 1483 nec
1454 1432 1557 1482 alia
1582 1443 1701 1482 voce

114 1540 312 1593 notum,
344 1529 445 1581 nisi
471 1526 607 1597 quod
639 1524 848 1578 humani
878 1526 1127 1577 sermonis
1155 1522 1431 1592 imaginem
1463 1523 1700 1592 assigna-

119 1626 210 1680 bat.
249 1620 375 1675 Tali
402 1621 557 1691 igitur
584 1620 744 1687 stirpe
776 1617 954 1670 Hunni
984 1616 1171 1677 creati,
1198 1614 1481 1669 Gothorum
1512 1614 1700 1681 ﬁnibus

121 1717 449 1771 advenerunt.
476 1710 615 1766 Nam
639 1721 684 1764 et
706 1726 833 1779 quos
861 1709 991 1763 bello
1020 1709 1237 1775 forsitan
1260 1708 1468 1760 minime
1488 1721 1700 1771 supera-

126 1808 248 1871 bant,
284 1807 458 1859 vultus
487 1805 569 1857 sui
601 1815 791 1856 terrore
818 1802 1029 1854 nimiunt
1080 1814 1318 1867 pavorem
1364 1798 1695 1867 ingerebant,

129 1910 158 1957 tt
195 1898 521 1953 terribilitate
566 1898 831 1969 fugabant.
891 1893 970 1948 Eo
1016 1893 1152 1963 quod
1198 1902 1309 1946 erat
1352 1893 1461 1962 ejus
1508 1892 1700 1958 species

133 1991 359 2061 pavenda:
386 1990 699 2059 nigredinis,
744 1996 791 2039 tt
821 1988 954 2039 velut
985 1984 1243 2052 quaedam,
1276 1985 1320 2036 si
1352 1982 1453 2035 dici
1483 1983 1563 2050 fas
1592 1990 1699 2048 est,

136 2084 218 2151 olla
246 2084 493 2152 deformis
520 2129 534 2152 ,
587 2098 685 2134 non
728 2081 923 2151 (aries,
971 2079 1262 2146 habensque
1309 2078 1468 2147 magis
1513 2087 1703 2145 puncta

136 2195 263 2249 quam
299 2176 501 2230 luntina
526 2216 541 2240 ,
594 2190 811 2245 quorum
861 2175 1019 2226 animi
1050 2171 1296 2241 fiduciam
1328 2182 1501 2224 torvus
1533 2171 1704 2240 prodit

138 2280 342 2341 aspectus
363 2312 380 2336 ,
427 2270 514 2339 qui
543 2271 698 2322 etiam
728 2268 780 2321 in
812 2271 1025 2339 pignora
1054 2269 1220 2336 primo
1266 2264 1347 2319 die
1389 2273 1510 2317 nata
1539 2265 1702 2317 deste-

138 2363 270 2415 siunt.
305 2359 446 2415 Nam
478 2362 703 2413 maribus
734 2359 871 2429 ferro
901 2375 1054 2427 genas
1085 2366 1286 2423 secant,
1337 2364 1390 2410 ut
1430 2365 1702 2425 antequam

138 2450 261 2505 lactis
285 2451 596 2504 nutrimenta
625 2450 914 2520 percipiant
940 2488 954 2511 ,
1003 2447 1231 2501 vulneris
1257 2456 1508 2517 cogantur
1534 2450 1703 2499 subire

136 2548 455 2601 tolerantiam.
499 2545 629 2598 Hinc
660 2545 901 2597 imberbes
929 2550 1216 2607 senescunt,
1243 2552 1290 2597 et
1316 2545 1424 2595 sine
1447 2552 1703 2597 venustate

135 2641 290 2709 ephebi
319 2648 461 2703 sunt,
506 2639 623 2709 quia
655 2640 808 2707 [acies
839 2640 975 2705 ferro
1003 2638 1200 2689 sulcata
1231 2636 1582 2697 tempestivam
1617 2637 1700 2701 tri-

134 2736 281 2791 lorunt
322 2735 540 2811 gratiam
590 2737 644 2788 in
691 2734 951 2787 cicatrices
979 2732 1217 2785 absumit.
1278 2731 1468 2800 Exigui
1499 2732 1703 2798 quidem

134 2836 302 2901 forma,
334 2831 425 2889 sed
452 2830 648 2899 argutis
673 2828 894 2883 motibus
923 2828 1173 2895 expediti,
1200 2839 1247 2882 et
1274 2829 1340 2881 ad
1370 2828 1703 2895 equitandum

132 2924 481 2994 promptissimi
508 2968 520 2991 ,
572 2922 799 2990 scapulis
829 2922 946 2975 latis
969 2961 985 2988 ,
1036 2932 1082 2974 et
1109 2920 1178 2974 ad
1210 2937 1362 2972 arcus
1388 2919 1702 2990 sagittasque

132 3016 324 3083 parati,
375 3015 537 3084 ﬁrmis
583 3013 855 3067 cervicibus
905 3023 951 3067 et
996 3012 1232 3083 superbia
1282 3029 1478 3083 semper
1527 3013 1701 3068 erecti.

131 3105 196 3159 Hi
230 3122 342 3160 vero
380 3108 472 3160 sub
513 3106 778 3159 hominum
814 3106 981 3175 ﬁgura
1021 3106 1192 3158 vivunt
1235 3104 1457 3157 belluina
1485 3105 1700 3159 scevitia.

133 3195 270 3263 Quod
316 3213 474 3269 genus
524 3196 960 3267 expeditissimum
1013 3194 1389 3264 multarumque
1437 3196 1700 3248 nationum
1731 3218 1776 3281 ρ

129 3289 483 3357 grassatorium
508 3328 523 3351 ,
574 3295 628 3341 ut
675 3287 908 3341 viderunt
942 3284 1137 3351 Gothi,
1176 3285 1402 3339 transito
1432 3284 1697 3349 Danubio,

129 3377 401 3449 fugientes,
432 3394 461 3433 a
487 3378 706 3434 Valente
731 3379 845 3434 sine
877 3376 979 3432 ulla
1008 3375 1225 3433 hederis
1257 3376 1504 3446 pactione
1528 3387 1552 3413 α
1578 3392 1699 3431 sus-

127 3474 253 3541 cepti
298 3486 457 3527 sunt:
504 3472 731 3526 tribuens
767 3471 840 3525 eis
880 3481 1043 3524 terras
1070 3469 1413 3524 Thraciarum
1442 3471 1511 3523 ad
1556 3468 1700 3524 habi—

127 3564 352 3630 tandum,
384 3564 661 3618 arbitratus
695 3575 1038 3635 prazparatum
1065 3563 1302 3619 solatium
1331 3562 1394 3615 ab
1419 3562 1491 3615 eis
1518 3561 1704 3616 habere

124 3667 290 3711 contra
319 3674 489 3711 omnes
528 3656 767 3713 barbaros
792 3696 808 3725 ,
860 3658 954 3710 hac
997 3672 1088 3728 pro
1127 3672 1182 3709 re
1218 3655 1400 3709 milites
1432 3656 1493 3709 de
1518 3664 1702 3709 caetero

125 3752 401 3825 negligebat
420 3794 436 3818 ,
480 3762 527 3805 et
556 3767 641 3805 eos
669 3750 758 3821 qui
786 3750 982 3805 dudum
1011 3762 1188 3803 contra
1216 3750 1382 3803 hostes
1408 3748 1704 3804 elaborave-

125 3854 237 3897 runt
264 3846 542 3919 imperator
566 3843 893 3914 despiciebat.
928 3841 1101 3896 Etiam
1130 3841 1403 3896 collatores
1425 3859 1542 3895 suos
1572 3857 1704 3910 pric-

126 3940 252 4005 cepit
274 3940 549 4008 provincia:
570 3954 661 4008 per
680 3938 814 3993 vicos
842 3946 888 3992 et
918 3938 1167 4003 civitates,
1194 3952 1283 4005 per
1304 3951 1707 4006 unumquemque

127 4016 333 4085 militem
353 4031 606 4103 octoginta
628 4031 816 4085 solidos
836 4029 1057 4100 exigere.
1085 4027 1197 4083 Hoc
1218 4046 1338 4103 ergo
1359 4028 1456 4099 [uit
1476 4029 1701 4093 initium,

128 4132 177 4174 ut
224 4124 274 4176 in
318 4122 413 4177 illo
463 4132 689 4190 tempore
727 4122 965 4176 Romana
1011 4137 1145 4190 resp.
1183 4119 1558 4179 calamitatibus
1586 4117 1705 4172 sub.

129 4218 344 4271 daretur.
390 4216 609 4271 Barbari
640 4232 853 4286 namque
883 4232 997 4269 cum
1025 4212 1274 4268 Thracias
1306 4215 1703 4280 continuissent,

129 4306 330 4364 licenter
352 4308 695 4365 Romanorum
716 4307 978 4361 vastabant
1004 4305 1308 4377 provincias,
1335 4304 1705 4375 depopulantes

128 4402 311 4456 vicinas
341 4402 586 4456 civitates.
621 4396 829 4453 Interea
856 4396 1037 4452 Valens
1064 4397 1128 4455 ab
1152 4398 1425 4451 Antiochia
1452 4396 1705 4451 Cons:an-

130 4492 385 4560 titwpolim
433 4492 634 4546 veniens
658 4531 673 4561 ,
722 4490 864 4557 apud
898 4488 1220 4561 Bosphorum
1261 4504 1569 4562 cognoscens
1604 4487 1706 4543 Co-

1796 611 1910 666 qua:
1936 596 2101 651 vellet.
2134 599 2198 651 At
2228 597 2337 663 ille,
2367 599 2505 668 quod
2537 600 2743 656 decebat
2772 602 2912 673 pium
2941 602 3106 657 virum
3131 608 3373 677 cogitare,

1798 690 2057 754 respondit
2084 706 2185 741 non
2217 704 2396 742 aurum
2421 729 2437 755 ,
2488 707 2592 744 non
2621 704 2886 763 argentum
2910 734 2926 759 ,
2975 708 3074 748 non
3104 698 3376 762 prtedium,

1798 797 1901 836 non
1932 784 2215 853 cingulum,
2250 801 2302 839 se
2330 797 2515 856 petere,
2551 802 2707 857 neque
2737 792 2963 852 domum,
2989 790 3077 843 sed
3107 801 3162 842 ut
3191 794 3261 844 eis
3290 794 3383 860 qui

1798 890 1891 944 pro
1919 877 2202 942 apostolica
2229 877 2461 931 doctrina
2494 879 2726 948 pericula
2751 883 3087 936 sustinuerint
3114 900 3215 937 una
3249 900 3381 953 prte-

1799 967 1998 1022 beretur
2021 971 2253 1024 ecclesia.
2285 972 2349 1024 At
2373 971 2461 1026 ille
2483 974 2769 1041 petitionem
2795 989 2859 1029 ea:
2883 975 3070 1043 scripto
3096 986 3382 1049 susceptam

1797 1074 2104 1129 cognoscens
2136 1064 2355 1131 disrupit
2380 1103 2394 1125 ,
2441 1078 2653 1130 eumque
2683 1066 2789 1118 alia
2818 1068 3077 1137 postulare
3114 1070 3376 1139 praecepit.

1811 1149 1997 1205 Verum
2028 1152 2117 1205 ille
2140 1167 2158 1206 :
2179 1152 2347 1207 Verba
2375 1170 2602 1225 precum,
2632 1156 2816 1221 inquit,
2848 1158 3068 1225 suscipe,
3103 1174 3133 1211 o
3162 1160 3382 1226 impera-

1798 1252 1896 1309 tor,
1915 1252 1965 1298 et
1989 1244 2148 1298 habeo
2171 1245 2384 1309 donum,
2404 1247 2546 1299 aliud
2569 1262 2683 1300 vero
2706 1264 2805 1301 non
2828 1250 3051 1319 postulo.
3079 1247 3386 1306 Intentionis

1799 1351 1924 1388 mea:
1942 1338 2109 1407 jutlea:
2146 1346 2223 1391 est
2253 1339 2604 1392 universorum
2630 1338 2824 1394 Iudex.
2867 1341 2995 1395 Cum
3023 1359 3142 1413 ergo
3171 1340 3384 1406 Valens,

1799 1427 2066 1498 Bosphoro
2120 1434 2334 1502 trajecta
2362 1471 2378 1497 ,
2427 1434 2639 1486 venisset
2692 1432 2744 1486 in
2788 1432 3105 1498 Thraciam,
3165 1436 3385 1504 primum

1799 1523 2001 1592 quidem
2039 1522 2485 1592 ConstantinOpoli
2534 1534 2879 1579 cammoratus
2926 1537 3038 1595 est,
3086 1543 3389 1597 pra>purans

1801 1616 2028 1680 bellum,
2077 1618 2262 1671 deinde
2295 1617 2583 1680 Traianum
2624 1621 2929 1689 magistrum
2977 1637 3092 1674 cum
3140 1623 3391 1691 expeditis

1801 1723 1977 1767 contra
2008 1712 2202 1768 Gothos
2244 1717 2549 1781 destinavit,
2598 1719 2689 1788 qui
2735 1719 2895 1775 vietus
2941 1720 3274 1790 ignominiose
3315 1730 3390 1779 est

1803 1824 2050 1869 reversus,
2069 1810 2152 1862 cui
2174 1826 2284 1861 cum
2308 1808 2493 1863 Valens
2517 1812 2781 1863 mollitiem
2810 1812 3158 1881 exprobraret,
3184 1832 3392 1885 respon-

1806 1902 1877 1954 dit
1904 1917 1922 1955 :
1946 1902 2065 1956 Non
2091 1918 2182 1972 ego
2211 1903 2370 1955 victus
2400 1920 2531 1967 sum,
2550 1905 2848 1969 imperator,
2878 1906 2966 1958 sed
2995 1916 3068 1970 tu,
3099 1905 3187 1972 qui
3212 1918 3392 1960 contra

1806 1992 1970 2045 Deum
1999 2011 2197 2064 pugnas
2225 2036 2238 2056 ,
2290 2002 2337 2047 et
2383 1995 2612 2048 barbaris
2653 2005 2832 2049 nutum
2860 1995 2974 2071 ejus
2999 1998 3263 2052 concilias.
3311 2000 3390 2057 Att

1803 2091 1966 2144 nescis
1994 2108 2119 2155 quos
2150 2090 2210 2143 ab
2245 2090 2490 2145 Ecclesiis
2517 2092 2783 2157 expulisti,
2828 2102 2875 2145 et
2903 2092 3081 2161 quibus
3108 2110 3194 2147 ras
3225 2093 3389 2146 tradi-

1803 2184 1925 2237 disti
1949 2185 1972 2237 ?
2004 2183 2215 2236 Interim
2241 2184 2447 2236 barbari
2477 2202 2566 2254 per
2595 2183 2843 2241 Thracias
2871 2185 3207 2241 discurrentes
3234 2189 3390 2241 etiam

1804 2274 2315 2345 ConstantinOpoleos
2345 2277 2635 2330 suburbana
2666 2278 2911 2331 incendiis
2950 2278 3266 2351 aedibusque
3305 2297 3395 2333 va-

1803 2367 2027 2429 stabant,
2057 2383 2157 2419 non
2185 2370 2427 2420 existente
2453 2370 2541 2438 qui
2567 2369 2638 2421 eis
2667 2369 2865 2437 fortiter
2893 2370 3124 2423 resistere
3149 2370 3393 2440 prmuale-

1802 2466 1898 2510 ret.
1945 2457 2049 2525 Qui
2076 2460 2199 2512 dum
2230 2476 2389 2528 usque
2416 2461 2485 2513 ad
2513 2478 2684 2515 muros
2713 2463 2961 2516 venissent
2993 2462 3162 2527 urbis,
3208 2465 3393 2537 amicta

1803 2547 1979 2601 civitas
2003 2558 2180 2602 contra
2204 2551 2559 2621 imperatorem
2584 2565 2887 2611 murmurat.
2919 2551 3022 2607 Ille
3044 2570 3160 2611 sera
3189 2555 3390 2623 peccati

1806 2639 2117 2708 pmuitentia
2147 2641 2475 2706 stimulatus,
2495 2643 2800 2713 episcopos,
2820 2655 3153 2717 ceterosque
3178 2658 3392 2702 sanctos

1805 2733 2044 2785 reVncari
2076 2732 2143 2787 de
2174 2733 2379 2789 exsiliis
2405 2733 2431 2772 δ
2458 2735 2759 2801 imperavit.
2797 2734 3057 2792 Circenses
3084 2739 3241 2810 igitur
3268 2758 3391 2810 age-

1806 2825 1989 2878 bantur
2019 2827 2157 2889 ludi,
2206 2836 2253 2881 et
2298 2826 2405 2880 illic
2446 2824 2707 2883 Valentem
2737 2832 2979 2885 conviciis
3005 2833 3394 2908 accitmulo‘bant

1803 2916 2115 2983 inualidum,
2162 2928 2205 2968 et
2237 2918 2485 2971 bellorum
2515 2920 2768 2987 fugacem,
2803 2923 3090 2979 clamabant
3122 2924 3346 2978 dicentes
3370 2940 3391 2980 :

1806 3004 1888 3059 Du
1914 3023 2080 3073 arma,
2113 3018 2157 3061 et
2192 3025 2282 3063 nos
2324 3027 2629 3076 pugnamus.
2686 3011 2824 3065 Hinc
2852 3016 2929 3065 ira
2956 3031 3194 3073 accensus
3222 3018 3387 3087 impe-

1805 3108 1945 3153 rator
1977 3115 2031 3155 ut
2083 3099 2214 3154 Idus
2256 3099 2401 3154 Iunii
2451 3119 2483 3156 a
2530 3102 2969 3175 Constantinopoli
3020 3122 3245 3177 egressus
3293 3118 3387 3176 est,

1806 3192 2140 3246 inter-minans
2182 3210 2234 3247 se
2280 3210 2455 3263 poenas
2502 3211 2595 3264 pro
2632 3195 2877 3262 iniuriis,
2926 3212 3040 3250 cum
3085 3198 3270 3253 rediret
3296 3241 3309 3261 ,
3360 3217 3391 3253 a

1811 3283 2392 3351 ConstantinOpolitauis
2422 3286 2613 3340 civibus
2640 3298 2957 3354 exacturum,
2990 3290 3128 3359 quod
3152 3291 3391 3361 primitus

1804 3376 2106 3429 videbantur
2133 3375 2387 3443 Procopio
2419 3380 2696 3445 praebuisse
2721 3381 2962 3434 solatium
2982 3424 2997 3448 ,
3030 3384 3098 3436 ita
3126 3394 3178 3437 ut
3211 3384 3390 3439 civita-

1807 3477 1905 3521 tem
1933 3479 2104 3522 aratro
2130 3484 2319 3523 vertere
2346 3471 2645 3525 minaretur.
2680 3469 2879 3525 Isacius
2905 3490 3016 3529 vero
3043 3491 3187 3528 sacer
3214 3491 3386 3529 mona-

1805 3561 1931 3613 chus
1958 3567 2129 3614 trnens
2159 3561 2355 3632 frenum
2385 3564 2502 3635 equi
2528 3564 2659 3632 regis
2689 3562 2939 3627 Valentis.
2973 3582 3088 3620 cum
3119 3567 3386 3622 novissime

1806 3654 2128 3723 egrederetur
2154 3653 2206 3706 in
2237 3654 2489 3722 prndium,
2519 3658 2589 3709 ait
2616 3655 2684 3708 ad
2710 3671 2820 3709 eum
2847 3672 2865 3710 :
2900 3657 3011 3722 Quo
3042 3657 3207 3721 vadis,
3230 3659 3392 3728 impe-

1807 3756 1967 3813 rator,
2002 3750 2269 3801 adversum
2301 3748 2460 3801 Deum
2490 3765 2745 3819 pugnans,
2775 3759 2822 3803 et
2855 3748 3020 3804 Deum
3047 3753 3392 3807 adversarium

1806 3839 2044 3893 habens?
2096 3839 2257 3907 Quem
2303 3842 2465 3895 iratus
2512 3843 2706 3901 carceri
2755 3844 3008 3908 tradidit,
3060 3858 3269 3903 mortem
3316 3848 3396 3902 illi

1807 3931 2030 3986 minatus
2073 3936 2116 3985 si
2158 3933 2365 4000 rediret,
2410 3936 2839 4004 quemadmodum
2883 3935 3099 3992 Michea:
3138 3940 3394 4009 quondam

1808 4022 1998 4075 Achab.
2040 4021 2165 4075 Post
2190 4024 2596 4097 congressionem
2623 4036 2791 4080 autem
2822 4031 2931 4103 ejus
2958 4029 3167 4097 quidam
3197 4047 3260 4083 ea:
3286 4030 3392 4085 suis

1809 4118 2028 4185 confessi
2066 4125 2221 4179 sunt,
2272 4116 2409 4185 quod
2454 4120 2748 4190 praeceperit
2789 4122 3125 4177 divinationes
3170 4122 3287 4193 ﬁeri
3327 4122 3391 4178 de

1806 4210 1994 4278 impetu
2026 4210 2164 4279 belli,
2191 4212 2326 4278 quod
2354 4212 2449 4264 sibi
2480 4213 2790 4269 imminebat.
2829 4213 3052 4269 Deduxit
3080 4216 3236 4288 igitur
3257 4213 3394 4275 Cou-

1807 4303 2282 4369 stantinopolitanos
2313 4319 2470 4373 usque
2499 4304 2566 4357 ad
2606 4306 2777 4359 urbem
2808 4306 3198 4379 Adrianopolim
3218 4352 3234 4375 ,
3278 4323 3392 4378 quas

1809 4409 1882 4452 est
1910 4399 1963 4450 in
1989 4398 2213 4465 conﬁnio
2244 4397 2573 4453 Macedoniae.
2610 4398 2839 4469 Denique
2864 4402 3041 4471 quinto
3066 4403 3263 4456 decimo
3293 4408 3395 4456 im-

1809 4493 1941 4563 perii
1966 4493 2045 4545 sui
2074 4508 2231 4558 anno,
2280 4492 2609 4564 lacrymabile
2651 4511 2765 4548 cum
2794 4494 2977 4552 Galliis
3022 4496 3209 4552 bellum
3252 4515 3396 4555 com-

131 4581 320 4638 thorum
351 4593 546 4655 gentem
590 4590 892 4635 commotam
924 4581 1082 4650 fuisse
1111 4580 1179 4631 ad
1209 4579 1426 4646 bellum,
1476 4596 1595 4633 mox
1636 4580 1703 4634 ad
1737 4601 1786 4659 ι)
1812 4586 1966 4642 misit.
2026 4584 2102 4639 Ad
2151 4587 2377 4656 primum
2418 4586 2715 4642 Gothorum
2768 4591 3023 4659 impetum
3073 4592 3397 4660 perturbata:

137 4672 549 4731 Valentinianum
578 4679 791 4745 fratrem
834 4674 970 4727 misit
997 4713 1014 4738 ,
1059 4672 1245 4725 solatia
1277 4680 1467 4740 petens.
1522 4674 1587 4724 At
1617 4671 1708 4726 ille

128 4771 377 4840 rescripsit
405 4770 451 4825 ei
471 4771 592 4840 quia
615 4768 909 4841 religiosum
933 4782 1035 4823 non
1058 4775 1183 4821 esset
1207 4780 1295 4818 nec
1318 4764 1521 4834 justum
1554 4765 1706 4818 talem

128 4864 281 4916 uirum
301 4864 430 4934 jura
457 4862 663 4930 imperii
692 4875 903 4930 regere,
951 4859 1037 4927 qui
1069 4854 1178 4912 Deo
1217 4855 1424 4913 rebellis
1450 4857 1706 4924 existeret,

126 4953 211 5004 sed
249 4955 410 5025 magis
453 4963 581 5007 esset
621 4953 823 5022 justum
870 4958 928 5003 ut
971 4951 1087 5017 eius
1134 4947 1376 5017 superbia
1421 4947 1705 5001 sedaretur.

134 5043 275 5109 Quod
323 5047 445 5098 dum
492 5043 581 5098 ille
629 5043 941 5097 miserrimus
972 5041 1303 5111 agnovisset,
1357 5037 1474 5092 licet
1523 5040 1709 5111 majori

130 5142 414 5193 necessitate
443 5138 769 5204 constrictus,
797 5153 901 5197 non
931 5147 1101 5193 tamen
1130 5153 1163 5191 a
1191 5152 1286 5189 sua
1314 5136 1575 5190 nimietate
1602 5152 1709 5190 ces-

128 5232 268 5295 savit,
294 5234 381 5287 sed
409 5233 507 5301 [nit
538 5232 741 5286 ueritati
767 5231 986 5286 rebellis.
1018 5229 1287 5285 Terntius
1315 5231 1473 5301 igitur
1505 5230 1709 5284 inierint

133 5321 278 5377 victor
312 5340 542 5380 reversus
571 5333 642 5378 est
678 5323 741 5377 ab
768 5323 1039 5391 Armenia,
1069 5324 1147 5379 uir
1176 5325 1418 5395 optimus,
1449 5331 1494 5378 et
1524 5322 1709 5395 pietate

196 5538 223 5567 ⁸
254 5531 317 5586 Α.
343 5550 357 5585 :
396 5530 635 5597 Suscepti
661 5540 800 5587 sunt.
856 5529 1056 5586 Deinde
1096 5540 1308 5597 propter
1335 5528 1710 5583 intolerabilem

128 5603 390 5656 avaritiam
420 5602 639 5656 Maximi
669 5600 844 5667 Ducis,
879 5604 1011 5668 {ante
1037 5604 1304 5665 compulsi,
1338 5601 1391 5653 in
1420 5617 1564 5653 arma
1597 5619 1709 5653 sur-

130 5686 291 5738 gentes
316 5719 330 5743 ,
378 5678 512 5729 victo
553 5676 782 5728 Valentis
811 5676 1057 5734 exercitu,
1102 5690 1207 5726 sese
1239 5690 1328 5739 per
1353 5671 1602 5725 Thracias
1630 5674 1710 5725 in-

129 5745 321 5811 fudere,
354 5750 526 5801 omnia
556 5748 776 5800 caedibus
816 5748 1159 5807 incendiisque
1187 5754 1459 5796 vastantes.
1516 5744 1709 5809 Quibus

128 5820 356 5886 cognitis,
394 5818 587 5874 Valens
618 5818 887 5871 Antiochia
924 5832 1155 5887 egressus
1182 5832 1299 5871 cum
1327 5818 1571 5873 adversus
1602 5814 1706 5873 (io-

133 5889 238 5943 thos
263 5893 546 5946 exercitum
570 5898 769 5961 aptaret
798 5905 933 5958 sera,
963 5899 1068 5944 etc.

1809 4685 1934 4733 sunt
1962 4677 2325 4733 Romanorum
2354 4682 2593 4752 equitum
2628 4692 2841 4743 turmae,
2880 4685 3214 4755 nudatosque
3244 4686 3394 4755 pedi-

1808 4779 1890 4827 tes
1920 4769 2226 4847 deseruere.
2281 4772 2380 4843 Qui
2413 4790 2535 4831 tuo:
2564 4776 2806 4845 equitatu
2833 4776 3069 4836 hostium
3111 4780 3281 4852 septi,
3326 4795 3391 4836 ac

1808 4864 2125 4935 sagittarum
2153 4864 2383 4921 nubibus
2407 4866 2619 4934 obruti,
2662 4883 2781 4922 cum
2815 4879 3058 4925 amentes
3099 4880 3247 4926 metu
3286 4871 3393 4927 huc

1808 4954 2038 5028 illucque
2061 4958 2363 5029 rogitarent,
2397 4968 2420 4998 ο
2440 4959 2675 5014 funditus
2697 4961 2817 5015 ειεεὲ
2837 4961 3185 5031 inseguentum
3207 4960 3397 5033 gladiis

1809 5052 2069 5123 contisque
2100 5054 2313 5122 periere.
2372 5053 2488 5123 Ipse
2538 5054 2824 5121 imperator
2872 5055 3061 5131 sagitta
3088 5050 3115 5091 ἀ
3138 5056 3354 5113 saucius
3375 5093 3393 5123 ,

1816 5160 2112 5214 versusque
2139 5147 2191 5201 in
2221 5145 2399 5215 fugam
2422 5189 2437 5213 ,
2479 5145 2549 5200 ob
2579 5146 2824 5201 dolorem
2851 5156 2875 5187 θ
2898 5146 3150 5212 nimium,
3182 5145 3303 5201 dum
3330 5145 3397 5200 de

1808 5252 1949 5308 equo
1994 5238 2289 5304 laberetur,
2341 5238 2395 5292 in
2448 5239 2703 5293 vilissima
2753 5239 3067 5307 deportatur
3091 5251 3233 5292 casa.
3292 5236 3397 5293 Ubi

1811 5331 2311 5401 supervenientibus
2360 5329 2548 5384 Gothis
2574 5372 2589 5397 ,
2632 5330 2755 5399 igne
2800 5330 3113 5399 supposita,
3152 5329 3390 5385 incendio

1881 5529 1910 5569 ιι
1940 5535 2003 5586 Α.
2035 5547 2049 5583 :
2099 5527 2401 5594 Imperavit.
2456 5524 2683 5591 Denique
2712 5524 3033 5597 lucrgmabili
3066 5541 3180 5580 cum
3203 5522 3387 5583 Gothis

1813 5602 1942 5657 bello
1970 5601 2259 5660 commisso,
2290 5600 2355 5651 ad
2383 5599 2625 5666 primunt,
2659 5608 2761 5651 etc.

1886 5679 1907 5706 ε
1942 5678 2027 5739 Λ.,
2060 5672 2288 5738 funditus
2317 5670 2567 5723 interiere.
2604 5667 2750 5737 Ipse,
2776 5678 2881 5725 etc.

1885 5742 1907 5780 ἀ
1943 5750 2029 5810 A.,
2060 5745 2265 5800 saucius
2296 5750 2388 5795 est.

1885 5828 1910 5858 ε
1941 5818 2028 5889 Αη
2060 5815 2294 5881 nimium,
2325 5827 2458 5884 saepe
2482 5829 2631 5885 equo,
2655 5820 2761 5868 etc.
