3918 6344
538 405 643 464 935

1394 406 1595 462 PAULI
1637 408 1905 463 DIACONI
1943 407 2094 461 OPP.
2136 404 2311 464 PARS
2350 410 2389 463 Ι.
2429 437 2502 449 -
2541 409 2914 466 IIISTORICA.

3614 428 3687 486 936

541 530 566 561 ι
589 529 856 576 crematus
885 528 986 587 est,
1022 536 1051 573 v
1080 520 1208 575 Idus
1240 522 1469 591 Augusti,
1500 538 1633 573 anno
1663 522 1776 574 vita:
1801 521 2115 591 quinquage-
2144 520 2196 580 Α
2223 517 2371 572 ribus
2385 519 2613 585 Hunnis,
2632 521 2902 583 etAlanis,
2928 518 3257 576 ‘extremum
3272 526 3390 579 omni
3406 526 3694 603 Itamirum»

543 617 668 669 sirno
695 655 709 678 ,
762 616 959 685 imperii
1003 631 1137 668 anno
1186 631 1301 667 cum
1350 615 1505 684 fratre
1540 613 1896 667 Valentiniano
1926 614 2120 667 decimo

541 709 709 769 tertio,
744 717 855 773 post
882 716 1095 759 mortem
1124 708 1257 775 ejus,
1287 722 1446 758 annos
1477 706 1628 768 duos,
1662 721 1857 758 menses
1881 705 2118 771 quinque,

542 799 651 852 dies
681 796 937 850 tredecim.
984 794 1050 850 In
1076 813 1175 866 quo
1205 795 1471 867 probanda
1500 794 1607 849 htec
1639 797 1796 865 fuere.
1844 792 1969 848 Fuit
2001 812 2121 863 pos-

542 889 845 956 sessoribus,
877 900 923 943 et
952 889 1232 941 cultoribus
1263 889 1455 953 bonus,
1503 896 1701 941 mutare
1719 888 1925 958 judices
1951 902 2121 952 rarus,

544 982 596 1035 in
629 982 818 1035 amicos
851 982 1004 1048 ﬁdus,
1035 981 1190 1034 irasci
1219 982 1328 1034 siue
1356 996 1490 1035 noxa
1515 1019 1532 1047 ,
1580 996 1640 1032 ac
1686 979 1911 1049 periculo
1955 978 2127 1049 cujus-

547 1089 721 1142 quam,
748 1090 866 1127 sane
894 1072 1041 1126 valde
1069 1071 1298 1125 timidus.
1336 1071 1559 1138 Quidam
1588 1080 1757 1124 autem
1785 1071 1962 1123 dicunt
1991 1069 2126 1137 quod

548 1165 750 1217 divinus
784 1162 983 1216 lsacius
1030 1164 1083 1217 in
1130 1178 1362 1226 carcere,
1413 1163 1533 1214 dum
1578 1171 1907 1223 cremaretur,
1942 1160 2128 1229 fetores

546 1257 659 1324 ejus
687 1256 863 1309 divina
909 1255 1075 1326 gratia
1122 1265 1168 1308 et
1218 1256 1471 1307 munditia
1500 1255 1670 1306 animo
1701 1252 2123 1321 deprehenderit,

552 1347 943 1417 prtedixeritque
966 1348 1401 1415 interemptionem
1424 1348 1532 1419 ejus
1558 1346 1636 1401 his
1663 1347 1749 1415 qui
1771 1362 1941 1401 secum
1966 1355 2127 1414 erant,

549 1448 818 1511 antequam
848 1440 1011 1493 nuntii
1040 1441 1396 1505 advenissent,
1441 1440 1528 1506 qui
1556 1449 1695 1509 gesta
1726 1439 1893 1508 praelii
1922 1438 2130 1491 nuntia-

550 1542 681 1586 rent.
731 1531 884 1587 Justo
910 1533 1093 1601 itaque
1122 1533 1212 1587 Dei
1242 1533 1443 1600 judicio
1478 1533 1544 1586 ab
1580 1533 1685 1586 illis
1717 1533 1836 1601 igne
1865 1540 2132 1585 crematus

550 1634 656 1688 est,
690 1639 824 1692 quos
856 1624 978 1695 igne
1006 1624 1241 1692 perﬁdia:
1271 1625 1626 1678 succenderat
1650 1664 1665 1688 ,
1714 1640 1930 1693 namque
1959 1633 2131 1693 peten-

554 1718 686 1771 tibus
718 1716 901 1771 Gothis
930 1727 982 1771 ut
1012 1718 1083 1771 eis
1114 1720 1377 1789 episcopos
1407 1719 1659 1782 mitteret,
1711 1734 1743 1771 a
1786 1718 1964 1785 quibus
2010 1716 2134 1785 ﬁdei

548 1810 839 1864 rudimenta
882 1812 1229 1881 susciperent,
1279 1810 1365 1863 ille
1408 1811 1635 1863 doctores
1664 1810 1844 1863 Ariani
1884 1810 2135 1879 dogmatis

2231 612 2519 678 periculum
2551 612 2785 677 instare,
2817 612 2993 665 relicta
3020 610 3180 666 Italia
3205 614 3254 667 in
3294 614 3564 674 Pannoniam
3586 630 3692 683 venit.

2225 701 2307 756 Ea
2332 712 2625 771 tempestate
2660 703 2971 757 Theodosius
2991 744 3006 769 ,
3036 714 3138 757 tam
3177 714 3366 774 propter
3399 723 3614 769 parentum
3634 734 3698 771 ao-

2228 792 2475 847 biiitatem
2501 811 2652 861 quam
2690 810 2783 865 pro
2812 795 3112 863 fortitudine
3140 798 3337 864 propria
3364 804 3701 863 nominatissimus

2228 886 2526 953 habebatur,
2557 896 2603 939 et
2647 886 2708 939 ob
2752 887 2882 940 hanc
2925 902 3135 940 causam
3178 888 3357 942 invidia
3380 895 3583 948 similium
3597 901 3701 969 judi-

2228 996 2344 1033 cum
2389 981 2656 1051 fatigatus,
2707 981 2759 1033 in
2809 971 3066 1051 Hispania
3113 984 3406 1050 morabatur,
3451 988 3521 1039 ubi
3551 1000 3587 1042 et
3610 1004 3705 1047 ortus

2229 1078 2421 1144 fuerat,
2450 1082 2495 1126 et
2525 1074 2765 1129 nutritus.
2798 1073 3021 1143 Cumque
3041 1077 3310 1142 imperator
3329 1082 3440 1147 quid
3454 1084 3614 1149 faceret
3635 1086 3710 1138 luv-

2229 1166 2427 1228 sitaret,
2453 1166 2639 1235 quippe
2667 1181 2781 1218 cum
2814 1166 3019 1220 barbari
3044 1169 3219 1221 elevati
3250 1170 3439 1224 victoria
3464 1172 3709 1243 inexpugna-

2231 1258 2353 1311 biles
2377 1272 2485 1311 esse
2514 1258 2824 1324 viderentur,
2853 1259 3041 1313 eadem
3067 1260 3381 1328 provisione,
3408 1278 3497 1331 qua
3518 1269 3711 1333 quondam

2232 1350 2465 1420 elegerat
2487 1349 2662 1406 Nerva
2687 1351 2979 1421 Hispanum
3003 1354 3175 1407 virum
3200 1352 3483 1424 Trajanum,
3506 1374 3582 1425 per
3603 1377 3711 1426 quem

2232 1442 2396 1511 Resp.
2430 1452 2678 1511 reparata
2708 1454 2811 1507 est,
2842 1446 3035 1499 ascivit
3063 1455 3119 1501 et
3146 1448 3258 1516 ipse
3296 1448 3593 1504 nihilominus
3612 1468 3715 1520 aeque

2233 1533 2301 1585 ab
2346 1533 2594 1601 Hispania
2649 1532 2664 1583 i
2722 1534 3114 1603 Theodosium,
3154 1547 3202 1590 et
3239 1541 3347 1609 ejus
3382 1539 3547 1594 ducatu
3569 1544 3714 1597 ardea

2234 1625 2493 1681 Barbaros
2522 1643 2668 1697 posse
2693 1630 2947 1699 superari.
2982 1628 3209 1698 Repente
3232 1632 3461 1697 siquidem
3488 1649 3581 1687 eum
3601 1638 3715 1705 magi-

2235 1726 2398 1771 strum
2424 1719 2641 1772 militum
2670 1735 2775 1773 esse
2802 1720 3127 1785 denuntians,
3156 1724 3270 1774 cum
3294 1724 3495 1775 exercitu
3516 1725 3573 1775 ad
3594 1724 3717 1777 barba-

2238 1828 2322 1863 ros
2353 1811 2640 1863 destinavit.
2671 1810 2851 1879 Itaque
2880 1810 3215 1867 Theodosius
3243 1811 3476 1867 afﬂictam
3503 1814 3648 1883 Remp.
3669 1815 3720 1869 ira

551 1903 707 1957 misit.
760 1902 947 1972 Sicque
995 1906 1227 1957 universa
1272 1919 1390 1974 gens
1438 1903 1529 1957 illa
1574 1903 1765 1955 Ariana
1810 1901 1991 1970 effecta
2033 1912 2130 1957 est.
2162 1895 2211 1955 Β
2239 1903 2361 1968 Dei,
2390 1902 2611 1957 credidit
2659 1904 3028 1958 misericordia
3063 1905 3153 1959 Dei
3198 1907 3537 1972 reparandatn.
3562 1909 3719 1963 Omnem

556 1992 715 2048 Gothi
763 2009 889 2049 vero
934 1995 1253 2062 imperatore
1297 1997 1475 2049 occiso
1520 1996 1684 2047 denuo
1731 1993 1838 2063 jam
1867 1991 2131 2060 bsecuri,

554 2102 713 2156 usque
740 2088 806 2140 ad
834 2104 1006 2141 muros
1032 2086 1548 2156 Constantinopoleos
1577 2088 1848 2151 venientes,
1879 2090 1989 2155 ejus
2018 2086 2135 2139 sub-

558 2177 757 2232 urbana
785 2183 1068 2240 vastabant.
1106 2180 1428 2251 Quapropter
1452 2182 1583 2234 cives
1608 2180 1697 2249 qui
1721 2195 1865 2231 arma
1892 2179 2132 2245 tulerant,

550 2283 598 2326 et
647 2283 853 2343 portare
900 2273 1167 2337 valebant,
1217 2290 1332 2344 qua:
1379 2275 1717 2338 invenissent,
1770 2272 2030 2339 hostibus,
2083 2280 2136 2324 ut

552 2374 824 2436 poterant,
870 2366 1187 2419 resistebant.
1246 2365 1512 2419 Dominica
1556 2381 1669 2418 vero
1716 2381 1843 2417 uxor
1882 2364 2134 2431 Valentis,

553 2455 765 2522 prtemia
793 2470 855 2507 ex
882 2456 1065 2508 aerario
1097 2455 1300 2526 publico
1328 2457 1448 2508 bene
1485 2455 1831 2525 pugnantibus
1858 2456 2137 2509 secundum

553 2546 967 2600 consuetudinem
997 2546 1214 2599 militum
1247 2548 1584 2600 ministrabat.
1627 2548 1820 2614 Quibus
1851 2550 2003 2601 etiam
2034 2548 2138 2604 Sa-

554 2636 727 2689 raceni
770 2637 1028 2704 prwbuere
1070 2639 1294 2701 solatia,
1346 2654 1460 2707 qua:
1506 2655 1681 2693 eorum
1718 2637 1910 2709 Regina
1938 2640 2142 2696 nomine

556 2729 729 2785 Mevia
758 2730 1110 2786 Romanorum
1141 2733 1389 2803 farderata
1420 2734 1696 2788 direxerat.

1141 2824 1555 2882 GHATIANUS.

636 2919 794 2972 Anno
822 2917 889 2972 ab
921 2916 1061 2972 Urbe
1087 2919 1297 2973 condita
1331 2917 1490 2985 “32,
1523 2919 1810 2974 Gratianus
1836 2931 1858 2960 ο
1886 2919 2046 2975 XLIV
2078 2922 2145 2977 ab

558 3007 795 3078 Augusto
842 3021 960 3076 post
1006 3019 1232 3064 mortem
1269 3009 1505 3066 Valentis
1544 3026 1638 3066 sex
1667 3014 1822 3067 annis
1854 3014 2141 3083 imperium

567 3097 805 3155 dtenuit.
858 3102 1017 3172 Igitur
1051 3102 1335 3159 Gratianus
1384 3104 1671 3160 admodum
1715 3106 1971 3177 juvenis,
2025 3124 2144 3163 cum

561 3192 986 3249 intestimabilem
1035 3196 1428 3251 multitudinem
1475 3196 1710 3253 hostium
1758 3199 1917 3256 Rom.
1952 3201 2146 3255 linibus

562 3284 792 3341 infusam
822 3301 1095 3353 cerneret,
1140 3288 1306 3345 fretus
1335 3290 1531 3346 Christi
1566 3294 1820 3361 potentia,
1853 3294 2013 3364 longe
2043 3295 2145 3349 im—
2174 3260 2221 3323 Ο

566 3381 679 3450 pari
712 3380 938 3434 militum
972 3397 1195 3437 numero
1232 3399 1351 3439 sese
1383 3384 1438 3438 in
1474 3384 1679 3440 hostem
1709 3386 1894 3453 dedit,
1941 3398 1993 3442 et
2019 3402 2120 3443 con

568 3473 717 3526 timio
748 3473 885 3542 apud
920 3486 942 3513 θ
968 3474 1368 3547 Argentoratum
1411 3479 1667 3548 oppidum
1699 3479 1990 3536 Galliarum
2037 3481 2148 3535 ior-

573 3565 1041 3622 midolosissimum
1073 3568 1267 3624 bellum
1296 3568 1595 3625 incredibili
1620 3572 1870 3627 felicitate
1895 3573 2148 3628 confecit.

568 3657 699 3711 Nam
748 3656 1029 3728 plusquam
1061 3676 1169 3716 xxx
1198 3662 1365 3716 millia
1415 3661 1831 3719 Alamannorum
1861 3709 1876 3729 ,
1927 3665 2152 3722 minimo

569 3746 931 3803 Romanorum
957 3751 1301 3819 detrimento,
1322 3752 1372 3805 in
1395 3767 1460 3807 eo
1479 3753 1666 3823 praelia
1691 3754 1970 3809 interiecta
1993 3753 2150 3811 inar-

570 3850 775 3897 rantur.
810 3842 886 3896 Eo
916 3852 1152 3914 tempore
1182 3845 1233 3898 in
1258 3842 1442 3899 Galliis
1470 3848 1607 3912 apud
1633 3843 1876 3901 Turonos
1911 3847 2154 3903 beatissi-

572 3949 690 3989 mus
719 3935 977 3991 Martinus
1006 3938 1189 3991 multis
1218 3937 1557 4007 lampadabat
1585 3939 1902 4011 virtutibus,
1938 3951 2153 4012 totoque

570 4028 701 4083 orbe
723 4039 746 4075 8
765 4029 1046 4097 doctrinis,
1066 4038 1121 4085 et
1140 4031 1363 4085 scientia:
1389 4032 1582 4086 lumine
1602 4033 1751 4098 clari,
1777 4034 1915 4104 apud
1939 4035 2154 4091 Bethle-

571 4122 692 4177 liem
709 4124 975 4178 civitatem
992 4122 1017 4160 ιι
1034 4123 1333 4179 Palaestinae
1348 4125 1701 4197 Hieronymus
1722 4128 2003 4199 presbyter,
2017 4131 2156 4199 apud

571 4216 865 4288 Hipponem
887 4218 1137 4270 civitatem
1155 4215 1418 4271 Numidiae
1434 4220 1749 4289 Augustinus
1768 4222 2053 4291 episcopus,
2070 4238 2157 4277 ra-

575 4314 806 4367 diabant.
846 4313 1015 4367 Porro
1043 4312 1330 4368 Gratianus
1353 4306 1474 4366 cum
1498 4312 1962 4369 animadvertisset
1983 4315 2121 4369 Thra
2138 4343 2157 4356 -

571 4408 708 4461 ciam
741 4406 1059 4475 Daciamque
1090 4412 1336 4474 tanquam
1365 4404 1621 4473 genitales
1651 4416 1817 4460 terras
1841 4407 2159 4475 possidenti-

578 4499 678 4554 bus
696 4500 905 4565 Gothis,
922 4497 1315 4568 Tliaylalisque,
1336 4507 1497 4567 atque
1516 4499 1658 4553 omni
1684 4500 1917 4569 pernicie
1940 4500 2163 4557 atrocio-

648 4673 674 4701 α
707 4674 770 4727 Α.
794 4690 806 4728 :
837 4669 1099 4725 Crematus
1123 4679 1217 4724 est.
1256 4669 1480 4738 Denique
1502 4672 1779 4739 petentibus
1802 4671 1982 4729 Gothis
2010 4686 2062 4730 ut
2088 4677 2161 4733 eis

582 4743 845 4812 episcOpos
867 4744 1101 4806 mitteret,
1120 4760 1151 4816 a
1167 4743 1365 4816 quibus
1377 4742 1497 4816 ﬁdei
1517 4743 1806 4796 rudimenta
1827 4749 2157 4816 susciperent,

587 4816 775 4870 Valens
802 4816 1035 4888 doctores
1064 4814 1130 4865 ad
1161 4830 1247 4888 eos
1278 4814 1456 4865 Ariani
1485 4815 1736 4888 dogmatis
1780 4818 1942 4882 misit,
1967 4814 2164 4888 sicque

579 4888 815 4941 universa
844 4885 938 4937 illa
965 4901 1086 4954 gens
1115 4884 1293 4950 effecta
1321 4896 1394 4937 est
1418 4885 1635 4939 Ariona.
1664 4885 1693 4937 J
1703 4897 1833 4950 usto,
1860 4899 1965 4942 etc.

653 4958 678 4997 b
713 4963 775 5012 Α,
804 4976 816 5011 ;
851 4957 1029 5029 Securi
1055 4998 1069 5019 ,
1120 4957 1388 5029 ad_urbern
1429 4968 1709 5025 properant
1734 4956 2165 5029 Constantinopo-

581 5032 831 5093 litanant,
883 5028 969 5079 ubi
1020 5034 1139 5099 tunc
1175 5026 1437 5099 Dominica
1468 5030 1697 5098 Augusta
1733 5027 1961 5084 Valentis
2012 5026 2162 5099 uxor,

582 5104 747 5156 multa
772 5100 989 5169 pecunia
1017 5098 1148 5161 plebi
1175 5097 1384 5168 largita,
1413 5100 1476 5151 ab
1502 5101 1637 5151 urbis
1665 5102 1947 5154 vastatione
1970 5097 2166 5158 hostem

581 5173 855 5235 submovit,
877 5185 1091 5241 regnum
1113 5170 1341 5240 cognatis
1363 5170 1579 5238 ﬁdeliter
1598 5171 1909 5240 viriliterque
1926 5176 2165 5230 servavit.

585 5248 754 5310 Anno,
786 5251 891 5297 etc.

658 5327 680 5355 ε
716 5321 807 5379 Α.,
839 5310 955 5367 XL.

658 5385 685 5423 ά
719 5392 784 5440 Α.
812 5400 827 5436 :
875 5382 1078 5447 Tenuit,
1108 5383 1336 5456 quamvis
1358 5382 1670 5454 jamdudum
1698 5394 1815 5439 ante
1846 5403 1959 5440 eum
1988 5399 2170 5456 patruo

596 5458 833 5522 Valente,
884 5464 930 5507 et
977 5470 1095 5508 cum
1131 5453 1486 5509 Valentiniano
1532 5459 1691 5526 fratre
1736 5453 1996 5526 regnaret.
2053 5458 2169 5532 Igi-

591 5542 694 5592 tur,
723 5538 827 5583 elc.

665 5613 688 5641 ε
720 5603 783 5655 Α.
796 5641 811 5664 ,
840 5598 1214 5671 Argentariam.

666 5671 686 5712 ί
721 5679 815 5726 A.:
850 5670 1164 5725 Narrantur.
1200 5670 1314 5724 [Ioc
1340 5671 1555 5737 denique
1582 5671 1627 5725 ei
1655 5680 1800 5743 recta
1823 5672 1947 5743 ﬁdei
1973 5674 2178 5727 cultura

593 5746 783 5800 tribuit.
837 5743 978 5796 Nam
1005 5759 1121 5797 cum
1150 5758 1304 5810 usque
1345 5744 1411 5794 ad
1452 5743 1504 5794 id
1552 5752 1746 5811 tempus
1774 5740 1944 5797 Italia:
1972 5746 2179 5799 Ariante

596 5817 824 5886 perﬁdia!
848 5815 1021 5867 morbo
1049 5815 1329 5881 langueret,
1358 5814 1728 5886 postAuIentii
1756 5828 1920 5866 seram
1936 5826 2175 5886 mortem,

594 5883 712 5941 cum
738 5885 1033 5939 Ambrosius
1057 5900 1121 5938 ex
1150 5900 1350 5953 pagano
1386 5884 1570 5947 iudice,
1605 5883 1771 5937 subito
1803 5885 1943 5955 apud
1977 5885 2181 5942 Medio-

2236 1994 2482 2048 ﬁduciam
2534 1993 2612 2046 sui
2656 1993 2724 2047 ad
2768 2008 2923 2062 opem
2971 1993 3169 2049 Christi
3220 1995 3504 2065 conferens,
3535 1999 3721 2053 maximas

2238 2086 2358 2141 illas
2389 2086 2665 2156 Scythicas
2697 2096 2901 2155 gentes,
2935 2088 3351 2160 formidatasque
3379 2091 3724 2161 cunctismajori-

2238 2177 2371 2244 bus,
2409 2178 2713 2233 Alexandro
2744 2194 2955 2250 quoque
2984 2178 3058 2234 illi
3090 2196 3312 2251 magno,
3351 2182 3471 2237 sicut
3497 2182 3725 2250 Pompeius,

2238 2269 2604 2339 Corneliusque
2633 2272 2801 2324 testati
2831 2280 2977 2338 sunt,
3010 2273 3262 2342 evitatas,
3288 2273 3311 2311 κ
3343 2285 3509 2329 extum:
3542 2275 3727 2329 exstincto

2240 2360 2487 2416 Rosulano
2515 2363 2772 2423 exercitu.
2806 2361 3060 2419 Romanis
3090 2367 3275 2433 armis,
3302 2367 3444 2437 equis
3472 2365 3727 2421 instructissi-

2243 2469 2356 2508 mas
2377 2493 2392 2518 ,
2427 2454 2527 2507 hoc
2556 2463 2640 2509 est
2677 2455 2897 2522 Alanos,
2933 2456 3177 2526 "annos,
3201 2458 3418 2526 Gothos,
3448 2459 3729 2514 incunctanter

2248 2541 2266 2579 ι
2303 2559 2583 2612 aggressus
2628 2555 2717 2598 est.
2769 2545 2987 2599 Barbari
3030 2565 3143 2601 vero
3190 2551 3425 2620 impetum
3451 2566 3537 2603 non
3561 2555 3730 2617 ferentes,

2243 2652 2365 2688 suas
2393 2637 2529 2690 aries
2556 2637 2884 2706 reliquerunt,
2913 2651 2960 2694 et
2988 2640 3068 2692 illi
3095 2643 3301 2711 quidem
3326 2644 3574 2712 fugiebant,
3597 2642 3637 2693 hi
3658 2655 3732 2693 vero

2243 2730 2596 2799 sequebantur,
2644 2730 2986 2800 immensaque
3031 2736 3194 2789 cwdes
3236 2747 3353 2789 tunc
3383 2740 3501 2804 facta
3528 2748 3587 2789 est
3610 2734 3733 2787 barba-

2245 2838 2437 2876 rerum.
2472 2821 2635 2875 Pauci
2664 2841 2797 2887 vero,
2832 2827 2920 2895 qui
2950 2838 3234 2895 evaserant,
3260 2829 3462 2883 latenter
3487 2827 3643 2883 Istrum
3663 2829 3735 2894 fiu-

2246 2910 2380 2962 vium
2412 2912 2739 2966 transierunt.
2770 2911 2898 2968 Mox
2926 2915 3031 2967 dua:
3071 2918 3321 2985 Optimus,
3352 2918 3549 2971 exercitu
3579 2918 3736 2984 disperso

2247 3021 2336 3075 per
2362 3004 2552 3058 vicinas
2583 3006 2728 3059 urbes
2745 3050 2759 3074 ,
2793 3009 2898 3073 ipse
2925 3008 3157 3064 velociter
3178 3013 3410 3064 remeavit
3431 3012 3494 3063 ad
3516 3010 3736 3080 principem,

2249 3096 2321 3147 ita
2371 3105 2421 3147 ut
2472 3096 2579 3166 ipse
2626 3098 3005 3168 triumphorum
3048 3116 3263 3155 suorum
3301 3103 3495 3156 stantius
3528 3090 3738 3163 exstitisset,

2254 3187 2388 3255 quod
2436 3198 2601 3241 tamen
2646 3190 2746 3258 ipsi
2792 3191 3115 3260 imperatori,
3171 3197 3294 3247 dum
3323 3198 3570 3249 miraretur
3592 3195 3740 3263 factum,

2250 3279 2546 3334 incredibile
2568 3282 2847 3337 videbatur.
2876 3286 3042 3338 Invidi
3064 3288 3313 3355 siquidem
3337 3289 3479 3341 etiam
3499 3302 3595 3339 eum
3612 3285 3741 3353 fugisse

2249 3370 2515 3436 dicebant,
2561 3383 2606 3426 et
2650 3377 2926 3428 exercitum
2963 3377 3267 3445 perdidisse.
3314 3380 3378 3431 At
3420 3380 3501 3431 ille
3532 3378 3745 3446 derogantes

2250 3461 2344 3515 sibi
2391 3464 2532 3531 petiit
2582 3465 2764 3536 dirigi,
2814 3470 2901 3537 qui
2942 3469 3163 3523 viderent
3214 3472 3571 3525 multitudinem
3595 3469 3745 3520 hostium

2250 3565 2583 3626 peremptam.
2611 3557 2659 3611 ll
2668 3560 2710 3612 is
2736 3559 2896 3614 verbis
2917 3561 3196 3629 intperator
3223 3567 3388 3633 ﬂexus
3407 3608 3421 3631 ,
3441 3562 3602 3616 direxit
3618 3560 3681 3630 qui
3700 3571 3748 3609 τα

2252 3658 2390 3701 actas
2422 3638 2748 3717 inspicerent,
2780 3653 2925 3722 eique
2952 3656 3264 3709 nuntiarent.
3298 3654 3460 3709 Porro
3481 3656 3575 3706 dus
3596 3652 3748 3719 optimm

2254 3739 2381 3794 inter
2410 3741 2519 3794 haec
2562 3743 2784 3796 divinam
2813 3744 3055 3798 visionem
3106 3746 3266 3812 vidit,
3311 3758 3360 3801 et
3386 3747 3447 3799 ab
3473 3747 3568 3814 ipso
3594 3740 3749 3796 omnium

2256 3833 2366 3889 Deo
2393 3847 2565 3905 aperte
2589 3837 2685 3890 sibi
2715 3849 3044 3892 monstratam
3071 3842 3358 3909 conspexit.
3399 3840 3587 3894 Viderat
3604 3836 3701 3889 enim
3719 3833 3751 3882 is

2254 3928 2444 3981 somnis
2462 3972 2475 3995 ,
2506 3928 2629 3997 quia
2653 3939 2858 3983 sanctus
2889 3929 3127 3984 Meletius
3172 3932 3458 3987 Antiochia:
3487 3930 3663 3985 civitatis
3688 3924 3755 3993 rpi-

2255 4038 2439 4091 scopus
2465 4039 2581 4076 eum
2623 4024 2928 4077 chlamidem
2979 4027 3177 4081 vestiret
3218 4030 3541 4098 imperialem,
3564 4037 3602 4078 et
3632 4034 3753 4075 corona

2256 4124 2407 4186 caput
2446 4126 2663 4170 ornaret.
2705 4115 2833 4171 Htec
2875 4134 2987 4171 cum
3017 4128 3161 4173 nocte
3191 4122 3419 4187 vidisset,
3461 4120 3633 4173 cuidam
3664 4126 3757 4165 mw

2257 4207 2429 4260 retulit
2451 4208 2755 4263 amicorum.
2785 4210 2850 4263 At
2876 4211 2963 4263 ille
2988 4211 3185 4264 clarum
3215 4230 3327 4267 esse
3348 4215 3582 4267 somnium
3606 4208 3712 4269 dixit,
3728 4211 3755 4254 τι

2259 4299 2389 4353 nihil
2417 4300 2833 4370 atnigmaticum,
2866 4301 2995 4354 nihil
3040 4301 3257 4355 dubium
3307 4305 3567 4357 continere.
3610 4299 3759 4362 Cumque

2261 4395 2412 4464 pauci
2465 4395 2760 4447 transissent
2810 4395 2917 4448 dies
2946 4437 2960 4462 ,
3012 4396 3101 4464 qui
3142 4411 3243 4465 pro
3287 4397 3501 4450 victorim
3538 4388 3759 4458 inspectione

2263 4487 2405 4540 missi
2445 4487 2679 4558 fuerant,
2709 4497 3021 4553 remearunt,
3052 4500 3421 4560 peremptaque
3447 4487 3639 4541 hostium
3659 4480 3762 4534 multa

2268 4673 2444 4727 Ianum
2474 4673 2641 4727 divino
2683 4684 2808 4727 nutu
2854 4675 3121 4743 episcopus
3169 4676 3370 4730 cunctis
3414 4676 3581 4743 fuisset
3617 4668 3760 4743 electri.

2267 4761 2482 4810 moxque
2531 4745 2782 4798 catholico
2836 4741 3138 4815 baptismate
3190 4741 3424 4809 tinctus,
3486 4741 3648 4817 prtcsul
3685 4749 3765 4817 ςειτε

2266 4816 2531 4869 ordinatus
2561 4859 2575 4880 ,
2624 4831 2841 4883 cumque
2871 4811 2962 4883 pro
2992 4818 3098 4885 ﬁde
3125 4818 3388 4870 catholica
3416 4811 3561 4870 libros
3589 4811 3767 4865 Gratiano

2265 4889 2390 4954 imp.
2413 4887 2739 4954 porrexisset,
2758 4904 2820 4940 ac
2844 4889 3182 4952 veneratione,
3203 4906 3312 4958 qua
3336 4891 3565 4942 debuerat
3581 4890 3768 4958 susceptus

2266 4968 2414 5028 esset,
2444 4959 2674 5011 universa
2697 4961 2867 5011 statim
2897 4960 2964 5012 ad
2988 4969 3179 5013 rectam
3205 4955 3367 5028 ﬁdem
3397 4958 3543 5013 Italia
3567 4955 3767 5027 repedavit

2271 5026 2348 5080 Eo
2380 5040 2474 5081 tem
2481 5046 2619 5098 pore,
2651 5037 2755 5082 etc.

2343 5103 2366 5139 ⁸
2401 5105 2490 5164 Α.,
2519 5100 2762 5155 doctrinis
2792 5110 2837 5153 et
2866 5100 3075 5155 scientia
3104 5102 3303 5156 clarus.

2340 5164 2369 5203 h
2397 5176 2462 5225 A.
2490 5187 2506 5225 :
2547 5169 2847 5227 Palaestinte
2872 5172 3003 5226 situs
3027 5175 3269 5227 radiabat
3296 5172 3644 5245 Hieronymus.
3684 5164 3769 5218 Pst-

2270 5257 2349 5305 το,
2380 5253 2481 5297 810.

2352 5312 2365 5351 ί
2401 5316 2489 5378 A.,
2521 5323 2799 5367 extremum
2828 5314 3064 5370 Romano
3096 5318 3259 5374 omni.

2346 5386 2361 5436 i
2404 5373 2515 5440 Aa:
2549 5384 2887 5439 Theodosium
2912 5426 2926 5451 ,
2974 5373 3268 5456 faventibus
3313 5389 3522 5452 cunctis,
3555 5380 3667 5451 apud
3686 5373 3771 5458 ,επ

2274 5457 2429 5511 mium
2478 5472 2708 5528 purpura
2758 5458 2950 5532 induit,
3001 5461 3169 5532 (etatis
3211 5459 3771 5532 annumtertiunt

2274 5524 2507 5602 mumque
2528 5539 2779 5602 agentern,
2813 5528 3139 5602 Orientisque
3158 5546 3203 5587 et
3233 5533 3467 5587 Thracia
3483 5524 3617 5583 simul
3632 5524 3771 5585 intra"

2276 5600 2524 5668 prtefecit.
2553 5600 2755 5669 Itaque,
2785 5611 2887 5654 etc.

2350 5670 2371 5740 ιε
2406 5674 2495 5736 Α.,
2533 5682 2584 5724 at
2620 5680 2759 5736 tunc,
2784 5682 2888 5725 etc.
3712 5725 3749 5740 ,,

2353 5739 2376 5817 ιγ
2403 5731 2536 5817 Aeg
2556 5731 2825 5813 aggressus
2850 5783 2866 5809 .
2915 5751 3116 5817 magnis
3140 5789 3154 5813 ,
3205 5747 3477 5814 multisque
3502 5736 3661 5815 πτωίῶ
3685 5731 3771 5789 id

2285 5812 2469 5869 Urbem
2497 5812 3181 5885 ConstantinOpolim'victor
3206 5812 3436 5872 intravit.
