3918 6344
164 398 246 458 937

1162 382 1493 443 HISTORIA
1534 381 1899 441 MISCELLA.
1930 412 2008 424 -—
2043 381 2173 439 LIB.
2216 383 2357 442 Xlll.

3280 389 3391 447 938

161 510 291 570 millia
310 507 647 560 narraverunt.
673 498 838 565 Quom
865 500 926 555 ob
946 498 1056 554 rem
1080 498 1279 553 ltetotus
1306 497 1541 569 princeps
1568 496 1704 553 Gro-
1732 498 1783 559 Α
1810 496 1957 551 valde
1985 498 2264 569 juvenculo
2286 539 2303 566 ,
2346 496 2697 555 Mediolanum
2738 502 2941 557 veniens
2980 480 3246 558 Ambrosio
3285 514 3397 559 erat

161 608 295 662 lienus
322 595 677 660 Theodosium,
708 595 903 648 cunctis
930 592 1239 664 faventibus,
1271 590 1412 662 apud
1444 591 1697 646 Sirmium

158 708 345 774 purpura
389 687 592 750 induit,
642 687 804 739 (etatis
845 701 1039 738 annum
1084 684 1393 739 tricesimum
1418 690 1467 736 et
1493 683 1698 737 tertium

160 799 363 862 gentem,
394 780 729 846 Orientisque,
764 788 809 833 et
837 778 1075 834 Thracia
1093 778 1246 833 simul
1268 778 1480 849 imperio
1510 781 1696 846 praefe-

158 886 226 948 cit,
268 874 515 933 consulatu
559 872 802 940 Ausonii,
846 882 896 927 et
943 871 1160 938 Olibrii,
1206 887 1336 925 xvm
1372 869 1497 924 Kal.
1540 868 1695 927 Febr.

159 975 293 1046 igitur
318 965 621 1023 Theodosius
651 964 826 1017 urbem
851 962 1347 1035 Constantinopolim
1376 963 1699 1034 triumphans

154 1061 354 1122 intravit.
381 1058 442 1111 Et
479 1068 546 1111 ne
572 1069 796 1125 parvam
834 1056 1000 1126 ipsam
1033 1054 1262 1111 Romani
1292 1055 1560 1111 exercitus
1587 1070 1701 1110 ma-

155 1172 256 1215 num
281 1150 479 1208 assidue
506 1149 754 1205 bellando
782 1149 1101 1215 deterreret,
1134 1149 1307 1205 fmdus
1334 1163 1457 1204 cum
1485 1157 1512 1187 ⁸·
1534 1149 1698 1203 Atha-

154 1250 281 1305 lurico
305 1260 418 1315 rege
442 1243 741 1299 Gothorum
765 1245 1045 1313 percussit.
1072 1244 1410 1300 Athalaricus
1430 1243 1699 1300 Constan-

155 1339 391 1411 tinopolim
413 1338 558 1394 venit
577 1337 643 1391 ad
668 1336 1055 1403 Theodosium,
1077 1352 1238 1408 quem
1262 1336 1356 1392 ille
1376 1337 1510 1391 mira
1538 1335 1701 1391 animi

151 1432 438 1506 iucunditate
466 1429 732 1499 suscepit,
767 1438 823 1484 et
859 1428 1165 1486 aliectione.
1198 1428 1435 1497 Denique
1464 1443 1585 1483 cum
1611 1444 1701 1483 ur-

147 1529 243 1582 beta
268 1523 592 1580 Athalaricus
623 1522 908 1586 intrasset,
952 1532 1006 1577 et
1052 1532 1158 1577 tam
1188 1521 1414 1577 aedilicia
1444 1521 1698 1589 civitatis,

150 1630 374 1688 quamque
393 1614 634 1670 exornati
665 1613 817 1683 quasi
855 1614 922 1669 ad
962 1614 1101 1669 diem
1142 1611 1337 1669 festum
1368 1613 1545 1683 μορυιί
1590 1612 1700 1668 ire-

146 1708 378 1779 queutiam
406 1716 691 1770 cerneret,
733 1720 794 1761 ac
820 1722 916 1777 per
943 1707 1148 1777 singula
1180 1707 1472 1762 inhaereret
1499 1714 1699 1772 mente,

148 1817 340 1870 cumque
367 1800 618 1871 deinceps
649 1800 989 1871 Imperatoris
1018 1801 1218 1872 regiam
1246 1803 1519 1872 ingressus
1542 1802 1699 1856 obse-

1800 590 2005 659 infesto,
2033 592 2107 644 ita
2139 602 2195 647 ut
2222 610 2338 647 eum
2359 594 2561 667 juberet
2581 596 2763 650 exsilio
2785 597 3050 654 destinari.
3076 598 3304 671 Cumque
3330 602 3397 657 de

1800 684 2013 739 ecclesia
2033 686 2300 755 juberetur
2326 688 2485 752 exire,
2514 689 2808 743 Ambrosius
2829 692 2900 743 ait
2921 705 2941 745 :
2964 689 3077 762 Ego
3103 703 3281 763 sponte
3302 694 3397 748 hoc

1800 790 1901 829 non
1930 792 2056 847 ago,
2088 793 2151 831 ne
2176 778 2312 849 lupis
2336 790 2477 847 septa
2516 782 2814 835 contradere
2847 783 3047 846 videar,
3073 792 3226 854 atque
3265 784 3401 839 blaso

1800 866 2150 935 phemontibus
2204 871 2384 926 Deum.
2443 870 2539 925 Hic
2592 873 2637 925 si
2690 874 2852 941 placet
2902 875 3106 941 occide,
3146 875 3244 930 hoc
3282 878 3395 931 loco

1800 969 2013 1015 mortem
2042 978 2202 1030 prono
2231 962 2488 1018 voluntate
2505 965 2803 1033 suscipiam.
2827 965 2905 1019 Eo
2920 971 3214 1036 tempestate
3231 969 3400 1025 Maxi-

1802 1067 1957 1121 mus,
2012 1053 2094 1108 vir
2147 1054 2360 1125 quidem
2406 1065 2430 1095 ε
2472 1066 2755 1127 strenuus,
2802 1069 2857 1113 et
2904 1061 3143 1129 Augusto
3183 1061 3395 1132 dignus,

1800 1146 1902 1201 nisi
1932 1154 2118 1201 contra
2163 1149 2484 1205 sacramenti
2536 1150 2690 1205 tidem
2726 1167 2818 1218 per
2846 1152 3177 1220 tyrannidem
3216 1169 3398 1209 emer-

1801 1238 1996 1306 sisset,
2048 1240 2102 1295 in
2149 1239 2427 1296 Britannia
2476 1243 2542 1297 ab
2586 1244 2822 1298 exercitu
2872 1244 3065 1299 invitus
3107 1245 3401 1313 imperator

1800 1341 2045 1401 creatus,
2077 1334 2129 1388 in
2161 1332 2385 1389 Galliam
2415 1335 2646 1390 transiit.
2679 1340 2749 1389 At
2775 1350 2905 1391 vero
2935 1336 3239 1403 Gratianus,
3273 1338 3402 1394 dum

1800 1426 2098 1482 exercitum
2114 1426 2425 1499 negligeret,
2444 1435 2496 1482 et
2517 1441 2715 1497 paucos
2735 1444 2803 1482 ex
2815 1427 3021 1494 Alanis,
3044 1444 3177 1499 quos
3200 1430 3402 1498 ingenti

1800 1532 1934 1573 auro
1981 1518 2049 1572 ad
2095 1532 2155 1574 se
2202 1518 2583 1586 transtulerat,
2632 1520 2799 1573 veteri
2843 1532 2907 1573 ac
2964 1518 3206 1574 Romano
3245 1519 3405 1575 militi

1804 1610 2117 1677 anteferret,
2148 1611 2390 1681 adeoque
2437 1611 2786 1666 barbarorum
2829 1612 3107 1680 comitatu,
3141 1621 3194 1667 et
3239 1628 3405 1681 prope

1804 1701 2042 1757 amicitia
2072 1712 2262 1773 captus
2288 1713 2435 1759 esset
2459 1749 2475 1772 ,
2504 1714 2561 1759 ut
2588 1719 2972 1775 nonnunquam
3000 1707 3188 1761 eodem
3220 1707 3403 1763 habitu

1806 1793 1909 1849 iter
1936 1794 2164 1862 faceret,
2192 1796 2311 1851 odia
2347 1806 2532 1853 contra
2575 1813 2635 1853 se
2680 1797 2907 1853 militum
2950 1801 3219 1855 excitavit.
3248 1801 3409 1857 Maxiv

144 1895 261 1964 quia,
285 1892 561 1962 ofﬁciaque
589 1892 798 1950 diversa
826 1870 1163 1962 conspiceret
1198 1912 1211 1947 ;
1244 1870 1374 1949 Sine
1402 1894 1587 1959 dubio,
1620 1896 1704 1949 in-
1735 1870 1785 1932 Β
1814 1904 1931 1942 mus
1967 1888 2126 1959 igitur
2156 1890 2224 1945 ab
2259 1889 2483 1945 inlcnsis
2510 1889 2765 1946 Gratiano
2794 1891 3040 1946 militibus
3059 1933 3074 1956 ,
3107 1900 3161 1946 et
3187 1893 3408 1962 legioni-

145 1988 254 2054 quit,
283 1986 405 2040 deus
430 1993 680 2040 terrenus
722 1993 807 2040 est
847 1984 1137 2055 imperator
1155 2028 1171 2052 ,
1198 1997 1382 2041 contra
1406 2002 1565 2058 quem
1591 1988 1710 2057 qui-

143 2096 320 2153 cunque
345 2096 564 2138 mauum
589 2082 774 2138 levare
802 2080 951 2138 nisus
978 2082 1155 2148 inierit,
1183 2083 1296 2153 ipse
1317 2083 1397 2138 sui
1428 2082 1708 2153 sanguinis

143 2188 241 2228 reus
262 2176 376 2230 erit.
407 2172 519 2232 Nec
552 2188 703 2228 mora
732 2182 912 2230 tamen
936 2215 953 2239 ,
993 2176 1407 2245 superveniente
1452 2176 1707 2231 invaletu-

140 2265 256 2332 dine,
292 2265 447 2321 rebus
469 2267 708 2321 excessit
736 2266 1005 2322 humanis.
1031 2266 1200 2338 Cujus
1224 2269 1507 2338 exsequias
1532 2268 1705 2338 impe-

142 2369 260 2412 rator
281 2358 389 2426 ipse
411 2360 755 2428 praecedens,
788 2360 949 2430 digne
978 2375 1101 2415 eum
1135 2360 1352 2416 tradidit
1389 2361 1703 2431 sepulturae.

137 2448 192 2502 At
224 2447 469 2505 universa:
499 2448 805 2507 Gothorum
838 2460 1056 2521 gentes,
1090 2468 1214 2523 rege
1242 2452 1498 2510 defuncto
1518 2496 1533 2521 ,
1562 2456 1705 2522 aspi-

138 2542 310 2599 cientes
335 2545 595 2601 virtutem
624 2584 641 2612 ,
678 2545 1170 2614 benignitatemque
1219 2546 1505 2602 Theodosii
1536 2590 1551 2613 ,
1603 2547 1708 2603 Ro-

137 2651 267 2691 mano
305 2652 420 2694 sese
450 2638 686 2707 imperio
710 2639 1051 2694 dediderunt.
1100 2640 1157 2694 In
1201 2638 1287 2696 his
1315 2640 1474 2696 etiam
1515 2640 1705 2696 diebus

136 2725 157 2765 δ
181 2728 339 2784 Parthi
366 2732 452 2801 qui
489 2730 713 2786 Iuliano
741 2732 1040 2803 interfecto,
1072 2732 1286 2802 aliisque
1310 2732 1706 2803 imperatoribus

131 2837 242 2887 saepe
266 2823 428 2889 victis,
456 2840 602 2877 nunc
631 2824 782 2879 etiam
821 2822 1033 2878 Valente
1070 2832 1185 2878 octo
1202 2865 1218 2890 ,
1246 2825 1607 2880 recentissimis
1634 2826 1707 2879 vi-

134 2912 278 2966 ctorite
318 2915 609 2970 satietatem
655 2916 819 2970 crudo
857 2915 1188 2971 insultatione
1229 2916 1528 2983 ructabont,
1568 2918 1706 2972 ultro

134 3000 607 3080 Constantinopolim
652 3011 720 3064 ad
775 3010 1116 3065 Theodosium
1152 3011 1330 3066 misere
1368 3012 1580 3082 legatos,
1613 3030 1707 3083 po-

134 3111 305 3166 tumque
330 3102 599 3170 supplices
629 3113 989 3173 poposcerunt,
1010 3106 1350 3175 junctumque
1374 3122 1488 3159 cum
1516 3106 1589 3161 eis
1614 3108 1709 3176 [ω-

132 3186 211 3240 dus
248 3199 333 3244 est.
374 3189 595 3248 Interea
637 3193 987 3261 Theodosius,
1030 3211 1185 3249 causa
1222 3196 1429 3266 foederis
1468 3214 1499 3251 o
1526 3196 1709 3252 Gothis

131 3284 317 3347 acceptis
343 3286 647 3353 obsidibus,
680 3286 1096 3343 Thessalonicam
1140 3291 1292 3344 venit.
1341 3290 1469 3358 Ubi,
1502 3308 1618 3345 cum
1654 3294 1707 3348 in

129 3374 457 3440 tegritudittent
500 3380 846 3447 incurrisset,
894 3384 1144 3453 baptizari
1189 3385 1432 3457 cupiens,
1475 3386 1709 3441 Aeolium

128 3465 218 3529 ejus
262 3467 473 3523 civitatis
524 3467 851 3541 Episcopum
893 3475 1191 3544 requisivit,
1229 3478 1379 3547 cujus
1411 3476 1531 3536 ﬁdei
1556 3486 1705 3542 esset.

125 3570 205 3619 quo
230 3564 597 3630 respondente,
637 3567 773 3634 quod
809 3566 1008 3621 Ariona
1044 3570 1197 3637 pestis
1223 3571 1277 3623 in
1308 3568 1579 3642 Illyricum
1605 3587 1709 3625 non

125 3649 331 3706 valuisset
358 3658 631 3721 accedere,
662 3658 751 3713 sed
780 3658 1077 3716 inviolatam
1102 3662 1165 3715 ob
1186 3664 1332 3716 initio
1357 3663 1408 3717 Ν
1415 3665 1559 3719 icaani
1585 3682 1710 3719 con-

122 3740 209 3794 cilii
229 3744 376 3812 ﬁdem
402 3762 805 3820 conservorent,
829 3753 917 3807 ille
959 3753 1170 3809 libenter
1198 3757 1350 3811 verba
1396 3762 1507 3826 eius
1546 3760 1711 3813 susci-

123 3832 269 3902 piens,
320 3838 617 3910 baptizatus
675 3852 828 3911 atque
868 3845 930 3897 ob
980 3846 1286 3917 wgritudine
1334 3850 1575 3903 liberatus
1612 3860 1705 3906 est.

121 3920 241 3977 Inter
256 3926 363 3983 hac
384 3930 680 4001 imperator
703 3932 1022 3991 Theodosius
1052 3938 1219 4007 ﬁlium
1249 3957 1397 3995 suum
1430 3942 1708 3997 Arcadium

121 4012 373 4085 designavit
415 4022 716 4095 Augustum
736 4067 750 4093 ,
782 4033 1057 4083 consulatu
1093 4030 1432 4088 Merobaudis
1462 4035 1709 4103 secundo,

120 4112 159 4155 et
195 4105 503 4181 Saturnini,
556 4132 651 4171 xlv
697 4116 886 4174 Kalen.
934 4119 1226 4178 Februarii.
1277 4122 1344 4178 In
1391 4124 1548 4181 Italia
1591 4144 1710 4183 vero

120 4208 252 4259 puero
274 4203 398 4254 satis
425 4203 685 4259 existente
714 4208 1097 4278 Valentiniano,
1113 4232 1284 4270 rerum
1310 4233 1484 4271 curam
1507 4219 1711 4275 Probus

119 4288 401 4349 esConsule
444 4296 732 4368 prtefectus
772 4300 1008 4358 habebat.
1056 4306 1264 4360 Iustino
1312 4326 1428 4364 vero
1483 4311 1711 4368 Valenti-

117 4380 239 4435 niani
264 4398 428 4442 mater
452 4407 582 4443 cum
608 4400 736 4445 esset
768 4393 986 4464 Ariona,
1039 4397 1151 4451 vivo
1176 4398 1379 4469 quidem
1408 4404 1592 4458 marito
1622 4404 1710 4460 lo:-

118 4474 217 4529 dere
241 4493 345 4533 non
387 4485 735 4554 prtrsumpsit
764 4487 1122 4555 orthodoxos;
1152 4507 1211 4546 eo
1249 4503 1470 4561 mortuo,
1514 4506 1561 4550 et
1600 4497 1713 4568 [ilio

175 4605 198 4632 ‘
224 4609 312 4678 Δ.,
339 4615 696 4681 Athonarico,
724 4632 884 4687 quem
914 4635 1130 4691 semper
1156 4622 1226 4677 ita
1264 4627 1524 4682 nominat.

174 4691 290 4784 fon.
347 4705 648 4784 altari-lsi,
690 4719 987 4784 ceterisque
1007 4713 1236 4769 borbortu
1275 4717 1507 4773 nationes
1548 4720 1701 4778 Rom.

115 4780 239 4857 Bittis
262 4777 463 4857 nomini
495 4780 724 4857 inimico:
750 4782 883 4835 ultro
898 4777 1410 4857 Constantinopolim
1437 4793 1505 4843 ad
1548 4777 1704 4848 Theo-

115 4836 295 4931 fufium
340 4847 534 4931 misere
584 4847 810 4931 legotos,_
847 4836 1424 4931 pacemque—"supplices
1438 4836 1708 4931 “5056;;

111 4920 230 4997 Eunt,
250 4920 609 4997 junctumque
629 4936 742 4997 cum
763 4920 1142 4997 eis_'[(edus'est.
1164 4920 1369 4985 Interea
1392 4920 1510 4986 cum
1537 4920 1704 4989 Theov

111 4978 267 5069 {ptius
292 4986 351 5069 in
379 4978 628 5069 Oriente,
651 4978 873 5069 subactis.
892 4978 1510 5069 barbaroruﬁquenlibus',‘

112 5063 203 5105 clas
228 5059 438 5116 tandem
466 5062 668 5118 liberos
696 5063 757 5119 ab
786 5065 927 5121 hoste
955 5059 1298 5138 reddidisset",
1336 5082 1385 5128 et
1430 5059 1705 5131 Arcadium

1736 3239 1785 3305 (Ξ

1811 1981 1911 2036 bus
1929 1991 2209 2052 exceptus,
2236 1982 2487 2038 eumdem
2513 1983 2686 2038 subita
2710 1982 3014 2038 incursione
3059 1986 3404 2051 perterritum

1810 2082 1970 2144 atque
2011 2074 2061 2127 in
2113 2074 2313 2129 Italiam
2346 2074 2576 2130 transire
2600 2075 2927 2144 cupientem,
2956 2074 3097 2128 dolis
3122 2074 3145 2113 ἀ
3176 2077 3408 2131 circum-

1813 2174 2027 2220 ventum
2058 2166 2335 2221 interemit.
2367 2165 2533 2221 Causa
2561 2175 2730 2221 autem
2759 2168 3122 2237 interfectionis
3149 2171 3260 2241 ejus
3299 2171 3407 2224 hazc

1811 2258 1912 2328 fuit
1942 2276 1961 2313 :
1991 2256 2257 2312 Maximus
2289 2258 2423 2313 enim
2451 2258 2739 2329 Opinionem
2775 2259 2913 2313 misit
2955 2260 3007 2313 in
3045 2261 3225 2330 vulgus
3244 2304 3256 2326 ,
3287 2265 3410 2329 quia

1808 2365 1940 2404 uxor
1967 2348 2202 2404 Gratiani
2228 2366 2321 2403 suo
2348 2350 2458 2403 viro
2487 2350 2747 2420 festinaret
2768 2365 3051 2414 occurrere,
3079 2352 3132 2405 in
3153 2351 3410 2424 Lugdune

1811 2443 1999 2498 Gallio:
2039 2446 2240 2499 civitate
2281 2446 2495 2515 ﬂuvium
2549 2447 2851 2499 transeunti.
2910 2445 3188 2501 Gratianus
3240 2458 3409 2502 autem

1810 2539 2018 2592 credens
2044 2539 2317 2609 conjugem
2343 2536 2587 2592 Creusam
2619 2539 2803 2602 venire,
2834 2553 2988 2608 quam
3016 2556 3178 2606 nuper
3206 2556 3408 2608 occepe-

1809 2637 1912 2695 rut,
1950 2646 2052 2682 non
2081 2645 2369 2700 praecavens
2398 2630 2613 2683 insidias
2632 2672 2646 2696 ,
2678 2642 2726 2683 et
2752 2630 2907 2684 veluti
2937 2646 3100 2685 ctecus
3130 2631 3183 2684 in
3213 2630 3410 2700 foveam

1810 2722 2049 2775 immanis
2080 2723 2238 2775 hostis
2268 2721 2503 2775 incurrit.
2543 2722 2680 2775 Dum
2719 2738 2839 2794 ergo
2874 2724 3088 2779 venisset
3128 2722 3408 2778 Gratianus

1808 2817 1958 2887 quasi
1986 2817 2055 2869 od
2080 2808 2255 2871 uxoris
2280 2816 2598 2882 vehiculum,
2628 2833 2689 2869 ea:
2716 2817 2991 2887 improviso
3030 2818 3269 2871 exsiliens
3298 2819 3409 2870 An-

1810 2912 2078 2983 drogotius
2103 2908 2411 2965 Gratianum
2439 2912 2713 2964 interemit.
2739 2908 2977 2965 Mortuus
3005 2919 3079 2965 est
3106 2922 3273 2964 autem
3294 2926 3409 2965 con-

1808 3009 1983 3065 sulatu
2012 3006 2349 3063 Merobaudis
2376 3014 2425 3061 et
2458 3005 2750 3070 Saturnini,
2797 3022 2934 3061 anno
2961 3006 3165 3075 imperii
3192 3004 3407 3060 decimo-

1809 3104 2013 3175 quinto,
2040 3103 2156 3156 vita:
2176 3102 2409 3157 vicesimo
2438 3115 2593 3153 nono.
2632 3098 2761 3154 Mox
2790 3098 3053 3154 Maximus
3090 3098 3405 3154 Valentinia-

1814 3211 1938 3250 num
1968 3195 2255 3266 Augustum
2303 3210 2420 3247 cum
2468 3202 2629 3248 matre
2673 3191 2882 3248 Iustina
2924 3192 3085 3247 Italia
3127 3195 3319 3264 expulit
3356 3195 3412 3249 in

1813 3287 2107 3360 Illyricum.
2144 3286 2343 3342 Deinde
2366 3286 2865 3356 Constantinopolim
2895 3288 3026 3341 venit
3053 3332 3066 3354 ,
3100 3298 3146 3341 et
3185 3304 3217 3341 o
3242 3287 3415 3345 Theo-

1811 3380 1963 3435 dosiu
1994 3388 2219 3450 paterna
2250 3379 2448 3449 pietate
2481 3387 2797 3446 susceptus,
2832 3394 2953 3432 mox
2983 3380 3142 3434 etiam
3187 3381 3413 3449 imperio

1811 3472 2091 3527 restitutus
2119 3480 2222 3526 est.
2256 3470 2376 3525 Fuit
2421 3478 2601 3525 autem
2632 3468 2919 3525 Gratianus
2965 3470 3143 3525 Sirmii
3187 3470 3409 3539 genitus,

1815 3566 2009 3621 litteris
2044 3565 2183 3620 haud
2216 3564 2564 3621 mediocriter
2606 3565 2876 3619 institutus
2908 3580 2922 3617 :
2952 3579 3169 3619 carmen
3209 3564 3407 3631 facere,

1811 3668 1999 3714 ornate
2029 3658 2195 3728 loqui,
2236 3658 2508 3727 explicare
2543 3656 2938 3711 controversias
2969 3655 3267 3712 Rhetorum
3297 3670 3408 3710 mo-

1811 3763 1871 3802 re
1906 3765 1917 3801 :
1952 3746 2086 3801 nihil
2121 3744 2262 3800 aliud
2308 3744 2414 3811 die,
2449 3756 2716 3816 noctuque
2751 3758 2930 3814 agere,
2976 3744 3077 3797 nisi
3125 3753 3149 3781 θ
3194 3741 3407 3813 spiculis

1814 3838 2081 3905 meditari,
2113 3852 2445 3908 summaeque
2472 3838 2783 3907 voluptatis,
2810 3838 3106 3907 divinthue
3132 3838 3260 3891 artis
3290 3852 3399 3891 cre-

1812 3934 1965 3999 dere,
1996 3932 2263 3987 destinata
2295 3932 2475 3998 ferire,
2520 3944 2715 4001 parcus
2740 3930 2866 3995 cibi,
2897 3930 3177 3999 somnique
3202 3938 3251 3982 et
3281 3930 3405 3996 vini,

1811 4040 1876 4081 ac
1904 4024 2137 4081 libidinis
2166 4022 2352 4090 victor,
2387 4023 2699 4092 cunctisque
2741 4029 2887 4076 esset
2916 4022 3104 4091 plenus
3133 4018 3320 4085 bonis,
3366 4022 3414 4075 si

1811 4118 1878 4174 ad
1903 4118 2329 4189 cognoscendam
2378 4116 2535 4187 Reip.
2579 4116 2832 4186 gerendae
2861 4116 3141 4171 scientiam
3169 4112 3405 4168 animum

1813 4212 2156 4276 intendisset,
2178 4224 2209 4263 a
2232 4223 2335 4277 qua
2361 4222 2527 4275 prope
2548 4206 2774 4272 alienus,
2800 4222 2907 4261 non
2929 4204 3089 4260 modo
3114 4203 3413 4268 voluntate,

1812 4303 1906 4359 sed
1934 4305 2093 4359 etiam
2135 4302 2391 4359 exercitio
2431 4301 2549 4367 luit,
2574 4301 2627 4354 id
2653 4311 2747 4367 est,
2783 4302 2898 4373 plus
2926 4300 3032 4369 fere
3060 4300 3224 4366 ltetus,
3256 4310 3412 4368 quam

1812 4396 2106 4468 sufﬁciebat,
2125 4404 2171 4450 et
2202 4394 2317 4466 plus
2337 4394 2676 4463 verecundus,
2704 4409 2862 4465 quam
2891 4391 3045 4462 Reip.
3077 4393 3337 4446 intererat.
3388 4453 3401 4476 ι

1734 4630 1785 4691 D
1809 4626 1978 4702 [ilium
2025 4644 2175 4682 suum
2228 4637 2511 4683 consortem
2561 4631 2763 4702 fecisset
2813 4631 3055 4702 imperii,
3107 4628 3370 4686 Maximus
3391 4670 3409 4699 ,

1810 4701 1909 4766 vir,
1944 4707 2051 4754 etc.

1887 4778 1908 4847 ’ἵ
1940 4772 2029 4847 ᾼ..
2055 4779 2316 4847 strenuus,
2342 4785 2388 4830 et
2420 4776 2630 4847 probus,
2661 4785 2811 4845 atque
2839 4775 2973 4844 Aug.

1885 4846 1915 4917 d_
1942 4844 2008 4917 A.
2033 4861 2049 4917 ς
2083 4844 2480 4917 circumventum
2510 4844 2757 4917 interfecit
2782 4848 2945 4917 wtatis
2974 4862 3135 4901 annos
3161 4860 3339 4917 novem
3359 4850 3406 4899 et

1812 4911 1993 4989 uiginti
2020 4915 2317 4989 habentem,
2349 4911 2657 4987 fratremque
2685 4920 2794 4989 ejus
2814 4916 3259 4989 _Volentinionum_
3271 4915 3408 4985 Aug.

1812 4980 2214 5058 l_talio_e.vpulit.
2264 4980 2648 5044 Valentinianus
2692 4980 2749 5043 in
2798 4987 3055 5044 Orientem
3094 4980 3410 5058 refugiens}

1818 5052 2101 5111 Theodosio
2131 5066 2363 5126 paterna,
2390 5071 2496 5117 etc.

1890 5134 1913 5162 °
1943 5130 2034 5194 Δ..
2063 5144 2218 5198 quam
2244 5131 2468 5199 spiculas
2494 5132 2746 5186 meditari.

118 5258 3399 5316 ‘_____________________________

1071 5388 1377 5469 LIBER
1436 5392 1894 5475 DECIMUS
1949 5398 2427 5480 TERTIUS.
3453 5375 3489 5480 εἰ

688 5608 774 5664 ΤΗ
786 5606 1139 5669 EODOSIUS.

163 5694 314 5752 Anno
352 5700 426 5754 ab
461 5700 620 5757 Urbe
657 5703 812 5758 cond.
860 5712 888 5743 ι
934 5704 1091 5775 1159,
1138 5706 1476 5769 Theodosius
1499 5713 1709 5783 genitus

165 5815 190 5896 τί
213 5813 300 5896 at,
332 5812 429 5896 3§.
465 5815 636 5896 lta_et
661 5819 759 5875 Ms.
792 5820 944 5877 Paul.
973 5833 1028 5881 et
1063 5824 1284 5896 vulgati.

166 5878 192 5916 δ
219 5878 327 5952 AL,
353 5884 635 5942 Honorio.

417 5978 707 6040 ΡΑτιιοι..
753 5982 944 6044 XCV.

1817 5634 1967 5694 patre
1994 5622 2021 5663 ι’
2052 5622 2353 5679 Theodosio
2371 5663 2386 5691 ,
2419 5630 2592 5679 matre
2619 5622 2985 5691 Thermautia,
3019 5632 3044 5662 ο
3072 5622 3410 5696 quadragesi-

1816 5731 1928 5770 mus
1943 5716 2149 5787 quintus
2172 5715 2234 5770 ob
2260 5715 2510 5787 Augusto,
2542 5711 2822 5772 interfecto
2846 5731 2940 5773 uer
2964 5714 3252 5772 Maximum
3273 5714 3409 5774 Gra-

1892 5838 1915 5866 °
1946 5831 2056 5901 AL,
2086 5831 2152 5886 41
2182 5837 2568 5904 imperatorum,
2598 5834 2879 5905 interfecto,
2906 5845 3010 5890 etc.

2994 5991 3072 6051 30
