3918 6344
533 278 638 336 939

1472 276 1675 336 PAULI
1718 273 1986 333 DIACONI
2024 270 2178 330 OPP.
2212 271 2392 333 PARS
2429 274 2470 332 l;
2509 304 2580 318 --
2616 275 2998 335 HISTORICA.
3631 294 3706 354 θιο

534 391 704 463 tiano,
743 389 1028 465 imperium
1071 389 1300 450 Romani
1329 391 1475 448 orbis
1519 392 1666 448 solus
1695 391 1952 457 obtinuit,
1985 404 2131 446 man-
2155 387 2212 449 Δ
2234 388 2380 443 miles
2404 389 2614 460 quidam
2643 387 2922 446 Theodosii
2948 391 3182 446 incurrit.
3216 393 3420 467 Cumque
3444 399 3588 469 ruunt
3610 407 3710 465 tu...

532 488 711 556 silque
755 486 808 540 in
859 500 925 542 eo
973 487 1129 542 annis
1173 485 1458 553 undecim,
1514 501 1634 540 cum
1675 485 1786 556 jam
1818 486 1868 540 in
1900 485 2132 540 Orientis

531 579 773 651 partibus
800 591 896 636 eos
935 580 1089 634 annis
1119 576 1374 634 Gratiano
1402 577 1650 651 largiente
1697 589 1744 634 et
1783 580 1937 635 simul
1978 581 2134 651 impe-

530 684 680 730 rante
718 685 746 713 ι
773 683 1055 747 regnasset.
1108 673 1548 744 Necessariisque
1595 673 1772 729 causis
1819 672 1886 728 ad
1932 671 2130 728 bellum

532 768 690 826 civile
739 779 1036 839 permotus,
1063 783 1185 824 cum
1226 783 1259 825 ο
1305 768 1513 824 duobus
1557 767 1807 838 Augustis
1855 765 2128 836 fratribus,

530 864 692 920 unius
717 862 987 920 interfecti
1020 863 1277 918 ultionem
1299 905 1312 930 ,
1347 862 1566 918 alterius
1597 862 1985 917 restitutionem
2019 875 2133 930 pro-

531 969 764 1026 curaret,
798 973 920 1016 sese
947 959 1201 1015 adversus
1241 958 1530 1014 Maximum
1565 959 1999 1030 tyrannum-sola
2032 957 2133 1013 llde

531 1051 732 1122 major,
763 1067 887 1106 nam
936 1051 1094 1120 longe
1142 1051 1316 1105 minor
1361 1051 1596 1105 universi
1644 1061 1928 1120 apparatus
1960 1047 2134 1105 bellici

531 1146 959 1214 comparatione,
991 1144 1277 1215 proripuit.
1312 1143 1569 1215 Aquileia:
1601 1153 1728 1199 tunc
1760 1144 2019 1198 Maximus
2059 1143 2134 1196 in-

530 1237 774 1293 sedebat.
804 1237 1160 1307 Andragatius
1184 1253 1367 1294 comes
1389 1238 1505 1308 ejus
1530 1251 1792 1292 summam
1823 1237 1948 1292 belli
1972 1236 2135 1291 admi-

529 1329 810 1396 nistiabat,
841 1333 1077 1400 quicum
1128 1331 1444 1402 largissimis
1492 1333 1717 1386 militum
1758 1333 1925 1401 c0piis
1959 1338 2134 1386 astuto

536 1421 764 1477 consilio
793 1435 980 1478 omnes
1031 1423 1242 1494 Alpium
1295 1441 1356 1479 ac
1387 1425 1666 1480 lluntiuum
1697 1423 1870 1481 aditus
1900 1439 2136 1479 commu-

531 1515 734 1584 nissct,
789 1515 916 1571 dum
984 1518 1156 1572 navali
1205 1519 1546 1589 expeditione
1601 1519 1871 1574 incautum
1924 1517 2131 1575 hostem

531 1607 835 1678 praevenire
866 1618 1038 1680 parat,
1067 1621 1120 1665 et
1149 1612 1400 1678 obruere,
1441 1623 1630 1682 spontc
1655 1611 1840 1668 eadem
1873 1613 2129 1680 claustra,

529 1717 647 1772 qua:
675 1705 1038 1769 obstruxerat,
1069 1704 1326 1761 deseruit.
1361 1709 1431 1760 ita
1481 1725 1600 1780 ergo
1637 1706 2000 1776 Theodosius,
2047 1723 2131 1763 ne-

2237 498 2319 536 sus
2347 484 2415 536 ad
2441 484 2649 550 molam,
2682 501 2772 537 nec
2801 486 3141 540 dimitteretur
3167 489 3316 556 exire,
3343 497 3568 564 euaginata
3590 503 3714 570 gladio

2235 575 2555 639 prohibentes
2579 577 2782 631 occidit.
2808 577 2874 631 At
2901 578 2981 632 illi
3011 589 3200 634 terrore
3226 583 3398 638 detenti
3423 589 3593 644 militem
3613 595 3715 651 dimi.

2235 677 2426 720 serunt.
2455 665 2568 721 Hoc
2595 685 2870 738 agnoscens
2894 670 3190 741 imperator,
3213 683 3256 727 et
3278 680 3500 747 mancipes
3521 688 3716 754 suppliciis

2235 758 2440 823 occidit,
2464 767 2512 813 et
2535 760 2699 828 ipsam
2727 763 2998 832 pistrinum
3024 764 3275 818 destruere
3299 771 3506 836 funditus
3528 781 3715 848 prorepit.

2235 853 2404 908 Aliam
2427 870 2604 910 rursus
2633 856 2895 927 abrogavit
2925 859 3218 930 hujusntodi
3243 877 3451 918 causam.
3475 867 3528 922 Si
3547 887 3622 938 qua
3639 891 3718 928 τηι-
3743 853 3751 902 λ

2236 946 2332 1000 lier
2358 948 2414 1000 in
2445 948 2698 1002 adulterio
2721 957 2878 1020 capta
2923 951 3122 1020 fuisset,
3167 952 3261 1005 Itoc
3303 967 3395 1009 non
3423 961 3718 1030 enteudabtuur,
3746 987 3760 1019 .'

2235 1040 2326 1094 sed
2355 1041 2525 1111 potius
2559 1042 2626 1094 ad
2654 1055 2980 1113 augmentum
3013 1044 3254 1112 peccandi
3278 1049 3628 1108 contradebatur.
3651 1033 3752 1109 lit--8

2236 1130 2509 1186 eludebant
2534 1147 2648 1187 eum
2673 1135 2726 1186 in
2747 1147 2962 1207 angusta
2987 1137 3280 1204 prostibula,
3305 1149 3349 1193 et
3371 1143 3651 1211 admittentes,
3667 1150 3722 1216 qui

2235 1239 2350 1278 cum
2376 1241 2436 1280 ea
2467 1227 2870 1295 fornicarentur,
2901 1227 3046 1292 hora,
3071 1245 3172 1299 qua
3200 1231 3536 1303 turpitudinem
3554 1239 3722 1309 agebant,

2239 1326 2266 1358 ο
2293 1320 2636 1375 tintinnabula
2656 1323 3024 1390 percutiebant,
3051 1332 3105 1376 ut
3128 1340 3185 1378 eo
3213 1341 3331 1379 sono
3351 1328 3474 1382 illius
3498 1330 3648 1400 injuria
3664 1333 3725 1402 ﬁe-

2234 1416 2312 1464 ret
2353 1414 2652 1482 manifestat
2681 1410 2810 1467 Hac
2854 1415 3068 1469 audiens
3107 1415 3377 1485 imperatur
3397 1433 3643 1490 permanere
3659 1441 3725 1479 nos

2235 1513 2312 1558 est
2339 1519 2543 1573 passus,
2573 1507 2661 1560 sed
2685 1506 2798 1577 ipsa
2829 1508 3115 1579 prostibula
3134 1511 3298 1582 jussit
3321 1514 3516 1570 destrui.
3546 1514 3622 1570 llis
3642 1523 3727 1572 actis

2235 1595 2414 1650 relicto
2457 1597 2818 1652 Valentiniano
2846 1600 3062 1667 Romae,
3115 1605 3224 1674 ipse
3267 1621 3378 1659 cum
3422 1605 3616 1663 Honorio
3644 1611 3729 1665 Coit-

2236 1693 2625 1762 stantinapolim
2655 1696 2922 1760 remeavit,
2958 1697 3232 1752 consulatu
3283 1698 3300 1737 τ
3347 1699 3544 1756 Daciani
3567 1715 3603 1757 et
3627 1703 3730 1774 Syn-

529 1794 676 1850 mine
717 1797 1004 1862 sentiente,
1047 1811 1242 1853 vacuas
1291 1798 1453 1868 Alpes
1497 1802 1746 1872 intravit,
1778 1813 1940 1870 atque
1973 1801 2131 1874 Aqui-

2241 1789 2426 1853 machi,
2465 1805 2517 1842 l\'
2549 1788 2678 1844 ldus
2707 1788 3028 1847 Novembris.
3059 1791 3230 1863 Igitur
3257 1793 3544 1850 Theodosius
3568 1767 3731 1868 impera-

528 1883 685 1939 leium
731 1887 1054 1957 improvisus
1099 1890 1430 1962 adveniens,
1487 1909 1736 1959 magnum
1787 1895 2016 1957 hostem.
2067 1910 2131 1951 ac

527 1988 731 2035 trucem
764 1981 1077 2048 Maximum,
1110 1995 1161 2038 et
1206 1985 1273 2040 ab
1321 1987 1720 2042 imlnalllSslllliS
1751 2005 1960 2058 quoque
2006 1987 2130 2044 Ger-

529 2087 810 2127 manorum
841 2075 1088 2144 gentibus
1134 2075 1328 2131 tributa
1381 2093 1444 2132 ac
1480 2079 1744 2148 stipendia
1777 2081 1893 2134 solo
1927 2090 2132 2137 terrore

529 2166 763 2220 nominis
789 2167 1116 2236 exigentem,
1148 2171 1263 2224 sine
1293 2171 1659 2224 controversia
1685 2171 1714 2210 ι)
1747 2171 1955 2226 clausit.
1985 2173 2132 2227 Cunt-

526 2273 624 2327 que
657 2257 875 2312 Μιιωίηή
907 2261 1094 2314 milites
1127 2261 1368 2330 impetum
1398 2263 1717 2333 imperatoris
1751 2265 1998 2320 sustinere
2029 2281 2131 2320 non

527 2353 881 2418 prarvalerent,
905 2355 1342 2424 apprehendentes
1364 2365 1660 2427 tyrannum,
1690 2359 1911 2414 uinctura
1940 2361 1986 2414 ei
2011 2377 2132 2431 pro-

533 2443 668 2494 tinus
699 2442 1015 2497 obtulcrunt.
1071 2447 1170 2511 Qui
1218 2461 1391 2500 eorum
1435 2448 1702 2502 consulatu
1736 2462 2021 2522 peremptus
2062 2462 2134 2506 est

531 2547 585 2589 vt
607 2533 730 2589 Kal.
758 2533 1088 2602 Septembris.
1122 2537 1268 2593 lianc
1289 2538 1514 2594 Maximo
1550 2542 1903 2610 perditionem
1947 2543 2134 2599 beatus

529 2627 791 2684 Martinus
834 2637 959 2684 ante
991 2631 1255 2698 prtedixit.
1294 2630 1691 2688 Valentinianus
1721 2644 1936 2704 rect-plu
1968 2633 2134 2689 Italiae

528 2725 733 2790 potitus
758 2723 983 2792 imperio
1004 2733 1105 2778 est.
1131 2724 1485 2794 Audragulius
1510 2726 1714 2791 comes,
1737 2729 1828 2797 qui
1851 2739 2133 2797 peremerat

529 2811 858 2882 Gratianum,
888 2813 1098 2886 cognita
1127 2815 1344 2871 Maximi
1378 2833 1529 2881 nece,
1559 2829 1578 2857 ο
1607 2821 1930 2888 praecipiti-tn
1957 2837 1986 2874 c
2011 2822 2130 2876 navi

529 2907 583 2962 in
614 2911 776 2963 vicino
807 2911 964 2983 ﬂuvio
1009 2909 1334 2980 semetipsum
1378 2913 1652 2982 projiciens
1698 2912 1986 2968 sulTocatus
2024 2919 2125 2968 est.

526 2999 867 3058 Theodosius
917 3002 1250 3058 incruentam
1303 3004 1581 3059 victoriam
1641 3005 1751 3060 Deo
1810 3015 2130 3076 procurante

528 3095 783 3162 su~cepit.
817 3093 1084 3149 Victorem
1115 3109 1327 3164 quoque
1360 3095 1570 3150 Maximi
1610 3097 1806 3165 lilium,
1837 3113 1992 3167 quem
2027 3099 2126 3152 inu-

2237 1889 2316 1934 tor
2360 1881 2532 1934 habuit
2581 1883 2880 1952 passionum
2929 1897 3128 1953 quoque
3175 1889 3536 1955 permotionem,
3563 1890 3733 1960 justeque

2236 1973 2404 2044 furori
2453 1974 2756 2028 iunneusam
2807 1967 3116 2046 permiscens
3169 1979 3520 2047 crudelitatem,
3561 1981 3731 2053 litjttsldm

2235 2073 2478 2132 operatus
2499 2076 2568 2119 est
2593 2067 2900 2134 passionem.
2929 2067 3096 2133 Quum
3123 2087 3228 2125 rem
3257 2085 3458 2126 narrare
3481 2075 3734 2127 necessarium

2236 2166 2346 2220 est,
2377 2167 2422 2212 et
2450 2173 2544 2228 pro
2569 2159 2789 2214 utilitate
2831 2159 3103 2232 legentium
3121 2204 3135 2228 ,
3164 2173 3212 2216 et
3241 2179 3334 2234 pro
3375 2166 3641 2218 memorabili
3663 2165 3734 2230 opi-

2235 2249 2391 2303 nione
2431 2250 2696 2304 virtutum.
2749 2249 3114 2305 Thessalonica
3164 2255 3338 2307 ciuitas
3381 2264 3450 2308 est
3507 2257 3670 2325 grandis
3707 2265 3736 2309 et

2237 2341 2512 2411 populoso,
2541 2342 2594 2394 in
2623 2356 2723 2412 qua
2763 2342 2889 2396 dum
2919 2351 3032 2398 orta
3077 2346 3253 2416 fuisset
3278 2346 3470 2413 seditio,
3499 2348 3662 2417 quidam
3685 2347 3736 2410 is-
3832 2353 3833 2360 ‘

2237 2435 2409 2488 dicunt
2432 2434 2649 2504 lapidati
2669 2443 2788 2488 sunt
2816 2444 2967 2504 atque
3001 2437 3169 2490 tracti.
3199 2435 3335 2492 Hinc
3353 2439 3611 2508 indignatas
3629 2435 3738 2488 Theo.

2238 2528 2434 2592 dosius,
2465 2527 2750 2582 iracundia
2779 2543 2880 2581 non
2911 2529 3208 2599 refrtcnavit
3235 2529 3587 2596 inﬁrmitatem,
3614 2529 3677 2582 seti
3694 2525 3737 2578 al

2238 2620 2388 2672 ludas
2423 2620 2676 2674 circenses
2723 2621 2932 2675 invitari
2970 2623 3104 2677 cives
3137 2626 3332 2694 jussit,
3382 2633 3424 2677 et
3467 2639 3596 2693 super
3626 2638 3740 2676 omnes

2239 2722 2266 2760 Β
2295 2715 2512 2782 injustas
2543 2716 2745 2786 gladios
2781 2719 3046 2788 euaginari
3076 2722 3320 2792 prwcepit
3343 2763 3357 2786 ,
3387 2730 3430 2773 et
3457 2733 3547 2773 una
3571 2733 3658 2770 cum
3679 2730 3739 2766 llo-

2236 2808 2463 2862 ceutibus
2527 2809 2820 2864 innocentes
2872 2812 3098 2867 interimi
3150 2827 3172 2868 :
3223 2813 3249 2851 ιι
3301 2825 3478 2883 septem
3523 2811 3652 2864 millia
3683 2807 3742 2859 lto-

2232 2898 2428 2950 minum
2454 2939 2467 2964 ,
2515 2899 2646 2953 sicut
2697 2905 2861 2971 fertur
2884 2943 2898 2967 ,
2949 2919 3051 2956 non
3097 2907 3414 2975 prore-edente
3445 2902 3648 2974 judicio.
3684 2895 3740 2951 ’τά

2233 2998 2477 3061 linquam
2509 2994 2560 3046 in
2590 3009 2747 3048 utesse
2775 3011 2948 3050 omnes
2973 2998 3131 3051 simul
3160 3000 3316 3052 occisi
3341 3007 3472 3052 sunt.
3512 2989 3743 3065 llu}asnt0tli
3832 2989 3833 3054 i

2234 3086 2429 3139 cladem
2475 3089 2741 3158 gemitibus
2793 3092 2996 3160 plenam
3049 3094 3269 3147 audiens
3323 3091 3619 3154 Ambrosias,
3666 3096 3741 3138 ηιιι

527 3197 831 3256 permovent
885 3196 1034 3256 pater
1087 3188 1252 3242 Gallis
1309 3185 1536 3242 inlantili
1591 3200 1747 3244 :t-tate
1806 3189 2124 3260 reliquerat,
2155 3145 2472 3252 cpt‘lnﬂ’m
2524 3182 2876 3238 Mediolanum
2926 3188 3181 3252 venisset.
3239 3197 3288 3242 et
3324 3187 3587 3241 solemni“?
3625 3183 3743 3238 ίηεα·
3832 3231 3833 3246 η

529 3279 555 3315 ⁸³
587 3281 861 3335 εχειίιιιίι.
888 3281 1031 3334 Tunc
1060 3281 1218 3350 igitur
1256 3281 1582 3349 imperatores
1643 3281 2032 3336 Valentinianus
2083 3294 2128 3337 et

527 3369 848 3428 Theodosius
875 3383 1078 3444 peracta
1108 3375 1320 3428 uictoria
1365 3373 1578 3428 liomam
1607 3391 1804 3432 vent-re.
1837 3375 1964 3430 Erat
1992 3378 2130 3430 enim

535 3479 650 3518 cum
693 3467 764 3520 eis
799 3464 1063 3520 Honorius
1090 3465 1261 3520 adhuc
1302 3481 1444 3537 puer,
1477 3484 1621 3540 quem
1653 3481 1796 3538 pater
1823 3479 1936 3540 post
1973 3472 2130 3523 uicto-

529 3559 663 3610 riam
703 3567 880 3612 contra
923 3559 1207 3614 Maximum
1237 3572 1428 3632 gestam
1455 3562 1518 3615 ab
1561 3565 1681 3616 urbe
1705 3562 2132 3634 Constantinopo-

533 3651 697 3706 litana
728 3666 1043 3710 evocaverat.
1078 3654 1392 3712 Theodosius
1422 3659 1577 3731 igitur
1606 3661 1886 3725 imperator
1910 3661 1962 3713 in
1997 3659 2131 3714 Urbe

538 3743 706 3799 Roma
727 3749 1004 3802 consistens
1028 3748 1243 3804 multum
1265 3754 1456 3823 profuit
1478 3752 1688 3817 civitati,
1715 3751 1817 3804 alia
1835 3751 2128 3820 prwbettdo,

534 3841 638 3895 alia
672 3841 863 3896 utiliter
891 3845 1189 3913 auferendo.
1228 3843 1369 3898 Duas
1414 3855 1584 3900 tamen
1626 3865 1704 3900 res
1743 3848 1924 3918 dignos
1956 3847 2132 3914 confu-

529 3935 670 3990 sione
719 3936 996 4004 prohibuit.
1051 3934 1182 3990 Erat
1223 3936 1284 3991 ab
1333 3939 1476 3990 initio
1523 3939 1576 3991 in
1607 3937 1724 3993 urbe
1760 3937 1920 3993 Roma
1947 3942 2130 3993 domus

527 4027 722 4099 ingenti
753 4028 1106 4100 magnitudine
1134 4029 1416 4098 fabricata,
1451 4029 1499 4081 in
1528 4046 1628 4100 qua
1658 4031 1803 4099 panis
1832 4033 2016 4100 fiebat,
2043 4033 2131 4099 qui

528 4120 776 4172 uniuersa:
801 4119 989 4172 ciuitati
1017 4120 1418 4173 ntinistrabutur.
1457 4117 1650 4173 (lorum
1683 4123 1964 4191 mancipes,
1993 4133 2130 4176 teut-

529 4227 652 4280 pore
680 4212 984 4280 procedente
1009 4251 1024 4277 ,
1067 4211 1286 4278 pistrina
1322 4212 1526 4283 publica
1561 4213 1828 4268 latrocinia
1857 4231 1963 4268 esse
1992 4219 2128 4286 [ece-

529 4315 670 4356 runt.
700 4301 826 4356 Cum
848 4305 982 4356 enim
1012 4316 1175 4357 essent
1207 4306 1356 4358 mola:
1393 4305 1446 4358 in
1479 4305 1604 4360 locis
1642 4306 1978 4362 subterraneis
2007 4325 2131 4362 con-

530 4398 752 4462 stitutae,
799 4413 887 4467 per
938 4398 1142 4467 singula
1181 4399 1344 4453 latera
1394 4415 1573 4452 earum
1601 4400 1846 4454 domuum
1891 4405 2130 4459 tabernas

482 4481 489 4500 ⁵
531 4489 872 4554 iustituentes,
899 4490 1185 4543 meretrices
1210 4491 1262 4543 in
1288 4491 1360 4544 eis
1387 4503 1619 4562 prostare
1647 4494 1920 4562 faciebant,
1951 4507 2129 4564 quate-

534 4602 634 4642 nus
679 4601 768 4654 per
814 4603 901 4640 eas
945 4587 1198 4656 plurimos
1223 4588 1533 4655 reciperent,
1565 4591 1696 4644 alios
1716 4631 1732 4656 ,
1758 4593 1844 4661 qui
1871 4609 1966 4663 pro
1997 4609 2130 4663 parte

532 4677 819 4745 ueniebant,
855 4676 1001 4743 alios,
1033 4677 1120 4746 qui
1149 4694 1240 4747 pro
1280 4679 1497 4733 luxuria:
1527 4682 1846 4752 turpitudine
1875 4683 1946 4737 ibi
1983 4684 2128 4752 festi-

534 4769 750 4822 nabant.
796 4769 918 4822 Arte
943 4785 1161 4838 namque
1188 4770 1481 4826 mechanica
1520 4773 1570 4825 in
1612 4774 1799 4826 molam
1832 4775 1894 4828 de
1923 4775 2132 4832 taberna

535 4863 786 4924 cadebant
804 4903 819 4930 ,
850 4873 896 4916 et
925 4861 1020 4916 hoc
1049 4863 1377 4932 patiebantur
1417 4867 1638 4920 maxime
1663 4867 1939 4938 peregrini,
1987 4876 2034 4922 et
2063 4869 2135 4923 ita

533 4960 760 5015 latebant
797 4958 1003 5024 clausi,
1033 4967 1089 5010 ut
1119 4958 1266 5010 multi
1314 4973 1470 5022 usque
1508 4958 1578 5012 ad
1621 4961 1896 5014 senectutis
1935 4971 2134 5033 tempus

536 5055 847 5122 laborantes,
878 5053 998 5108 inde
1024 5069 1125 5106 non
1149 5053 1558 5122 permitterentur
1579 5054 1736 5117 exire,
1764 5053 2133 5110 testimantibus

535 5165 710 5205 eorum
738 5132 1036 5220 propinquis
1064 5162 1172 5200 esse
1201 5144 1494 5217 defunctos.
1519 5141 1550 5198 1
1554 5163 1585 5198 ιι
1611 5144 1904 5216 hujusmodi
1925 5147 2131 5218 laqueos

608 5291 639 5324 ⁸
669 5287 781 5358 Δεῖ
813 5281 1064 5338 Gratiano
1086 5285 1276 5338 uiuente
1301 5293 1580 5354 regnasset.
1629 5282 1812 5352 Itaque
1831 5287 2010 5358 justis,
2044 5304 2133 5344 ne-

538 5357 888 5427 cessariisque,
913 5368 1017 5411 etc.

609 5452 641 5494 1»
670 5454 763 5516 A.,
789 5452 994 5516 clausit,
1025 5450 1178 5520 cepit,
1207 5448 1412 5502 occidit.
1444 5447 1613 5512 Hanc,
1642 5460 1746 5505 etc.

544 5614 574 5684 Ι
669 5544 734 5596 A.
769 5558 785 5594 :
815 5545 1125 5618 prteripitem
1153 5560 1258 5598 sese
1283 5561 1308 5600 e
1334 5546 1448 5597 navi
1471 5545 1523 5597 in
1545 5547 1709 5598 undas
1741 5545 1899 5615 dedit,
1933 5563 1993 5600 ac
2021 5549 2133 5620 suf-

570 5627 765 5676 ocatus,
795 5629 898 5667 etc.

570 5627 765 5676 ocatus,
795 5629 898 5667 etc.

620 5709 643 5747 ά
675 5712 739 5764 Α.
772 5728 786 5763 :
818 5711 1078 5766 restinxit.
1113 5709 1282 5780 Igitur
1313 5709 1699 5766 Valentinianus
1719 5713 1901 5784 junior
1930 5729 2042 5766 cum
2075 5714 2128 5767 in

546 5779 744 5838 Gallias
766 5787 1066 5850 transtisset,
1098 5779 1262 5853 ibique
1287 5786 1568 5855 Ualtquilla
1591 5779 1742 5854 κῆρ’.
1782 5788 1837 5840 iu
1865 5803 1986 5856 pace
2013 5801 2132 5858 age-

2156 4533 2214 4598 D

2236 3289 2378 3327 erum
2417 3277 2656 3330 voluisset
2693 3277 2884 3331 intrare
2914 3279 3158 3346 templum
3184 3324 3197 3345 ,
3249 3279 3464 3333 occurrit
3501 3275 3741 3342 fatisatlja-
3832 3285 3833 3310 θ

2235 3385 2386 3432 uuas,
2422 3382 2465 3423 et
2501 3374 2867 3444 ingredientem
2911 3373 2989 3428 his
3032 3377 3352 3428 seririantbus
3393 3387 3423 3426 a
3465 3375 3580 3426 sacri
3615 3369 3743 3418 liminis

2235 3464 2468 3536 ingressu
2518 3467 2772 3534 prohibuit
2823 3467 2995 3522 dit'ens
3029 3483 3045 3521 :
3079 3465 3284 3538 Nescis,
3320 3469 3591 3527 imperator,
3622 3467 3742 3527 μέτρι’

2237 3567 2384 3612 tratce
2426 3561 2562 3614 necis
2591 3569 2782 3630 quanta
2821 3560 2884 3615 sit
2916 3563 3218 3632 magnitudo
3245 3603 3259 3624 ,
3307 3579 3457 3631 neque
3489 3568 3586 3628 post
3605 3564 3746 3608 causa

2238 3653 2366 3704 tanti
2397 3653 2584 3721 furoris
2618 3663 2756 3708 mens
2781 3663 2868 3708 ttta
2910 3657 3092 3708 molem
3123 3657 3529 3727 prmsumptionis
3548 3639 3743 3720 agnoscit?

2237 3743 2346 3798 Sed
2393 3745 2524 3811 forte
2565 3747 2962 3818 recognitionem
2993 3749 3190 3817 peccati
3233 3749 3459 3817 prohibet
3483 3739 3746 3818 potestatiu-

2233 3837 2384 3908 perii.
2438 3837 2594 3893 Decet
2646 3849 2813 3894 tamen
2867 3852 2923 3894 ut
2977 3843 3145 3895 rincut
3198 3843 3284 3896 hic
3338 3843 3467 3896 ratio
3505 3845 3742 3911 potestatem.

2237 3929 2462 3987 Scienda
2511 3935 2700 4003 quippe
2743 3946 2928 3988 natura
2959 3943 3060 4002 est,
3091 3936 3308 4008 ejusque
3347 3936 3623 3998 mortalitas,
3646 3937 3747 3991 atq“

2231 4025 2497 4090 resolutio,
2526 4037 2572 4080 et
2593 4026 2760 4097 pulvis
2790 4029 3194 4098 progenitorum,
3215 4047 3281 4083 ex
3301 4047 3404 4099 quo
3429 4027 3558 4100 facti,
3579 4022 3632 4072 ad
3647 4027 3744 4086 quem

2232 4119 2498 4187 redigendi
2546 4135 2751 4185 sumus;
2793 4131 2840 4174 et
2886 4136 2986 4174 non
3015 4123 3145 4192 ﬂore
3175 4139 3434 4192 purpurea
3459 4114 3745 4176 conﬁcientem,

2235 4213 2562 4279 inﬁrmitates
2589 4217 2747 4284 operti
2799 4216 3027 4284 corporis
3086 4217 3350 4279 ignorare.
3414 4207 3431 4247 ί
3481 4201 3744 4276 Coa'qttaiiun

2235 4305 2496 4359 hominum
2518 4321 2570 4358 es
2601 4306 2880 4374 imperator
2900 4313 2946 4356 et
2965 4320 3352 4358 conservorum.
3389 4304 3524 4357 linus
3550 4299 3654 4355 enim
3676 4309 3747 4347 oat-

2234 4399 2374 4451 nlum
2396 4397 2642 4451 Dominus
2665 4411 2757 4450 rex
2774 4405 2820 4450 et
2853 4407 3072 4452 creator.
3099 4397 3300 4464 Quibus
3333 4400 3488 4470 igitur
3509 4393 3640 4448 oculis
3655 4384 3746 4450 aspi-

2237 4493 2337 4546 cies
2355 4492 2637 4546 camtnunis
2664 4487 2864 4543 Domini
2890 4501 2922 4542 te
2937 4491 3130 4560 mplum
3146 4490 3364 4558 7quibns
3388 4488 3587 4544 calca-bis
3603 4477 3748 4554 prliis:

2234 4596 2465 4640 sanctum
2486 4585 2628 4640 illius
2648 4585 2994 4652 pauimentum
3009 4584 3034 4636 .9
3061 4585 3228 4648 Quom
3239 4585 3342 4638 odo
3369 4597 3542 4636 mus
3559 4571 3744 4631 extendis.

2233 4679 2296 4734 de
2333 4677 2515 4746 quibus
2557 4677 2729 4730 adhuc
2775 4675 2990 4745 sanguis
3036 4675 3200 4727 stillat
3253 4673 3517 4745 injustas?
3555 4658 3746 4734 Quomodo

2234 4769 2535 4845 hujusmodi
2579 4770 2816 4822 manibus
2869 4770 3117 4840 suscipias
3165 4769 3384 4822 Domini
3438 4759 3634 4836 corpus?
3673 4753 3746 4818 0⁸⁸

2235 4863 2630 4936 praesumptione
2660 4878 2745 4916 ore
2773 4871 2860 4914 tuo
2889 4863 3132 4932 poculum
3163 4861 3437 4935 sanguinis
3474 4853 3652 4930 pretiosi
3673 4863 3749 4920 ραι

2233 4957 2410 5029 cipies,
2441 4973 2558 5010 cum
2583 4960 2756 5026 [wore
2783 4970 3075 5009 sermonum
3113 4965 3294 5010 tantus
3334 4957 3520 5025 injuste
3538 4951 3594 5004 sit
3613 4943 3747 5012 4⁸³1³

2232 5053 2484 5124 sanguis?
2528 5050 2724 5105 Recede
2769 5049 2948 5120 igitur,
2998 5049 3208 5113 recede,
3257 5063 3324 5103 ne
3351 5045 3561 5102 secunda
3583 5041 3747 5109 prmio.

2231 5148 2453 5217 priorem
2477 5146 2753 5216 nequitiam
2774 5158 2963 5214 augere
2988 5142 3291 5197 contendas.
3310 5140 3520 5207 Suscipe
3539 5130 3745 5188 vinculum.

2231 5290 2325 5342 ret,
2359 5281 2499 5349 apud
2540 5280 2790 5334 Viennam
2810 5279 2930 5335 dolo
2951 5280 3248 5352 Arbogastis
3268 5279 3465 5346 comitis
3485 5277 3557 5331 sui
3575 5277 3747 5334 τινας*

2231 5354 2386 5413 latus.
2419 5363 2570 5420 atque
2592 5365 2666 5414 ut,
2701 5361 2808 5408 i-tc.

2306 5428 2330 5456 θ
2358 5427 2486 5479 Cetll
2498 5439 2622 5490 eno,
2651 5421 2882 5479 κώδωνα.

2306 5490 2327 5530 ί
2362 5498 2685 5560 Marcellino,
2722 5494 2946 5548 Tutiani.
2993 5543 2998 5547 .

2303 5576 2330 5614 ⁸
2357 5567 2535 5624 ’Ἄδικα
2581 5555 2707 5640 ξὶφέι
2750 5574 2888 5626 κατὰ
2939 5566 3142 5624 πάντων
3186 5565 3467 5639 δγῦμνωσι.
3512 5555 3745 5643 Codicum

2231 5658 2388 5718 quem
2425 5645 2561 5698 \itlt'.
2799 5705 2810 5718 .
2861 5706 2872 5717 I

2305 5715 2332 5752 ιι
2360 5714 2611 5774 Zonaras,
2645 5723 2711 5764 xv
2740 5706 2924 5761 millia.

2312 5786 2326 5826 ί
2364 5790 2630 5860 Ὀμαλὶζων
2655 5780 2966 5862 βασιλεύσων
