3918 6344
191 298 272 366 ΜΙ

1215 275 1533 353 utsroms
1568 290 1933 355 IlISCELLA.
1971 324 2044 344 -
2080 294 2214 357 LIB.
2255 294 2393 358 xui.

3319 306 3430 373 οη

188 434 267 493 σεο
290 422 333 471 te
353 412 568 467 animum
597 395 843 463 Dontinsts
871 416 1007 462 nunc
1044 406 1240 480 ligavit.
1274 406 1368 463 Est
1401 406 1535 463 enim
1571 406 1736 462 medi-
1761 410 1815 470 Α
1840 406 2030 463 dicium
2077 413 2379 466 commisisti
2398 452 2412 476 ,
2442 421 2487 464 et
2518 428 2615 467 non
2657 412 2789 469 ratio
2829 412 3040 481 protulit
3086 421 3425 492 sententiam,

187 518 280 569 (ina
304 507 510 562 maxima
535 503 791 557 sanitatis.
822 500 929 556 His-
948 500 1272 556 sermonibus
1308 503 1588 573 imperator
1615 499 1737 554 obe-

186 610 302 662 diens
343 602 362 672 (
377 605 473 654 erat
517 597 652 649 enim
694 595 882 648 divinis
924 592 1299 647 eruditionibus
1350 592 1638 660 enutritus)
1687 604 1738 650 et

184 706 329 770 aperte
348 696 500 749 sciens
521 706 631 759 quae
655 688 754 743 sint
774 687 990 759 propria
1012 687 1361 753 sacerdotum,
1392 700 1507 755 quia
1535 698 1734 755 regum,

184 804 350 867 gemens
392 795 435 839 et
476 784 689 851 deﬂens,
721 782 789 834 ad
822 779 1018 850 regalia
1054 781 1321 834 remeavit.
1352 777 1578 848 Cumque
1627 783 1739 867 octo

183 880 392 933 mensium
418 873 771 928 continuorum
814 872 1118 926 transissent
1161 878 1418 939 tempora,
1457 866 1740 939 appropin-

182 973 321 1047 nam
344 968 591 1024 Nativitas
617 967 909 1023 Saluatoris
933 967 1117 1020 nostri.
1147 962 1437 1035 Imperator
1465 974 1634 1017 autem
1661 962 1740 1015 la-

182 1060 531 1118 mentationibus
577 1059 801 1114 assiduis
851 1058 905 1111 in
958 1058 1154 1129 palatio
1193 1056 1439 1121 residens,
1472 1058 1738 1109 continuas

180 1159 397 1227 uaginae
435 1148 803 1206 incessabiliter
852 1151 1190 1220 expendebat.
1241 1148 1515 1220 Ingressus
1565 1157 1735 1199 autem

182 1249 365 1316 Ruﬁnus
391 1246 648 1315 magister,
675 1253 722 1297 et
752 1243 1064 1313 singularem
1104 1243 1246 1313 apud
1280 1242 1562 1313 principem
1593 1240 1735 1311 ﬁdu-

177 1345 285 1399 citun
310 1341 487 1394 habens
512 1379 527 1404 ,
557 1347 605 1393 et
632 1337 811 1391 videns
831 1338 887 1391 in
916 1337 1279 1392 lamentatione
1307 1337 1590 1408 principem
1620 1350 1741 1405 pro-

176 1446 379 1499 stratum,
409 1432 621 1487 accessit
651 1432 1001 1501 lacrymarum
1031 1446 1212 1485 causas
1246 1431 1524 1501 inquirere.
1558 1428 1623 1482 At
1651 1427 1741 1483 ille

174 1526 455 1582 amarissime
487 1525 823 1595 ingemiscens
874 1530 924 1579 et
961 1523 1301 1578 vehementius
1339 1522 1595 1593 lacrgmas
1618 1521 1740 1593 fun-

174 1624 306 1675 dens:
323 1618 418 1683 ‘I'u,
441 1617 630 1687 inquit,
660 1616 871 1687 Ruﬁne,
893 1617 1057 1683 ludis,
1087 1628 1131 1671 et
1148 1632 1260 1671 mea
1282 1616 1418 1670 mala
1439 1632 1538 1670 non
1560 1616 1737 1671 sentis.

172 1714 264 1785 Ego
290 1722 446 1766 autem
469 1712 721 1765 lamentor
751 1719 799 1765 et
828 1726 973 1781 gemo
1025 1712 1371 1765 calamitatem
1400 1726 1587 1777 meam,
1616 1708 1739 1781 quia

1841 501 1932 557 sed
1961 505 2131 570 potius
2163 506 2473 560 iracundia?
2501 506 2660 561 scribe
2689 508 2847 579 legem
2866 550 2882 577 ,
2911 527 3024 581 qua:
3048 511 3203 582 legem
3236 514 3429 586 furoris

1844 605 2050 649 evacuet
2071 638 2083 658 ,
2117 605 2162 650 et
2193 598 2403 669 triginta
2432 598 2606 652 diebus
2654 602 2904 654 sententia
2949 604 3083 656 necis
3119 615 3268 672 atque
3304 623 3429 676 pro-

1842 685 2132 753 scriptionis
2163 690 2512 744 tantummodo
2556 692 2609 744 in
2638 692 2816 747 litteris
2843 705 3076 761 maneat,
3103 706 3150 750 et
3170 698 3429 769 judicium

1841 780 2058 833 rationis
2086 791 2357 850 exspectet.
2393 782 2589 849 Quibus
2619 786 2891 839 transactis
2920 787 3115 857 diebus,
3139 790 3217 842 ira
3242 792 3428 847 videli-

1842 880 1918 923 cet
1939 873 2054 943 jam
2088 884 2308 928 cessante
2328 913 2342 938 ,
2374 878 2506 930 ratio
2536 892 2742 931 causam
2772 878 3019 949 judicans
3066 883 3206 949 apud
3245 886 3431 939 semet-

1841 962 2039 1031 ipsum,
2068 978 2182 1031 qua:
2210 967 2533 1037 cognoverit,
2578 967 2668 1021 sub
2710 971 2918 1025 veritate
2956 973 3211 1040 disponat.
3248 971 3314 1029 In
3352 975 3435 1031 bis

1842 1055 1976 1108 enim
2005 1054 2183 1110 diebus
2231 1060 2573 1129 c0gnoscitur,
2608 1076 2651 1112 si
2672 1063 2820 1133 justa
2866 1062 2931 1115 sit
2967 1079 3119 1131 quam
3161 1066 3434 1132 protuleris

1842 1149 2127 1214 sententia,
2172 1157 2262 1202 aut
2307 1149 2520 1221 injusta.
2562 1150 2626 1204 Et
2670 1153 2714 1205 si
2740 1153 2944 1223 quidem
2984 1155 3118 1208 ratio
3146 1159 3436 1227 probaverit

1840 1239 2037 1308 injusta
2065 1255 2182 1311 qua
2203 1251 2319 1295 sunt
2349 1245 2571 1313 prolata,
2604 1244 2911 1317 disrumpet;
2936 1246 2980 1300 si
3008 1258 3125 1302 vero
3141 1250 3314 1319 justo,
3342 1251 3435 1319 ﬁr-

1842 1332 2021 1386 mabit.
2058 1331 2271 1388 Dierum
2298 1350 2416 1390 vero
2443 1348 2686 1392 numerus
2712 1339 2782 1393 ad
2809 1341 2917 1395 tunc
2946 1345 3289 1398 examinanda
3322 1349 3437 1418 suf-

1846 1428 2004 1497 ﬁciet.
2057 1427 2212 1484 Hanc
2266 1431 2667 1486 admonitionem
2717 1434 2998 1502 imperator
3046 1436 3214 1491 licenti
3264 1438 3437 1493 animo

1843 1522 2151 1591 suscipiens,
2176 1533 2221 1576 et
2253 1525 2499 1595 optimam
2530 1541 2642 1580 esse
2672 1529 2936 1595 conﬁdens
2968 1528 3153 1600 legem,
3188 1533 3440 1587 conscribi

1845 1622 2052 1685 repente
2075 1615 2336 1687 pracepit,
2364 1625 2412 1670 et
2441 1619 2663 1687 propria:
2682 1635 2862 1674 manus
2888 1622 3067 1674 litteris
3096 1622 3436 1690 conﬁrmavit.

1852 1707 1963 1774 Quo
2012 1706 2181 1777 facto,
2230 1706 2434 1761 vincula
2474 1712 2586 1781 ejus
2628 1712 2775 1764 solvit
2820 1710 3139 1767 Ambrosius.
3186 1714 3311 1780 Qui:
3355 1714 3436 1770 lex

172 1782 305 1862 servis
329 1803 529 1873 quidem
559 1802 973 1857 mendicantibus
1002 1812 1186 1874 aperta
1232 1812 1347 1857 sunt
1376 1804 1567 1874 templa
1608 1801 1735 1869 Dei,
1768 1782 1817 1844 Β
1843 1802 2083 1855 Ιιαειεηνε
2110 1802 2425 1857 observatur.
2462 1801 2550 1857 Est
2578 1817 2747 1858 autem
2790 1807 3080 1876 bujusmodi
3105 1822 3124 1862 :
3149 1804 3433 1878 Imperato-

168 1906 205 1952 et
226 1896 466 1966 proprium
498 1892 777 1947 Dominum
809 1894 1013 1947 licenter
1040 1905 1284 1962 exorant,
1324 1896 1449 1949 mihi
1496 1911 1611 1949 vero
1651 1894 1736 1949 in-

167 2003 340 2061 gressus
367 1987 433 2040 ad
478 2000 599 2040 eum
640 2001 744 2040 non
773 1996 865 2041 est.
900 1984 1145 2058 Insuper,
1174 1999 1221 2043 et
1249 1988 1362 2042 caeli
1392 1998 1512 2043 sunt
1553 1988 1735 2042 clausi.

170 2081 275 2137 Haec
298 2083 482 2149 dicens,
517 2082 669 2135 verba
699 2080 903 2153 singula
932 2081 1240 2153 singultibus
1269 2087 1560 2143 rumpebat.
1590 2083 1739 2149 Ruﬁ-

166 2171 474 2240 nus:Curro,
506 2173 703 2242 inquit,
733 2175 777 2226 si
808 2173 897 2227 tibi
926 2174 1124 2243 placet.
1158 2184 1206 2228 et
1228 2175 1462 2245 pontiﬁci
1502 2176 1738 2245 precibus

165 2266 410 2339 persuadeo
437 2277 494 2321 ut
526 2268 757 2321 solvatur
785 2266 1044 2320 vinculum
1073 2267 1208 2335 quod
1238 2266 1437 2339 ligavit.
1473 2270 1537 2321 At
1577 2269 1739 2334 impe-

166 2367 325 2413 rator:
354 2358 496 2426 Non,
530 2360 717 2429 inquit,
747 2359 985 2413 suadebis
1028 2358 1314 2412 Ambrosio.
1354 2357 1488 2413 Novi
1522 2377 1616 2432 ego
1644 2360 1738 2412 de-

148 2448 326 2506 ’πείνη
351 2452 487 2507 iltius
516 2466 631 2507 esse
649 2453 869 2523 justum,
905 2466 1063 2521 neque
1085 2452 1392 2505 reverebitur
1419 2450 1739 2518 irnperittlens

166 2549 429 2615 potentiam,
458 2554 515 2599 ut
552 2546 714 2616 legem
743 2548 900 2615 possit
930 2545 1266 2615 prtrvaricare
1306 2545 1550 2599 diuinam.
1582 2542 1740 2599 Cum-

164 2650 242 2714 que
276 2638 485 2705 Ruﬁnus
514 2637 688 2692 verbis
732 2639 970 2707 plurimis
1016 2647 1265 2704 uteretur,
1319 2647 1374 2691 ut
1420 2640 1740 2707 promitteret

166 2732 453 2789 Ambrosium
479 2746 598 2790 esse
625 2732 932 2804 ﬂectendum
955 2776 969 2799 ,
1000 2735 1278 2802 imperator
1306 2750 1421 2787 eum
1451 2750 1567 2788 cum
1597 2734 1740 2803 festi-

162 2826 340 2879 natione
365 2841 583 2897 pergere
610 2826 867 2896 praecepit.
902 2823 1024 2895 Ipse
1054 2842 1170 2880 vero
1198 2842 1286 2897 spe
1314 2828 1435 2882 data
1458 2834 1571 2897 post
1603 2844 1739 2895 pau-

166 2919 303 2972 lulum
327 2929 396 2973 est
420 2928 655 2988 secutus,
672 2918 880 2973 credens
899 2914 1082 2987 Rufini
1108 2921 1550 2988 promtssionibus.
1576 2918 1739 2975 Porro

162 3012 225 3064 vir
248 3013 502 3068 mirandus
535 3014 858 3076 Ambrosius,
890 3028 1010 3067 mox
1036 3022 1089 3067 ut
1123 3015 1243 3068 vidit
1295 3012 1539 3083 Ruﬁnum
1561 3057 1576 3078 ,
1624 3018 1694 3068 ait
1721 3032 1741 3071 :

164 3101 510 3174 impudentiam
542 3120 735 3159 canum
764 3105 991 3159 imitatus
1020 3120 1091 3171 es,
1118 3121 1146 3158 ο
1177 3104 1393 3174 Ruﬁne;
1420 3116 1576 3160 tantte
1603 3106 1740 3161 vide-
1775 3146 1793 3174 ι

1770 3152 1822 3223 ο

164 3192 257 3249 licet
281 3200 410 3253 necis
437 3206 629 3253 auctor
653 3199 900 3267 existens,
949 3199 1200 3269 pudorem
1254 3216 1316 3253 ex
1366 3204 1533 3268 fronte
1582 3200 1748 3254 deter-

164 3304 283 3359 gens,
310 3308 399 3347 nec
422 3294 708 3357 erubescis,
733 3310 825 3347 nec
847 3296 1029 3348 metuis
1056 3304 1235 3348 contra
1262 3296 1535 3367 imaginem
1556 3295 1750 3349 latrare

162 3381 380 3441 divinam.
405 3388 648 3457 Cumque
674 3385 896 3456 Ruﬁnus
924 3388 1234 3456 supplicaret
1258 3429 1273 3454 ,
1303 3398 1349 3441 et
1387 3391 1750 3457 imperatorem

166 3478 326 3533 diceret
355 3494 459 3534 esse
484 3489 787 3546 venturum,
815 3494 1037 3546 superno
1066 3480 1177 3533 zelo
1198 3496 1463 3547 accensus,
1491 3481 1562 3533 ait
1585 3495 1604 3533 :
1637 3479 1751 3551 Ego

162 3566 253 3634 tibi,
284 3569 483 3641 Ruﬁne,
522 3572 759 3641 prttdiro
787 3574 1026 3637 quoniam
1056 3588 1167 3626 eum
1200 3573 1396 3641 ingredi
1427 3572 1605 3625 limina
1631 3588 1752 3639 pro-

164 3659 316 3715 hibebo
332 3681 351 3729 ;
377 3664 422 3717 si
450 3678 578 3719 vero
608 3666 879 3733 imperium
905 3664 957 3717 in
978 3665 1302 3734 tyrannidem
1323 3665 1557 3729 mutavit,
1582 3679 1754 3718 necem

161 3768 235 3821 ego
277 3754 489 3810 libenter
539 3756 795 3823 suscipio.
844 3750 967 3809 litec
1016 3763 1064 3809 et
1113 3755 1219 3809 alia
1267 3750 1488 3824 Ruﬁnus
1537 3756 1753 3811 audiens

162 3850 386 3902 nuntiavit
431 3850 746 3919 imperatori
794 3859 963 3903 votum
1020 3848 1296 3917 antistitis,
1332 3860 1542 3904 monens
1586 3862 1647 3903 ne
1694 3850 1756 3903 de

160 3939 329 4007 palatio
360 3942 491 4014 forte
519 3941 848 4013 procederet.
879 3942 944 3994 At
974 3941 1254 4013 imperator
1282 3942 1335 3995 in
1365 3940 1533 3996 media
1584 3942 1756 4011 platea

159 4028 251 4096 jam
275 4048 590 4104 cognoscens
616 4048 635 4087 :
666 4031 853 4102 Pergo,
885 4032 1069 4104 inquit,
1094 4041 1141 4086 et
1171 4036 1336 4100 iustas
1357 4035 1407 4087 in
1438 4035 1569 4101 facie
1588 4035 1755 4088 susci-

164 4121 240 4187 pio
265 4126 629 4182 contumelias.
650 4125 879 4195 Curaque
905 4126 973 4178 ad
999 4141 1148 4179 sacra
1167 4126 1343 4179 limina
1365 4128 1685 4197 pervenisset,
1702 4126 1754 4180 in

165 4224 371 4267 sanctam
392 4218 611 4287 quidem
640 4216 905 4271 basilicam
935 4234 1036 4271 non
1066 4218 1392 4288 privsumpsit
1419 4219 1640 4284 intrare,
1666 4219 1756 4273 sed

164 4308 344 4363 veniens
360 4312 430 4362 ad
450 4312 760 4375 antititem,
784 4319 833 4364 et
866 4310 1128 4365 inveniens
1158 4326 1270 4364 eum
1300 4313 1353 4365 in
1384 4320 1406 4346 ιι
1439 4312 1755 4367 Salutatorio

165 4400 481 4465 residentem,
516 4403 847 4473 supplicabat
898 4412 949 4455 ut
992 4406 1104 4473 ejus
1142 4404 1344 4456 vincula
1374 4406 1658 4459 resolveret.
1693 4407 1756 4457 At

163 4492 240 4548 ille
262 4501 594 4566 tyrannicam
627 4497 740 4567 ejus
771 4495 966 4549 dicebat
992 4512 1099 4549 esse
1129 4497 1473 4563 prtrsentiam,
1497 4506 1544 4548 et
1578 4508 1757 4549 con'ra

169 4582 311 4637 Deum
341 4589 577 4642 insanire
608 4587 981 4655 Theodosium,
1012 4587 1124 4655 ejus
1152 4588 1351 4641 calcare
1381 4588 1532 4656 leges.
1572 4587 1759 4642 Verum

166 4676 426 4746 imperator
448 4700 467 4737 :
498 4683 629 4737 Non
670 4698 909 4754 assurgo,
938 4681 1122 4751 inquit,
1156 4682 1396 4734 adversus
1432 4680 1761 4737 Eccleiasti-

165 4784 239 4824 cas
258 4779 576 4841 sanctidnes,
612 4788 705 4827 nec
736 4778 905 4845 inique
930 4774 1131 4846 ingredi
1162 4775 1340 4830 limina
1368 4792 1515 4831 sacra
1556 4792 1764 4832 conten-

166 4863 241 4929 do,
267 4868 356 4922 sed
386 4878 436 4923 te
464 4869 672 4922 solvere
710 4867 914 4921 vincula
945 4882 1058 4921 mea
1090 4871 1312 4939 deposco
1334 4912 1349 4936 ,
1393 4880 1440 4923 et
1482 4872 1765 4924 communis

172 4956 359 5014 ltomirti
388 4976 484 5032 pro
510 4968 599 5015 me
644 4974 858 5015 exorare
889 4963 1242 5030 clementiam,
1268 4980 1358 5018 nec
1398 4966 1524 5018 mihi
1542 4968 1766 5036 jnnuam

166 5052 343 5121 claudi,
368 5068 533 5125 quam
564 5066 766 5111 cunctis
809 5058 1152 5124 pasnitentiam
1202 5061 1470 5131 agentibus
1516 5058 1767 5115 Dominus

170 5154 323 5199 noxter
349 5150 581 5216 aperuit.
616 5147 757 5202 Tunc
788 5150 998 5203 an'istes
1026 5166 1043 5204 :
1076 5148 1244 5217 Quam
1273 5152 1646 5223 paenitentiam,
1677 5152 1768 5204 in-

170 5237 280 5301 quit,
306 5241 583 5295 ostendisti
614 5251 724 5308 post
754 5251 922 5294 tantas
963 5242 1294 5313 iniquitates?
1317 5245 1499 5314 quibus
1545 5246 1767 5297 medica-

172 5331 377 5385 minibus
402 5332 719 5387 incurabtlia
750 5333 985 5402 vulnera,
1018 5336 1296 5407 plagasque
1324 5338 1559 5392 curasti?
1586 5341 1650 5390 At
1676 5340 1770 5389 im-

174 5433 362 5478 IertIor
382 5442 401 5480 :
431 5426 646 5491 Tuosne,
676 5429 876 5497 inquit,
906 5446 1036 5498 opus
1075 5439 1146 5484 est
1187 5432 1429 5496 edocere,
1460 5442 1508 5484 et
1548 5433 1771 5483 medica-

176 5515 299 5570 mina
344 5526 675 5589 temperare,
726 5534 894 5574 meum
934 5538 1049 5577 vero
1099 5522 1270 5577 oblata
1318 5526 1592 5592 suscipere.
1628 5521 1772 5577 Tunc

177 5618 368 5666 sanctus
392 5613 701 5668 Ambrosius
724 5630 745 5669 :
779 5616 1045 5681 Quomodo
1066 5618 1257 5688 furori,
1285 5617 1447 5687 inquit
1469 5657 1483 5683 ,
1517 5628 1661 5671 tuum
1680 5617 1773 5687 ju-

245 5762 269 5789 ι
297 5745 371 5824 ’ξν
392 5757 469 5823 τῷ
490 5752 802 5808 ἀσπαστικῶ
824 5751 964 5824 οτκῳ.
984 5752 1138 5824 _Pilh.

246 5824 273 5867 1»
299 5819 562 5891 υθύῐὸηη
596 5824 822 5885 ἕκολληθη
851 5819 926 5897 τῷ
950 5822 1139 5903 ἐδάφει,
1171 5832 1273 5881 etc.

1789 4540 1837 4597 D

1840 1907 1944 1955 res,
1988 1892 2285 1960 Gratianus,
2327 1890 2736 1962 Valentinianus,
2779 1896 3134 1965 Theodosius,
3186 1899 3431 1969 Augusti,

1843 1983 2095 2040 Flaviano
2145 1985 2387 2057 prtetorio
2429 1989 2672 2057 prtefecto
2710 1987 2933 2061 Illyrici.
2988 1990 3050 2046 Si
3099 1992 3347 2048 vindicari
3383 1995 3440 2049 in

1842 2078 2043 2145 aliquos
2072 2081 2292 2134 severius
2322 2088 2501 2136 contra
2532 2092 2758 2136 nostram
2784 2087 3202 2141 consuetudinem
3220 2089 3442 2158 jusseri-

1845 2182 1981 2238 mus,
2016 2186 2107 2240 pro
2133 2188 2302 2227 causa:
2326 2174 2537 2243 intuitu,
2563 2175 2802 2231 nolumus
2830 2179 3003 2232 statim
3032 2195 3135 2247 eos,
3164 2190 3250 2234 aut
3272 2180 3443 2237 subire

1844 2274 2065 2334 plenam,
2095 2277 2180 2318 aut
2211 2267 2446 2336 excipere
2466 2271 2791 2333 sententiam,
2825 2272 2915 2325 sed
2952 2286 3043 2342 per
3084 2272 3192 2326 dies
3222 2273 3440 2344 triginta

1843 2372 1997 2430 super
2022 2370 2216 2415 statuta
2241 2376 2415 2416 eorum
2444 2380 2554 2418 sors
2583 2374 2629 2417 et
2662 2368 2871 2434 fortuna
2912 2383 3161 2435 suspensa
3190 2369 3276 2423 sit.
3301 2367 3440 2426 Reos

1843 2466 1967 2508 sane
1990 2453 2245 2524 accipiant
2272 2454 2469 2521 vincla,
2497 2463 2644 2525 atque
2675 2458 2908 2511 custodia
2944 2466 2993 2513 et
3028 2460 3254 2514 excubiis
3281 2461 3442 2516 soler-

1845 2547 1978 2600 tibus
2024 2546 2295 2616 vigilanter
2338 2547 2683 2603 observentur.
2729 2548 2818 2604 Sic
2866 2550 3022 2621 igitur
3064 2554 3440 2612 sacratissimus

1847 2641 2149 2711 imperator,
2183 2642 2385 2710 ingredi
2412 2643 2592 2695 limina
2640 2659 2985 2713 prtesumens,
3022 2661 3122 2698 nou
3164 2656 3306 2701 stans
3333 2645 3443 2703 Do-

1852 2732 1989 2787 mino
2018 2731 2344 2803 supplicavit,
2376 2750 2535 2800 neque
2561 2734 2704 2802 ﬂexit
2730 2751 2915 2804 genua,
2944 2738 3034 2789 sed
3062 2753 3254 2805 pronus
3274 2740 3325 2794 in
3346 2758 3444 2813 pa-

1844 2824 2066 2879 vimento
2082 2829 2282 2892 jacens,
2308 2822 2606 2877 Davidicam
2630 2827 2961 2893 proclamavit
2988 2842 3158 2881 vocem
3180 2844 3199 2883 :
3224 2830 3253 2870 ι’
3279 2848 3299 2881 s
3329 2831 3440 2884 Ad-

1846 2917 1993 2970 htesit
2041 2917 2329 2984 pavimento
2379 2918 2552 2969 anima
2599 2934 2732 2982 mea,
2780 2919 2982 2986 viviﬁca
3032 2937 3111 2974 me
3163 2924 3439 2980 secundum

1844 3008 2048 3063 verbum
2080 3020 2241 3063 tuum.
2276 3027 2296 3062 s
2335 3008 2575 3063 Manibus
2599 3011 2804 3063 barbam
2836 3013 3151 3083 capillosque
3198 3016 3438 3085 evellens,

1852 3104 2071 3174 frontem
2106 3104 2429 3171 percutiens,
2459 3114 2507 3158 et
2553 3107 2837 3174 pavimento
2885 3109 3229 3179 lacrymarum
3275 3119 3447 3182 guttas

1852 3211 2124 3265 aspergens
2144 3236 2160 3261 ,
2189 3197 2383 3250 veniam
2415 3199 2685 3265 impetrare
2712 3197 2976 3268 poscebat.
3005 3197 3229 3270 Cumque
3250 3211 3447 3273 tempus

1848 3291 2105 3342 accederet
2133 3304 2232 3358 quo
2262 3302 2443 3342 manus
2474 3292 2542 3341 ad
2572 3290 2732 3342 altare
2758 3291 2949 3343 solebat
2976 3288 3158 3359 offerre
3182 3335 3196 3359 ,
3226 3310 3438 3366 surgens

1850 3396 1963 3434 cum
1995 3382 2237 3454 lacrymis
2264 3390 2339 3436 est
2368 3382 2647 3453 ingressus.
2672 3380 2802 3437 Cum
2829 3399 2945 3437 vero
2980 3385 3265 3452 obtulisset,
3292 3388 3444 3442 sicuti

1850 3474 2033 3527 solitus
2083 3486 2225 3541 erat,
2275 3475 2415 3528 intra
2460 3485 2482 3514 ε
2517 3477 2772 3530 cancellos
2816 3478 2975 3533 stetit.
3030 3474 3230 3534 Rursus
3273 3490 3446 3537 autem

1852 3566 2153 3620 Ambrosius
2184 3583 2288 3620 non
2316 3568 2501 3636 quievit
2528 3610 2542 3635 ,
2582 3570 2672 3622 sed
2696 3564 3042 3635 di/ferentiam
3072 3572 3297 3627 locorum
3324 3571 3449 3632 edo-

1853 3661 1975 3713 cuit.
2012 3656 2078 3712 Et
2105 3662 2270 3727 primo
2296 3660 2504 3732 quidem
2528 3662 2785 3731 requisivit
2812 3662 2937 3731 quid
2975 3664 3157 3717 ibidem
3186 3673 3449 3734 exspecta-

1852 3762 1947 3809 ret.
1983 3752 2301 3825 Imperatore
2332 3754 2531 3809 dicente
2579 3757 2825 3808 sustinere
2868 3771 2922 3809 se
2961 3772 3226 3811 sacrorum
3273 3774 3449 3829 percov

1856 3850 2081 3916 ptionem
2122 3847 2498 3917 mysteriorum,
2531 3862 2620 3917 per
2648 3846 3063 3901 arcltidiaconum
3089 3849 3445 3903 remandavit:

1858 3937 2225 4011 Oimperator,
2272 3940 2518 3994 interiora
2564 3939 2675 3992 loca
2702 3946 2903 3992 tantum
2948 3940 3292 3994 sacerdotibus
3330 3947 3453 3996 sunt

1857 4033 2065 4093 collata,
2098 4048 2212 4102 qutc
2241 4032 2407 4085 caueri
2437 4046 2528 4084 nec
2556 4032 2845 4102 contingere
2874 4046 2963 4084 nec
3003 4031 3201 4102 ingredi
3236 4031 3450 4100 permil-

1856 4134 2051 4179 tuntur.
2104 4124 2361 4195 Egredere
2402 4126 2577 4195 igitur,
2609 4134 2654 4176 et
2706 4128 2840 4176 hanc
2873 4124 3292 4193 exspectationem
3332 4139 3446 4177 cum

1856 4220 2050 4275 caeteris
2078 4218 2203 4271 habe
2229 4233 2569 4272 communem.
2601 4218 2625 4257 ἀ
2656 4214 2899 4287 Purpura
2925 4232 3139 4285 namque
3168 4217 3447 4287 imperato-

1856 4329 1958 4375 res,
1986 4329 2081 4366 non
2106 4310 2411 4376 sacerdotes,
2442 4311 2583 4381 facit.
2618 4308 2761 4362 Tunc
2806 4308 3132 4378 ﬁdelissimus
3172 4312 3448 4380 imperator

1859 4405 2007 4457 etiam
2038 4403 2169 4455 hanc
2212 4404 2533 4456 traditionem
2561 4403 2782 4473 gratanti
2812 4403 2983 4455 animo
3009 4403 3291 4473 suscipiens
3312 4444 3326 4469 ,
3354 4418 3441 4456 re-

1865 4495 2151 4549 mandavit:
2174 4493 2292 4547 Non
2316 4495 2549 4547 audacitr
2570 4510 2725 4546 causa
2752 4494 2887 4545 intra
2913 4494 3167 4547 cancellos
3197 4495 3332 4561 steti,
3355 4495 3444 4549 sed

1864 4587 1915 4639 in
1964 4585 2535 4654 Constantinopolitano
2583 4584 2702 4637 urbe
2730 4586 2861 4636 Itane
2905 4584 3319 4639 consuetudinem
3344 4590 3454 4641 estse

1864 4681 2093 4750 cognovi.
2128 4678 2275 4731 Unde
2311 4677 2503 4747 gratias
2557 4693 2653 4746 ago
2698 4693 2791 4746 pro
2840 4672 3135 4749 ltujnsntodi
3179 4678 3452 4734 medicina.

1866 4768 2031 4824 Tanta
2066 4773 2218 4843 igitur
2247 4781 2294 4821 et
2326 4770 2417 4823 tali
2448 4770 2630 4821 virtute
2660 4771 2849 4837 praesul
2891 4778 2936 4821 et
2976 4772 3254 4835 imperator
3292 4768 3454 4839 polle-

1867 4862 2003 4917 bant.
2040 4856 2151 4934 Ego
2174 4870 2389 4930 namque
2414 4861 2671 4930 utriusque
2700 4872 2824 4929 opus
2850 4860 3099 4916 admiror.
3128 4856 3283 4912 Illius
3312 4856 3453 4928 fidu-

1868 4961 2029 5023 ciam,
2064 4955 2215 5026 hujus
2244 4966 2408 5007 autem
2460 4953 2830 5019 obedientiam,
2864 4954 3005 5006 illius
3029 4952 3125 5005 zeli
3166 4950 3449 5020 fervorem,

1868 5053 2020 5121 hujus
2054 5050 2180 5120 ﬁdei
2208 5052 2500 5120 puritatem.
2538 5042 2706 5101 Porro
2746 5044 2951 5117 regulas
2992 5046 3196 5116 pietatis
3219 5084 3234 5111 ,
3266 5054 3391 5114 quas
3421 5062 3457 5099 a
3505 5048 3513 5123 ξ

1870 5144 2115 5214 magistro
2146 5142 2409 5195 sacerdote
2433 5141 2619 5207 recepit
2640 5180 2653 5205 ,
2680 5141 2834 5192 etiam
2862 5150 3090 5191 reversus
3119 5137 3170 5189 in
3200 5130 3424 5189 Cbnstan
3448 5166 3457 5175 ~
3503 5152 3515 5233 ξ

1870 5235 2207 5305 tinOpolitana
2238 5235 2359 5287 urbe
2385 5232 2619 5286 servavit.
2666 5229 2803 5283 Nam
2842 5233 2965 5281 dum
3013 5227 3300 5296 festivitatis
3349 5236 3447 5280 tem

1868 5348 1992 5402 pore
2020 5332 2087 5383 ad
2114 5329 2379 5385 ecclesi..m
2400 5330 2761 5399 processisset,
2785 5326 2971 5379 ablatis
2996 5326 3050 5379 in
3078 5325 3241 5377 altare
3270 5338 3455 5377 amne-

1869 5423 2030 5485 ribus,
2066 5438 2184 5475 mox
2210 5436 2434 5490 egressus
2457 5430 2548 5474 est.
2583 5420 2806 5488 Cumque
2833 5415 3103 5471 Nectarius
3125 5425 3244 5469 tunc
3264 5414 3458 5486 praesul

1873 5516 2115 5570 Ecclesia:
2138 5516 2446 5579 mandasset,
2472 5528 2561 5568 cur
2583 5516 2717 5567 intus
2732 5522 2870 5566 stare
2891 5510 3156 5573 noluisset,
3187 5507 3453 5562 mandavit

1871 5612 2147 5682 princeps:
2178 5606 2301 5674 Vix,
2332 5607 2527 5677 inquit,
2569 5614 2715 5677 palus
2736 5606 2938 5659 discere
2980 5616 3093 5675 qua
3114 5600 3360 5657 distantia
3383 5597 3450 5656 sit

1949 5756 1968 5782 ε
1999 5742 2288 5815 ῌΚιγχλίδων.

1947 5826 1974 5867 d
1998 5813 2273 5895 Ἀλθνργίς.
