3918 6344
516 224 621 288 945

1368 218 1572 276 PAULI
1613 218 1881 276 DIACONI
1918 218 2067 274 Oi’l’.
2110 215 2287 275 PARS
2326 219 2367 274 I.
2406 249 2477 262 —
2515 219 2897 279 HISTORICA.
3618 235 3702 298 9η

513 338 843 414 imperatoris
884 345 933 391 et
971 333 1268 390 sacerdotis.
1327 332 1430 388 Vix
1477 336 1607 389 enim
1655 335 1822 389 inveni
1873 335 2095 389 veritatis
2126 337 2177 397 Α
2204 344 2250 389 et
2281 335 2615 406 Abundantii,
2638 353 2694 393 tv
2724 338 2855 393 ldus
2874 336 3139 409 Januarii,
3166 340 3324 397 denuo
3344 345 3405 398 ad
3429 357 3571 417 partes
3592 353 3703 412 (Icci.

494 436 836 507 'magistrum.
892 430 1215 484 Ambrosium
1268 444 1486 499 namque
1529 429 1694 483 solum
1762 429 1879 482 novi
1934 428 2104 481 vocari

512 529 666 599 digne
709 524 1023 596 pontificem.
1058 521 1291 577 Habebat
1333 522 1491 592 igitur
1537 523 1835 593 imperator,
1868 531 1915 575 et
1946 523 2105 575 aliam

490 608 756 676 'utilitatis
808 633 1050 684 causam,
1091 625 1138 670 et
1180 617 1529 681 occasionem,
1580 632 1671 684 per
1698 616 1936 687 quamde
1967 617 2107 670 bonis

513 714 752 785 operibus
782 712 1143 777 triumpharet.
1170 716 1196 745 α
1228 708 1434 781 Conjux
1453 710 1589 763 enim
1612 710 1723 780 ejus
1746 710 1945 764 divinas
1975 714 2109 782 leges

516 805 841 874 eumstepius
871 802 1189 868 admonebat,
1222 803 1439 873 seipsam
1479 811 1643 855 tamen
1693 802 1835 873 prius
1874 803 2111 857 erudiens

490 886 752 973 perfecte.
778 896 900 953 Non
921 896 1053 951 enim
1084 897 1228 967 regni
1249 897 1467 967 fastigiis
1497 897 1689 951 elevata
1712 907 1806 966 est,
1828 898 1916 951 sed
1942 899 2112 967 potius

488 984 685 1047 divino
734 1006 909 1044 amore
948 1004 1207 1044 succensa.
1249 987 1493 1052 Beneﬁcii
1546 1005 1764 1058 namque
1816 989 2110 1060 magnitudo

511 1087 683 1157 majus
729 1084 775 1138 ei
816 1082 1125 1137 desiderium
1170 1081 1505 1152 benefactoris
1550 1082 1838 1137 adhibebat.
1892 1081 2113 1152 Repente

490 1169 731 1250 namque
759 1186 815 1232 ut
840 1177 974 1232 venit
1002 1175 1071 1229 ad
1101 1191 1399 1246 purpuram,
1423 1182 1449 1221 b
1481 1175 1781 1228 claudorum
1803 1184 1950 1242 atque
1974 1174 2113 1229 debi-

512 1273 639 1326 lium
667 1271 944 1325 maaimam
972 1268 1187 1323 habebat
1242 1284 1444 1331 curam,
1479 1284 1579 1322 non
1607 1269 1764 1323 servis
1782 1307 1796 1331 ,
1825 1284 1925 1322 non
1945 1267 2111 1321 ancil-

511 1361 600 1431 lis,
623 1378 724 1416 non
752 1362 869 1415 aliis
895 1361 1139 1414 ministris
1166 1370 1327 1426 utens,
1362 1360 1450 1413 sed
1473 1376 1563 1430 per
1585 1363 1905 1430 semetipsum
1932 1377 2107 1430 agens,

511 1464 557 1510 et
582 1455 650 1508 ad
680 1471 853 1509 eorum
887 1453 1178 1508 habitacula
1201 1454 1419 1512 veniens,
1448 1464 1491 1507 et
1516 1455 1792 1523 unicuique
1818 1455 1955 1525 quod
1982 1471 2110 1522 Opus

513 1544 720 1599 haberet
750 1546 999 1612 pra'bens.
1030 1543 1118 1599 Sic
1147 1560 1235 1615 per
1276 1543 1534 1599 Ecclesias
1554 1586 1569 1610 ,
1595 1557 1640 1598 et
1676 1563 1763 1614 per
1786 1547 2111 1599 ecclesiarum

2208 425 2373 480 dentis
2400 444 2583 498 magno
2611 430 2783 484 studio
2820 431 3119 500 festinabat.
3151 433 3347 488 Interea
3388 451 3586 496 eventum
3618 446 3705 505 belli

2209 520 2536 576 considerans
2560 563 2573 587 ,
2606 525 2762 578 mittit
2806 526 2875 578 ad
2908 524 3169 580 Thebaida
3191 568 3204 592 ,
3234 529 3300 581 ad
3325 528 3551 603 Joannem
3574 555 3706 596 manu.

2210 613 2358 666 chum
2384 615 2774 683 perspicientem
2815 618 2980 672 clara.
3011 619 3095 672 Ad
3121 637 3262 691 quem
3305 622 3545 680 destinavit
3570 628 3708 687 Eutro-

2210 705 2353 773 pium
2373 708 2659 761 eunuchum
2686 710 2887 764 sibimet
2923 711 3284 780 fidelissimum
3301 754 3318 781 ,
3345 725 3424 784 ut,
3444 729 3522 771 aut
3546 736 3659 786 eum,
3679 728 3711 778 si

2212 798 2355 852 vellet
2384 799 2571 868 venire,
2601 800 2895 868 deduceret,
2926 814 3015 857 aut
3045 805 3324 872 nolentem,
3354 809 3413 859 de
3452 822 3599 864 eventu
3629 815 3713 871 belli

2210 890 2504 957 requireret.
2529 893 2596 945 At
2623 892 2712 947 ille
2739 891 2997 949 Joannem
3018 897 3223 966 quidem
3251 898 3485 954 deducere
3516 919 3599 956 non
3618 922 3713 973 prte-

2212 982 2400 1046 valuit,
2448 985 2534 1037 sed
2583 987 2883 1042 mandatum
2910 989 3087 1044 retulit
3118 990 3249 1059 ejus,
3285 992 3415 1060 quod
3452 995 3650 1061 vinceret,
3679 1008 3712 1053 et

2210 1078 2476 1146 perimeret
2508 1089 2819 1149 tyrannum,
2848 1091 2893 1136 et
2922 1092 3034 1152 post
3059 1083 3323 1137 victoriam
3350 1086 3402 1139 in
3424 1085 3566 1141 Italia
3589 1106 3713 1145 more-

2212 1178 2369 1226 retur.
2404 1168 2573 1239 lgitur
2606 1170 2941 1241 Theodosius,
2973 1175 3181 1229 relictis.
3204 1177 3435 1231 ambobus
3453 1179 3558 1245 filiis
3576 1181 3617 1233 in
3632 1183 3717 1237 urbe

2211 1260 2785 1334 ConstantinOpotitana
2806 1309 2821 1333 ,
2871 1285 2988 1322 cum
3036 1282 3263 1342 pergeret
3291 1282 3459 1328 contra
3494 1272 3716 1347 Eugenium

2216 1354 2518 1424 bellaturus,
2550 1359 2761 1429 plurimi
2800 1372 2939 1415 trans
2982 1361 3174 1416 Istrum
3204 1365 3413 1432 ﬂuvium
3438 1366 3611 1420 barbari
3634 1381 3718 1422 sunt

2212 1452 2388 1519 secuti,
2423 1469 2537 1505 cum
2565 1469 2624 1507 eo
2651 1458 2936 1525 pugnaturi
2976 1467 3156 1511 contra
3207 1469 3499 1527 tyrannum,
3528 1477 3717 1530 porroque

2213 1556 2441 1616 tempore
2468 1563 2583 1599 cum
2611 1564 2766 1600 manu
2792 1549 3019 1602 maxima
3044 1551 3173 1603 venit
3194 1553 3263 1605 ad
3282 1550 3488 1605 Gallias.
3513 1550 3611 1605 Illic
3626 1555 3720 1607 enim

510 1641 835 1695 xenodochia
861 1642 1189 1705 discurrens,
1219 1640 1324 1693 suis
1356 1641 1587 1694 manibus
1612 1640 1927 1693 ministrabat
1956 1641 2107 1708 inﬁr—
2190 1618 2544 1708 Vprtrparabat
2594 1637 2783 1692 bellant
2809 1679 2825 1706 ,
2872 1641 2960 1694 ubi
2993 1645 3110 1713 jam
3165 1643 3325 1697 multa
3371 1645 3522 1697 millia
3563 1645 3721 1699 habebat

509 1736 627 1800 mis,
661 1735 790 1789 ollas
822 1750 999 1788 eorum
1029 1745 1252 1805 tergens,
1279 1738 1362 1800 ius
1391 1744 1624 1804 gustans,
1657 1733 1874 1799 offerens
1906 1736 2102 1787 coclea-
2137 1714 2184 1774 Β
2215 1731 2487 1786 exercitus.
2524 1730 2821 1799 Eugenius,
2875 1733 3056 1803 igitur.
3102 1743 3266 1800 atoue
3312 1734 3603 1803 Arbogastes
3637 1750 3720 1790 cum

508 1830 605 1893 ria,
638 1845 821 1898 panem
852 1832 1094 1899 frangens
1112 1866 1128 1891 ,
1156 1826 1393 1896 cibosque
1422 1827 1719 1879 ministrans
1738 1867 1752 1890 ,
1784 1825 1991 1879 calicem
2020 1827 2103 1879 tli-

508 1926 676 1985 luens,
700 1934 745 1977 et
776 1923 883 1974 alia
912 1933 1097 1974 cuncta
1142 1922 1369 1990 faciens,
1416 1934 1529 1989 qua:
1567 1919 1721 1973 servis
1763 1934 1823 1971 ac
1860 1919 2106 1973 ministris

509 2033 617 2071 mos
647 2026 721 2069 est
752 2015 1046 2068 solemniter
1069 2014 1355 2067 observare.
1391 2012 1490 2065 His
1520 2022 1688 2064 autem
1714 2012 1801 2079 qui
1823 2027 1933 2064 eam
1962 2010 2108 2065 rebus

508 2110 698 2163 talibus
726 2110 1016 2162 nitebantur
1042 2108 1329 2177 prohibere,
1353 2106 1578 2160 dicebat:
1599 2107 1793 2159 Aurum
1809 2105 2110 2159 distribuere

509 2221 638 2274 Opus
665 2201 861 2270 imperii
894 2212 985 2255 est.
1022 2200 1133 2270 Ego
1161 2209 1328 2253 autem
1353 2216 1445 2267 pro
1476 2200 1587 2268 ipso
1618 2198 1830 2266 imperio
1857 2196 1954 2249 hoc
1982 2212 2109 2267 opus

510 2298 695 2363 offero,
730 2296 860 2347 bona
888 2292 1013 2346 mihi
1046 2295 1217 2346 omnia
1246 2292 1550 2362 conferenti.
1574 2290 1710 2344 Nam
1734 2296 1841 2344 viro
1861 2307 1955 2344 suo
1976 2306 2112 2359 sa’pe

513 2390 708 2443 dicebat
734 2402 751 2438 :
782 2387 992 2453 Oportet
1022 2395 1067 2438 te
1092 2400 1311 2452 semper,
1330 2386 1529 2447 marite,
1559 2383 1782 2453 c0gitare
1801 2383 1889 2453 qni
1914 2382 2112 2436 dudum

494 2466 675 2551 fuisti,
709 2478 795 2547 qui
826 2480 976 2530 modo
1007 2478 1095 2529 sis.
1136 2474 1259 2529 lla'c
1286 2476 1329 2528 si
1355 2490 1553 2542 semper
1578 2475 1909 2543 cognoveris,
1934 2476 2110 2545 ingra-

510 2582 593 2625 tus
617 2570 845 2624 Creatori
878 2567 1188 2638 benefactori
1239 2582 1343 2620 non
1384 2566 1512 2631 eris,
1544 2567 1633 2618 sed
1664 2564 1935 2631 imperium
1973 2566 2111 2636 quod

508 2666 780 2734 suscepisti
805 2665 1036 2735 legaliter
1050 2660 1375 2733 gubernabis,
1399 2670 1446 2714 et
1465 2660 1645 2713 harum
1664 2675 1833 2713 rerum
1852 2671 2111 2713 auctorem

512 2756 761 2829 placabis.
804 2755 849 2808 II
857 2757 899 2809 is
921 2771 1042 2825 ergo
1073 2753 1388 2809 sermonibus
1410 2754 1545 2806 velut
1566 2754 1813 2822 optimam
1836 2753 2112 2820 quamdam

512 2850 809 2911 utilitatem,
834 2848 1132 2915 virtutisque
1159 2846 1540 2909 abundantiam,
1569 2844 1801 2914 conjugis
1823 2844 1903 2897 sui
1921 2860 2111 2898 sermo-

512 2940 657 2993 nibus
707 2937 975 3005 offerebat.
1009 2936 1183 3009 Igitur
1230 2937 1599 3008 grammaticus
1648 2937 1859 3003 quidam
1910 2936 2111 2990 nomine

516 3032 779 3106 Eugenius
802 3034 1088 3087 litterarum
1106 3030 1408 3084 Latinarum
1428 3029 1627 3095 doctor,
1651 3029 1941 3099 relinquens
1962 3030 2109 3083 scho-

513 3128 610 3192 las,
648 3127 701 3179 in
728 3125 921 3196 palatio
958 3123 1210 3177 militabat
1236 3163 1252 3188 ,
1283 3131 1490 3191 eratque
1521 3122 1843 3192 imperatoris
1871 3121 2105 3177 Valenti-

517 3218 659 3271 niani
707 3216 1078 3289 antigraphus,
1122 3225 1168 3269 et
1218 3227 1422 3285 propter
1468 3214 1811 3285 eloquentiam
1859 3232 1889 3268 a
1936 3216 2108 3269 multis

513 3312 818 3364 honoratus.
854 3309 997 3363 'I'unc
1025 3324 1145 3379 ergo
1173 3311 1360 3378 fertur,
1389 3324 1491 3360 non
1514 3308 1838 3361 mediocriter
1858 3309 2106 3378 cogitans,

512 3413 895 3472 cooperatorem
948 3401 1286 3469 assumpsisse
1336 3398 1669 3468 Arbogastem
1720 3399 1782 3452 de
1831 3398 2109 3451 minoribus

514 3494 681 3550 Gallis
706 3503 894 3556 ortum,
928 3491 1168 3545 militaris
1197 3490 1395 3544 ordinis
1436 3489 1648 3557 ducem,
1682 3491 1849 3543 virum
1886 3504 2108 3554 saevum,

516 3597 560 3641 et
621 3585 826 3639 mcibus
876 3592 1267 3654 prwparatum,
1311 3584 1659 3650 cultoremque
1703 3580 2113 3633 sordidissimum

521 3679 801 3732 idolorum:
836 3686 856 3714 ε
891 3676 1006 3743 Quo
1052 3675 1188 3744 facta
1233 3672 1505 3726 declinavit
1556 3670 1624 3723 ad
1672 3670 2019 3741 tyrannidem,
2065 3680 2114 3722 et

515 3785 696 3828 contra
737 3771 1157 3826 Valentinianum
1181 3784 1354 3823 necem
1383 3766 1833 3831 machinabantur,
1856 3766 2116 3820 cubicula-

516 3870 623 3923 rios
650 3867 787 3938 apud
827 3865 1080 3920 Viennam
1103 3862 1292 3918 Gallia:
1324 3863 1500 3916 urbem
1545 3871 1924 3930 corrumpentes
1956 3878 2114 3916 eunu-

517 3961 659 4017 chos.
689 3962 751 4014 At
782 3960 859 4014 illi
884 3959 1216 4013 dormientem
1240 3956 1519 4027 principem
1542 3954 2117 4024 suffocaverunt,alque

526 4065 582 4107 ut
608 4042 958 4107 voluntariam
982 4051 1082 4106 sibi
1116 4057 1341 4104 mortem
1369 4046 1691 4103 conscivisse
1721 4056 2015 4116 putaretur,
2041 4048 2118 4101 la-

518 4160 659 4218 queo
691 4157 984 4214 suspensus
1014 4132 1119 4198 est.
1145 4142 1262 4208 Quo
1289 4140 1558 4196 exstincto
1580 4140 1907 4209 Arbogastes
1940 4148 2119 4211 tyran-

525 4255 650 4293 num
677 4239 880 4292 creavit
904 4236 1221 4306 Eugenium,
1248 4235 1456 4303 eligens
1475 4231 1770 4300 hominem,
1791 4233 1878 4286 cui
1908 4232 2117 4286 titulum

522 4332 863 4402 imperatoris
895 4331 1227 4400 imponeret,
1276 4328 1391 4397 ipse
1420 4337 1634 4382 acturus
1681 4327 1997 4397 imperium,
2039 4325 2121 4380 vir

2130 3079 2183 3145 ο

2208 1822 2347 1875 omni
2399 1823 2653 1876 instructa
2696 1824 2812 1878 acie
2857 1825 3069 1893 Alpium
3129 1829 3383 1881 transitus
3435 1835 3659 1893 tenerent,
3686 1839 3723 1883 et

2209 1911 2543 1967 Theodosius
2571 1915 2622 1968 in
2649 1916 2861 1969 summis
2882 1917 3085 1987 alpibus
3108 1920 3410 1972 constitutus
3430 1932 3562 1986 esset,
3585 1936 3724 1989 expers

2208 2003 2311 2057 cibi
2359 2018 2421 2058 ac
2470 2005 2665 2071 Somni,
2723 2023 2839 2061 cum
2887 2009 3127 2079 lacrymis
3159 2010 3387 2065 orationi
3417 2013 3722 2079 cincumbeos,

2209 2102 2256 2146 et
2300 2095 2434 2148 circa
2482 2096 2609 2166 galli
2653 2106 2856 2152 contum
2920 2116 3101 2170 sapore
3176 2117 3518 2171 compressus,
3553 2104 3651 2156 vidit
3690 2105 3725 2157 is

2209 2188 2422 2249 somnis,
2450 2189 2596 2256 quasi
2617 2190 2815 2258 jaceret
2841 2191 2894 2245 in
2925 2207 3126 2261 campo,
3154 2205 3202 2248 et
3234 2206 3455 2249 astarent
3476 2196 3516 2248 ei
3534 2197 3618 2250 duo
3637 2198 3721 2266 qui-

2212 2280 2333 2333 dam
2359 2282 2454 2335 viri
2486 2284 2538 2335 in
2568 2284 2787 2337 vestibus
2817 2284 2950 2339 albis
2971 2324 2987 2350 ,
3017 2298 3064 2340 et
3094 2289 3243 2357 cquis
3273 2290 3618 2343 caudidissimis
3635 2291 3725 2344 resi-

2211 2373 2386 2428 dentes
2404 2414 2420 2441 ,
2452 2390 2663 2445 eumque
2692 2376 2929 2445 jubentes
2959 2380 3142 2434 habere
3183 2382 3431 2448 fiduciam
3450 2423 3465 2448 ,
3495 2393 3536 2436 et
3561 2383 3728 2437 diluculo

2212 2485 2413 2524 armare
2438 2472 2620 2526 milites
2646 2474 2713 2525 ad
2737 2473 3019 2537 victoriam,
3053 2475 3391 2545 dicebantque
3412 2493 3462 2530 se
3487 2493 3567 2547 pro
3596 2477 3727 2531 solatio

2214 2564 2511 2620 destinatos.
2546 2564 2777 2626 Quorum
2799 2566 2930 2619 alter
2955 2563 3212 2621 Joannem
3257 2569 3607 2641 evangelistam,
3638 2569 3728 2621 alter

2213 2673 2267 2712 se
2294 2656 2588 2729 Philippum
2612 2658 2809 2713 dicebat
2836 2658 3150 2726 apostolum.
3183 2658 3307 2714 Hac
3329 2661 3505 2715 visione
3534 2669 3728 2726 comperta

2214 2764 2532 2816 nequaquam
2560 2749 2623 2802 ab
2649 2750 2875 2803 oratione
2898 2752 3127 2816 cessavit,
3152 2752 3248 2805 sed
3272 2752 3513 2823 lacrgntas
3537 2752 3728 2804 uberiores

2213 2840 2414 2908 effudit.
2452 2840 2579 2906 Quae
2607 2840 2732 2894 visio
2763 2842 2918 2894 etiam
2948 2842 3111 2895 alicui
3134 2844 3363 2897 militum
3382 2844 3577 2897 revelata
3596 2850 3674 2900 est,
3696 2848 3726 2892 et

2213 2947 2303 3000 per
2349 2931 2571 2985 diversos
2617 2934 2746 2985 venit
2778 2933 2847 2985 ad
2876 2932 3184 3005 principem.
3213 2935 3284 2989 At
3330 2934 3418 2988 ille
3449 2932 3554 2988 Non
3579 2942 3729 3002 propter

2215 3039 2321 3088 me,
2371 3022 2569 3092 inquit,
2614 3025 2707 3079 iste
2736 3025 2843 3079 hazc
2876 3027 3023 3090 vidit,
3070 3030 3159 3082 sed
3209 3044 3276 3081 ne
3301 3030 3411 3098 quis
3437 3029 3625 3082 crederet
3646 3025 3731 3095 quia

2212 3115 2341 3183 ﬁnxi
2368 3116 2503 3185 quod
2535 3132 2627 3185 ego
2652 3116 2779 3181 vidi,
2804 3117 3020 3186 ideoque
3051 3120 3206 3172 etiam
3239 3120 3324 3173 isti
3353 3127 3646 3173 monstratum
3664 3125 3729 3170 est.

2214 3204 2356 3259 Nam
2402 3208 2623 3276 primum
2662 3209 2791 3261 mihi
2823 3211 2918 3263 hoc
2963 3209 3217 3266 Dominus
3251 3211 3528 3288 communis
3553 3207 3728 3263 ostendit.

2212 3299 2438 3370 Cumque
2468 3316 2521 3355 se
2550 3316 2582 3353 a
2610 3304 2715 3355 suis
2746 3302 3043 3357 distinctum
3089 3305 3257 3359 sciret
3282 3346 3297 3369 ,
3329 3304 3397 3359 ab
3435 3303 3641 3357 hostibus
3659 3299 3730 3352 cit-

2213 3402 2546 3461 cumseptum
2580 3396 2837 3461 nesciret,
2869 3396 3187 3452 liducialiter
3212 3412 3368 3452 arma
3395 3396 3662 3464 corripiens,
3684 3390 3732 3444 si-

2211 3501 2319 3558 gno
2366 3487 2542 3542 cnucis
2590 3489 2800 3559 signum
2854 3488 2979 3544 belli
3031 3490 3201 3556 dedit,
3256 3505 3321 3545 ac
3369 3489 3506 3546 sein
3533 3484 3729 3557 pretium.

2213 3581 2423 3658 etiamsi
2456 3597 2614 3638 nemo
2642 3593 2981 3654 Sequeretur,
3030 3585 3288 3652 immisit,
3332 3586 3495 3640 victor
3522 3580 3538 3618 ί
3565 3582 3730 3634 iuturus.

2216 3672 2399 3727 Prima
2443 3674 2626 3728 salutis
2684 3676 2769 3728 via
2806 3675 3000 3730 exstitit
3040 3676 3240 3729 Arbitio
3290 3675 3539 3731 hostilium
3573 3667 3734 3742 partim

2217 3783 2404 3825 comes.
2439 3769 2687 3837 Quicum
2733 3770 2973 3840 ignarum
3018 3772 3384 3841 imperatorem
3425 3759 3735 3835 circumpositis

2217 3863 2519 3931 excepisset
2567 3863 2799 3929 insidiis,
2828 3878 3125 3922 cunversus
3176 3880 3305 3919 mox
3352 3864 3418 3920 ad
3458 3856 3733 3919 reverentiam

2219 3966 2245 4003 8
2267 3956 2614 4026 imperatoris,
2638 3972 2761 4011 eum
2792 3973 2899 4012 non
2928 3958 3102 4014 solum
3142 3960 3381 4029 periculo
3423 3953 3655 4016 liberavit.
3677 3962 3736 4002 *θ’

2218 4062 2335 4102 rum
2388 4049 2550 4104 etiam
2596 4050 2800 4104 auxilio
2831 4047 2857 4086 ¹²
2887 4050 3158 4105 instruxit.
3207 4049 3304 4107 Fit
3353 4068 3469 4123 ergo
3519 4041 3735 4117 congressio

2220 4141 2352 4194 circa
2374 4143 2592 4210 fluvium
2637 4143 2882 4197 vocabulo
2926 4140 3231 4214 Frigidum.
3262 4142 3434 4215 Igitur
3460 4145 3510 4194 in
3534 4148 3649 4209 parte
3668 4147 3734 4202 qu

2221 4232 2445 4288 Romani
2487 4246 2666 4291 contra
2726 4238 2987 4292 Romanos
3044 4238 3427 4307 confligebant,
3482 4233 3596 4289 bella
3638 4233 3735 4283 nant

2220 4328 2468 4398 (equalia,
2502 4330 2638 4384 unde
2679 4346 2795 4385 vero
2832 4330 3036 4385 barbari
3077 4329 3417 4384 auxiliatores
3460 4320 3733 4395 imperatorii.

524 4424 789 4478 barbarus
837 4423 1017 4476 animo
1038 4463 1053 4487 ,
1082 4420 1332 4483 consilio,
1364 4436 1547 4484 manu,
1575 4420 1794 4474 audacia
1813 4458 1828 4483 ,
1854 4418 2115 4489 potentia-
2146 4445 2201 4506 Ι)
2226 4436 2342 4490 pars
2373 4420 2596 4490 Eugenii
2632 4425 2802 4490 potior
2838 4439 2947 4478 esse
2995 4424 3284 4477 videbatur.
3321 4421 3588 4492 Imperator
3616 4422 3734 4467 auten

526 4529 634 4586 que
661 4514 874 4568 nimius.
900 4512 1177 4567 Contraxit
1204 4513 1432 4581 unldique
1458 4515 1763 4567 innumeras
1796 4522 1850 4567 et
1891 4512 2119 4569 invictas

525 4610 862 4689 copiaskvel
897 4609 1259 4668 Romanorum
1302 4607 1601 4676 prasidiis,
1632 4608 1715 4662 vel
1758 4607 2115 4663 barbarorum

532 4701 781 4766 auxiliis,
814 4702 936 4757 aliis
974 4709 1267 4771 potestate,
1296 4699 1413 4754 aliis
1436 4700 1757 4769 cognatione
1781 4698 1809 4736 ἀ
1836 4701 2117 4755 subnixus.

530 4792 662 4851 IIth
689 4794 905 4848 audiens
940 4795 1225 4862 imperator
1249 4792 1584 4857 Theodosius,
1617 4808 1794 4846 rursus
1821 4790 2122 4846 sollicitudi-

528 4891 680 4946 nibus
710 4866 983 4944 obstrictus
1010 4925 1026 4953 ,
1072 4889 1295 4940 secunda
1338 4885 1619 4939 certamina
1668 4893 1782 4953 post
1831 4882 2120 4938 Maximum

532 4981 880 5053 prteparabat.
905 4963 1332 5051 Congregansque
1359 4977 1629 5031 militarem
1650 4976 1912 5041 virtutem,
1935 4986 1981 5031 et
2012 4976 2123 5031 Ilo-

529 5076 735 5133 norium
762 5076 930 5143 filium
958 5072 1229 5144 designans
1276 5072 1633 5142 imperatorem
1654 5110 1668 5133 ,
1697 5069 1967 5124 consulatu
1996 5086 2122 5138 suo,

602 5243 627 5271 ⁸
656 5233 876 5307 ξύζνγος
961 5232 1204 5307 alumno:
1227 5229 1417 5307 tivam.
1435 5229 1663 5285 Cedren.

603 5308 630 5346 δ
660 5303 915 5377 Cedr'en.,
938 5305 1313 5377 hlwgmséumu,
1337 5306 1423 5377 uoti
1447 5303 1838 5377 nennposus'vm.

608 5383 627 5408 θ
664 5377 832 5432 Aliter
882 5373 1140 5433 Zonaras
1173 5386 1229 5430 et
1276 5373 1738 5446 Cedrenus.'Vide
1791 5374 1949 5442 paulo
2006 5384 2127 5446 post

534 5443 903 5502 Marcellinum
935 5462 1076 5501 com.
1101 5462 1166 5501 ex
1194 5461 1302 5514 quo
1331 5445 1587 5500 Miscella.

608 5519 633 5557 ά
664 5521 726 5573 A.
756 5535 771 5571 :
804 5518 1091 5573 Subnixus.
1142 5514 1375 5587 Denique
1405 5515 1659 5571 'exstabat
1716 5532 1897 5587 genere
1950 5516 2124 5571 Fran-

534 5603 624 5669 cus
644 5633 660 5658 ,
692 5590 965 5660 cultorque
999 5586 1384 5644 sordidissimus
1416 5588 1695 5643 idolorum.
1744 5586 1913 5660 Igitur
1960 5589 2129 5659 Euge-

537 5674 673 5722 ntus,
702 5673 809 5715 etc.

617 5735 639 5765 ⁹
671 5734 735 5787 Α.
766 5748 777 5784 :
811 5729 1137 5800 Incumbens,
1164 5740 1323 5787 totam
1344 5742 1540 5788 noctem
1567 5731 1778 5806 pervigil
1800 5733 1987 5801 exegit,
2010 5748 2126 5787 cum

2224 4516 2396 4570 videns
2437 4515 2679 4571 barbaros
2706 4516 2959 4585 deperire,
2986 4518 3040 4572 in
3064 4517 3345 4571 maximam
3387 4514 3735 4570 veniensmm'

2224 4609 2433 4674 tionem,
2466 4616 2515 4661 et
2541 4617 2680 4662 stans
2703 4610 2757 4663 in
2786 4609 2924 4663 edita
2954 4626 3111 4680 rupe,
3144 4612 3281 4664 unde
3319 4617 3369 4662 et
3414 4605 3683 4675 conspicere.
3704 4599 3746 4689 τί

2224 4702 2451 4771 conspici
2478 4710 2645 4771 posset
2673 4703 2735 4756 ab
2763 4711 2983 4774 utroque
3012 4705 3267 4773 exercitu,
3299 4701 3529 4775 projectis
3549 4684 3743 4779 armist

2224 4796 2375 4850 solita
2415 4812 2468 4850 se
2493 4797 2637 4850 vertit
2676 4797 2911 4864 auxilia,
2949 4806 2997 4851 et
3033 4805 3323 4868 prostratus
3365 4796 3419 4849 in
3454 4803 3573 4847 terra
3586 4779 3732 4859 jam":

2224 4890 2514 4960 adjutorem
2533 4888 2693 4943 Deum
2714 4891 2952 4945 invocans
2991 4902 3039 4945 et
3062 4892 3236 4945 dicens
3257 4905 3278 4945 .'
3298 4887 3606 4956 Omnipotens
3623 4875 3733 4930 θεαί

2226 4994 2280 5037 tu
2311 4987 2440 5039 nosti
2469 4985 2591 5055 quia
2613 4984 2666 5038 in
2697 4986 2898 5039 nomine
2924 4984 3115 5061 Christi
3153 4982 3282 5039 Filii
3316 4984 3390 5039 tui
3418 4976 3604 5036 ultionis
3624 4974 3734 5046 ,ἰείη

2225 5079 2323 5131 ista
2368 5076 2548 5148 prtelia
2588 5080 2807 5148 suscepi.
2838 5078 3099 5147 Sisatvis,
3126 5079 3180 5132 in
3224 5095 3306 5134 me
3347 5076 3572 5139 vindica,
3602 5067 3733 5121 δέκτο

2228 5240 2396 5285 tamen
2423 5248 2476 5286 se
2504 5249 2612 5287 esse
2639 5251 2670 5287 a
2698 5236 2806 5289 suis
2833 5238 3135 5290 destitutum
3164 5235 3338 5301 sciret,
3372 5244 3470 5289 etc.

2303 5301 2321 5339 τ
2350 5306 2415 5358 Α.
2442 5320 2459 5357 :
2494 5302 2724 5359 Futurus
2751 5307 2975 5361 inmisit.-
2996 5307 3138 5362 Nam
3159 5295 3417 5361 consultus
3432 5295 3733 5368 Joannetétli'

2226 5376 2433 5452 choreta
2459 5392 2575 5429 eum
2600 5379 2839 5431 victorem
2874 5381 3241 5448 spoponderat.
3271 5378 3432 5452 Quem
3469 5363 3734 5452 cunt

2228 5447 2507 5523 hostilium
2535 5452 2759 5523 partium
2798 5442 2978 5505 com-es.
3000 5453 3236 5523 ignarum
3279 5442 3635 5515 circumpositis,
3658 5442 3730 5487 θλα

2299 5527 2324 5591 β
2361 5522 2445 5584 Α.,
2473 5521 2713 5591 Augusti.

2298 5587 2329 5627 ιι
2352 5586 2768 5667 ΑίχΙηὶιι-υκὶι.
2794 5592 3025 5667 Cumque
3060 5595 3129 5651 ad
3168 5592 3549 5667 congressionem
3589 5586 3732 5640 rerum

2228 5673 2377 5729 esset,
2409 5661 2672 5718 vehemens
2701 5665 2872 5731 turbo,
2900 5661 3003 5723 etc.
