3918 6344
188 474 271 540 illi:
1172 469 1483 528 HISTORIA
1524 464 1886 524 MISCELLA.
1928 496 1995 510 -—
2033 467 2158 523 LIB.
2205 466 2343 529 XIII,

3281 466 3388 523 ato
3414 540 3417 545 η

185 611 285 655 cum
298 609 438 649 causa
460 588 721 659 probabili,
741 592 789 646 'et
818 591 873 645 in
901 598 949 645 te
974 590 1197 659 confisus
1216 589 1317 644 huc
1337 590 1469 657 veni,
1501 589 1703 661 porrige
1730 582 1783 644 Δ
1811 599 1924 657 post
1945 588 2172 642 laborem
2196 587 2453 658 publicum
2469 601 2684 657 corpore
2699 586 2943 658 fatigatus
2958 588 3012 641 in
3032 589 3388 659 cegritudinem

184 702 383 750 deliram
409 689 520 754 tuis,
558 704 576 737 t
614 701 680 739 ne
706 686 839 757 forte
864 684 1038 739 dicant
1064 684 1253 740 Gentes
1275 702 1294 740 :
1329 684 1429 741 Ubi
1460 696 1532 741 est
1573 684 1715 742 Deus

182 782 367 841 eorum?
395 798 414 831 ι
448 776 513 831 Et
539 777 709 831 statim
737 778 977 847 petitione
1008 778 1280 847 frustratus
1318 793 1419 831 non
1446 785 1540 832 est.
1574 778 1712 844 Qui-

182 877 281 931 dam
303 873 425 927 eisin:
460 868 736 924 Barbarius
776 869 1017 935 nomine,
1043 871 1284 941 magister
1317 870 1537 923 militum
1562 871 1677 940 ejus
1696 910 1714 937 ,

178 968 240 1024 uir
263 966 355 1035 ﬁde
377 971 420 1019 et
447 963 627 1033 pietate
647 1003 663 1029 ,
695 970 744 1016 et
770 962 951 1016 virtute
974 961 1136 1015 animi
1160 961 1355 1031 pollens
1371 1000 1386 1026 ,
1411 970 1614 1030 repente
1640 961 1716 1016 sic

180 1064 458 1130 confortatus
480 1064 574 1123 est,
605 1064 660 1109 ut
690 1072 805 1110 cum
837 1056 1017 1126 primis
1058 1056 1271 1111 ducibus
1298 1064 1620 1111 concurreret
1644 1054 1715 1108 ad

177 1169 267 1209 eam
291 1160 493 1222 partem,
513 1166 614 1218 qua
640 1149 844 1202 barbari
867 1149 1247 1219 proeliabantur.
1284 1148 1397 1215 Quo
1418 1150 1555 1221 facta
1572 1187 1588 1211 ,
1609 1148 1717 1201 dis-

175 1249 289 1315 rupit
314 1242 457 1309 acies,
486 1252 533 1297 et
573 1244 629 1297 in
672 1243 849 1315 fugam
887 1259 1009 1297 mos:
1043 1244 1186 1297 vertit
1225 1243 1481 1297 inimicos.
1527 1241 1716 1310 Fitquo

173 1340 310 1394 denuo
335 1354 392 1392 ea:
414 1340 539 1390 hora
560 1337 886 1391 miraculum.
911 1336 1096 1391 Turbo
1123 1345 1399 1393 ventorum
1424 1336 1715 1391 vehemens

172 1446 195 1485 a
221 1438 349 1498 parte
374 1427 676 1492 Theodosii,
707 1427 758 1481 in
788 1441 881 1481 ora
906 1436 936 1468 ι
961 1427 1216 1493 hostium,
1247 1437 1545 1499 pectoraque
1564 1426 1717 1482 illisis

169 1521 357 1592 graviter
382 1520 536 1573 scutis
564 1519 910 1586 everberabat,
939 1537 1077 1575 nunc
1102 1521 1360 1590 impressis
1392 1520 1717 1588 pertinaciter

171 1614 374 1667 obstricta
415 1612 717 1677 claudebat,
751 1629 886 1667 nunc
929 1614 1139 1667 avulsus
1176 1614 1424 1668 violenter
1473 1613 1714 1668 destituta

169 1704 383 1770 nudabat,
415 1720 551 1757 nunc
581 1706 829 1773 oppositis
841 1706 1041 1776 jugiter
1061 1696 1288 1778 interga
1310 1707 1564 1760 trudebat.
1593 1705 1716 1759 Tela

167 1799 311 1865 etiam,
339 1815 448 1868 quia
475 1798 576 1868 ipsi
602 1798 919 1855 vehementer
938 1802 1262 1868 intorserant,
1296 1814 1504 1873 excepta
1527 1802 1711 1871 uentis,

164 1890 328 1957 impetu
350 1889 585 1957 supinato
604 1930 621 1956 ,
643 1907 704 1944 ac
732 1900 1012 1946 retrorsum
1051 1903 1225 1947 coacto
1243 1933 1260 1960 ,
1293 1894 1345 1946 in
1376 1894 1513 1962 ipsos
1544 1894 1717 1963 infeli-

1816 681 2049 745 incurrit,
2078 689 2129 734 et
2158 696 2367 751 sperans
2386 696 2441 735 se
2465 680 2767 751 (egritudine
2784 680 3110 749 moriturum,
3142 682 3308 753 potius
3328 683 3394 739 de

1814 788 1924 841 rep.
1955 772 2223 843 cogitabat,
2257 772 2583 828 considerans
2607 788 2723 841 quia
2748 771 2912 828 solent
2939 774 3202 842 provenire
3228 774 3397 829 homi-

1814 867 1961 922 nibus
1988 869 2291 939 imperatore
2319 868 2586 923 moriente.
2633 864 2835 922 Filium
2886 868 3057 939 itaque
3103 867 3397 923 Honorium

1813 959 1879 1014 de
1931 957 2375 1031 Constantinopoli
2420 960 2664 1028 evocavit,
2712 970 2759 1015 et
2810 962 3165 1029 imperatorem
3220 959 3417 1015 Roma.

1815 1055 2036 1109 ornavit.
2060 1053 2286 1125 Cumque
2310 1054 2575 1110 Honorius
2602 1053 2956 1109 Mediolanum
2977 1052 3399 1117 venisset.Theo-

1814 1145 1991 1199 dosius
2017 1162 2082 1201 ea:
2106 1146 2412 1216 mgritudine
2433 1147 2700 1211 relevatus,
2729 1145 2931 1200 Circum
2952 1147 3016 1201 de
3033 1147 3245 1202 uictoria
3264 1144 3401 1200 cele-

1815 1234 2010 1302 brabat,
2045 1246 2092 1289 ct
2142 1246 2263 1292 ante
2312 1239 2585 1308 prandium
2632 1238 2836 1306 quidem
2866 1238 3210 1308 spectaculum
3255 1236 3403 1307 quasi

1814 1344 1970 1383 sanus
1997 1329 2244 1395 exhibuit,
2278 1339 2388 1396 post
2406 1331 2680 1400 prandium
2701 1340 2906 1402 repente
2933 1340 3283 1403 prcegrauatus
3301 1340 3400 1397 est,

1819 1429 1868 1475 et
1899 1421 1966 1472 ad
1989 1422 2339 1491 spectaculum
2367 1424 2535 1476 uenire
2561 1439 2663 1476 non
2695 1425 2878 1492 potuit,
2900 1424 3064 1491 filium
3081 1432 3248 1477 tamen
3267 1423 3405 1478 ludis

1815 1512 1993 1566 adesse
2031 1515 2293 1584 praecepit.
2347 1514 2752 1584 Superveniente
2801 1531 2918 1569 vero
2966 1525 3111 1570 nocte
3132 1516 3404 1584 defunctus

1814 1613 1909 1669 est,
1939 1608 2203 1658 consulatu
2238 1606 2445 1672 Olibrii,
2486 1616 2531 1661 et
2564 1605 2776 1661 Probini
2805 1622 2891 1661 xw
2948 1606 3072 1660 Kal.
3106 1605 3415 1675 Februarii,

1817 1712 1951 1750 anno
1979 1697 2180 1766 imperii
2219 1698 2415 1752 decimo
2438 1700 2671 1768 septimo,
2694 1702 2808 1754 uitis
2834 1715 2950 1753 vero
2974 1708 2998 1735 ε
3025 1700 3402 1770 quinquagesi-

1819 1805 1922 1844 mo.
1956 1789 2092 1845 Huic
2123 1790 2289 1845 fertur
2321 1806 2513 1846 nomen
2543 1793 2753 1846 somnio
2784 1800 3033 1861 parentes
3060 1792 3294 1846 monitos
3319 1805 3409 1847 sa-

1819 1882 2073 1949 cravisse,
2100 1882 2240 1951 quod
2264 1882 2315 1936 in
2341 1882 2585 1937 Latinum
2612 1899 2639 1936 a
2664 1885 2783 1938 “Deo
2823 1883 3002 1939 datum
3032 1892 3204 1952 potest
3251 1880 3271 1920 ί
3316 1884 3403 1937 in-

165 1946 267 2034 citet
284 1946 674 2053 conﬂigebat,'et
698 2000 777 2048 ea.
802 2000 916 2053 qum
936 1984 999 2038 ab
1024 1987 1135 2057 ejus
1164 1946 1307 2054 paite
1334 1946 1535 2055 spicula
1567 1946 1713 2041 erant
1742 1946 1789 2006 Β
1821 1975 2004 2045 telligi.
2037 1946 2152 2030 Fuit
2178 1988 2353 2033 autem
2378 1987 2700 2046 propagator
2730 1978 2894 2045 reip.,
2922 1993 2985 2033 ac
3022 1946 3272 2033 defensor
3292 1977 3408 2033 exi-

164 2075 310 2138 ntissa,
350 2077 482 2129 ultra
526 2093 824 2131 mensuram
866 2078 1079 2133 humani
1116 2081 1289 2151 jactus
1338 2097 1426 2148 per
1470 2098 1712 2153 magnum

164 2168 288 2223 inane
307 2181 521 2238 portata,
549 2171 779 2226 valenter
807 2173 939 2226 hosti
966 2173 1229 2245 infigebat.
1256 2173 1372 2227 Hoc
1400 2175 1569 2243 itaque
1605 2191 1716 2229 mo-

163 2262 213 2314 do
256 2263 572 2319 dimicatione
621 2274 961 2337 consumpta,
1011 2276 1258 2337 tyrannus
1301 2283 1607 2323 concurrens
1646 2270 1715 2322 ad

164 2355 286 2420 pedes
329 2357 651 2427 imperatoris
700 2359 942 2414 exorabat
994 2361 1269 2428 promereri
1321 2362 1560 2415 salutem.
1615 2360 1716 2427 Qui

162 2446 272 2500 circa
299 2450 441 2515 pedes
470 2453 584 2522 ejus
616 2467 650 2504 α
681 2451 923 2505 militibus
940 2453 1106 2522 capite
1135 2461 1332 2506 secatus
1358 2462 1454 2515 est,
1486 2467 1579 2507 xvr
1608 2450 1717 2505 Kac

162 2535 277 2592 tend.
309 2538 552 2605 Octobris,
581 2543 879 2597 consulatus
908 2542 1113 2597 Arcadii
1137 2560 1275 2597 anno
1314 2544 1492 2609 tertio,
1525 2552 1575 2597 et
1605 2542 1717 2598 Ho-

161 2628 268 2681 norii
291 2632 523 2686 secundo.
555 2633 866 2704 Arbogostes
894 2644 1060 2688 autem
1092 2644 1349 2689 tantorum
1374 2651 1528 2688 causa
1553 2633 1719 2689 malo-

164 2732 270 2781 rum.
294 2731 399 2790 post
429 2724 561 2777 duos
596 2726 976 2796 congressionis
1027 2728 1133 2782 dies
1183 2732 1308 2799 fuga
1357 2730 1568 2796 lapsus,
1602 2744 1718 2782 cum

159 2816 437 2881 cognouisset
464 2817 592 2887 quia
618 2820 783 2874 vivere
825 2835 927 2874 non
974 2829 1176 2887 posset,
1210 2822 1420 2890 prppria
1461 2821 1636 2893 gladio
1665 2836 1719 2877 se

159 2905 354 2972 peremit.
380 2906 729 2965 Pmmiserat
752 2910 980 2981 denique
1007 2913 1155 2981 prius
1176 2912 1510 2968 Theodosius
1530 2913 1716 2970 decem

162 2991 297 3050 millia
343 2995 645 3056 Gothorum
698 3001 1110 3070 auxiliatorum,
1158 3018 1278 3073 quae
1316 3003 1384 3057 ab
1423 3004 1720 3075 Arbogastc

161 3090 323 3145 comite
352 3092 591 3150 funditus
639 3094 813 3150 deleta
844 3106 990 3152 sunt.
1015 3096 1163 3164 Quos
1194 3097 1376 3167 utique
1414 3096 1721 3153 Theodosio

164 3186 456 3257 perdidisse,
486 3190 665 3261 magis
723 3192 927 3247 lucrum
970 3207 1126 3261 quam
1175 3191 1550 3248 detrimentum
1597 3193 1715 3248 fuit.

62 3276 69 3281 '
163 3277 228 3373 [id
253 3281 389 3349 cujus
420 3283 641 3340 laudem
673 3284 743 3340 ob
774 3285 1036 3355 insignem
1077 3286 1352 3340 victoriam
1390 3295 1548 3354 Ροθιθ
1587 3284 1720 3356 qui"
1745 3307 1794 3373 ο

159 3366 257 3424 dam
297 3376 497 3429 nomine
546 3376 902 3442 Claudianus,
945 3377 1204 3440 eximius,
1256 3377 1349 3432 sed
1388 3375 1417 3414 ι)
1456 3393 1718 3448 paganus,

159 3461 271 3518 inter
294 3474 479 3524 caetera
506 3470 529 3500 °
561 3470 871 3543 hujusmodi
923 3469 1034 3526 Deo
1076 3479 1122 3526 et
1150 3470 1345 3526 homini
1375 3472 1722 3526 testimonium

158 3557 323 3613 cecinit
346 3578 359 3615 :

257 3648 293 3718 ρ
312 3652 506 3718 nimium
529 3655 718 3705 dilecte
742 3654 865 3718 Deo,
892 3658 980 3707 tibl
1005 3658 1179 3708 militat
1199 3657 1374 3717 aether,

255 3709 311 3762 Et
330 3714 568 3777 conjurstl
592 3718 803 3770 veniunt
826 3709 885 3767 ad
905 3720 1104 3770 classica
1128 3723 1280 3771 venti.

156 3810 177 3851 ά
196 3812 264 3870 Εα
282 3828 575 3892 tempestate
601 3823 661 3878 in
694 3821 919 3880 Orientis
933 3825 1184 3897 partibus,
1216 3827 1357 3895 apud
1385 3823 1722 3881 Palaestinam

156 3912 440 3975 provinciam
463 3917 520 3971 in
552 3916 771 3973 castello
792 3918 1005 3987 Emaus,
1030 3928 1182 3974 natus
1201 3928 1274 3975 est
1300 3937 1446 3990 puer,
1470 3921 1723 3990 perfectus

154 3999 205 4052 ab
245 4007 501 4074 umbilico,
546 4019 595 4064 et
642 4026 848 4065 sursum
897 4012 1107 4077 divisus,
1153 4015 1226 4066 ita
1271 4021 1328 4067 ut
1372 4012 1574 4067 haberet
1622 4014 1723 4066 duo

157 4104 357 4164 pectora,
388 4110 438 4153 et
461 4101 571 4153 duo
591 4102 788 4170 capita,
819 4112 867 4157 et
892 4104 1241 4174 unusquisque
1265 4119 1384 4159 suos
1426 4120 1605 4157 sensus
1629 4120 1647 4156 :
1675 4111 1724 4156 et

157 4196 266 4239 unus
287 4190 481 4258 edebat,
519 4203 567 4246 et
593 4192 812 4259 bibebat,
843 4204 893 4249 et
918 4196 1048 4249 alter
1068 4212 1169 4250 non
1194 4196 1415 4253 edebat:
1445 4212 1575 4248 unus
1604 4195 1725 4248 dor-

156 4276 333 4348 miebat,
358 4292 403 4335 et
419 4284 555 4339 alter
574 4285 845 4355 vigilabat,
872 4303 1236 4358 nonnunquam
1264 4287 1478 4341 insimul
1504 4287 1723 4340 dormie-

156 4364 273 4423 bant.
304 4369 526 4428 lnsimul
555 4388 729 4431 tamen
780 4378 1026 4433 ludebant
1052 4379 1121 4433 ad
1145 4378 1471 4443 alterutrum,
1501 4389 1548 4433 et
1574 4379 1725 4449 flebat

159 4470 353 4532 uterque,
378 4476 426 4521 et
457 4469 813 4537 percutiebant
837 4470 1070 4526 invicem.
1098 4469 1266 4525 Porro
1314 4472 1546 4526 vixerunt
1572 4471 1723 4526 annis

156 4553 288 4619 ferme
306 4559 523 4617 duobus.
562 4561 631 4616 Et
663 4578 795 4616 unus
832 4563 1037 4631 quidem
1067 4572 1294 4617 mortuus
1338 4572 1431 4630 est,
1465 4565 1594 4617 alter
1640 4581 1727 4618 sn-

158 4647 341 4708 pmizit
381 4652 564 4707 diebus
594 4664 833 4721 quatuor.
864 4653 1034 4725 Igitur
1079 4654 1395 4710 Theodosius
1442 4656 1720 4726 imperator
1751 4677 1804 4740 υ

218 4830 238 4901 _'
265 4826 324 4880 Α.
350 4843 363 4880 :
392 4827 646 4901 Hostium
674 4826 797 4899 ruit,
825 4833 910 4901 qui
938 4833 1001 4886 ab
1029 4835 1138 4901 ejus
1170 4843 1312 4901 parte
1339 4833 1538 4901 spicum
1564 4835 1724 4890 missa

155 4895 349 4975 valenter
378 4900 516 4954 hosti
545 4895 817 4972 inﬁgeret,
837 4895 893 4956 ἐι
928 4895 1101 4958 hostili
1147 4895 1298 4957 manu
1324 4895 1480 4958 missa
1510 4908 1726 4975 repelle-

157 4971 233 5045 ff}.
264 4967 381 5045 N_ec_
410 4967 615 5045 mora,
641 4967 810 5039 parva
836 4991 1047 5027 suorum
1086 4976 1207 5027 data
1248 4986 1445 5045 strage,
1476 4967 1654 5029 uiciori
1673 4992 1727 5030 se

159 5029 413 5117 Theodosio
430 5029 904 5117 hostilis-exercitus
924 5048 1217 5113 prostravit.
1250 5029 1515 5117 Euggenius
1549 5029 1728 5116 captus

156 5115 284 5187 atque
310 5111 730 5187 interfectusest.
763 5111 1065 5184 Arbogastes
1104 5134 1199 5171 sua
1237 5135 1290 5173 se
1318 5111 1470 5170 manu
1514 5111 1724 5187 percus-

160 5185 228 5255 sit,
254 5184 572 5255 prtemiserat
604 5186 820 5243 denique
847 5188 1008 5255 prius,
1036 5200 1140 5242 etc.
1515 5184 1524 5187 _
1598 5212 1603 5213 ί

214 5248 238 5322 ι]
265 5254 351 5319 Α.,
378 5254 639 5322 inﬁdelis.

219 5314 239 5392 ξ
384 5314 477 5379 hos
504 5327 807 5381 versiculos.
883 5364 909 5377 κ

220 5374 433 5471 ibocus
465 5398 761 5471 translatus
784 5409 951 5456 estex
983 5400 1245 5457 Cedreno.

263 5463 446 5521 'Aurel.
482 5467 672 5524 Victor
701 5471 788 5526 60.
1280 5514 1297 5520 -

223 5522 241 5562 '
267 5538 331 5591 Α.
355 5554 372 5592 :
394 5522 868 5609 intelligidD—evhoc
897 5544 1047 5597 etiam
1076 5542 1283 5599 oraculo
1320 5543 1375 5598 in
1416 5544 1539 5598 Asia
1563 5542 1727 5598 divulo

160 5612 313 5686 gutum
331 5617 562 5686 est__eum_
595 5610 795 5686 valenti
824 5630 1195 5679 successurum,
1250 5617 1398 5686 cujus
1450 5631 1631 5670 nomen
1652 5624 1692 5671 Θ
1712 5656 1727 5679 ,

161 5684 366 5769 tuque-cl~
399 5680 591 5769 l'i‘t'teris.
641 5684 969 5769 initiaretur.”
992 5687 1109 5769 Qua
1146 5680 1446 5769 cognatione
1493 5686 1732 5769 principii

164 5743 375 5816 deceptus
402 5749 876 5828 Theodorumcum
904 5743 1309 5823 sibiwimperi'um
1338 5743 1507 5828 deberi
1536 5743 1731 5828 priests-

163 5828 321 5900 ιυιςνει2
342 5824 575 5877 scelesta:
596 5826 850 5895 cupidinis
864 5829 1117 5900 supplicia
1132 5828 1391 5900 persolvit.
1414 5824 1546 5882 Fuit
1559 5840 1729 5883 autem

203 5885 339 5964 head.
370 5885 707 5964 propagator.

226 5965 252 6008 ο
276 5960 489 6037 Δημώ
516 5960 772 6036 infantiae.

1818 2071 1973 2136 mins,
2008 2074 2245 2128 moribus
2274 2082 2328 2128 et
2367 2088 2593 2141 corpore
2616 2071 2854 2142 Trajano
2901 2073 3109 2138 similis,
3149 2082 3404 2143 quantum

1816 2163 2013 2233 scripta
2046 2174 2310 2228 veterum,
2342 2172 2398 2219 et
2445 2164 2666 2232 pictura!
2722 2164 2937 2231 docent,
2970 2179 2999 2217 a
3030 2179 3135 2233 quo
3157 2174 3212 2220 et
3238 2163 3406 2236 origi-

1820 2272 1944 2312 nem
1974 2259 2152 2313 traxit.
2188 2256 2275 2313 Sic
2302 2258 2548 2314 eminens
2587 2267 2780 2324 status,
2807 2258 3046 2313 membra
3070 2258 3279 2324 eadem,
3310 2271 3409 2326 par

1818 2349 2090 2415 cmsaries,
2124 2364 2208 2415 os,
2240 2349 2444 2419 absque
2487 2365 2553 2405 eo
2601 2350 2743 2418 quod
2799 2350 2874 2405 illi
2906 2350 3235 2419 aliquantum
3262 2349 3411 2405 evel-

1819 2436 1980 2496 lendo
2013 2442 2227 2496 steriles
2246 2456 2419 2510 genae,
2444 2456 2618 2512 neque
2663 2451 2769 2495 tam
2798 2443 3041 2511 ingentes
3063 2443 3201 2498 oculi
3229 2451 3405 2510 erant,

1819 2533 1998 2587 nescio
2028 2547 2094 2586 an
2121 2540 2175 2587 et
2198 2543 2342 2588 tanta
2370 2533 2561 2603 gratia,
2594 2541 2880 2603 tantusque
2934 2542 2961 2581 Β
3002 2533 3101 2589 ﬂos
3149 2534 3204 2588 in
3254 2533 3406 2606 facie,

1820 2638 1912 2679 seu
1946 2633 2089 2679 tanta
2114 2625 2345 2693 dignitas
2374 2622 2402 2661 ιι
2436 2626 2487 2681 in
2531 2626 2766 2681 incessu.
2811 2625 2959 2681 Mens
3008 2641 3138 2681 vero
3188 2640 3409 2696 prorsus

1822 2719 2033 2785 similis,
2084 2720 2220 2774 adeo
2246 2727 2305 2773 ut
2328 2718 2456 2773 nihil
2485 2719 2548 2773 de
2575 2720 2666 2774 illo
2692 2718 2793 2774 dici
2826 2727 3004 2789 queat,
3035 2720 3177 2789 quod
3209 2734 3311 2774 non
3340 2733 3409 2774 ex

1822 2810 1971 2865 libris
2000 2810 2053 2865 in
2079 2811 2241 2864 istum
2269 2811 2514 2865 videatur
2547 2808 2563 2847 ί
2599 2809 2901 2866 transferri.
2933 2810 2992 2866 In
3023 2825 3215 2865 omnes
3242 2810 3412 2864 homi-

1822 2918 1908 2956 nes
1933 2902 2281 2967 honorificus,
2300 2917 2483 2957 verum
2522 2901 2744 2957 eﬂ'usius
2793 2901 2845 2956 in
2889 2902 3079 2958 bonos.
3131 2902 3407 2971 Simplicis

1822 2992 2033 3062 ingenia
2058 2993 2306 3061 diligere,
2334 2993 2538 3049 erudita
2569 2997 2582 3043 ι
2624 2994 2828 3060 mirari,
2864 2994 3160 3063 prmsertim
3181 3008 3411 3064 quorum

1824 3096 1949 3153 ergo
1984 3098 2065 3146 se,
2092 3081 2115 3119 ι
2149 3084 2228 3137 vel
2252 3100 2438 3153 parum
2465 3098 2655 3151 aspero
2676 3098 2805 3139 casu
2862 3083 3036 3139 officia
3067 3083 3408 3155 probaverat.

1824 3173 1914 3228 Illa
1945 3185 2122 3230 tamen
2142 3176 2266 3229 vitia
2291 3175 2482 3245 quibus
2513 3174 2777 3245 Trajanus
2803 3189 3056 3245 aspersus
3102 3184 3206 3243 est,
3258 3176 3413 3231 vino-

1827 3267 2044 3323 lentiam
2090 3268 2315 3333 scilicet,
2360 3278 2412 3324 et
2462 3268 2763 3336 cupidinem
2816 3267 3204 3338 triumphandi,
3242 3282 3412 3338 usque

1824 3359 1960 3414 adeo
1986 3360 2379 3426 detestabatur,
2414 3369 2470 3414 ut
2492 3360 2631 3416 bella
2663 3377 2768 3417 non
2791 3362 3040 3428 moverit,
3069 3362 3165 3417 sed
3196 3362 3413 3419 invene-

1824 3454 1926 3519 rit;
1950 3452 2243 3508 ministeria
2266 3453 2481 3516 lasciva,
2502 3454 2856 3525 psaltriasque
2876 3454 3415 3510 commessationibus

1825 3544 2066 3601 adhiberi
2124 3546 2242 3617 lege
2277 3546 2572 3617 prohibuit,
2617 3558 2811 3602 tantum
2859 3548 3049 3618 pudori
3076 3547 3321 3613 tribuens,
3361 3552 3415 3601 et

1824 3640 2166 3701 continentia,
2193 3650 2248 3694 ut
2278 3641 2724 3698 consobrinarum
2751 3646 2963 3709 nuptias
2984 3651 3235 3713 tanquam
3258 3657 3416 3699 soro-

1824 3746 1941 3785 rum
1974 3732 2327 3786 interdixerit.
2363 3732 2425 3786 Si
2454 3734 2668 3787 nimium
2701 3738 2950 3806 perfectos
2992 3737 3410 3805 contemplemur,

1826 3821 2017 3877 litteris
2040 3822 2388 3878 mediocriter
2408 3825 2623 3892 doctus,
2680 3840 2841 3895 sagax
2874 3826 3047 3893 plane,
3081 3828 3415 3898 multumque

1825 3914 2053 3986 diligens
2074 3916 2139 3970 ad
2166 3917 2435 3972 noscenda
2461 3929 2613 3990 gesta
2654 3918 2675 3956 ι
2719 3920 3002 3989 majorum.
3034 3918 3084 3975 E
3111 3922 3291 3992 quibus
3313 3937 3415 3977 non

1825 4010 2084 4065 desinebat
2113 4011 2387 4077 exsecrari,
2433 4029 2652 4082 quorum
2698 4018 2837 4082 facta
2886 4015 3119 4084 superba,
3161 4014 3414 4081 crudelia,

1826 4101 2352 4171 libertatiqueinfesta
2381 4103 2586 4171 legeret,
2618 4111 2674 4157 ut
2722 4103 2959 4169 Cinnam,
3011 4103 3257 4168 Marinus,
3291 4102 3418 4174 Syl-

1826 4197 1952 4261 lam,
1982 4206 2129 4265 atque
2154 4199 2416 4252 universos
2434 4198 2821 4262 dominantium,
2851 4199 3108 4268 prcecipue
3139 4209 3306 4253 tamen
3329 4199 3414 4251 in-

1827 4296 2022 4358 gratos,
2054 4297 2100 4339 et
2132 4287 2392 4357 factiosos.
2430 4287 2591 4342 Irasci
2643 4303 2775 4343 sane
2818 4288 2976 4344 rebus
3026 4288 3272 4358 indignis,
3319 4287 3416 4343 sed

1828 4380 2004 4433 subito
2030 4378 2187 4433 ﬂecti.
2219 4378 2368 4433 Unde
2394 4394 2605 4448 quoque
2634 4380 2889 4435 dilatione
2938 4382 3143 4434 modica
3178 4389 3218 4417 αι
3248 4380 3417 4455 emol-

1831 4469 1993 4523 liehat
2022 4468 2280 4522 interdum
2320 4479 2579 4539 prazcepta
2622 4485 2816 4535 severa,
2865 4470 3137 4538 habuitque
3165 4482 3417 4527 anaturc

1830 4578 2059 4627 munere,
2098 4563 2231 4633 quod
2283 4563 2544 4631 Augustus
2577 4579 2608 4616 a
2647 4563 2984 4633 philosophiae
3042 4565 3269 4618 doctore.
3312 4562 3417 4630 Qui

1831 4668 1951 4709 cum
1982 4654 2201 4709 vidisset
2228 4669 2350 4710 eum
2381 4654 2535 4711 facile
2563 4654 2910 4720 commoveri,
2943 4669 3010 4711 ne
3040 4669 3287 4725 asperum
3311 4654 3414 4711 ali-

1900 4834 1926 4873 ¹³
1956 4838 2045 4904 A.,
2078 4838 2132 4891 in
2173 4837 2371 4891 incessu
2393 4836 2592 4905 fuisset.

1906 4909 1922 4943 ί
1956 4911 2018 4963 Α.
2058 4927 2070 4960 :
2097 4907 2363 4977 transferri
2394 4924 2412 4960 :
2442 4909 2659 4960 clemens
2689 4907 2908 4971 animus,
2933 4907 3239 4967 misericors.
3270 4919 3417 4961 com-

1829 4980 2017 5043 munis,
2049 4980 2158 5032 solo
2195 4980 2370 5031 habitu
2399 4977 2606 5043 differre
2631 4994 2685 5032 se
2711 4978 2905 5032 cateris
2954 4991 3158 5047 putans.
3208 4978 3277 5032 In
3313 4994 3419 5032 om-

1830 5067 1934 5111 nes,
1976 5060 2080 5104 CIC.

1906 5120 2013 5175 5A.
2052 5139 2065 5174 :
2098 5120 2275 5173 mirari
2317 5120 2407 5173 sed
2454 5120 2684 5173 innoxia.
2742 5119 2950 5190 Largiri
3000 5135 3186 5189 magno
3242 5118 3417 5175 animo

1830 5209 2037 5263 magna,
2060 5206 2238 5263 amare
2262 5190 2412 5254 cives,
2445 5192 2520 5242 vel
2554 5191 2752 5263 privato
2780 5190 3119 5263 contubernio
3163 5192 3415 5260 cognitos,

1832 5260 2010 5330 eosque
2036 5260 2335 5325 honoribus,
2366 5263 2602 5330 pecunia,
2631 5260 2880 5327 beneﬁciis
2904 5265 3099 5316 caeteris
3121 5276 3415 5329 munerare,

1832 5334 2132 5401 praesertim,
2163 5342 2266 5384 etc.

1904 5401 1929 5440 ιι
1952 5403 2121 5457 Aliter
2141 5402 2275 5454 velut
2301 5408 2512 5471 patrem.
2543 5401 2815 5456 Francisci
2848 5402 3039 5458 Pithtei
3070 5418 3195 5468 ms.,
3225 5402 3303 5457 vel
3329 5417 3420 5473 pa-

1831 5482 1977 5527 trem.
2380 5498 2384 5503 ·
3408 5500 3415 5509 ~

1909 5544 1927 5583 1
1976 5546 2042 5599 A.
2094 5561 2106 5596 :
2151 5543 2425 5615 majorum.
2472 5543 2848 5598 Exsecrabatur
2900 5561 3013 5598 cum
3074 5545 3272 5615 legisset
3327 5558 3420 5598 su-

1835 5617 2060 5685 perbiam
2127 5614 2548 5680 dominantium,
2611 5620 2863 5684 prwcipue
2926 5614 3151 5686 perﬁdos
3226 5623 3270 5668 et
3334 5616 3419 5667 in-

1868 5698 2023 5741 ratos.

1833 5707 2027 5811 9'
2055 5754 2454 5810 :emolliebatur.
2476 5755 2738 5810 Interdum
2754 5772 2924 5810 severa
2945 5766 3196 5827 praecepta
3217 5754 3417 5827 habnt".

1832 5846 1945 5897 qua!
1969 5845 2000 5881 a
2023 5828 2243 5881 naturali
2264 5843 2492 5890 munere,
2520 5845 2617 5894 quo
2644 5829 2901 5898 Augustus
2932 5826 3207 5882 excellebat
3237 5826 3418 5898 abhor-

1833 5903 2028 5954 rebunt.
2052 5898 2204 5971 Unde
2225 5914 2424 5969 quoque
2449 5896 2735 5971 aliquando
2747 5909 3006 5971 correptus
3029 5908 3105 5954 est
3136 5915 3169 5951 a
3196 5896 3420 5969 quodam

1837 5969 2171 6045 philosOphia:
2197 5971 2418 6040 doctore,
2443 5970 2547 6041 qui,
2572 5979 2678 6027 etc.
