3918 6344
183 350 262 411 949

1212 335 1533 395 HISTORIA
1572 330 1929 392 MISCELLA.
1973 361 2041 372 —
2080 332 2209 389 LIB.
2249 330 2390 388 XIII.

3280 332 3383 387 950

185 461 310 519 ποηιέι
334 450 533 522 periculo
559 447 808 507 liberavit.
842 447 1048 507 Interea
1079 447 1233 504 Gildo
1280 465 1460 507 comes
1507 448 1699 505 Africae
1727 451 1777 513 Α
1803 450 2226 520 consideransque
2255 466 2316 502 ne
2335 466 2364 502 a
2392 464 2643 520 quoquam
2669 449 2869 503 insidits
2891 460 3227 521 appeteretur,
3255 453 3387 508 hunc

180 555 346 624 cognita
376 545 643 604 Theodosii
669 553 843 599 morte
869 545 1155 601 arbitratus
1199 546 1471 601 minimam
1503 545 1553 603 in
1583 562 1702 616 par-

182 648 287 701 vulis
310 658 440 709 snetn
464 640 595 703 iure,
618 637 849 692 Africam
872 638 994 706 jure
1013 637 1228 707 proprio
1242 639 1404 705 coepit
1421 653 1697 707 usurpare.

182 736 540 806 Ilujuslratera
592 730 811 785 Macezt‘l
866 732 1139 800 perlidiatn
1183 732 1421 801 germani
1473 731 1704 801 perhor-

181 842 356 889 rescens
382 828 428 880 in
458 823 654 879 Italiam
689 824 843 877 rediit
870 824 1059 879 :tiildo
1087 834 1253 878 autem
1273 825 1404 880 duos
1432 826 1547 893 ejus
1570 825 1705 881 lilius

177 924 424 976 adoicsccnt
440 933 499 977 es.
518 932 651 984 quos
675 926 822 984 pater
845 916 896 969 in
918 917 1162 987 Africana
1187 917 1368 969 militia
1398 916 1701 983 reliquerat,

175 1018 332 1072 occidit
368 1014 482 1067 dolo
537 1010 949 1066 citettnivetitos.
984 1011 1064 1065 Ad
1096 1011 1233 1065 lutnc
1275 1009 1382 1079 jam
1413 1019 1467 1064 ut
1499 1010 1706 1065 hostem

172 1109 284 1165 bello
328 1104 726 1172 insequendum,
760 1104 973 1157 Macezil
1026 1103 1186 1157 frater
1215 1103 1325 1174 ejus
1355 1108 1549 1159 missus
1604 1112 1704 1159 est.

172 1200 306 1273 Igitur
343 1198 546 1254 Macezil
590 1198 704 1268 jam
748 1199 867 1251 inde
914 1214 942 1252 a
991 1198 1292 1254 Theodosio
1338 1200 1511 1255 sciens
1547 1217 1710 1270 quan-

169 1307 257 1352 tum
304 1297 350 1349 in
402 1296 561 1349 rebus
597 1294 1045 1362 desperatissitnis
1110 1295 1282 1351 oratio
1338 1295 1569 1351 hominis
1620 1312 1714 1365 per

168 1388 296 1443 ﬁdem
354 1385 550 1439 Christi
600 1384 939 1441 cletneutiam
993 1386 1084 1441 Dei
1129 1387 1458 1455 impetraret,
1514 1389 1714 1459 Capra-

164 1484 272 1540 riam
321 1483 541 1535 insulam
589 1482 738 1546 adiit,
798 1478 972 1536 indeb
1016 1496 1197 1537 secum
1245 1499 1413 1537 servos
1471 1482 1561 1539 Dei
1613 1484 1714 1541 ali-

165 1594 266 1647 quos
284 1577 552 1646 permixtos
602 1576 711 1628 suis
752 1574 983 1644 precibus
1031 1577 1308 1639 abducens,
1359 1591 1479 1631 cum
1502 1578 1715 1646 quibus,

159 1669 481 1725 orationibus.
511 1684 576 1722 ac
596 1667 815 1735 jejuniis
871 1669 986 1723 dies
1035 1668 1235 1733 aliquot
1284 1672 1631 1735 continuavit,
1664 1679 1721 1725 et

162 1762 180 1791 ο
197 1770 383 1823 noctes,
409 1776 500 1824 pro
531 1775 633 1828 qua
663 1776 717 1813 re
743 1761 1005 1813 victoriam
1035 1763 1145 1815 sine
1169 1763 1298 1817 bcl'o
1321 1766 1521 1830 meruit,
1542 1774 1590 1818 et
1608 1767 1718 1819 sine

156 1850 271 1905 crede
296 1850 593 1905 uindictam.
636 1848 804 1917 Igitur
851 1851 1091 1905 Ardealio
1140 1854 1369 1922 ﬂuminis
1410 1871 1589 1911 nomen
1618 1865 1712 1921 est,

156 1943 269 2011 quod
295 1944 404 2010 [luit
430 1943 571 1995 inter
603 1942 856 1999 Tettestem
910 1953 957 1997 et
987 1946 1294 1999 Amedaram
1334 1948 1580 2003 civitates.
1619 1948 1717 2004 Ubi

153 2049 247 2087 cunt
271 2051 428 2103 parca
456 2051 640 2096 manu.
688 2037 781 2089 hoc
836 2045 931 2101 est,
974 2053 1090 2089 cuni
1134 2039 1352 2108 quinque
1394 2041 1638 2103 millibus,
1663 2051 1717 2096 ut

152 2125 269 2181 aiunt
297 2126 541 2188 militum.
561 2138 739 2181 contra
761 2129 1083 2198 septuaginta
1106 2130 1267 2183 millia
1286 2131 1505 2186 hostium
1526 2145 1719 2187 castra-

151 2226 357 2284 ntetatus,
407 2235 523 2272 cum
577 2221 841 2291 intcrjccta
888 2239 1031 2276 mora
1075 2224 1313 2277 excedere
1342 2226 1471 2287 loco,
1506 2228 1719 2294 apposi-

151 2321 301 2378 tesque
325 2315 472 2366 vallis
514 2315 842 2384 pra'jacsntis
899 2318 1167 2386 angustias
1214 2322 1500 2389 transgredi
1550 2323 1715 2387 vellet,

148 2402 408 2457 incuri-cute
436 2416 593 2459 nocte
614 2406 819 2461 beatum
849 2407 1173 2461 Ambrosium
1200 2411 1491 2479 episcopum
1517 2412 1719 2468 Μιναῖο-

147 2498 254 2562 lani,
283 2500 437 2569 paulo
469 2510 597 2554 ante
634 2501 960 2570 defunctum,
1000 2520 1089 2571 per
1139 2506 1390 2558 somnium
1431 2508 1526 2561 sibi
1553 2510 1721 2564 uidere

145 2590 258 2644 risus
284 2601 375 2651 est.
403 2593 792 2661 signiﬁcantem
826 2610 1000 2659 manu,
1034 2604 1083 2648 et
1131 2595 1349 2665 intpacto
1389 2600 1457 2651 ad
1510 2603 1721 2656 humum

143 2691 204 2736 ter
231 2682 406 2739 baculo
435 2688 726 2739 dicentem:
748 2685 873 2753 llic,
902 2686 1006 2753 hic,
1040 2689 1141 2741 hic.
1174 2688 1321 2753 Quod
1347 2690 1581 2753 tradenti
1599 2708 1723 2746 con-

131 2775 309 2846 jactura
341 2780 628 2848 intellexit,
660 2782 840 2834 merito
870 2783 1222 2835 annuntiantis
1271 2783 1424 2852 ﬁdem
1475 2785 1717 2853 uictoria,

138 2872 265 2923 turbo
291 2872 485 2935 locant,
521 2890 739 2929 numero
760 2876 897 2929 diem
919 2875 1221 2944 signiﬁcari,
1270 2888 1315 2931 et
1358 2878 1601 2934 substitit.
1647 2884 1724 2937 Ac

139 2964 278 3017 tertio
303 2965 529 3021 demum
549 2968 643 3021 die
664 2980 777 3036 post
797 2978 1007 3025 noctem
1026 2971 1377 3038 orationibus,
1406 2974 1724 3043 hymnisqne

133 3056 159 3099 ά
184 3061 484 3128 pervigilem
515 3063 588 3114 ab
617 3061 741 3126 ipsis
762 3067 1034 3118 calestiunt
1055 3068 1409 3134 mysteriorum
1429 3084 1724 3123 sacramen-

134 3149 190 3207 tis
217 3152 266 3205 in
296 3153 501 3209 hostem
533 3157 908 3228 circumfusum
933 3159 1193 3228 processit.
1214 3172 1259 3215 et
1283 3180 1399 3218 cum
1418 3163 1485 3214 ad
1506 3179 1610 3226 eos.
1636 3166 1724 3234 qui

130 3243 280 3309 primo
301 3257 677 3312 occurrerant,
708 3249 796 3318 pia
817 3254 958 3319 pacis
983 3252 1131 3305 verba
1150 3256 1393 3323 jactaret,
1423 3256 1725 3327 signiferum

126 3338 385 3402 quemdam
439 3341 736 3395 insolenter
781 3343 1102 3398 obsistentem
1156 3345 1329 3415 gladio
1378 3351 1624 3415 percussit
1670 3351 1723 3403 in

125 3426 341 3500 brachio,
372 3450 617 3503 eumque
642 3451 799 3489 manu
827 3436 1041 3492 debilem
1082 3441 1194 3507 ipso
1221 3440 1429 3497 vulnere
1453 3444 1614 3511 coegit
1638 3444 1723 3497 itt-

123 3521 304 3580 dinare
329 3528 625 3582 millum.
656 3528 777 3596 Quo
803 3530 919 3584 viso
943 3531 1206 3587 auxiliarii
1249 3532 1490 3589 Gildnnis
1514 3534 1726 3590 barbari

120 3615 250 3671 illico
280 3628 435 3690 terga
466 3621 773 3676 dederunt.
821 3621 978 3677 Gildo
998 3633 1052 3678 et
1079 3625 1191 3693 ipse
1240 3625 1462 3695 fugiens,
1504 3639 1725 3681 ascensa

118 3710 225 3763 navi
248 3728 375 3767 cum
410 3715 469 3768 in
489 3714 741 3768 Africam
775 3715 1037 3778 rediisset.
1059 3718 1393 3787 postaliqnot
1417 3721 1529 3775 dies
1554 3730 1730 3776 stran-

115 3802 315 3866 gulatus
344 3806 596 3861 interiit.
631 3806 772 3860 Sane
817 3808 956 3862 idem
987 3808 1201 3865 Maceril
1231 3813 1399 3866 elatus
1425 3828 1603 3868 rerum
1635 3829 1727 3869 se-

114 3894 403 3950 cundarum
436 3898 763 3964 insolentia,
790 3910 835 3952 et
858 3908 1089 3965 tumens,
1120 3904 1405 3970 posthabito
1432 3916 1729 3961 sanctorum

109 3989 379 4053 consortio,
397 4006 535 4043 cum
565 3990 756 4059 quibus
781 4003 935 4045 antea
957 3991 1063 4045 Deo
1083 3994 1318 4049 militans
1346 3997 1553 4062 vicerat,
1575 3997 1730 4051 etiam

113 4074 408 4135 Bchesiam
468 4081 579 4136 Dei
646 4093 910 4139 temerare
964 4098 1124 4139 ausus
1178 4097 1279 4153 est,
1341 4096 1502 4156 atque
1541 4102 1604 4142 ex
1665 4103 1728 4143 ea

106 4173 367 4235 quosdam
433 4190 560 4229 non
646 4174 906 4231 dubitavit
970 4177 1273 4232 extrahere.
1338 4178 1535 4234 Secuta
1600 4194 1727 4234 mox

106 4278 250 4330 ’ωειλ
315 4270 677 4338 sacrilegum
757 4280 860 4327 est.
936 4270 1067 4326 Nam
1134 4273 1317 4326 iisdem
1377 4274 1730 4349 superstitibus

101 4368 241 4425 atque
307 4362 742 4429 insultantibus,
808 4380 933 4433 quos
980 4365 1045 4418 ab
1112 4363 1344 4419 Ecclesia
1407 4368 1476 4419 ad
1530 4382 1730 4434 paruam

98 4463 450 4520 protrmrat,
491 4464 633 4525 post
659 4457 914 4524 aliquanti
938 4474 986 4513 tn
1038 4465 1248 4528 tempus
1269 4460 1409 4515 solus
1432 4461 1547 4532 ipse
1584 4474 1607 4501 ε
1636 4478 1732 4529 pu-

98 4546 230 4598 nitus
296 4558 413 4603 est.
502 4548 861 4617 Probatn'tqtte
920 4552 974 4604 in
1037 4567 1091 4604 so
1155 4568 1259 4605 uno
1324 4554 1401 4606 ad
1457 4564 1728 4625 utrumque

96 4650 286 4705 “per
312 4642 580 4695 divinum
620 4642 825 4711 vigilare
845 4644 1125 4712 judicium,
1147 4647 1372 4715 quando,
1402 4656 1449 4700 et
1476 4664 1588 4700 cunt
1620 4664 1732 4719 spe-

90 4731 233 4793 ravit,
261 4734 511 4803 adjutus
541 4742 627 4785 est
648 4772 662 4795 ,
693 4740 741 4786 et
770 4750 884 4787 cum
914 4736 1246 4803 contempsit,
1280 4738 1474 4790 occisus
1503 4749 1596 4791 cst.
1628 4739 1731 4791 Ar-

91 4822 263 4875 cadius
283 4826 483 4896 itaque
507 4839 645 4877 eam
668 4841 719 4878 se
754 4827 884 4878 mori
912 4836 1152 4891 cerneret,
1184 4828 1355 4882 ridens
1387 4828 1732 4883 Theodosium

86 4911 247 4977 ﬁliam
275 4932 447 4969 suum
476 4914 771 4986 parvulum
800 4931 907 4969 esse
933 4917 1079 4986 (erat
1117 4920 1255 4971 enim
1283 4935 1531 4973 annorum
1560 4921 1729 4991 octo),

151 5070 176 5099 °
208 5074 276 5145 5,
335 5088 602 5144 semper
650 5071 925 5145 Mascysel.
977 5074 1146 5132 Aliter
1197 5076 1470 5137 διαπρίει.
1512 5080 1730 5139 Diacon.

84 5137 177 5194 Ms.
208 5137 555 5198 Mascelzét.

79 5281 105 5335 ι
148 5209 272 5270 δΛ.
336 5233 351 5269 :
415 5230 628 5269 secum
684 5224 883 5269 sanctos
933 5217 1068 5271 viros
1116 5218 1396 5288 adducens,
1449 5236 1567 5276 cum
1622 5224 1732 5293 qui-

110 5301 186 5335 us-
230 5299 347 5335 etc-
592 5332 613 5335 _

110 5301 187 5353 us,
230 5299 347 5343 etc.
586 5332 623 5351 η,

148 5360 169 5386 (³
201 5362 313 5431 Α.)
350 5368 584 5413 noctu.
619 5358 753 5431 AAnte
792 5359 1021 5412 triduum
1055 5377 1254 5431 quoque
1273 5379 1389 5416 cum
1411 5363 1542 5418 hosti
1564 5368 1730 5420 conti-

76 5441 205 5501 guus
235 5430 423 5499 ﬁeret,
456 5428 650 5483 cernit
676 5440 830 5482 noctu
854 5428 1407 5487 beatum‘Atnbrosium
1438 5439 1592 5501 paulo
1615 5448 1734 5491 tmte

76 5499 420 5577 delttnctum,
455 5515 588 5577 qua
608 5502 685 5551 rel
714 5501 916 5568 quando
963 5503 1223 5577 victoriam
1252 5499 1451 5577 caperet
1478 5510 1613 5562 diem
1638 5511 1733 5565 sibi

76 5567 440 5634 indicantem,
471 5567 528 5622 et
566 5570 765 5631 locum,
796 5588 857 5623 ac
888 5575 1056 5635 tertio,
1086 5586 1188 5629 etc.

140 5638 166 5676 ἀ
200 5648 267 5697 Α,
305 5663 320 5698 :
357 5642 723 5714 pervigilem.
755 5658 871 5695 cum
890 5644 1119 5714 quinque
1162 5646 1483 5702 solummodo
1509 5651 1732 5706 millibus

70 5712 326 5787 aduersus
351 5712 434 5787 80
464 5715 578 5764 mil
585 5712 664 5763 tia
692 5714 910 5766 hostium
943 5712 1172 5782 pergens,
1198 5734 1279 5773 eos
1326 5732 1451 5774 nutu
1480 5721 1594 5787 Dei,
1628 5725 1734 5778 sine

71 5779 203 5836 bella
232 5786 291 5840 in
317 5786 686 5839 deditimtem
715 5790 904 5854 accepit
958 5779 1067 5849 (tuo
1084 5790 1209 5849 viso,
1243 5802 1346 5843 etc.

146 5869 169 5894 ε
194 5860 265 5912 Α.
316 5874 335 5914 :
369 5859 632 5930 punitus
660 5864 755 5912 est.
781 5853 989 5913 Interea
1016 5860 1258 5930 Ruﬁnus,
1280 5863 1417 5919 cuia
1442 5862 1735 5924 Theodosio

1805 546 2040 609 imperat.
2093 544 2399 614 appellarit,
2437 552 2479 597 et
2520 543 2562 596 ei
2594 554 2878 597 curatorem
2921 561 3008 612 per
3036 553 3387 600 testamentum

1806 634 1915 705 {ore
1943 636 2117 688 statuit
2145 635 2499 708 llisdigerdem
2528 654 2693 706 regem
2724 634 3019 691 Persarum.
3057 638 3390 708 Ilisttigerdes

1806 736 1973 780 autem
2006 728 2213 781 Arcadii
2240 737 2535 783 testamento
2565 740 2827 799 suscepto,
2864 747 3079 801 paceque
3121 731 3229 785 sine
3268 733 3394 785 invi-

1808 819 1895 871 dia
1927 836 2044 891 erga
2085 818 2340 875 Romanos
2372 839 2521 886 usus,
2566 820 2853 876 Theodosio
2888 825 3153 894 imperium
3192 842 3393 878 conscr-

1807 912 1957 977 t‘at‘il,
1992 922 2039 966 et
2066 913 2365 966 Antiochum
2406 916 2676 975 quemdam
2722 912 3027 980 mirabilem,
3056 926 3203 986 atque
3244 919 3397 971 ratio-

1810 1006 2028 1058 nabilem
2056 1024 2217 1059 turum
2260 1008 2304 1059 ei
2345 987 2557 1061 tulorem
2584 1019 2628 1060 et
2657 1009 2994 1081 pwdagognm
3026 1011 3257 1079 mittens,
3291 1010 3400 1063 hinc

1814 1096 2045 1151 Romano
2077 1100 2274 1152 senatui
2308 1101 2479 1154 scribit
2498 1117 2514 1153 .'
2532 1101 2751 1155 Arcadio
2778 1103 3080 1167 dormiente,
3114 1120 3287 1173 meque
3314 1122 3401 1155 cu-

1811 1199 2031 1242 ratorcnt
2075 1189 2170 1257 filii
2218 1192 2571 1256 constituente,
2613 1194 2698 1262 qui
2735 1193 2971 1262 suppleat
3018 1194 3184 1248 locum
3236 1213 3401 1249 meum

1814 1282 1999 1336 direxi.
2045 1281 2122 1336 Ne
2160 1284 2269 1350 quis
2310 1301 2428 1354 ergo
2469 1286 2681 1341 insidtas
2713 1304 2866 1355 puero
2896 1298 3128 1357 conetur,
3170 1306 3233 1343 ne
3270 1306 3401 1357 pra?‘

1815 1372 1940 1426 lium
1968 1373 1984 1411 τ
2019 1375 2331 1429 intolerabile
2350 1387 2524 1430 contra
2552 1376 2810 1434 Romanos
2842 1380 3089 1451 insurgat.
3126 1382 3404 1435 Antiochus

1817 1482 1934 1520 vero
1962 1484 2074 1520 cum
2104 1468 2597 1540 Caustantinopolim
2625 1472 2865 1539 venisset,
2896 1475 2956 1529 ab
2987 1474 3218 1531 Honorio
3248 1476 3407 1541 impe-

1817 1571 1985 1615 ratore
2006 1563 2217 1616 libenter
2245 1578 2505 1631 susceptus
2529 1578 2622 1630 est,
2653 1575 2699 1619 et
2726 1580 2833 1622 erat
2863 1587 2966 1638 pax
2995 1570 3124 1624 inter
3152 1570 3409 1625 Romanos

1818 1667 1865 1711 et
1897 1656 2098 1723 Persas,
2132 1658 2241 1726 ipso
2272 1660 2522 1712 Antiocho
2552 1662 2770 1715 maxime
2795 1680 2886 1735 pro
2915 1661 3217 1718 ChrIstianis
3249 1664 3413 1719 multa

1819 1751 2077 1805 scribente.
2114 1750 2299 1819 Sicque
2328 1751 2543 1806 dilatata
2581 1766 2653 1809 est
2691 1756 2742 1807 in
2793 1755 2999 1811 Perside
3026 1755 3412 1822 Christianitas,

1748 1822 1798 1885 θ
1827 1840 2103 1896 Marum/ta
2149 1847 2381 1912 episcopo
2415 1844 2798 1913 Most/notantur
2844 1849 3117 1905 ntediante.
3161 1849 3414 1903 Arcadius

1819 1950 1934 1990 rero
1982 1936 2251 2004 defunctus
2300 1945 2371 1989 est
2419 1937 2669 1992 Kalendis
2717 1938 2845 1993 Maii
2887 1943 3102 2006 mensis,
3149 1942 3414 1997 consulatu

1822 2023 1970 2079 Bassi
1999 2039 2045 2081 et
2076 2026 2342 2097 Phlippi,
2376 2046 2512 2083 anno
2542 2031 2656 2084 vitae
2692 2034 2946 2101 trigesimo
2988 2034 3184 2102 primo,
3216 2034 3417 2099 imperii

1822 2137 1933 2173 cum
1967 2130 2109 2189 patre
2141 2124 2287 2174 anuis
2314 2123 2571 2189 tredecim,
2599 2126 2735 2177 solus
2754 2128 2777 2163 8
2795 2127 3199 2197 quatuordecim.
3233 2125 3417 2181 Inter-

1822 2229 1879 2265 ea
1923 2215 2109 2269 Stilicn
2152 2213 2407 2270 Patricius
2442 2217 2744 2272 Occidentis
2778 2229 2918 2273 tutor
2952 2219 3191 2287 Imperii,
3221 2220 3414 2274 imme-

1826 2322 1942 2360 mor
1987 2307 2302 2363 collaturum
2356 2310 2775 2377 beneﬁciorum,
2828 2314 3089 2367 immemor
3137 2312 3418 2369 aflinilatis

1825 2400 1969 2472 (nam
1995 2418 2147 2457 socer
2173 2403 2417 2459 exstabat
2449 2404 2703 2475 Honorii)
2738 2420 2959 2475 regnum
2988 2416 3043 2462 et
3066 2407 3177 2475 ipse
3204 2406 3418 2463 Euche-

1825 2497 1906 2550 rio
1934 2494 2042 2547 ﬁlio
2072 2494 2347 2563 allectans,
2393 2498 2621 2566 ingentia
2670 2498 2804 2567 reip.
2858 2499 3038 2553 intulit
3086 2499 3241 2554 mala.
3288 2498 3420 2555 Nam
3514 2528 3521 2529 ί

1824 2603 1944 2643 cum
1973 2604 2114 2657 saepe
2142 2588 2321 2643 delere
2368 2600 2548 2657 posset
2589 2590 2842 2647 barbaros
2866 2632 2880 2656 ,
2914 2589 2937 2627 δ
2974 2591 3137 2661 fovit,
3172 2602 3216 2647 et
3255 2610 3423 2665 regem

1828 2682 2141 2753 Scytharum
2176 2700 2296 2737 cum
2328 2684 2517 2740 Gothis
2546 2687 2654 2740 suis
2685 2688 2840 2755 vicit,
2866 2698 2920 2744 et
2956 2705 3098 2757 serpe
3137 2690 3421 2756 conclusit,

1826 2791 2147 2846 semperque
2178 2778 2401 2833 dimisit.
2434 2779 2532 2833 Cui
2564 2783 2682 2850 quis
2714 2781 2873 2836 fuerit
2896 2783 3090 2848 exitus,
3115 2798 3211 2836 suo
3235 2783 3424 2839 melius

1827 2868 1879 2923 in
1912 2870 2030 2923 loco
2058 2870 2283 2924 dicetur.
2317 2871 2459 2926 Inter
2497 2872 2611 2927 lucc
2632 2875 2868 2928 omnium
2903 2877 3261 2948 antiquorum,
3290 2888 3427 2942 pra}-

1826 2967 2160 3035 sentintnqne
2180 2965 2411 3021 hostium
2437 2966 2591 3038 longe
2612 2967 3029 3026 immanissimus
3047 2968 3061 3005 ί
3077 2969 3422 3039 liadagaisus,

1827 3072 1918 3113 rex
1968 3058 2310 3125 Gothorum,
2358 3068 2522 3114 totam
2571 3062 2850 3130 repentino
2903 3063 3101 3129 impetu
3149 3058 3427 3115 inundavit

1832 3151 2059 3207 Italiam.
2085 3153 2216 3209 Nam
2243 3152 2407 3208 fuisse
2436 3154 2487 3209 iu
2518 3156 2635 3222 ejus
2666 3156 2858 3226 populo
2888 3156 3167 3225 plusquam
3196 3154 3425 3211 ducenta

1753 3212 1800 3277 C
1833 3247 1997 3303 millia
2024 3246 2323 3302 Gothorum
2350 3212 2677 3304 ferunt:ﬂic
2700 3212 2860 3317 sbper
2888 3212 3039 3303 hanc.
3054 3246 3424 3303 incredibilem

1831 3341 2249 3409 multitudinem,
2267 3342 2689 3411 indomitamque
2711 3342 2985 3409 virtutem,
3004 3341 3261 3398 barbarus
3281 3349 3422 3408 erat,

1829 3441 1885 3487 et
1912 3433 2146 3502 Scytha,
2196 3432 2286 3502 qui
2336 3448 2549 3488 omnem
2601 3431 2827 3487 Romani
2867 3432 3081 3502 generis
3108 3429 3447 3500 sanguinem-

1829 3521 1932 3578 diis
1960 3521 2070 3577 suis
2101 3523 2384 3591 propinare
2419 3521 2735 3578 devoverat.
2775 3521 2984 3579 Invadit
3028 3522 3169 3576 illico
3197 3519 3423 3576 Romam

1830 3631 1993 3687 pavor
2022 3615 2288 3684 inﬁnitus,
2322 3617 2382 3671 lit
2409 3616 2646 3671 omnium
2686 3630 3013 3687 paganorum
3051 3615 3106 3669 in
3138 3615 3271 3671 urbe
3291 3628 3425 3671 con-

1829 3723 2040 3775 cursus,
2065 3709 2390 3765 acclamatur
2418 3724 2447 3763 a
2492 3710 2732 3774 cunctis,
2771 3722 2831 3764 se
2878 3707 2996 3763 ideo
3035 3706 3153 3763 haec
3197 3708 3424 3777 perpeti,

1829 3803 1973 3872 quod
2003 3802 2243 3872 neglecta
2273 3801 2471 3857 iuerint
2496 3817 2809 3872 magnorum
2836 3816 2987 3857 sacra
3015 3800 3239 3856 deorum
3258 3840 3274 3866 ,
3308 3815 3425 3856 ma-

1829 3898 1948 3965 gnis
1977 3897 2214 3964 querelis
2241 3894 2435 3966 ubique
2465 3898 2643 3966 agitur
2661 3938 2677 3962 ,
2709 3911 2772 3951 ac
2799 3896 3051 3951 continuo
3076 3896 3144 3950 de
3172 3906 3422 3963 repeten-

1831 3989 1913 4045 dis
1955 3990 2124 4046 sacris
2170 3991 2363 4060 agitur.
2418 3988 2657 4046 Fervent
2710 3999 2821 4045 tota
2874 3989 3013 4045 Urbe
3052 3988 3422 4058 blasphemiae.

1839 4080 2008 4153 Vulgo
2039 4097 2233 4138 nomen
2277 4080 2509 4146 ειη-ἰεῦ,
2542 4092 2793 4151 tanquam
2828 4083 2941 4139 lues
2977 4081 3184 4150 aliqua,
3217 4080 3427 4151 probris

1798 4197 1805 4204 ε
1832 4176 2161 4246 ingravatur.
2193 4175 2580 4231 Conducuutur
2600 4191 2631 4231 a
2654 4177 2909 4232 Romanis
2939 4175 3222 4231 adversum
3250 4174 3421 4230 Rada-

1830 4270 2035 4341 gsisum
2081 4266 2369 4325 Gothorum
2413 4286 2582 4340 regem
2625 4270 2731 4325 duo
2778 4270 2965 4339 pagani
3001 4272 3015 4321 t
3059 4269 3222 4325 duces
3260 4269 3428 4324 Sarus

1829 4371 1887 4420 et
1914 4360 1935 4399 ¹ι
1970 4361 2126 4418 UIdiu
2159 4363 2489 4418 Hunnorum.
2523 4361 2631 4418 Sed
2675 4377 2782 4416 non
2824 4361 2950 4417 sinit
2995 4362 3136 4417 Deus
3177 4375 3287 4416 retu
3315 4373 3428 4416 sum

1834 4459 2082 4526 potentias
2114 4455 2404 4511 inﬁdelium
2449 4458 2698 4512 virtutem
2730 4456 2921 4512 videri.
2965 4455 3238 4510 Contritus
3276 4469 3430 4509 nam-

1756 4588 1813 4652 υ
1834 4563 1939 4619 que
1965 4549 2218 4605 divinitus
2257 4548 2587 4619 Radagaisus
2631 4548 2687 4603 in
2730 4563 2921 4618 aspero
2952 4549 3200 4603 Fesulatti
3229 4547 3427 4602 montis

1829 4641 1959 4714 jugo
1979 4684 1995 4709 ,
2024 4651 2247 4713 urgente
2277 4643 2512 4713 undique
2542 4644 2765 4707 timore,
2791 4642 3153 4709 concluditur,
3189 4642 3426 4709 agmina-

1833 4750 1969 4805 que.
2001 4735 2191 4806 quibus
2218 4744 2439 4806 angusta
2479 4735 2680 4791 dudum
2708 4735 2985 4790 videbatur
3013 4735 3157 4789 Italia
3178 4778 3193 4802 ,
3227 4733 3425 4788 latendi

1833 4840 1961 4895 spe,
1996 4828 2051 4901 in
2106 4845 2268 4884 unum
2306 4844 2368 4883 ac
2401 4844 2619 4899 parvum
2646 4829 2900 4884 verticem
2933 4829 3235 4883 truduntur.
3274 4825 3290 4863 ι
3328 4825 3429 4880 Ubt

1834 4934 1956 4976 cum
1983 4920 2126 4978 fama
2148 4931 2204 4978 et
2237 4923 2325 4978 siti
2353 4921 2778 4991 conﬁcerentur,
2799 4936 2895 4977 rex
2926 4919 3256 4991 Radagsisus
3277 4919 3423 4974 solus

1835 5080 2097 5135 orientalis
2124 5081 2258 5136 aulte
2285 5098 2410 5135 cura
2448 5082 2718 5136 commissa
2751 5090 2848 5147 est,
2902 5080 3039 5135 malo
3070 5079 3301 5147 perﬁdia:
3330 5080 3422 5133 de—

1837 5163 2102 5219 praratns,
2134 5169 2247 5205 cunt
2272 5152 2599 5207 barbarorum
2643 5155 2840 5207 solatiis
2870 5166 3082 5221 regnum
3109 5160 3319 5203 tentaret
3345 5152 3426 5203 irt-

1835 5224 2037 5296 v_adere,
2070 5237 2228 5277 morte
2257 5226 2552 5296 justissima
2602 5240 2775 5296 poenas
2825 5224 2941 5278 luit.
2998 5221 3184 5277 Stilico
3228 5236 3428 5293 quoque

1840 5294 2145 5357 Occidentis,
2177 5294 2282 5351 etc.

1912 5363 1930 5400 ί
1962 5363 2185 5421 Ἀσπσνδ
2191 5386 2263 5420 ον.

1910 5438 1935 5499 ξ
1969 5437 2325 5499 Marcellinus,
2354 5438 2610 5492 tredecim.

1908 5496 1936 5578 ξ’
1969 5509 2054 5573 Α.,
2086 5509 2226 5578 fouit,
2258 5496 2390 5573 stepe
2418 5510 2679 5561 Maricam
2705 5523 2820 5563 cunt
2849 5507 3027 5564 Gothis
3054 5506 3194 5575 vicit,
3222 5514 3330 5564 etc.

1914 5573 1931 5649 ἦ
1965 5582 2053 5643 Α..
2086 5573 2434 5649 ’Παθοάίιιδιιῃ
2471 5595 2703 5647 semper.

1913 5648 1926 5717 i
1966 5655 2053 5713 A.,
2083 5648 2254 5710 duces,
2287 5649 2571 5705 Gothorum
2598 5652 2783 5717 Sarus,
2814 5659 2882 5716 et,
2911 5659 3014 5707 etc.

1910 5716 1936 5756 ιι
1967 5720 2089 5785 Mm,
2130 5721 2330 5775 ﬂuldin
2367 5732 2414 5776 et
2456 5723 2679 5780 Scarus.
2728 5716 2788 5780 P.
2827 5724 3123 5792 Diaconus,
3161 5722 3329 5781 Sarus
3370 5726 3424 5776 et

1843 5793 2124 5848 Viridinus.

1854 5888 1860 5895 ·
1912 5864 1932 5905 1
1966 5869 2057 5937 A.,
2090 5864 2205 5934 Quo
2225 5880 2365 5936 cum,
2389 5874 2494 5924 etc.

3896 376 3897 419 1

3896 1202 3897 1255 1

3896 1318 3897 1343 1

3896 1400 3897 1437 1

3894 1508 3897 1543 1

3896 1580 3897 1600 1
