3918 6344
534 351 632 407 951

1401 342 1601 401 mnu
1642 341 1909 401 DIACONI
1941 340 2091 399 ore.
2132 339 2310 397 rans
2347 337 2388 393 ι.
2428 366 2499 379 -
2536 334 2918 393 HISTORIGA.
3602 346 3677 401 952

530 482 681 539 spem
705 465 842 535 fuga:
864 476 1102 525 sumens,
1124 470 1309 531 captus
1335 474 1366 514 a
1389 459 1642 515 Romanis
1670 460 1720 514 in
1754 457 1962 513 vincula
1984 470 2111 511 con-
2140 462 2187 517 Α
2216 460 2376 518 runt,
2425 451 2477 506 in
2521 450 2754 507 Siciliam
2803 447 3147 505 transfretare
3182 449 3440 518 cupientes.
3474 455 3566 522 Quo
3594 474 3679 519 cum

527 559 732 631 jicitur,
781 570 843 611 ac
900 553 1172 624 paulisper
1220 560 1462 608 retentus
1503 553 1607 607 vita
1652 553 1908 637 privatur.
1944 548 2112 604 Tanta

530 667 663 707 vero
692 647 975 705 multitudo
1013 645 1349 715 captivorum
1395 644 1689 700 Gothorum
1732 642 1897 698 fuisse
1926 641 2112 707 fertur,

535 752 593 797 ut
617 742 992 797 vilissimorum
1027 738 1286 808 pecudum
1325 738 1486 793 modo
1524 737 1745 808 singulis
1790 734 1962 790 aureis
1990 749 2114 803 pas-

532 835 633 891 sim
678 850 869 905 greges
913 834 1186 889 hominum
1226 844 1255 873 ι
1284 835 1661 890 venderentur.
1705 831 1784 885 Ea
1826 837 2117 896 tempestate

531 926 776 982 Alaricus
799 943 889 982 res:
917 924 1231 996 Gothorum,
1264 929 1353 999 qui
1390 928 1569 981 ditioni
1600 927 1843 981 Romanae
1870 935 1916 979 et
1954 923 2116 977 Theo-

532 1015 678 1071 dosio
722 1018 1017 1086 imperatori
1065 1018 1357 1090 subjectus,
1402 1031 1550 1089 atque
1600 1028 1777 1071 contra
1828 1015 2116 1087 Eugenium

534 1116 812 1176 tyrannum
835 1108 1021 1161 solatia
1051 1110 1297 1175 praebens,
1328 1119 1593 1179 prapterea
1621 1107 1865 1161 Romanis
1895 1106 2117 1175 dignita-

532 1201 667 1255 tibus
712 1202 879 1271 fuerat
927 1202 1237 1268 honoratus,
1283 1203 1578 1273 felicitatem
1622 1219 1767 1255 suam
1794 1218 1895 1254 non
1926 1199 2114 1267 ferens,

531 1293 785 1362 imperare
827 1293 1030 1363 quidem
1078 1310 1179 1347 non
1221 1295 1403 1366 elegit,
1441 1295 1528 1348 sed
1575 1294 1838 1349 discedens
1880 1293 1942 1345 ab
1985 1291 2118 1346 Urbe

532 1382 1120 1454 Constantinopolitana,
1150 1389 1279 1441 venit
1310 1387 1377 1439 ad
1415 1398 1581 1456 partes
1624 1387 1929 1441 Occidentis.
1965 1383 2118 1439 Cunt-

531 1490 632 1544 que
658 1478 867 1532 venisset
911 1478 965 1532 in
1006 1475 1277 1548 Illyricum
1314 1479 1484 1533 omnia
1510 1480 1838 1537 subveriebit,
1869 1488 1913 1530 et
1952 1488 2119 1529 trans-

530 1564 640 1621 iens
690 1567 1044 1635 Thessaliam,
1094 1570 1265 1623 habita
1322 1570 1672 1638 congressione
1727 1570 1858 1621 circa
1906 1568 2118 1637 ﬂuvium

534 1662 567 1705 h
597 1655 786 1712 Pinum
806 1701 817 1723 ,
850 1661 991 1728 apud
1022 1660 1320 1732 Nicopolim
1350 1660 1527 1731 Epiri,
1562 1677 1685 1726 pene
1718 1661 1813 1713 tria
1852 1660 2014 1712 millia
2043 1659 2118 1711 vi-

530 1765 707 1803 rorum
736 1752 848 1822 ejus
883 1750 1113 1806 Thessali
1145 1762 1478 1821 peremerunt.
1524 1751 1648 1805 Post
1681 1752 1783 1805 [nec
1813 1759 1982 1805 autem
2010 1750 2115 1804 lta-

531 1838 659 1893 liam
692 1841 957 1911 ingressus
977 1880 991 1906 ,
1016 1858 1137 1897 cum
1168 1844 1233 1897 ab
1262 1842 1492 1896 Honorio
1519 1844 1671 1897 sedes
1691 1886 1705 1909 ,
1740 1858 1843 1911 quo
1875 1858 1992 1895 cum
2016 1855 2114 1895 suo

534 1935 771 1988 exercitu
812 1936 1105 1991 consistere
1146 1948 1352 2006 posset,
1388 1946 1687 2007 expeteret.
1725 1938 1988 1991 llonorius
2022 1935 2116 1991 de-

530 2023 758 2080 liberato
778 2030 1001 2085 coasilio
1021 2031 1219 2086 Gallias
1242 2032 1434 2087 eisdem
1456 2034 1739 2088 concessit.
1767 2032 1865 2099 Qui
1894 2033 2017 2086 dum
2047 2031 2114 2087 ad

533 2117 731 2175 Gallias
761 2136 987 2194 pergens
1009 2125 1079 2180 ob
1108 2126 1562 2195 recuperationem
1585 2126 1945 2194 iumentorum
1975 2124 2112 2187 apud

535 2216 560 2246 ο
594 2210 901 2267 Pollentiam
930 2216 1237 2283 resedisset,
1263 2216 1447 2272 Stilico
1474 2216 1727 2270 Patricius
1750 2218 1800 2269 in
1829 2216 2113 2283 perniciem

534 2301 670 2369 reip.
701 2303 904 2358 Gothos
932 2316 1259 2375 pertentans,
1285 2309 1406 2361 dum
1433 2323 1523 2363 eos
1550 2308 1753 2363 insidiis
1779 2308 1991 2378 aggredi
2022 2324 2117 2363 cu-

534 2404 718 2461 peret,
757 2396 878 2450 belli
922 2412 1181 2453 summam
1233 2400 1374 2455 Sauli
1427 2415 1628 2470 pagano
1675 2400 1795 2455 duci
1824 2401 2115 2457 commisit;

533 2485 632 2551 Qui
662 2488 775 2555 ipso
813 2492 1170 2545 sacratissimo
1198 2493 1282 2547 die
1318 2492 1532 2547 Pascha)
1561 2493 1747 2549 Galliis
1775 2494 2115 2564 supplicanti-

535 2580 658 2640 bus,
711 2581 944 2649 nihilque
991 2581 1016 2620 ἀ
1068 2584 1171 2640 tale
1210 2587 1565 2654 sperantibus,
1609 2602 1769 2655 super
1808 2602 1901 2643 eos
1940 2588 2112 2653 irruit,

533 2686 883 2743 magnamque
923 2688 1108 2729 eorum
1149 2686 1352 2746 partem
1384 2678 1687 2748 prostravit.
1722 2679 1850 2733 Nam
1888 2680 2114 2748 primum

531 2767 819 2833 perturbati
871 2767 1068 2835 Gothi,
1110 2784 1173 2825 ac
1221 2781 1437 2841 propter
1480 2773 1793 2842 religionem
1839 2772 2112 2843 cedentes,

530 2857 744 2911 demum
791 2874 959 2911 arma.
979 2860 1293 2929 corripiunt,
1325 2878 1473 2917 more
1506 2864 1663 2918 solito
1688 2879 1745 2918 se
1779 2873 1802 2901 °
1830 2864 2116 2918 cohortan-

533 2958 639 3015 tur,
675 2950 873 3006 virtute
919 2953 1110 3021 potiori
1157 2961 1495 3023 prosternunt
1522 2957 1837 3011 exercitum.
1891 2955 2024 3009 llinc
2064 2956 2114 3008 in

527 3040 731 3096 rabiem
763 3042 958 3097 furoris
984 3046 1225 3110 excitati,
1255 3055 1486 3115 emptum
1514 3049 1616 3102 iter
1640 3047 1952 3102 deserentes
1970 3086 1983 3112 ,
2011 3044 2116 3099 Ro-

536 3148 676 3187 mam
705 3134 1033 3190 contendunt
1062 3146 1273 3205 petere,
1306 3147 1494 3192 cuncta
1529 3154 1619 3206 per
1649 3153 1767 3209 quae
1796 3140 1963 3193 ierant
1990 3138 2112 3209 igne
2135 3172 2184 3237 ο

530 3223 776 3294 ferroque
809 3235 1097 3283 vastantes.
1132 3228 1241 3285 Nec
1266 3244 1413 3284 mora
1435 3273 1450 3297 ,
1487 3231 1757 3286 venientes
1789 3231 1983 3287 Urbem
2014 3248 2105 3287 ca-

530 3314 683 3383 piunt
728 3333 789 3369 ac
812 3317 1115 3384 devastant,
1146 3320 1368 3389 plurima
1397 3324 1761 3376 miraculorum
1784 3327 1897 3395 ejus
1927 3324 2108 3379 incen-

527 3408 693 3471 dunt,
744 3412 1030 3480 multosque
1070 3415 1313 3468 senatorii
1354 3416 1549 3470 ordinis
1593 3416 1800 3469 diversis
1848 3416 2115 3470 subdidere

529 3501 825 3570 suppliciis,
867 3502 990 3558 dato
1032 3513 1206 3561 tamen
1256 3507 1399 3575 prius
1441 3518 1735 3579 praecepto,
1781 3517 1839 3564 ut
1866 3510 1910 3564 si
1941 3508 2026 3565 oui
2059 3511 2113 3566 in

528 3602 710 3647 sancta
744 3596 857 3650 loca
876 3636 893 3661 ,
932 3598 1306 3667 praecipueque
1336 3599 1389 3654 in
1416 3599 1720 3656 sanctorum
1751 3601 2112 3671 apostolorum

530 3683 776 3739 basilicas
807 3686 945 3741 Petri
976 3697 1032 3742 et
1074 3687 1222 3744 Pauli
1260 3691 1657 3761 confugissent,
1692 3692 1789 3748 hos
1832 3693 1882 3749 in
1931 3692 2117 3763 primis

530 3776 818 3834 inviolatos
839 3794 1163 3851 securosque
1186 3796 1305 3838 esse
1328 3784 1565 3838 sinerent
1592 3803 1607 3841 :
1637 3785 1852 3852 deinde,
1877 3787 1927 3841 in
1950 3801 2117 3855 quan-

530 3878 643 3922 tum
676 3882 925 3941 possent,
968 3873 1160 3942 praeda:
1205 3875 1471 3949 inhiantes
1508 3891 1539 3930 a
1566 3879 1818 3947 sanguine
1850 3890 2117 3949 tempera-

528 3972 667 4018 rent.
701 3963 990 4021 Romanum
1016 3976 1182 4023 tamen
1207 3970 1478 4037 imperium
1506 3972 1811 4038 deridentes,
1846 3974 2119 4041 imperato-

528 4072 634 4109 rem
662 4060 889 4125 fecerunt
912 4061 1182 4129 quemdam
1210 4062 1416 4115 nomine
1436 4064 1696 4117 Athalnm.
1730 4064 1888 4129 Quem
1914 4080 2015 4117 una
2038 4065 2121 4119 die

531 4160 771 4217 tanquam
820 4150 1177 4219 imperatorem
1207 4156 1432 4222 fecerunt
1476 4155 1774 4224 procedere,
1816 4156 1975 4209 altera
2000 4170 2120 4210 vero

525 4242 656 4293 servi
701 4240 960 4297 schemate
1007 4245 1313 4301 ministrare.
1362 4252 1382 4290 τ
1425 4246 1693 4315 Captaque
1735 4257 1817 4301 est
1856 4247 2021 4301 Roma
2060 4262 2116 4301 Ix

528 4331 756 4387 Kalend.
807 4334 1064 4401 Septemb.
1112 4352 1254 4392 anno
1304 4337 1443 4393 1164
1489 4338 1807 4394 conditionis
1852 4355 1982 4394 suae.
2022 4337 2120 4395 Die

529 4424 682 4477 tertia
710 4425 959 4493 instante,
1003 4427 1158 4481 Gothi
1198 4439 1386 4497 sponte
1426 4429 1708 4485 discedunt
1753 4429 1813 4483 ab
1863 4435 1888 4472 ε
1939 4430 2102 4487 Urbe.

2217 554 2543 599 transmeare
2572 541 2809 598 ascensis
2839 540 3060 596 navibus
3101 540 3322 610 vellent,
3356 548 3553 614 perpessi
3585 565 3679 607 nan.

2216 634 2438 704 fragium
2461 675 2476 699 ,
2506 636 2682 703 plures
2721 649 2936 689 suorum
2978 634 3048 687 ibi
3074 635 3309 690 amisere.
3336 635 3457 692 Inter
3481 638 3572 696 hinc
3592 643 3681 698 Ala-

2212 722 2355 782 ricus
2378 728 2505 781 dum
2534 728 2859 783 deliberaret
2888 726 3011 797 quid
3043 737 3251 795 ageret,
3280 728 3403 796 apud
3426 728 3681 789 Consentiam

2215 822 2387 875 subita
2431 830 2606 876 morte
2645 822 2927 876 defunctus
2960 830 3062 875 est.
3102 818 3253 875 Gothi
3282 818 3307 857 ιι
3334 819 3583 879 Basentiutn
3604 842 3683 882 stn-

2216 927 2337 967 nem
2382 912 2450 967 de
2498 912 2650 967 alveo
2701 927 2799 967 suo
2838 912 3170 982 captivorum
3220 911 3385 967 labore
3426 912 3688 984 derivantes,

2217 1004 2483 1060 Alaricum
2510 1005 2559 1059 in
2590 1003 2766 1059 medio
2785 1006 2937 1059 alveo
2957 1019 3080 1059 cum
3102 1002 3275 1057 multis
3293 1003 3461 1073 apibus
3480 1007 3687 1076 sepeliant,

2215 1113 2533 1168 amnemque
2561 1099 2756 1154 meatui
2789 1095 3003 1167 proprio
3037 1095 3342 1159 reddentes,
3368 1111 3427 1151 ne
3448 1097 3546 1165 quis
3568 1098 3690 1153 locum

2218 1192 2357 1247 scire
2387 1203 2597 1262 posset,
2638 1192 2871 1260 captivos
2915 1189 3005 1259 qui
3053 1188 3384 1243 interfuerant
3416 1190 3690 1257 esstinguunt.

2216 1282 2415 1355 Regem
2455 1283 2705 1353 deinceps
2743 1282 3075 1347 Athaulfum,
3121 1279 3305 1335 Alarici
3343 1279 3555 1345 aflinem,
3585 1280 3694 1336 Gothi

2216 1374 2641 1441 constituentes,
2688 1375 2911 1429 Romam
2957 1372 3220 1437 redeunt,
3267 1371 3310 1425 si
3347 1370 3458 1440 quid
3495 1370 3694 1425 residuum

2217 1466 2346 1533 fuit,
2377 1483 2525 1522 more
2566 1468 2921 1531 locustarum,
2960 1464 3217 1530 eradunt,
3256 1465 3521 1519 auferentes
3560 1463 3698 1519 exinde

2216 1556 2422 1612 Gallam
2452 1558 2769 1621 Placidiam,
2804 1555 3090 1611 Theodosii
3125 1554 3365 1624 principis
3400 1554 3567 1618 tiliam,
3596 1568 3699 1608 soro-

2217 1663 2330 1703 rem
2359 1649 2574 1703 Honorii
2595 1690 2608 1717 ,
2649 1663 2806 1719 quam
2835 1648 2934 1702 sibi
2968 1647 3247 1702 Athaulfus
3284 1646 3413 1717 apud
3448 1647 3589 1700 lorum
3610 1645 3701 1700 Cor-

2220 1742 2346 1795 nelii
2388 1742 2638 1812 conjugio
2673 1742 2927 1807 sociavit,
2964 1755 3082 1811 quas
3132 1741 3293 1796 multo
3318 1748 3431 1809 post
3460 1739 3573 1809 reip.
3595 1753 3700 1793 com-

2221 1833 2383 1889 modo
2430 1833 2543 1887 fuit.
2593 1834 2725 1889 Nam
2772 1834 2836 1887 ad
2882 1835 2981 1888 hoc
3025 1833 3200 1888 mariti
3254 1833 3469 1887 animum
3514 1832 3703 1887 acerrimo

2217 1922 2431 1994 ingenio
2479 1923 2763 1979 subtilibus
2811 1923 3187 1979 blandimentis
3225 1922 3445 1987 inﬂexit,
3485 1931 3533 1977 ut
3562 1922 3702 1976 ultro:

2217 2018 2472 2075 Romanis
2495 2035 2677 2089 pacem
2699 2030 2992 2090 expeteret,
3018 2021 3105 2091 qui
3127 2020 3193 2075 ad
3218 2019 3406 2075 Gallias
3425 2020 3703 2090 proﬁciscens,

2217 2110 2408 2165 deinde
2431 2111 2567 2181 apud
2596 2110 2611 2149 ί
2640 2113 2986 2168 Barcinonem
3010 2112 3196 2167 fraude
3223 2126 3429 2166 suorum
3448 2111 3615 2165 occisus
3635 2114 3704 2163 est.

2218 2202 2345 2257 Post
2369 2219 2524 2273 quem
2568 2203 2848 2274 Segericus
2890 2220 3112 2275 regnum
3144 2204 3358 2274 capiens
3381 2245 3396 2272 ,
3441 2201 3548 2257 dum
3578 2214 3705 2270 pacem

2219 2297 2475 2352 Romanis
2502 2312 2721 2352 servare
2750 2298 3004 2365 diSponil,
3037 2308 3091 2352 et
3118 2299 3237 2368 ipse
3279 2312 3308 2351 a
3348 2297 3448 2351 suis
3482 2302 3707 2364 peremptus

2216 2401 2318 2445 est.
2372 2391 2572 2446 Deinde
2604 2388 2618 2441 i
2656 2390 2821 2445 Vallia
2853 2391 3108 2459 regnandi
3135 2392 3254 2460 jura
3289 2387 3528 2459 suscepit,
3562 2386 3613 2440 ad
3641 2386 3710 2438 ltoc

2217 2482 2420 2537 electus
2445 2498 2473 2536 a
2502 2482 2722 2551 Gothis,
2753 2494 2808 2537 ut
2838 2498 3021 2551 pacem
3048 2482 3344 2554 frangeret,
3373 2482 3434 2537 ad
3473 2483 3556 2536 hoc
3589 2494 3611 2532 a
3635 2478 3710 2533 Deo

2217 2574 2495 2630 ordinatus
2541 2587 2596 2630 ut
2633 2575 2992 2631 conﬁrmaret.
3044 2576 3252 2632 Interea
3282 2575 3309 2614 ιε
3335 2576 3503 2633 Stilico
3536 2572 3711 2644 patrici"

2217 2667 2572 2723 Vandalorutu
2612 2669 2826 2737 perﬁdae
2857 2677 2910 2723 et
2944 2668 3144 2723 dolosae
3174 2670 3345 2740 gentis
3382 2682 3554 2739 genere
3572 2666 3711 2727 editus,

2220 2758 2560 2828 Eucherium,
2587 2768 2644 2813 ut
2670 2759 2867 2815 dietum
2894 2762 2996 2829 e'st,
3027 2761 3197 2829 ﬁlium
3233 2762 3341 2831 jam
3386 2774 3414 2814 a
3452 2772 3590 2829 puero
3612 2754 3714 2811 Chri-

2219 2855 2512 2906 stianorum
2541 2855 2958 2920 persecutionem
2980 2854 3345 2921 meditantem,
3366 2862 3420 2909 ut
3438 2853 3486 2908 in
3506 2849 3713 2919 imperium

2221 2944 2601 3009 substitueret,
2653 2952 2779 2998 ante
2823 2944 3096 3000 biennium
3154 2944 3407 3002 Romana:
3455 2938 3714 3011 irruptionis,

2215 3046 2403 3106 gentes
2431 3036 2599 3106 copiis
2635 3035 2939 3107 viribusque
2978 3037 3343 3092 intolerabiles
3364 3076 3377 3101 ,
3405 3035 3496 3090 hoc
3527 3039 3617 3097 est,
3639 3026 3718 3081 Ala-

2218 3140 2447 3192 norum,
2498 3127 2814 3197 Suevorum,
2871 3128 3275 3197 Vandalorum,
3330 3124 3717 3195 Burgundionum,

2215 3221 2498 3289 multasque
2522 3236 2638 3274 cum
2666 3221 2745 3275 his
2772 3220 2905 3274 alias
2935 3230 3125 3292 gentes,
3157 3222 3300 3276 ultro
3326 3220 3376 3274 in
3401 3230 3531 3273 arma
3561 3211 3575 3252 ¹
3602 3210 3719 3268 susci-

2216 3313 2383 3376 tavit,
2414 3323 2461 3365 et
2489 3328 2609 3366 mox
2638 3311 2877 3366 Rhenum
2903 3313 3115 3381 ﬂuvium
3144 3320 3438 3376 transeunt,
3470 3307 3719 3370 Francosth

2216 3403 2395 3472 fugare
2434 3401 2602 3456 Gallia
2656 3404 2863 3472 volunt,
2917 3394 3212 3474 directoque
3258 3404 3445 3475 impetu
3490 3398 3720 3470 Pyram!

2216 3510 2369 3562 usque
2396 3495 2719 3564 perveniunt,
2755 3506 2810 3550 ut
2848 3496 2947 3551 sub
2977 3495 3077 3551 hac
3106 3497 3428 3552 necessitate
3453 3509 3480 3547 a
3512 3501 3665 3563 genero
3683 3483 3720 3538 in

2216 3586 2384 3641 ﬁlium
2407 3597 2725 3656 extorquere
2756 3599 2934 3657 posset
2962 3588 3272 3658 imperium.
3304 3589 3527 3643 Tandem
3559 3582 3625 3636 ubi
3656 3580 3722 3632 im-

2216 3679 2448 3750 peratori
2515 3679 2748 3735 lIOuorio
2819 3681 3182 3752 exercituique
3240 3681 3477 3735 Romano
3520 3679 3612 3729 hac
3651 3679 3720 3723 tam

2217 3773 2449 3842 ingentia
2479 3771 2675 3826 damna
2716 3774 2975 3840 patefacta
3017 3782 3180 3841 sunt,
3213 3780 3481 3829 commoto
3502 3764 3722 3838 iustissime

2217 3867 2489 3935 exercitu,
2537 3865 2751 3921 occisus
2795 3876 2875 3922 est
2921 3865 3136 3932 Stilico,
3175 3868 3266 3937 qui
3299 3875 3357 3920 ut
3383 3877 3531 3919 unum
3563 3866 3721 3929 puerum

2219 3973 2447 4026 purpura
2479 3958 2754 4025 indueret,
2783 3963 2944 4012 totius
2971 3963 3077 4028 fere
3107 3959 3326 4029 generis
3356 3954 3554 4011 humani
3579 3944 3725 4015 sangui-

2220 4066 2338 4105 nem
2369 4051 2521 4105 fudit.
2550 4051 2768 4105 Occisus
2791 4060 2889 4117 est,
2918 4061 2965 4105 et
3006 4049 3309 4106 Eucherius
3348 4047 3479 4102 ﬁlius
3505 4044 3615 4113 eius.
3639 4050 3723 4107 Ρη·

2218 4143 2373 4211 eique
2419 4157 2537 4196 cum
2584 4142 2789 4197 eisdem
2841 4141 3099 4197 satellites
3151 4152 3422 4197 tantarum
3472 4133 3723 4192 molitionunt

2219 4232 2387 4302 puniti
2431 4242 2573 4287 sunt.
2622 4230 2821 4287 Eodem
2868 4242 3105 4302 tempore
3147 4232 3443 4288 clarissima
3481 4225 3613 4284 Urbis
3648 4220 3723 4273 loci

2221 4310 2527 4381 fulminibus
2566 4325 2740 4380 diruta
2772 4335 2928 4394 sunt,
2966 4341 3084 4393 quae
3109 4327 3178 4382 ab
3215 4325 3455 4381 hostibus
3485 4307 3725 4376 inﬂammati

2220 4418 2587 4487 nequiverunt.
2628 4417 2771 4473 luter
2811 4418 2924 4473 haec
2962 4416 3099 4488 apud
3143 4419 3444 4474 Britannias
3493 4409 3724 4497 Gratianus,

531 4510 726 4567 Fertur
754 4515 927 4586 itaque
952 4519 1071 4586 quia
1100 4534 1212 4570 cum
1242 4519 1476 4572 Alaricus
1507 4529 1734 4591 pergeret
1761 4519 1976 4574 Romam
1996 4561 2010 4586 ,
2043 4522 2114 4575 vir

2220 4512 2479 4580 municeps
2508 4510 2736 4581 ejusdem
2760 4509 2960 4577 insula,
2993 4519 3256 4580 tyrannus
3285 4524 3409 4565 mox
3436 4510 3616 4560 creatus

527 4604 739 4673 quidam
769 4607 1100 4674 venerabilis,
1133 4609 1508 4664 conversatione
1536 4610 1835 4675 monachus,
1867 4627 1982 4664 cum
2007 4628 2113 4666 mo-

528 4696 721 4749 nuisset
747 4705 801 4749 ut
832 4696 967 4750 mala
996 4700 1119 4752 talia
1146 4700 1314 4768 facere
1347 4717 1448 4754 non
1473 4701 1699 4765 auderet,
1725 4718 1886 4771 neque
1912 4703 2115 4759 necibus

530 4789 776 4857 gaudere,
800 4797 889 4842 aut
919 4791 1196 4859 sanguine;
1217 4802 1269 4844 at
1296 4793 1384 4847 ille
1406 4810 1426 4847 .-
1457 4791 1598 4858 Non,
1623 4794 1806 4863 inquit,
1833 4810 1924 4865 ego
1948 4795 2116 4851 volens

530 4880 750 4935 Romam
780 4881 1106 4951 proﬁciscor,
1132 4884 1219 4936 sed
1254 4885 1461 4954 quidam
1492 4884 1715 4952 quotidie
1753 4886 1993 4940 molestus
2021 4896 2112 4954 est,

532 4982 771 5043 torquens
809 4982 856 5027 et
908 4974 1079 5029 dicens
1109 4991 1127 5028 :
1160 4974 1353 5047 Perge,
1386 4986 1429 5028 et
1459 4975 1676 5030 Romam
1704 4978 1904 5033 destrue
1942 4980 2112 5034 civita-

532 5074 651 5120 tem.
681 5065 881 5120 Deinde
907 5081 1003 5135 per
1022 5065 1384 5136 Campaniam,
1415 5068 1723 5136 Lucaniam,
1750 5069 2111 5142 Brutiamque,

532 5159 696 5214 simili
744 5168 920 5233 strage
962 5159 1118 5215 Gothi
1167 5160 1513 5231 bacchantes,
1562 5163 1821 5232 Rhegium
1860 5180 2114 5233 pervene-

606 5321 636 5392 ξ
668 5321 755 5392 A.,
784 5324 1129 5392 venderentur.
1164 5320 1367 5377 Interea
1396 5323 1635 5377 Alaricus
1672 5322 1903 5392 Italiam,
1935 5333 2038 5382 etc.

605 5384 636 5425 δ
662 5384 758 5446 Ms.
790 5391 1032 5449 Peneum.

609 5455 634 5483 ⁸
663 5463 729 5518 A.
762 5480 777 5515 :
820 5463 1130 5520 Pollentiam
1174 5465 1553 5536 aliquantulunt
1596 5468 1890 5533 resedisset,
1932 5467 2113 5525 Stilico

536 5548 717 5587 comes.

611 5600 637 5639 (ί
665 5606 756 5671 Α.,
790 5604 889 5658 tale
920 5606 1287 5674 suspicantibus
1316 5624 1486 5676 super,
1522 5619 1624 5664 etc.

614 5684 637 5748 ξ
670 5676 754 5748 A.,
791 5677 1138 5748 cohortantur,
1168 5678 1499 5748 victoremque
1525 5683 1721 5748 virtute,
1746 5692 1850 5740 etc.

616 5741 634 5780 ί
669 5746 834 5799 Aliter
862 5744 1133 5801 Cedrenus
1160 5758 1213 5801 ct
1239 5741 1523 5806 Marceilin.

614 5823 636 5860 ε
668 5820 729 5871 Λ.
761 5834 772 5869 :
800 5815 954 5889 Urbe,
976 5818 1107 5891 facto
1126 5819 1500 5890 aliquantarum
1528 5823 1712 5881 mdium
1736 5824 1995 5893 incendio,
2023 5827 2112 5880 sed

2219 4602 2381 4656 ditur.
2408 4601 2463 4656 ln
2495 4601 2653 4671 hujus
2683 4602 2857 4657 locum
2882 4602 3270 4658 Constantinus
3296 4617 3363 4658 ex
3405 4598 3569 4655 inﬁma
3596 4583 3726 4646 militi!

2215 4703 2435 4763 Propter
2481 4695 2650 4749 solam
2705 4710 2853 4764 spem
2900 4695 3131 4749 nominis
3176 4696 3300 4752 sine
3355 4692 3534 4749 merito
3579 4676 3729 4739 νὶηιιιὶἰ

2214 4787 2447 4857 eligitur.
2475 4787 2574 4853 Qui
2605 4787 2672 4842 ad
2712 4787 2913 4844 Gallias
2959 4788 3260 4858 transiens,
3312 4800 3453 4857 saepe
3490 4797 3516 4837 a
3551 4772 3727 4871 ωτδξτίξ

2214 4879 2422 4935 incerto
2448 4881 2649 4935 foedere
2673 4880 2884 4947 illusus,
2913 4880 3244 4937 detrimento
3270 4881 3477 4951 reipub.
3503 4871 3642 4942 magis
3663 4866 3729 4919 Ῑιικ

2213 4987 2371 5042 quam
2400 4980 2699 5041 augmento.
2737 4973 2883 5027 Tunc
2913 4972 3021 5028 duo
3044 4974 3275 5041 juvenes
3317 4968 3588 5039 locupletes

2216 5079 2336 5120 mus
2362 5074 2418 5120 et
2443 5063 2747 5120 Viridianus
2772 5106 2787 5133 ,
2821 5067 3109 5137 assumptis
3135 5066 3375 5121 servulis
3401 5073 3452 5119 et
3478 5048 3727 5115 vernaculi!»

2213 5176 2335 5219 sese
2373 5162 2707 5232 patriamque
2755 5177 2786 5218 a
2841 5162 3083 5218 barbaris
3138 5170 3196 5217 et
3253 5171 3475 5231 tyranno
3517 5150 3729 5208 όεΐειιειῐθ

2214 5336 2275 5390 ne
2305 5328 2446 5374 tanto
2480 5321 2719 5389 quidem,
2752 5327 3003 5390 quantum
3043 5317 3165 5372 olim
3203 5332 3239 5371 a
3268 5315 3468 5373 Cmsare
3491 5299 3727 5381 [πικρίδια.

2213 5388 2436 5459 Deinde,
2465 5401 2566 5446 etc.

2287 5459 2313 5497 ιι
2346 5462 2434 5526 A.,
2466 5460 2766 5515 Basentum.

2290 5528 2307 5569 ί
2341 5531 2431 5595 A.,
2461 5530 2803 5589 Barcilonem.

2288 5601 2302 5673 ξ
2341 5602 2430 5669 A.,
2463 5602 2665 5670 Gallia;
2696 5618 2911 5673 semper
2931 5605 3010 5659 sic
3035 5602 3298 5659 nominat.

2285 5670 2310 5710 ¹π
2343 5675 2428 5737 Λ.,
2459 5690 2624 5727 comes
2654 5670 2859 5731 Stilico.
3594 5730 3602 5737 .
3634 5725 3645 5737 .

2293 5743 2306 5779 ι
2342 5720 3013 5818 'casque
3061 5747 3272 5817 pulsare
3307 5739 3503 5799 Gallias
3534 5720 3733 5796 solidi,"

2216 5816 2304 5872 sub
2331 5817 2445 5885 hac,
2478 5828 2580 5875 etc.
