3918 6344
174 288 259 348 955

1148 268 1470 335 HISTORIA
1506 262 1867 327 HISCELLA.
1908 294 1978 308 -—
2014 263 2146 323 LIB.
2194 264 2338 324 XIV.

3286 264 3396 326 955

170 395 307 459 moliti
339 397 470 449 sunt.
501 385 794 443 Adversum
820 385 918 441 bos
946 386 1332 444 Constantinus
1356 383 1700 442 Constantem
1730 388 1781 448 Α
1810 382 2164 439 bacchabatur
2196 380 2445 440 ferocitas
2471 383 2732 456 gentium,
2756 383 3125 457 Hispaniarum
3164 385 3395 459 provin-

169 491 307 548 liliuln
332 501 389 541 ex
410 479 667 537 monacho
691 477 959 535 Caesarem
986 478 1204 544 factum,
1234 492 1357 534 cum
1383 475 1700 548 quibusdam

169 578 401 640 foederatis
442 573 681 629 barbaris
728 572 779 627 in
828 570 1133 640 liiSpaniam
1186 569 1351 625 misit.
1397 568 1703 633 Constans,

168 674 471 732 barbarorum
521 667 683 722 fultus
727 666 955 730 auxilio,
986 680 1080 722 eos
1124 664 1296 735 primo
1335 662 1520 733 praelio
1547 676 1705 732 pere-

167 770 261 827 mit.
285 767 471 835 Quibus
514 762 754 819 barbaris
799 762 926 819 dum
972 763 1206 818 claustra
1238 760 1477 833 Pyrenaei
1509 760 1708 815 montis

165 862 411 921 commissa
459 860 710 928 fuissent,
742 857 809 915 ab
850 858 928 913 eis
965 867 1074 914 tota
1121 856 1209 912 illa
1239 870 1358 912 oua:
1398 870 1493 925 per
1514 854 1710 911 Gallias

220 984 244 1013 ι
268 975 349 1043 A.,
380 973 571 1027 diuisis.

1809 480 1907 536 ciis
1935 479 2239 536 intromissa
2279 489 2384 538 est.
2429 478 2611 550 Itaque
2651 490 2772 553 post
2818 483 3011 539 multas
3054 494 3279 557 strages,
3321 485 3398 542 in-

1811 574 1997 629 cendia
2019 586 2070 629 et
2098 574 2330 644 rapinas,
2349 575 2558 629 tandem
2577 574 2601 602 "
2617 574 2827 630 diversis
2851 575 3065 632 sedibus
3080 577 3297 634 Barbari
3327 575 3395 635 ad

1813 674 1985 719 aratra
2018 666 2285 733 c0nvel‘si,
2320 664 2682 722 Romanorum
2732 667 2978 725 residuos
3024 678 3302 741 coeperunt
3339 677 3399 730 ut

1813 757 1991 812 socios
2020 768 2074 813 et
2104 758 2306 813 amicos
2336 758 2517 815 fovere
2542 765 2594 815 δ.

1827 962 1856 1003 ι’
1887 964 1975 1019 Α.;
1995 972 2219 1033 dxpncrt
2240 962 2410 1018 t.xll.l
2419 964 2575 1034 ncipit
2587 963 2625 1018 ι.
2645 963 2823 1020 tertius
2840 961 3400 1036 decimus.lgitur,etc.

172 1102 3395 1143 ΗΜ

1065 1224 1370 1303 LIBER
1428 1218 1884 1300 DECIMUS
1942 1217 2458 1311 QUARTUS.

215 1476 344 1532 Anno
365 1477 426 1532 ab
455 1476 593 1532 Urbe
618 1478 821 1533 condita
852 1477 990 1533 H65
1013 1520 1029 1546 ,
1076 1478 1393 1536 Theodosius
1433 1479 1621 1535 Junior
1657 1480 1711 1534 in

160 1569 334 1625 Oriente
358 1570 650 1640 imperator,
685 1574 832 1636 cuius
860 1571 1059 1642 imperii
1094 1588 1233 1626 anno
1270 1574 1487 1627 secundo
1514 1573 1711 1628 Atticus

1820 1476 2053 1532 Africam
2100 1476 2407 1544 haereticis,
2455 1491 2554 1548 pax
2603 1476 2855 1535 Ecclesiae
2891 1478 3152 1536 redditur.
3196 1480 3255 1538 In
3298 1495 3406 1551 qua

1821 1570 2241 1641 fulgentissimus
2286 1579 2411 1625 tunc
2456 1571 2596 1639 apud
2643 1570 2942 1641 Hipponem
2990 1572 3194 1643 regium
3245 1573 3409 1631 totius

154 1664 384 1733 episcOpus
413 1663 1009 1733 Constantinopolitanus
1046 1665 1288 1719 Judaeum
1317 1667 1586 1735 quemdam
1621 1682 1712 1736 pa-
1743 1694 1790 1754 Β
1820 1665 2077 1732 magister
2101 1663 2354 1719 Ecclesia:
2400 1662 2623 1717 florebat
2672 1664 3018 1732 Augustinus.
3049 1663 3257 1720 Interea
3286 1664 3411 1722 Val-

152 1754 389 1824 ralgticum
414 1770 641 1820 monens,
675 1756 895 1810 suadens
945 1765 1099 1826 atque
1123 1757 1406 1829 baptisans,
1436 1774 1617 1812 sanum
1651 1774 1714 1813 ea;
1744 1752 1773 1754 ί
1816 1753 1883 1807 lia
1925 1770 2016 1809 rex
2063 1753 2359 1809 Coxhornm
2402 1753 2495 1809 Dei
2536 1752 2740 1823 judicio
2789 1755 3004 1809 territus
3041 1752 3250 1809 Gallam
3288 1755 3409 1811 [’Ia-

152 1849 328 1901 [arcera
383 1848 600 1914 eduxit,
654 1849 932 1904 secundum
991 1848 1158 1904 Deum
1209 1852 1397 1906 dicitur
1452 1861 1716 1923 provectus
1814 1848 2006 1903 cidiam
2054 1848 2194 1916 apud
2247 1862 2308 1903 se
2363 1848 2586 1903 honeste
2639 1848 2911 1917 habitam,
2975 1850 3220 1920 exigente
3264 1847 3410 1905 Con-

153 1942 304 2011 fuisse.
349 1940 516 2011 lgitur
565 1942 855 2012 imperator
888 1943 1183 2008 llonorins,
1213 1943 1340 1999 dum
1371 1944 1512 1999 vires
1542 1943 1716 2014 reipu-

1816 1941 2059 2006 stantio,
2123 1941 2272 1996 fratri
2329 1940 2565 1995 Honorio
2620 1940 2889 2008 reddidit,
2947 1956 3238 2012 pacemque
3290 1955 3410 1998 cum

151 2035 282 2090 blica:
314 2035 638 2103 quotidianis
688 2045 933 2092 cerneret
981 2037 1291 2093 labefactari
1336 2036 1713 2103 incommodis,
1816 2052 1919 2103 eo,
1960 2037 2099 2091 datis
2142 2037 2446 2093 lectissimis
2481 2037 2795 2105 obsidibus,
2836 2038 3074 2110 pepigit,
3113 2054 3277 2111 seque
3318 2053 3414 2109 pro

150 2126 294 2182 virum
335 2137 612 2184 strenuum
635 2170 649 2195 ,
693 2139 748 2183 et
792 2129 1102 2184 bellicosum
1140 2135 1166 2164 ⁸
1194 2129 1567 2184 Constantium
1594 2142 1716 2183 cum

151 2222 366 2277 exercitu
394 2223 458 2276 ad
491 2221 693 2276 Gallias
721 2222 901 2277 mittil.
929 2222 977 2276 ls
1004 2236 1126 2277 mox
1149 2232 1202 2276 ut
1226 2220 1425 2277 Gallias
1448 2220 1717 2289 ingressus

149 2323 244 2377 est,
272 2315 524 2369 continuo
569 2313 976 2370 Constantinum
1025 2325 1310 2386 tyrannum
1358 2315 1497 2384 apud
1537 2314 1719 2370 Arela-

154 2413 241 2458 tem
285 2407 560 2461 exstinxit.
610 2408 873 2463 Constans
918 2423 1047 2463 vero
1091 2409 1230 2463 filius
1259 2408 1373 2476 ejus
1404 2424 1432 2462 a
1462 2407 1720 2463 Gerontio

151 2512 232 2552 suo
278 2500 469 2555 comite
518 2500 740 2555 Vienna:
788 2511 1095 2571 peremptus
1136 2509 1241 2556 est.
1274 2502 1330 2556 in
1358 2500 1513 2572 cujus
1542 2501 1717 2556 locum

148 2586 404 2646 Gerontius
449 2592 746 2647 Maximum
796 2593 1081 2661 quemdam
1128 2592 1498 2657 substituens,
1546 2592 1662 2660 ipse
1689 2606 1719 2645 a

145 2684 238 2738 suis
263 2686 521 2743 militibus
546 2687 823 2756 jugulatus
843 2696 951 2747 est.
976 2688 1237 2743 Maximus
1262 2688 1456 2744 deinde
1488 2703 1720 2758 purpura

147 2786 341 2843 exutus,
388 2778 440 2833 in
493 2779 758 2850 Hispania
798 2780 1077 2848 exsulans,
1127 2796 1289 2851 egens
1334 2780 1486 2836 obiit.
1515 2781 1723 2840 Exinde

145 2867 338 2924 Iovinus
368 2873 510 2942 apud
545 2872 748 2930 Gallias
779 2890 898 2930 mox
948 2890 1233 2946 assurgens
1282 2876 1496 2931 cecidit.
1547 2876 1720 2933 Seba-

1821 2128 2076 2183 ltomanis
2122 2128 2380 2184 adversus
2421 2129 2718 2194 barbaros,
2759 2132 2846 2198 qui
2890 2131 3168 2199 HiSpanias
3199 2132 3412 2187 invase-

1820 2230 1982 2285 rant,
2031 2230 2391 2290 pugnaturum
2444 2221 2751 2290 spopondit.
2809 2222 3019 2279 Mittunt
3062 2239 3093 2279 e
3144 2222 3417 2279 contrario

1820 2311 2219 2379 Vandalorum,
2266 2312 2560 2366 Alanorum
2614 2313 3018 2385 Suevorumque
3063 2329 3215 2386 reges
3270 2315 3417 2385 prin-

1819 2401 1921 2472 cipi
1982 2401 2222 2457 Honorio
2275 2402 2569 2472 legationes
2615 2403 2669 2457 in
2725 2404 2805 2459 his
2856 2405 3033 2460 verbis
3088 2422 3104 2462 :
3162 2405 3241 2461 'I‘u
3293 2420 3415 2461 cum

1821 2494 2071 2547 omnibus
2116 2508 2301 2563 pacem
2341 2494 2477 2549 habe
2502 2536 2517 2560 ,
2551 2496 2786 2552 omnium
2825 2497 3039 2552 obsides
3073 2499 3276 2568 accipe.
3309 2498 3417 2555 Nos

1821 2586 1975 2641 nobis
2017 2586 2395 2657 confligimus,
2447 2589 2602 2643 nobis
2650 2589 2923 2660 perimus,
2975 2592 3066 2647 tibi
3113 2593 3415 2662 vincimus,

1823 2690 1927 2735 tuae
1973 2680 2076 2735 erit
2116 2690 2353 2749 qumstus
2400 2682 2712 2751 reipublicae
2757 2684 2803 2737 si
2858 2685 3070 2755 utrique
3110 2698 3416 2755 pereamus.

1823 2759 1916 2829 His
1964 2775 2033 2829 ita
2086 2774 2247 2828 tantis
2294 2776 2691 2843 incommodis,
2732 2776 2843 2831 Deo
2888 2777 3135 2846 favente,
3189 2778 3417 2848 sopitis,

1824 2868 2091 2923 Honorius
2134 2868 2339 2922 Gallam
2394 2868 2682 2925 Placidiam
2730 2885 3037 2940 germanam
3086 2885 3236 2925 suam
3274 2868 3418 2925 Con-

145 2960 323 3016 slianus
358 2972 631 3035 tyrannus
655 2964 822 3022 frater
853 2966 973 3038 ejus
992 2968 1247 3023 continuo
1273 2979 1485 3026 creatus
1513 2970 1721 3025 occisus

1825 2964 2023 3018 stantio
2061 2980 2161 3018 suo
2183 2963 2364 3018 comiti
2393 3007 2407 3030 ,
2448 2964 2549 3019 {ide
2592 2966 2935 3035 integerrimo
2958 3007 2972 3031 ,
3002 2974 3057 3021 et
3098 2964 3287 3020 uiribus
3333 2966 3418 3020 in-

142 3062 226 3110 est.
255 3053 525 3114 Tertullus
547 3060 773 3126 consul,
803 3061 890 3128 qui
934 3058 1170 3115 furinum
1200 3077 1258 3116 se
1286 3060 1313 3099 ιι
1342 3062 1638 3133 principem
1668 3064 1719 3118 is
1745 3073 1792 3135 ο
1825 3056 1971 3124 genti
2014 3056 2127 3110 viro
2157 3096 2171 3121 .
2217 3056 2528 3126 jamdudum
2579 3057 2920 3127 promissam.
2951 3072 3141 3128 magno
3187 3065 3410 3113 cuncto-

145 3154 309 3201 senatu
355 3148 625 3217 gloriatus
672 3159 776 3217 est,
808 3152 922 3219 pari
968 3152 1311 3207 nihilominus
1351 3154 1495 3208 exitu
1543 3153 1718 3223 periit.
1824 3164 1941 3204 rum
1990 3148 2180 3219 gaudio
2230 3149 2472 3213 sociavit,
2513 3165 2578 3206 ex
2623 3163 2725 3220 qua
2764 3149 3195 3205 Valentinianum
3250 3149 3416 3205 lilium

148 3236 363 3307 Athalus,
392 3244 485 3308 qui
516 3257 548 3296 a
584 3240 774 3297 Gothis
797 3242 1091 3312 imperator
1116 3243 1289 3298 fuerat
1317 3243 1504 3312 factus,
1535 3256 1721 3314 captus
1824 3239 2166 3296 Constantius
2187 3242 2387 3312 genuit.
2413 3244 2500 3313 qui
2533 3252 2714 3312 postea
2741 3243 2892 3313 Reip.
2920 3244 3201 3314 lmperium
3229 3242 3419 3315 gessit.

151 3342 175 3380 a
204 3326 526 3398 Constantio.
557 3335 756 3389 missus
783 3345 855 3389 est
888 3335 1146 3403 Honorio,
1172 3346 1513 3405 truncataque
1539 3353 1718 3403 manu,

141 3422 244 3476 vita
270 3425 486 3481 relictus
514 3436 630 3483 est.
664 3426 1010 3484 Heraclianus
1033 3443 1244 3499 quoque
1285 3438 1305 3463 “-
1336 3428 1529 3498 Africa:
1557 3445 1724 3485 comes

142 3517 330 3587 missus,
366 3540 482 3578 cum
526 3524 675 3579 idem
713 3525 931 3580 Atltalus
966 3526 1198 3580 umbram
1238 3534 1455 3598 gestaret
1493 3527 1720 3597 imperii,

139 3612 350 3681 Africam
385 3629 607 3674 strenue
636 3620 905 3675 adversum
934 3622 1141 3690 judices
1178 3622 1241 3674 ab
1268 3637 1328 3676 eo
1365 3622 1545 3675 missos
1589 3630 1725 3676 tuta-

141 3714 239 3774 tus,
278 3715 614 3767 consulatum
661 3723 914 3769 assecutus
961 3725 1055 3768 est.
1090 3713 1203 3779 Qua
1248 3714 1487 3783 superbia
1530 3715 1723 3781 elatus,

140 3797 364 3856 Sabinum
393 3807 742 3861 domesticum
773 3822 923 3860 suum
946 3806 1148 3876 ingenio
1169 3805 1417 3870 validum,
1444 3806 1725 3861 industria-

137 3905 219 3961 que
242 3897 476 3950 solertem
503 3909 556 3952 et
590 3899 870 3968 sapientem
894 3897 1261 3952 nominandum
1282 3939 1297 3964 ,
1324 3897 1370 3950 si
1404 3896 1565 3950 animi
1598 3897 1726 3952 vires

137 3990 407 4057 tranquillis
456 3992 650 4047 studiis
702 3993 1134 4047 accommodasset
1159 4035 1174 4060 ,
1225 4008 1465 4063 generum
1514 3991 1724 4061 adlegit.

138 4075 245 4137 Cum
286 4098 390 4151 quo
434 4084 790 4154 quorumdam
832 4086 1177 4155 periculorum
1234 4085 1550 4155 suspiciones
1603 4083 1727 4137 dum

134 4176 326 4243 patitur,
356 4178 503 4247 fecit,
543 4186 703 4245 atque
729 4177 1030 4247 aliquandiu
1057 4177 1303 4247 Africana
1342 4192 1548 4230 annona
1581 4186 1728 4230 extra

136 4266 346 4320 ordinem
382 4270 639 4335 detenta,
679 4268 787 4339 ipse
811 4270 1015 4323 tandem
1051 4284 1168 4324 cum
1204 4270 1453 4323 immensa
1490 4269 1615 4322 satis
1642 4268 1727 4322 in-

133 4358 342 4413 credibili
388 4361 568 4416 classe
618 4362 818 4415 natium
866 4359 1084 4415 Romam
1133 4362 1410 4416 contendit.
1461 4359 1602 4416 Nam
1641 4362 1730 4415 Ira-

1828 3334 1939 3389 lloc
1973 3335 2025 3389 in
2061 3344 2305 3404 tempore
2353 3336 2528 3391 foedus
2560 3337 2925 3391 ﬁrmissimum
2978 3351 3099 3392 cum
3151 3352 3277 3407 rege
3308 3336 3421 3393 Go-

1828 3429 2045 3485 thorum
2072 3429 2242 3486 Vallia
2279 3430 2499 3500 pepigit,
2555 3431 2796 3486 tribuens
2845 3431 2897 3485 ei
2952 3430 3019 3485 ad
3068 3431 3418 3486 habitandum

1825 3526 2194 3598 quuitaniam
2215 3526 2564 3596 provinciam,
2580 3526 2932 3597 ejusdemque
2954 3526 3243 3597 provincia:
3265 3526 3418 3580 etiam

1828 3623 2090 3692 quasdam
2124 3622 2370 3676 civitates
2403 3621 2633 3675 vicinas.
2666 3619 2906 3674 Cernens
2947 3620 3124 3689 itaque
3153 3600 3421 3673 Honorius

1828 3713 2028 3782 ubique
2056 3728 2114 3767 sc
2137 3711 2437 3767 Constantii
2484 3710 2700 3777 virtute,
2752 3718 2807 3764 et
2865 3710 3117 3778 ingenio,
3175 3723 3270 3763 seu
3322 3720 3422 3776 per

1828 3804 1993 3870 bella,
2025 3820 2120 3860 seu
2151 3804 2296 3873 pacis
2327 3803 2696 3858 moderatione
2728 3802 2885 3866 tueri.
2908 3818 3055 3870 eum,
3085 3803 3295 3858 cunctis
3325 3817 3423 3855 an-

1830 3897 2128 3952 nitentibus
2158 3940 2173 3965 ,
2231 3896 2371 3965 apud
2424 3896 2735 3949 Ravennam
2783 3894 2835 3950 in
2867 3896 3027 3966 'regni
3079 3893 3417 3949 consortium

1830 3991 2037 4047 ascivit.
2064 3992 2165 4059 Qui
2195 3991 2421 4047 necdum
2446 3999 2650 4059 septem
2681 3984 2952 4046 mensibus
2974 3990 3206 4045 evolutis
3230 4004 3293 4044 ex
3323 3988 3423 4044 hac

1832 4085 1950 4140 luce
2004 4083 2309 4138 subtractus
2373 4090 2477 4137 est.
2536 4082 2630 4137 llis
2681 4081 2872 4137 diebus
2910 4082 3051 4151 apud
3108 4081 3418 4137 Bethlehem

1833 4179 2126 4234 Palaestina:
2158 4176 2347 4231 beatus
2370 4175 2729 4247 Hieronymus
2754 4216 2768 4240 ,
2817 4176 3044 4245 expletis
3077 4185 3101 4217 ο
3132 4175 3420 4244 nonaginta

1833 4287 1938 4327 uno
1969 4286 2223 4325 annorum
2254 4270 2318 4323 ad
2347 4262 2618 4323 Christum
2653 4269 2920 4339 migravit.
2959 4267 3219 4337 Sequenti
3279 4276 3418 4320 tem-

1834 4380 1963 4436 pore
1996 4364 2258 4419 Maximus
2284 4363 2424 4434 apud
2480 4361 2787 4432 Hispanias,
2845 4361 3079 4418 factione
3124 4372 3294 4416 autem
3323 4360 3421 4417 Jo-

134 4444 282 4503 δείξειε
311 4450 459 4506 hunc
485 4452 600 4506 tria
632 4451 794 4506 millia
818 4453 1041 4519 navium,
1071 4464 1117 4507 et
1146 4454 1494 4523 septingentos
1516 4453 1726 4519 dicitur,
1758 4476 1809 4538 ι)
1835 4458 2003 4523 viani,
2039 4458 2127 4528 qui
2160 4464 2290 4511 tunc
2322 4458 2374 4510 in
2406 4471 2465 4510 re
2504 4454 2726 4510 militari
2755 4454 2935 4509 clarus
2964 4454 3265 4510 habebatur
3288 4498 3303 4523 ,
3339 4463 3422 4524 ty-

132 4554 260 4605 qum
286 4560 614 4613 numerum,
652 4560 744 4599 nec
779 4546 920 4615 apud
952 4544 1152 4599 Xersen
1179 4546 1386 4615 quidem
1423 4544 1729 4615 prwclarum
1828 4551 2106 4609 rannidem
2163 4547 2183 4586 ί
2235 4549 2531 4617 assumpsit.
2596 4546 2705 4603 Nec
2764 4545 2936 4601 multo
2996 4555 3116 4616 post
3182 4543 3421 4615 superati

134 4625 398 4690 Persarum
427 4654 650 4709 regem,
678 4646 724 4691 et
752 4636 1104 4692 Alexandrum
1134 4655 1373 4707 magnum
1393 4680 1409 4705 ,
1440 4642 1518 4693 vel
1556 4654 1729 4709 quent-

130 4738 264 4792 qtlam
293 4729 466 4783 alium
492 4745 697 4801 regem.
726 4729 886 4799 fuisse
902 4728 1129 4784 historice
1152 4734 1379 4784 tradunt.
1412 4728 1471 4784 Is
1496 4729 1652 4784 simul
1673 4738 1730 4783 ut

131 4832 233 4871 nm
260 4824 476 4893 agmine
502 4821 734 4877 militum
755 4824 822 4876 ad
851 4820 1038 4877 Urbem
1065 4838 1276 4895 pergens
1302 4823 1473 4878 littore
1498 4836 1732 4894 egressus

128 4917 212 4979 αι,
256 4930 497 4973 occursu
552 4916 771 4973 comitis
820 4916 1008 4972 Marini
1060 4918 1313 4982 territus,
1348 4927 1403 4972 et
1447 4918 1497 4970 in
1552 4916 1729 4985 fugata

130 5017 320 5074 versus,
349 5021 589 5081 arrepta
617 5012 758 5079 navi,
789 5010 935 5067 solus
957 5009 1334 5082 Carthaginem
1367 5011 1544 5075 rediit.
1570 5019 1730 5081 atque

128 5096 189 5153 ibi
221 5106 471 5161 continuo
499 5107 729 5160 militari
756 5121 912 5159 manu
945 5106 1251 5162 interfectus
1276 5115 1379 5163 est.
1406 5106 1514 5161 Hos
1542 5121 1729 5161 omnes

130 5189 385 5253 Honorius
425 5200 643 5266 Optima
678 5199 959 5269 religione,
990 5214 1283 5269 magnaque
1308 5197 1607 5254 Constantii
1642 5197 1728 5252 in-

126 5282 316 5345 dustria
343 5291 662 5362 superavit.
698 5290 883 5347 Merito
915 5306 1065 5347 sane.
1107 5291 1238 5347 Nam
1269 5291 1352 5347 his
1384 5289 1572 5345 diebus
1599 5302 1733 5359 prse-

129 5381 346 5451 Cipiente
375 5385 672 5455 Honorio,
715 5387 929 5443 favente
971 5387 1320 5452 Constantio,
1363 5385 1551 5458 sopitis
1589 5384 1730 5457 apud

190 5574 214 5638 f'
241 5569 332 5638 A.,
362 5569 746 5625 Constantium
768 5572 1023 5635 comitem.
1046 5588 1184 5637 cum,
1212 5580 1316 5627 etc.

186 5635 213 5675 δ
243 5635 404 5696 Oros.
439 5659 545 5705 vn,
578 5659 633 5714 cf.
659 5641 749 5705 42.
779 5645 1092 5714 pontiﬁcem.

190 5716 213 5743 ε
236 5715 309 5783 ΔΑ.
344 5730 358 5766 :
391 5714 533 5767 Cum
580 5711 788 5768 Sabino
823 5731 1042 5783 genero,
1072 5730 1190 5768 cum
1231 5712 1390 5767 tribus
1427 5711 1651 5766 millibus
1686 5719 1735 5765 et

129 5781 451 5856 .eptingenlis
482 5783 737 5853 navibus,
786 5781 850 5841 ei
895 5788 1071 5858 Africa
1116 5785 1329 5841 Romam
1379 5786 1616 5853 tendens,
1648 5798 1735 5838 oc-

1832 4648 2045 4715 utrique
2084 4654 2138 4699 et
2189 4642 2329 4713 capti
2361 4642 2429 4696 ab
2477 4642 2715 4696 exercitu
2744 4639 2966 4695 Honorii
2999 4680 3017 4707 ,
3046 4640 3220 4696 eidem
3247 4680 3264 4707 ,
3297 4653 3420 4695 cum

1828 4738 1967 4809 apud
2013 4738 2317 4792 Ravennam
2373 4734 2686 4790 tricennalia
2718 4750 2812 4789 sua
2844 4743 3147 4805 perageret,
3179 4747 3421 4804 praesen-

1831 4839 2032 4885 tantnr.
2068 4829 2179 4884 Hac
2210 4835 2529 4897 tempestate
2559 4825 2799 4882 Britanni
2850 4828 3133 4882 Scotorum
3164 4870 3179 4895 ,
3238 4826 3420 4881 Picto-

1830 4940 2055 4994 rumque
2079 4923 2479 4980 infestationcm
2506 4938 2610 4977 non
2637 4921 2897 4987 ferentes.
2921 4920 3148 4979 Romam
3175 4920 3418 4987 mittunt,

1829 5033 1894 5073 ac
1918 5017 1999 5072 sui
2030 5016 2369 5086 subiectione
2425 5016 2683 5083 promissa
2713 5057 2729 5084 ,
2785 5022 2970 5067 contra
3002 5015 3185 5067 hostes
3215 5009 3420 5069 auxilia

1829 5110 2093 5180 ﬂagitant.
2145 5106 2351 5175 Quibus
2401 5106 2582 5161 statim
2628 5106 2696 5160 ab
2726 5104 2964 5159 Honorio
2994 5104 3156 5158 missa
3190 5101 3419 5156 militum

1831 5202 1971 5270 legio
2023 5214 2272 5271 magnam
2325 5198 2679 5254 barbarorum
2736 5196 3135 5252 multitudinem
3184 5193 3418 5261 stravit,

1832 5302 2172 5364 caaterosque
2218 5292 2509 5347 Britannia:
2563 5292 2757 5345 finibus
2805 5289 3030 5359 expulit.
3061 5286 3167 5343 Sed
3200 5300 3326 5340 mox
3360 5291 3423 5341 ut

1832 5387 2140 5443 discessere
2167 5384 2419 5451 Romani,
2463 5382 2680 5440 advecti
2707 5384 2902 5439 iterum
2929 5380 3156 5437 navibus
3188 5379 3369 5436 hostes
3401 5414 3422 5448 ,

1834 5578 1984 5617 cursu
2010 5562 2224 5621 comitis.
2252 5569 2355 5617 etc.

1906 5634 1934 5675 ἀ
1965 5637 2052 5697 A.,
2076 5634 2405 5703 Aquitaniam
2437 5630 2620 5687 Gallice
2648 5646 2819 5705 prum,
2840 5640 2949 5688 etc.

1914 5723 1937 5750 ε
1965 5710 2052 5772 Α.,
2080 5706 2143 5759 ‘Jt
2186 5706 2301 5758 vitm
2322 5705 2493 5763 annis.
2522 5714 2625 5761 etc.

1916 5784 1933 5823 ί
1970 5779 2061 5849 Αο,
2094 5778 2335 5848 arripuit.
