3918 6344
58 376 61 381 ’
150 415 234 475 957
1106 404 1421 464 HISTORIA
1462 399 1817 460 MISCELLA.
1859 433 1928 444 _
1968 399 2097 456 ue.
2145 399 2282 459 xw.
3227 396 3335 458 988

145 520 415 599 imperatoris
444 516 671 591 junioris
699 515 933 571 Thracia
968 516 1115 570 uillas
1159 516 1518 570 habitaverunt
1556 555 1567 575 ,
1608 522 1653 564 et
1686 515 1731 571 Α
1760 514 2039 584 stupefacta
2090 512 2329 568 Placidia
2375 513 2572 569 Aetium
2610 512 2837 587 quidem
2864 512 2918 568 in
2971 511 3114 567 nullo
3156 509 3285 568 ltesit
3309 526 3332 567 :

101 629 111 669 ε
147 630 372 691 pet-annos
402 610 761 682 quinquaginta
783 619 829 662 et
872 618 983 662 octo
1026 609 1077 660 in
1115 606 1316 661 Thrace
1355 614 1605 659 morantes
1637 645 1652 668 ,
1760 602 2028 676 Bonifacio
2066 624 2182 663 vero
2211 624 2325 661 cum
2351 608 2652 678 iuramentis
2693 611 2901 661 uerbum
2932 605 3068 658 misit
3091 604 3332 659 exhorta—

150 706 387 765 Occideutis
413 718 606 773 quoque
626 701 950 754 obtinuerunt
978 697 1275 766 Imperium.
1308 696 1471 751 Porro
1511 694 1655 747 Van-

148 800 243 863 dali,
279 795 434 851 Alanis
461 793 554 847 sibi
606 793 852 857 sociatis,
906 800 953 845 et
1006 789 1277 845 Germanis
1313 832 1329 857 ,
1386 789 1471 857 qui
1524 803 1657 838 nunc

144 889 298 947 Franci
340 887 567 939 dicantur
594 883 784 947 ascitis,
815 893 1130 936 transeuntes
1182 880 1410 934 Rhenum
1433 878 1652 948 ﬂuvium

1759 698 1962 751 torium.
2005 696 2169 753 Porro
2197 697 2485 753 Gunthario
2515 712 2711 752 mortuo
2739 739 2754 763 ,
2797 696 3096 751 Gensericus
3144 698 3338 749 Alano-

1759 803 1892 854 rum,
1926 786 2372 861 Vandalorumque
2393 793 2557 860 factus
2599 799 2673 844 est
2700 790 2995 859 imperator.
3021 785 3330 857 Bonifacius

1758 892 1877 950 ergo
1898 879 2047 934 verbo
2073 890 2304 949 suscepto
2348 891 2525 935 contra
2555 879 2820 936 Vandalos
2846 890 3086 935 armatur
3114 880 3339 933 exercitu

146 978 411 1051 Hodogisclo
437 976 565 1029 duce
589 1017 604 1041 ,
645 974 994 1028 habitaverunt
1032 974 1086 1026 in
1136 971 1409 1039 Hispania,
1438 984 1552 1038 qute
1582 975 1656 1023 est

141 1080 271 1145 prima
315 1067 522 1123 Euronte
566 1068 940 1136 provinciarum
988 1066 1052 1118 ab
1083 1062 1401 1117 Occidentali
1442 1076 1652 1114 oceano.

142 1161 307 1219 Interea
336 1158 717 1225 Valentinianus
742 1173 842 1210 non
872 1157 1037 1209 solum
1079 1153 1417 1217 Britanniam,
1449 1162 1493 1205 et
1517 1150 1662 1204 Gal-

140 1258 250 1321 liam,
272 1264 315 1310 et
339 1252 637 1322 Hispaniam
651 1252 847 1306 salvare
873 1251 1110 1322 nequivit,
1127 1252 1215 1305 sed
1231 1257 1277 1303 et
1294 1249 1653 1302 occidentalem

140 1352 329 1420 Libyam,
355 1363 462 1416 quat
492 1346 721 1399 videlicet
747 1345 886 1415 regio
933 1353 1143 1397 vocatur
1163 1345 1426 1412 Afrorum,
1481 1340 1657 1395 amisit

139 1444 210 1498 hoc
238 1441 389 1493 modo.
418 1438 532 1491 Duo
560 1449 800 1507 prattores
829 1447 972 1489 erant
1009 1452 1134 1504 quos
1175 1435 1396 1488 diximus
1415 1472 1428 1495 ,
1458 1434 1652 1497 Aetius,

139 1531 472 1599 «Bonifacius,
506 1546 634 1599 quos
665 1526 977 1581 Theodosius
1009 1525 1298 1592 postulante
1335 1524 1660 1579 Valentinia-

137 1637 187 1674 no
210 1622 398 1673 Romam
426 1619 698 1672 direxerat.
731 1617 950 1686 Cumque
976 1615 1269 1686 Bonifacius
1314 1615 1655 1684 principatum

138 1711 418 1766 occidentalis
455 1707 630 1779 Libya:
670 1709 997 1779 percepisset,
1040 1715 1086 1759 et
1136 1705 1280 1775 apud
1314 1706 1540 1775 Africam
1569 1720 1666 1770 po-

137 1808 262 1857 tentia
306 1802 565 1871 gloriaque
611 1809 885 1869 augeretur
906 1839 921 1863 ,
954 1799 1144 1851 invidia
1171 1799 1461 1866 ﬂammatus
1492 1796 1667 1848 Aetius

1762 986 1945 1041 magno
1996 972 2090 1026 sibi
2136 975 2360 1028 veniente
2387 983 2492 1027 tam
2518 990 2546 1028 e
2578 972 2768 1038 Roma,
2802 988 2953 1039 quam
2981 991 3012 1025 a
3043 971 3339 1027 Constanti-

1762 1065 1954 1131 nopoli,
1986 1066 2131 1135 cujus
2162 1066 2329 1132 Aspar
2352 1074 2459 1120 erat
2487 1066 2758 1135 magister.
2786 1064 2924 1118 Inito
2962 1075 3133 1117 autem
3164 1071 3344 1117 contra

1764 1153 2090 1210 Censericum
2120 1159 2321 1224 prwlio,
2354 1169 2630 1226 superatus
2662 1165 2736 1211 est
2782 1155 3127 1211 Romanorum
3150 1154 3345 1209 exerci-

1766 1259 1866 1303 tus.
1919 1249 2106 1319 Sicque
2130 1248 2432 1318 Bonifacius
2462 1267 2573 1303 cum
2604 1249 2801 1320 Aspare
2851 1250 3066 1304 Romam
3097 1248 3297 1302 veniens
3324 1286 3339 1314 ,

1764 1344 2104 1411 suspicionem
2130 1342 2383 1407 dissoluit,
2405 1342 2480 1395 rei
2496 1342 2707 1395 veritate
2729 1349 3034 1404 monstrata,
3064 1348 3108 1392 et
3131 1346 3344 1402 accepta

1766 1436 1828 1489 ab
1860 1436 2163 1505 imperatore
2191 1433 2426 1503 Magistri
2478 1434 2701 1488 militum
2744 1432 3024 1503 dignitate.
3077 1432 3176 1494 Qui
3222 1444 3341 1484 cum

1769 1527 2106 1581 resistentem
2131 1526 2228 1582 sibi
2245 1525 2454 1580 Aetium
2481 1526 2664 1593 pra-lio
2688 1532 3013 1592 superasset,
3031 1520 3209 1588 paucis
3234 1524 3347 1573 die-

1770 1618 1867 1672 bus
1909 1619 2200 1687 interiectis
2255 1620 2442 1673 tnorbo
2472 1621 2772 1672 exstinctus
2817 1629 2919 1671 est.
2966 1613 3130 1667 Porro
3172 1612 3344 1683 Africa

1768 1713 1935 1765 taliter
1964 1728 1996 1764 a
2030 1710 2272 1765 Vandalis
2299 1713 2509 1764 subacta
2545 1724 2638 1765 est.
2674 1710 2818 1763 Tune
2845 1719 2891 1763 et
2924 1707 3235 1768 Martianus,
3258 1704 3347 1775 qui

1773 1804 2093 1870 postmodum
2121 1803 2408 1870 imperavit,
2450 1818 2569 1855 cam
2601 1804 2743 1856 miles
2788 1809 2939 1868 esset,
2971 1809 3014 1853 et
3049 1800 3237 1867 Aspari
3258 1797 3345 1850 de:

136 1898 457 1952 accusationem
489 1894 613 1963 facit
639 1894 881 1946 adversus
918 1891 1238 1959 Bonifacium
1263 1933 1278 1957 ,
1315 1900 1557 1960 tanquam
1592 1903 1667 1941 re-

1779 1898 1995 1960 serviret,
2026 1898 2165 1950 vivus
2192 1914 2223 1950 a
2253 1895 2524 1950 Genserico
2554 1896 2973 1966 deprehenditur.
2996 1894 3180 1946 Aetius
3209 1904 3338 1944 vero

136 1991 357 2046 bellionem
387 1989 734 2050 meditantem,
765 1995 810 2038 et
843 1986 1063 2039 obtinere
1096 1984 1303 2053 Lybiam
1333 1992 1664 2053 satagentem,

135 2095 172 2139 et
195 2087 284 2136 hac
304 2083 499 2150 quidem
539 2078 783 2132 Placidite
806 2076 1080 2146 fatebatur,
1098 2092 1217 2145 qua:
1243 2076 1341 2146 fuit
1366 2084 1525 2128 mater
1558 2071 1668 2127 Va-

134 2176 376 2230 lentiniani.
406 2172 657 2225 Caeterum
688 2169 951 2235 Bonifacio
1003 2169 1179 2222 scribit
1228 2182 1247 2221 :
1282 2167 1343 2222 Si
1395 2166 1668 2220 accersitus

135 2271 279 2341 fueris,
304 2268 539 2321 accedere
571 2265 676 2318 noli
706 2279 725 2317 :
753 2264 1013 2318 incusatus
1047 2263 1181 2315 enim
1210 2277 1296 2329 es,
1332 2272 1381 2314 et
1410 2270 1456 2314 te
1495 2260 1671 2314 dolose

134 2369 279 2415 vocant
326 2363 677 2426 imperatores.
738 2354 860 2409 Haec
913 2354 1190 2423 suscipiens
1242 2350 1579 2420 Bonifacius,
1625 2359 1672 2405 et

133 2454 257 2506 relati
276 2453 473 2521 praprio
501 2464 650 2505 servo
682 2449 824 2501 Aetio
852 2446 1065 2500 crtdens
1084 2486 1099 2511 ,
1131 2445 1406 2498 accersitus
1435 2444 1672 2497 accedere

133 2544 315 2596 distulit.
349 2541 486 2596 Tunc
509 2542 848 2609 imperatores
874 2537 1074 2591 Aetium
1096 2536 1245 2606 quasi
1271 2536 1504 2588 devotum
1534 2535 1674 2587 reci-

130 2636 266 2707 piunt,
317 2643 359 2687 et
410 2636 681 2686 adversum
735 2628 1057 2698 Bonifacium
1112 2626 1395 2679 Mavortius
1422 2632 1477 2679 et
1507 2625 1674 2679 Gabio

133 2728 395 2779 mittuntur.
427 2724 532 2791 Qui
568 2724 690 2777 dum
718 2721 1049 2775 Buniiacium
1089 2718 1340 2774 obsidere
1368 2726 1575 2786 parant,
1607 2719 1675 2771 ab

130 2830 180 2870 eo
214 2818 498 2885 interempti
555 2822 581 2850 ⁸
633 2825 778 2870 sunt.
834 2813 1038 2868 Rursus
1090 2824 1274 2866 contra
1346 2810 1674 2865 Benil'acium

131 2912 153 2953 ι
174 2908 382 2964 Suuldus
413 2923 603 2965 comes
630 2908 899 2977 dirigitur.
926 2908 1226 2961 Bonifacius
1252 2905 1411 2975 igitur
1440 2906 1677 2958 sentiens

131 3012 178 3054 se
203 3017 294 3055 non
322 3017 478 3070 posse
526 3012 644 3055 tuto
692 3000 922 3053 Africam
973 3006 1176 3062 tenere,
1208 3010 1546 3065 cernensque
1574 2995 1675 3050 sibi

131 3092 387 3160 periculum
429 3094 659 3156 instare,
691 3093 743 3145 in
769 3092 1059 3160 perniciem
1092 3091 1254 3145 tetius
1286 3091 1422 3153 reip.
1467 3099 1488 3128 ο
1519 3088 1675 3143 etl‘er-

128 3196 335 3250 vescens,
363 3188 714 3255 trausfretans
740 3200 772 3236 a
803 3182 963 3254 Libya
1002 3185 1056 3235 in
1090 3181 1399 3252 Hispaniam
1425 3183 1493 3234 ad
1529 3180 1675 3235 Van-

130 3271 250 3326 dalos
286 3276 582 3346 Alanosque
608 3278 759 3329 venit.
793 3274 1016 3343 Cumque
1054 3275 1429 3344 Modogisclum
1456 3276 1672 3328 invenis-

126 3374 185 3417 set
209 3376 474 3433 mortuum,
498 3378 547 3422 et
576 3368 711 3435 ﬁlios
734 3372 845 3438 ejus
874 3364 1238 3432 Guntharium,
1273 3377 1318 3421 et
1350 3367 1677 3422 Gensericum

126 3456 359 3528 imperium
388 3465 722 3517 moderantes
743 3502 758 3528 ,
800 3463 1027 3517 hortatus
1057 3472 1128 3517 est
1158 3472 1211 3516 ut
1240 3462 1561 3534 Hesperiam,
1594 3462 1682 3517 Li-

125 3550 340 3623 byamque
379 3557 431 3609 in
482 3567 592 3611 tres
644 3565 811 3625 partes
853 3558 1154 3610 dividerent.
1189 3555 1290 3621 Qui
1318 3557 1530 3625 polliciti
1560 3567 1681 3613 sunt

124 3645 361 3717 unicuique
380 3652 518 3718 parti
553 3664 608 3703 se
636 3666 741 3702 una
768 3666 879 3703 cum
906 3650 1019 3719 ipso
1046 3650 1442 3721 principaturos,
1466 3651 1517 3704 in
1544 3666 1682 3705 com-

122 3738 236 3789 muni
264 3747 428 3793 tamen
465 3742 520 3794 in
571 3744 837 3810 quemlibet
885 3741 1078 3796 hostem
1116 3742 1336 3796 ulturos.
1384 3740 1451 3796 In
1499 3742 1684 3797 talibus

124 3839 222 3896 ergo
254 3832 663 3899 professionibus
703 3831 936 3897 Vandali,
977 3833 1228 3902 Alanique
1274 3833 1460 3901 fretum
1511 3845 1682 3888 trans-

120 3932 336 3987 meantes,
366 3922 597 3995 Libyam
634 3924 1005 3993 habitaverunt,
1039 3936 1087 3978 et
1115 3935 1359 3981 cunctam
1384 3941 1517 3995 pene
1543 3926 1683 3982 Ait-i-

122 4023 215 4066 cam
237 4012 398 4081 ferro,
422 4017 673 4083 flamma,
697 4019 896 4087 rapinis
924 4022 1292 4077 crudelissime
1320 4022 1681 4090 devastantes,

123 4101 314 4174 insuper
364 4109 708 4163 Catholicam
737 4110 895 4164 ﬁdem
941 4112 1137 4167 Ariana
1165 4112 1437 4183 impietate
1464 4112 1684 4168 subver-

121 4201 233 4249 tere.
268 4196 379 4252 Sub
427 4201 535 4254 hoc
591 4200 798 4254 turbine
828 4201 1169 4257 beatissimus
1208 4205 1530 4273 Augustinus
1553 4244 1569 4271 ,
1615 4203 1684 4259 de

118 4301 205 4354 quo
227 4294 571 4358 praemissum
602 4302 701 4359 est,
729 4294 1084 4364 Hipponensis
1125 4298 1430 4366 episcOpus,
1461 4315 1528 4353 ne
1556 4297 1687 4355 civi-

120 4385 227 4434 tatis
256 4399 368 4441 sua:
403 4387 628 4441 ruinam
652 4391 1096 4454 cerneret,tertio
1122 4392 1353 4459 ejusdem
1385 4393 1682 4448 obsidionis

119 4483 298 4543 mense,
329 4480 684 4549 scptuaginta
713 4490 768 4535 et
808 4496 900 4535 sex
939 4483 1061 4537 vitae
1103 4486 1257 4539 annis
1305 4487 1527 4553 expletis
1552 4525 1567 4552 ,
1619 4502 1686 4544 ex

1772 2005 1891 2044 cum
1939 1988 2178 2057 deposita
2228 1989 2485 2056 dignitate
2518 2005 2567 2043 tn
2599 2003 2727 2053 agro
2754 2002 2852 2040 suo
2878 1987 3137 2053 degeret,
3171 1981 3349 2051 ibique

1774 2095 1894 2135 cum
1946 2081 2162 2149 quidam
2195 2081 2417 2134 tumulus
2450 2084 2730 2149 repentino
2774 2079 2989 2133 incursu
3042 2076 3347 2145 Opprituere

1775 2181 2075 2238 tentasset,
2112 2172 2366 2241 profugos
2394 2173 2459 2225 ad
2503 2171 2718 2235 Urbem,
2752 2180 2913 2240 atque
2952 2169 3101 2223 illinc
3125 2168 3190 2221 ad
3227 2165 3347 2220 Dal-

1774 2271 2016 2335 matiam,
2075 2267 2271 2323 deinde
2312 2270 2363 2321 in
2402 2267 2702 2322 Pannonias
2746 2265 2812 2320 ad
2880 2267 3101 2319 llunnos
3161 2261 3344 2316 venit:

1774 2374 1995 2428 quorum
2018 2359 2265 2414 amicitiis
2292 2366 2343 2414 et
2371 2356 2579 2412 auxiliis
2606 2373 2753 2423 usus,
2781 2371 2962 2427 pacem
2993 2365 3017 2395 ο
3052 2354 3345 2424 principum

1774 2451 1946 2504 Aetius
1985 2468 2099 2504 cum
2136 2461 2339 2521 receptu
2377 2449 2710 2518 interpolata:
2761 2451 3043 2520 potestatis
3079 2446 3347 2515 obtinuit,

1776 2559 1872 2597 nec
1903 2545 2069 2597 multo
2098 2553 2220 2612 post
2251 2543 2560 2612 patriciatus
2581 2543 2741 2597 etiam
2782 2542 3092 2609 dignitatem
3124 2538 3350 2611 adeptus

1776 2644 1874 2691 est.
1908 2635 2035 2691 Post
2063 2652 2180 2689 eam
2215 2637 2391 2704 igitur,
2423 2650 2539 2705 qua:
2581 2635 2855 2704 praemissa
2885 2641 2990 2698 est,
3012 2630 3205 2686 Alricm
3244 2631 3355 2682 cla-

1775 2728 1919 2794 dem,
1951 2730 2071 2782 data
2104 2745 2197 2796 per
2232 2726 2251 2765 ί
2284 2729 2576 2799 'l'rigetittm
2606 2728 2671 2780 ad
2705 2726 3049 2780 habitandum
3102 2720 3355 2776 Vaudalls

1777 2820 1970 2873 Africa:
2001 2820 2270 2888 portione,
2308 2833 2407 2886 pax
2437 2832 2559 2871 cum
2598 2817 2800 2870 eisdem
2850 2813 3148 2869 necessaria
3187 2811 3355 2881 magis

1778 2926 1933 2982 quam
1968 2912 2111 2964 utilis
2142 2910 2280 2964 facta
2313 2919 2417 2964 est.
2451 2908 2544 2964 liis
2576 2910 2736 2963 etiam
2782 2908 3113 2976 temporibus
3144 2903 3353 2960 Gundi-

1779 3005 1981 3058 carium
2014 3003 2452 3073 Burgundionum
2482 3017 2659 3071 regem
2708 3000 2847 3053 intra
2879 2996 3082 3052 Gallias
3111 2994 3355 3050 habitan-

1779 3107 1885 3154 tem
1931 3098 2116 3152 Aetius
2163 3097 2423 3152 Patricius
2477 3096 2619 3149 bello
2666 3089 2904 3158 obtrivit,
2958 3101 3251 3160 pacemque
3302 3085 3355 3141 ei

1784 3189 2106 3260 supplicanti
2151 3188 2435 3243 concessit.
2485 3185 2689 3240 interea
2755 3180 2918 3236 Gothi
2966 3179 3113 3250 pacis
3163 3175 3356 3248 placita

1790 3282 2125 3353 perturbant,
2155 3289 2209 3334 et
2234 3283 2482 3349 pleraque
2509 3275 2793 3344 municipia
2818 3273 2984 3327 vicina
3010 3269 3223 3327 sedibus
3242 3267 3356 3323 suis

1783 3387 2064 3445 occupant.
2082 3377 2323 3445 Cumque
2346 3380 2530 3429 essent
2554 3371 2748 3442 oppido
2773 3377 2799 3416 8
2825 3366 3107 3422 Narniensi
3124 3363 3356 3419 maxime

1784 3469 1984 3536 infesti,
2037 3468 2288 3537 civesque
2330 3465 2448 3534 ejus
2491 3457 3068 3516 extremahobsidione
3123 3463 3180 3510 et
3219 3453 3358 3508 tame

1783 3562 2097 3633 aiﬂigerent,
2124 3558 2414 3613 adveniens
2436 3569 2616 3610 comes
2641 3553 2869 3606 Litorius
2896 3549 3075 3604 hostes
3102 3546 3157 3601 in
3179 3542 3356 3615 iugem

1784 3655 2060 3719 convertit,
2086 3664 2141 3709 et
2167 3653 2436 3706 civitatem
2481 3646 2638 3701 allata
2676 3642 2926 3698 frumenti
2969 3638 3124 3709 copia
3154 3650 3183 3690 a
3216 3636 3359 3690 inme

1785 3748 2047 3803 liberavit.
2082 3743 2287 3798 Dehinc
2337 3754 2477 3795 anno
2528 3735 2771 3807 sequenti
2826 3731 3025 3787 bellum
3071 3729 3356 3784 adversum

1784 3835 1987 3894 Gothos
2015 3833 2221 3889 llunnis
2266 3828 2642 3884 auxiliantibus
2669 3833 2873 3896 gestum
2906 3831 3007 3877 est.
3065 3819 3175 3875 liae
3220 3826 3359 3873 tem-

1786 3937 1991 3999 pestate
2022 3924 2348 3982 Gensericus
2380 3920 2518 3991 apud
2549 3918 2783 3973 Africam
2825 3917 2962 3969 intra
3010 3908 3356 3967 habitationis

1787 4034 1898 4075 sua:
1948 4020 2164 4083 limites,
2212 4015 2432 4083 cupiens
2459 4012 2787 4066 Catholicam
2821 4006 2979 4062 [idem
3030 4002 3228 4059 Ariani
3256 3999 3359 4053 lm-

1785 4113 1984 4183 pietate
2024 4110 2337 4163 subvertere
2364 4144 2379 4169 ,
2430 4101 2691 4175 quosdam
2734 4109 3043 4154 nostrorum
3069 4095 3360 4164 episcopos

1787 4215 2009 4260 eatenus
2034 4209 2346 4271 persecutus
2382 4207 2486 4261 est,
2545 4209 2602 4249 ut
2650 4208 2745 4248 eos
2773 4194 3011 4261 privatos
3032 4189 3154 4260 jure
3176 4183 3363 4240 basili-

1788 4313 1968 4353 carum
2002 4309 2241 4359 suarum,
2274 4292 2433 4346 etiam
2462 4288 2764 4345 civitatibus
2790 4284 3034 4355 pelleret,
3059 4293 3183 4335 cum
3215 4277 3362 4347 ipso-

1787 4407 1908 4447 rum
1934 4387 2229 4445 constantia
2275 4383 2293 4422 ί
2329 4384 2534 4436 minime
2562 4377 2933 4450 superbissimi
2960 4374 3101 4443 regis
3137 4367 3367 4425 terreri-

1790 4486 1887 4538 bus
1918 4482 1931 4532 Ξ
1972 4482 2208 4536 cederet.
2242 4477 2388 4531 Circa
2436 4475 2611 4529 eadem
2638 4482 2864 4541 tempora
2884 4466 3029 4521 multi
3059 4461 3369 4518 Ικάωοηηιι

117 4564 284 4671 quibus
305 4571 671 4671 quadraginta
699 4573 753 4626 in
773 4573 1020 4628 clericatu
1060 4590 1152 4629 seu
1175 4576 1480 4645 episcOpatu
1510 4589 1681 4634 trans—
1713 4609 1768 4671 ν
1790 4577 1843 4629 in
1891 4572 2039 4629 Creta
2069 4572 2347 4628 Christiani
2378 4568 2498 4637 facti
2529 4575 2644 4620 sunt
2678 4574 2884 4635 propter
2914 4554 3212 4656 hujusmsdi
3245 4567 3367 4624 pas-

114 4665 314 4729 eserat,
368 4664 439 4718 ad
494 4665 776 4719 Christum
819 4662 851 4703 ἀ
901 4669 1152 4735 perrexit.
1212 4668 1405 4724 Eodem
1462 4682 1687 4738 tempore

115 4754 300 4820 quidam
326 4765 551 4811 senatus
582 4757 800 4811 Romani
840 4760 993 4813 amici
1040 4759 1297 4825 Bonifacii
1330 4764 1513 4833 falsam
1543 4781 1689 4819 accu-

114 4849 334 4905 sationem
392 4852 539 4906 Aetii
598 4851 959 4906 intimaeerunt
1020 4853 1271 4909 Pl..cidiw
1300 4896 1315 4923 ,
1372 4863 1688 4914 ostendentes

114 4951 288 5008 quoque
316 4953 367 4996 et
395 4943 543 4997 Aetii
572 4943 644 4995 ad
679 4940 1005 5013 Bouifacitsm
1045 4945 1291 5000 directam
1333 4951 1532 5015 pridem
1582 4952 1691 5017 epi-

112 5030 297 5099 stolam,
350 5052 517 5105 quam
571 5035 643 5088 ad
692 5050 776 5089 eos
819 5036 953 5090 idem
991 5039 1197 5093 miserat
1250 5039 1570 5110 Bonifacius.
1624 5041 1690 5093 At

171 5206 197 5236 ⁸
218 5211 281 5267 Α.
309 5228 325 5266 :
356 5223 504 5268 sunt.
535 5211 742 5267 Exinde
760 5218 1005 5285 gentibus,
1029 5234 1142 5284 qua
1167 5222 1244 5273 uti
1263 5222 1473 5277 navibus
1493 5223 1687 5277 nescie-

114 5280 237 5364 bant,
265 5285 389 5364 dum
419 5301 455 5337 a
483 5280 899 5364 concertaniibus
916 5290 971 5341 in
982 5280 1232 5345 auxilium
1253 5307 1520 5360 vocantur,
1549 5308 1683 5349 mars

114 5357 320 5419 pervium
345 5357 552 5425 factum
577 5366 672 5410 est.
699 5357 913 5421 Rursus,
945 5369 1047 5413 etc.
1506 5357 1513 5360 ⁷

172 5420 196 5459 δ
225 5428 312 5501 tu,
349 5426 703 5501 Sigisvultlus
728 5445 746 5494 ;
774 5429 849 5501 ita
884 5433 932 5482 in
962 5432 1082 5483 cod.
1115 5431 1329 5501 Franc.,
1362 5444 1414 5489 et
1442 5433 1506 5488 P.
1544 5434 1683 5489 Pith.

180 5500 201 5530 ⁸
226 5497 328 5561 Δ.;
358 5498 728 5580 effervescens,
770 5497 1131 5580 Vandalorum,
1166 5497 1540 5580 Alanorumque
1565 5523 1686 5575 gen-

112 5572 203 5619 tem
222 5582 335 5646 at!
351 5569 645 5646 _Geis_erico
663 5572 924 5646 (semper)
943 5588 1038 5646 suo
1065 5590 1180 5642 rege
1203 5575 1268 5627 ab
1296 5574 1345 5627 Η
1352 5569 1546 5646 tspa-is
1565 5569 1690 5630 'coo-

112 5649 210 5718 sata
245 5640 443 5707 Africa
485 5643 812 5708 intromisit,
865 5644 952 5711 qui
994 5640 1226 5699 cunctam
1277 5640 1408 5715 pene
1456 5648 1708 5718 Africam.

134 5722 253 5764 erro.
281 5722 389 5764 CIC.

134 5722 233 5760 erro
281 5722 389 5764 etc.
1277 5710 1288 5715 ⁷
1503 5710 1515 5718 ’

114 5710 196 5861 [Αά
318 5796 334 5834 :
366 5782 634 5861 perrexit.
668 5781 875 5861 Iliadem.
910 5793 1133 5861 tempore
1150 5788 1467 5861 pacetotius
1487 5788 1645 5861 _0rbis
1667 5829 1687 5855 ,

114 5858 155 5903 et
172 5851 498 5907 consensione
523 5851 767 5921 mirabili,
791 5851 1092 5925 Bonifacius
1107 5851 1172 5911 ab
1190 5859 1365 5927 Africa
1390 5860 1454 5915 ad
1477 5851 1690 5914 Italiam

1790 4669 2002 4725 sionem.
2048 4665 2267 4729 Quidam
2303 4659 2519 4714 Judtcus
2572 4657 2813 4710 seductor
2847 4650 2997 4718 ﬁnxit
3036 4645 3365 4712 semetipsum

1791 4778 1897 4818 esse
1945 4757 2203 4827 Moysen,
2274 4764 2319 4807 et
2395 4754 2591 4805 caelitus
2640 4747 2990 4808 destinatum,
3042 4748 3097 4794 ut
3151 4733 3369 4788 Judtvos

1790 4859 1933 4915 illam
1980 4857 2201 4910 insulam
2244 4851 2523 4904 habitantes
2556 4863 2644 4915 per
2687 4858 2826 4896 mare
2861 4835 3363 4901 deduceret,ipsum

1791 4967 1845 5004 se
1878 4963 1982 5001 esse
2031 4947 2240 5009 dicens,
2285 4945 2369 5010 qui
2416 4943 2536 4994 oltm
2581 4937 2716 5005 filios
2758 4932 2929 4987 Israel
2963 4943 3051 4997 per
3091 4939 3231 4977 mare
3268 4937 3364 4974 ru-

1792 5039 1934 5093 brum
1959 5037 2248 5091 deduxerit.
2272 5032 2524 5087 Cit'caibat
2550 5032 2717 5098 itaque
2740 5036 2845 5079 toto
2866 5038 3002 5078 anno
3023 5028 3363 5085 unamquam-

1792 5235 1881 5290 ρον
1916 5217 2101 5272 Urbem
2122 5214 2274 5290 rediit
2296 5220 2505 5290 accepta
2533 5207 2781 5290 magistri,
2812 5213 2919 5258 etc.

1865 5303 1889 5330 θ
1923 5290 2010 5352 Α..
2051 5287 2359 5354 principum,
2384 5295 2428 5336 et
2448 5283 2540 5351 jus
2565 5279 2900 5354 intereatque.

1865 5360 1884 5401 ί
1921 5344 2062 5414 Μείιέ
2082 5344 2225 5423 apud
2245 5344 2566 5422 Prospei-um
2590 5364 2605 5403 :
2632 5364 2721 5419 per
2747 5344 3042 5403 triennium.

1865 5435 1890 5473 ³
1923 5434 1986 5484 A.
2000 5470 2013 5492 ,
2045 5425 2391 5479 Narbonensi.

1862 5501 1891 5535 ³
1920 5509 2009 5563 A.,
2036 5499 2209 5566 longa.

1868 5569 2211 5635 1A.,nutlis.
2502 5632 2510 5635 _
2582 5631 2591 5635 _
2765 5625 2796 5635 __
2832 5625 2842 5635 _
2977 5619 3022 5635 π
3063 5621 3075 5635 ,
3149 5620 3184 5635 η
3226 5617 3241 5635 ,

1867 5646 1881 5693 t
1920 5619 2298 5699 eiu—“cederet.
2338 5632 2441 5688 His
2477 5631 2689 5697 denique
2742 5625 2935 5699 diebus
2977 5619 3373 5699 Valentinianus

1793 5689 1909 5785 Aug
2059 5689 2396 5785 Theodosium
2433 5689 2886 5785 prittctpemlsuum
2910 5689 3377 5785 fratruelemA-ng-

1724 5770 1755 5797 Ἄ
1791 5756 2487 5853 mht'itidpolini"profectus
2518 5756 2625 5839 ω’,
2669 5756 2931 5853 ῥιίωιιᾳιξξ
2969 5762 3165 5834 φαίη
3196 5756 3381 5815 Μαί·

1795 5845 2235 5923 ιὴοηξιιηιάεεερὶὶ
2263 5867 2283 5906 :
2313 5845 2403 5921 per
2430 5847 2568 5904 idem
2597 5852 2820 5909 tempus,
2847 5845 2961 5897 etc.
