  <div class='ocr_page' id='page_1' title='image "/cluster/home/n/w/nwhite01/storage/ocr_20150623/95/hvd.32044010719722/503.png"; bbox 0 0 3918 6344; ppageno 0'>
   <div class='ocr_carea' id='block_1_1' title="bbox 560 369 670 429">
    <p class='ocr_par' dir='ltr' id='par_1_1' title="bbox 560 369 670 429">
     <span class='ocr_line' id='line_1_1' title="bbox 560 369 670 429; baseline 0.009 -1"><span class='ocrx_word' id='word_1_1' title='bbox 560 369 670 429; x_wconf 76' lang='lat'><strong><em>959</em></strong></span> 
     </span>
    </p>
   </div>
   <div class='ocr_carea' id='block_1_2' title="bbox 559 482 2137 558">
    <p class='ocr_par' dir='ltr' id='par_1_2' title="bbox 559 482 2137 558">
     <span class='ocr_line' id='line_1_2' title="bbox 559 482 2137 558; baseline 0.001 -20"><span class='ocrx_word' id='word_1_2' title='bbox 559 500 657 556; x_wconf 90' lang='lat' dir='ltr'><strong><em>qus</em></strong></span> <span class='ocrx_word' id='word_1_3' title='bbox 710 483 854 539; x_wconf 89' lang='lat' dir='ltr'><strong><em>illius</em></strong></span> <span class='ocrx_word' id='word_1_4' title='bbox 904 482 1087 540; x_wconf 75' lang='lat' dir='ltr'><strong><em>insula</em></strong></span> <span class='ocrx_word' id='word_1_5' title='bbox 1133 485 1408 555; x_wconf 83' lang='lat' dir='ltr'><strong><em>civitatem,</em></strong></span> <span class='ocrx_word' id='word_1_6' title='bbox 1456 487 1798 558; x_wconf 72' lang='lat' dir='ltr'><strong><em>suadebatque</em></strong></span> <span class='ocrx_word' id='word_1_7' title='bbox 1832 487 2035 541; x_wconf 80' lang='lat' dir='ltr'><strong><em>Judais</em></strong></span> <span class='ocrx_word' id='word_1_8' title='bbox 2080 493 2137 539; x_wconf 89' lang='lat' dir='ltr'><strong><em>ut</em></strong></span> 
     </span>
    </p>
   </div>
   <div class='ocr_carea' id='block_1_3' title="bbox 560 579 2135 651">
    <p class='ocr_par' dir='ltr' id='par_1_3' title="bbox 560 579 2135 651">
     <span class='ocr_line' id='line_1_3' title="bbox 560 579 2135 651; baseline -0.001 -17"><span class='ocrx_word' id='word_1_9' title='bbox 560 579 842 645; x_wconf 87' lang='lat' dir='ltr'><strong><em>crederent,</em></strong></span> <span class='ocrx_word' id='word_1_10' title='bbox 888 594 1099 634; x_wconf 91' lang='lat' dir='ltr'><strong><em>monens</em></strong></span> <span class='ocrx_word' id='word_1_11' title='bbox 1132 589 1189 634; x_wconf 84' lang='lat' dir='ltr'><strong><em>ut</em></strong></span> <span class='ocrx_word' id='word_1_12' title='bbox 1224 595 1400 635; x_wconf 86' lang='lat' dir='ltr'><strong><em>omnes</em></strong></span> <span class='ocrx_word' id='word_1_13' title='bbox 1443 580 1685 651; x_wconf 90' lang='lat' dir='ltr'><strong><em>pecunias</em></strong></span> <span class='ocrx_word' id='word_1_14' title='bbox 1735 590 1889 651; x_wconf 90' lang='lat' dir='ltr'><strong><em>atque</em></strong></span> <span class='ocrx_word' id='word_1_15' title='bbox 1939 593 2135 650; x_wconf 90' lang='lat' dir='ltr'><strong><em>posses-</em></strong></span> 
     </span>
    </p>
   </div>
   <div class='ocr_carea' id='block_1_4' title="bbox 558 672 2137 745">
    <p class='ocr_par' dir='ltr' id='par_1_4' title="bbox 558 672 2137 745">
     <span class='ocr_line' id='line_1_4' title="bbox 558 672 2137 745; baseline 0 -19"><span class='ocrx_word' id='word_1_16' title='bbox 558 672 727 727; x_wconf 92' lang='lat' dir='ltr'><strong><em>siones</em></strong></span> <span class='ocrx_word' id='word_1_17' title='bbox 754 673 1116 743; x_wconf 68' lang='lat' dir='ltr'><strong><em>relinquerent,</em></strong></span> <span class='ocrx_word' id='word_1_18' title='bbox 1150 689 1265 728; x_wconf 88' lang='lat' dir='ltr'><strong><em>cum</em></strong></span> <span class='ocrx_word' id='word_1_19' title='bbox 1306 690 1364 729; x_wconf 90' lang='lat' dir='ltr'><strong><em>eo</em></strong></span> <span class='ocrx_word' id='word_1_20' title='bbox 1405 674 1574 745; x_wconf 91' lang='lat' dir='ltr'><strong><em>utique</em></strong></span> <span class='ocrx_word' id='word_1_21' title='bbox 1593 674 1797 727; x_wconf 89' lang='lat' dir='ltr'><strong><em>deducti</em></strong></span> <span class='ocrx_word' id='word_1_22' title='bbox 1827 690 1919 743; x_wconf 89' lang='lat' dir='ltr'><strong><em>per</em></strong></span> <span class='ocrx_word' id='word_1_23' title='bbox 1946 674 2137 727; x_wconf 90' lang='lat' dir='ltr'><strong><em>siccum</em></strong></span> 
     </span>
    </p>
   </div>
   <div class='ocr_carea' id='block_1_5' title="bbox 558 765 2138 837">
    <p class='ocr_par' dir='ltr' id='par_1_5' title="bbox 558 765 2138 837">
     <span class='ocr_line' id='line_1_5' title="bbox 558 765 2138 837; baseline 0 -19"><span class='ocrx_word' id='word_1_24' title='bbox 558 780 699 819; x_wconf 86' lang='lat' dir='ltr'><strong><em>mare</em></strong></span> <span class='ocrx_word' id='word_1_25' title='bbox 726 765 794 819; x_wconf 87' lang='lat' dir='ltr'><strong><em>ad</em></strong></span> <span class='ocrx_word' id='word_1_26' title='bbox 823 766 1230 836; x_wconf 69' lang='lat' dir='ltr'><strong><em>repromissionis</em></strong></span> <span class='ocrx_word' id='word_1_27' title='bbox 1268 766 1459 836; x_wconf 89' lang='lat' dir='ltr'><strong><em>gaudia</em></strong></span> <span class='ocrx_word' id='word_1_28' title='bbox 1485 766 1821 837; x_wconf 90' lang='lat' dir='ltr'><strong><em>pervenirent.</em></strong></span> <span class='ocrx_word' id='word_1_29' title='bbox 1851 767 1915 819; x_wconf 81' lang='lat' dir='ltr'><strong><em>At</em></strong></span> <span class='ocrx_word' id='word_1_30' title='bbox 1943 766 2021 819; x_wconf 84' lang='lat' dir='ltr'><strong><em>illi</em></strong></span> <span class='ocrx_word' id='word_1_31' title='bbox 2042 765 2138 819; x_wconf 83' lang='lat' dir='ltr'><strong><em>hac</em></strong></span> 
     </span>
    </p>
   </div>
   <div class='ocr_carea' id='block_1_6' title="bbox 559 860 2136 932">
    <p class='ocr_par' dir='ltr' id='par_1_6' title="bbox 559 860 2136 932">
     <span class='ocr_line' id='line_1_6' title="bbox 559 860 2136 932; baseline 0.001 -21"><span class='ocrx_word' id='word_1_32' title='bbox 559 875 651 926; x_wconf 90' lang='lat' dir='ltr'><strong><em>spe</em></strong></span> <span class='ocrx_word' id='word_1_33' title='bbox 672 860 834 930; x_wconf 91' lang='lat' dir='ltr'><strong><em>capti,</em></strong></span> <span class='ocrx_word' id='word_1_34' title='bbox 859 875 1006 914; x_wconf 90' lang='lat' dir='ltr'><strong><em>omne</em></strong></span> <span class='ocrx_word' id='word_1_35' title='bbox 1032 876 1161 931; x_wconf 81' lang='lat' dir='ltr'><strong><em>Opus</em></strong></span> <span class='ocrx_word' id='word_1_36' title='bbox 1199 861 1467 932; x_wconf 88' lang='lat' dir='ltr'><strong><em>praprium</em></strong></span> <span class='ocrx_word' id='word_1_37' title='bbox 1507 861 1822 930; x_wconf 87' lang='lat' dir='ltr'><strong><em>negligebant</em></strong></span> <span class='ocrx_word' id='word_1_38' title='bbox 1852 901 1870 929; x_wconf 94' lang='lat'><strong><em>,</em></strong></span> <span class='ocrx_word' id='word_1_39' title='bbox 1908 870 2136 915; x_wconf 87' lang='lat' dir='ltr'><strong><em>contem-</em></strong></span> 
     </span>
    </p>
   </div>
   <div class='ocr_carea' id='block_1_7' title="bbox 557 952 2140 1024">
    <p class='ocr_par' dir='ltr' id='par_1_7' title="bbox 557 952 2140 1024">
     <span class='ocr_line' id='line_1_7' title="bbox 557 952 2140 1024; baseline 0.003 -21"><span class='ocrx_word' id='word_1_40' title='bbox 557 958 729 1004; x_wconf 89' lang='lat' dir='ltr'><strong><em>nentes</em></strong></span> <span class='ocrx_word' id='word_1_41' title='bbox 758 952 907 1005; x_wconf 91' lang='lat' dir='ltr'><strong><em>etiam</em></strong></span> <span class='ocrx_word' id='word_1_42' title='bbox 934 952 1272 1020; x_wconf 83' lang='lat' dir='ltr'><strong><em>possessiones</em></strong></span> <span class='ocrx_word' id='word_1_43' title='bbox 1309 969 1450 1019; x_wconf 89' lang='lat' dir='ltr'><strong><em>suas,</em></strong></span> <span class='ocrx_word' id='word_1_44' title='bbox 1475 960 1521 1006; x_wconf 93' lang='lat' dir='ltr'><strong><em>et</em></strong></span> <span class='ocrx_word' id='word_1_45' title='bbox 1550 952 1858 1007; x_wconf 86' lang='lat' dir='ltr'><strong><em>dimittentes</em></strong></span> <span class='ocrx_word' id='word_1_46' title='bbox 1901 969 1987 1008; x_wconf 90' lang='lat' dir='ltr'><strong><em>eas</em></strong></span> <span class='ocrx_word' id='word_1_47' title='bbox 2025 953 2140 1024; x_wconf 84' lang='lat' dir='ltr'><strong><em>qui-</em></strong></span> 
     </span>
    </p>
   </div>
   <div class='ocr_carea' id='block_1_8' title="bbox 557 1041 2141 1115">
    <p class='ocr_par' dir='ltr' id='par_1_8' title="bbox 557 1041 2141 1115">
     <span class='ocr_line' id='line_1_8' title="bbox 557 1041 2141 1115; baseline 0.003 -19"><span class='ocrx_word' id='word_1_48' title='bbox 557 1041 846 1112; x_wconf 87' lang='lat' dir='ltr'><strong><em>buscunque</em></strong></span> <span class='ocrx_word' id='word_1_49' title='bbox 889 1045 1137 1115; x_wconf 83' lang='lat' dir='ltr'><strong><em>personis.</em></strong></span> <span class='ocrx_word' id='word_1_50' title='bbox 1179 1042 1404 1115; x_wconf 86' lang='lat' dir='ltr'><strong><em>Cumque</em></strong></span> <span class='ocrx_word' id='word_1_51' title='bbox 1429 1047 1639 1099; x_wconf 89' lang='lat' dir='ltr'><strong><em>venisset</em></strong></span> <span class='ocrx_word' id='word_1_52' title='bbox 1667 1047 1771 1099; x_wconf 88' lang='lat' dir='ltr'><strong><em>dies</em></strong></span> <span class='ocrx_word' id='word_1_53' title='bbox 1817 1063 1969 1114; x_wconf 92' lang='lat' dir='ltr'><strong><em>quam</em></strong></span> <span class='ocrx_word' id='word_1_54' title='bbox 2006 1047 2141 1102; x_wconf 86' lang='lat' dir='ltr'><strong><em>desi-</em></strong></span> 
     </span>
    </p>
   </div>
   <div class='ocr_carea' id='block_1_9' title="bbox 557 1131 2141 1208">
    <p class='ocr_par' dir='ltr' id='par_1_9' title="bbox 557 1131 2141 1208">
     <span class='ocr_line' id='line_1_9' title="bbox 557 1131 2141 1208; baseline 0.003 -20"><span class='ocrx_word' id='word_1_55' title='bbox 557 1136 800 1205; x_wconf 89' lang='lat' dir='ltr'><strong><em>gnaverat</em></strong></span> <span class='ocrx_word' id='word_1_56' title='bbox 827 1131 1041 1190; x_wconf 74' lang='lat' dir='ltr'><strong><em>ludatis</em></strong></span> <span class='ocrx_word' id='word_1_57' title='bbox 1066 1136 1300 1192; x_wconf 74' lang='lat' dir='ltr'><strong><em>seductor</em></strong></span> <span class='ocrx_word' id='word_1_58' title='bbox 1339 1135 1446 1201; x_wconf 91' lang='lat' dir='ltr'><strong><em>ille,</em></strong></span> <span class='ocrx_word' id='word_1_59' title='bbox 1479 1154 1537 1192; x_wconf 93' lang='lat' dir='ltr'><strong><em>eo</em></strong></span> <span class='ocrx_word' id='word_1_60' title='bbox 1581 1138 1916 1208; x_wconf 85' lang='lat' dir='ltr'><strong><em>pracedente,</em></strong></span> <span class='ocrx_word' id='word_1_61' title='bbox 1968 1154 2141 1208; x_wconf 86' lang='lat' dir='ltr'><strong><em>seque-</em></strong></span> 
     </span>
    </p>
   </div>
   <div class='ocr_carea' id='block_1_10' title="bbox 559 1227 2139 1309">
    <p class='ocr_par' dir='ltr' id='par_1_10' title="bbox 559 1227 2139 1309">
     <span class='ocr_line' id='line_1_10' title="bbox 559 1227 2139 1309; baseline 0.005 -29"><span class='ocrx_word' id='word_1_62' title='bbox 559 1227 743 1280; x_wconf 79' lang='lat' dir='ltr'><strong><em>bantur</em></strong></span> <span class='ocrx_word' id='word_1_63' title='bbox 798 1242 970 1283; x_wconf 90' lang='lat' dir='ltr'><strong><em>omnes</em></strong></span> <span class='ocrx_word' id='word_1_64' title='bbox 1033 1245 1150 1283; x_wconf 91' lang='lat' dir='ltr'><strong><em>cum</em></strong></span> <span class='ocrx_word' id='word_1_65' title='bbox 1206 1230 1507 1303; x_wconf 84' lang='lat' dir='ltr'><strong><em>conjugibus</em></strong></span> <span class='ocrx_word' id='word_1_66' title='bbox 1557 1242 1604 1284; x_wconf 93' lang='lat' dir='ltr'><strong><em>et</em></strong></span> <span class='ocrx_word' id='word_1_67' title='bbox 1650 1231 1818 1303; x_wconf 79' lang='lat' dir='ltr'><strong><em>parv&#39;s</em></strong></span> <span class='ocrx_word' id='word_1_68' title='bbox 1871 1233 2139 1309; x_wconf 78' lang='lat' dir='ltr'><strong><em>atatibus,</em></strong></span> 
     </span>
    </p>
   </div>
   <div class='ocr_carea' id='block_1_11' title="bbox 555 1318 2144 1394">
    <p class='ocr_par' dir='ltr' id='par_1_11' title="bbox 555 1318 2144 1394">
     <span class='ocr_line' id='line_1_11' title="bbox 555 1318 2144 1394; baseline 0.006 -24"><span class='ocrx_word' id='word_1_69' title='bbox 555 1318 867 1389; x_wconf 70' lang='lat' dir='ltr'><strong><em>deduxitque</em></strong></span> <span class='ocrx_word' id='word_1_70' title='bbox 894 1336 979 1375; x_wconf 91' lang='lat' dir='ltr'><strong><em>eos</em></strong></span> <span class='ocrx_word' id='word_1_71' title='bbox 1006 1321 1076 1375; x_wconf 91' lang='lat' dir='ltr'><strong><em>ad</em></strong></span> <span class='ocrx_word' id='word_1_72' title='bbox 1112 1324 1385 1392; x_wconf 83' lang='lat' dir='ltr'><strong><em>quamdam</em></strong></span> <span class='ocrx_word' id='word_1_73' title='bbox 1429 1340 1606 1394; x_wconf 89' lang='lat' dir='ltr'><strong><em>rupem</em></strong></span> <span class='ocrx_word' id='word_1_74' title='bbox 1651 1325 1892 1379; x_wconf 86' lang='lat' dir='ltr'><strong><em>declivius</em></strong></span> <span class='ocrx_word' id='word_1_75' title='bbox 1944 1326 2144 1379; x_wconf 88' lang='lat' dir='ltr'><strong><em>incum-</em></strong></span> 
     </span>
    </p>
   </div>
   <div class='ocr_carea' id='block_1_12' title="bbox 554 1410 2143 1487">
    <p class='ocr_par' dir='ltr' id='par_1_12' title="bbox 554 1410 2143 1487">
     <span class='ocr_line' id='line_1_12' title="bbox 554 1410 2143 1487; baseline 0.004 -23"><span class='ocrx_word' id='word_1_76' title='bbox 554 1410 767 1478; x_wconf 89' lang='lat' dir='ltr'><strong><em>bentem,</em></strong></span> <span class='ocrx_word' id='word_1_77' title='bbox 813 1413 1072 1483; x_wconf 84' lang='lat' dir='ltr'><strong><em>jussitque</em></strong></span> <span class='ocrx_word' id='word_1_78' title='bbox 1120 1423 1176 1467; x_wconf 86' lang='lat' dir='ltr'><strong><em>ut</em></strong></span> <span class='ocrx_word' id='word_1_79' title='bbox 1232 1430 1497 1469; x_wconf 89' lang='lat' dir='ltr'><strong><em>comarum</em></strong></span> <span class='ocrx_word' id='word_1_80' title='bbox 1539 1415 1797 1469; x_wconf 74' lang='lat' dir='ltr'><strong><em>schemate</em></strong></span> <span class='ocrx_word' id='word_1_81' title='bbox 1849 1417 2143 1487; x_wconf 91' lang='lat' dir='ltr'><strong><em>semetipsos</em></strong></span> 
     </span>
    </p>
   </div>
   <div class='ocr_carea' id='block_1_13' title="bbox 551 1501 2141 1577">
    <p class='ocr_par' dir='ltr' id='par_1_13' title="bbox 551 1501 2141 1577">
     <span class='ocr_line' id='line_1_13' title="bbox 551 1501 2141 1577; baseline 0.005 -23"><span class='ocrx_word' id='word_1_82' title='bbox 551 1501 876 1557; x_wconf 74' lang='lat' dir='ltr'><strong><em>involverent.</em></strong></span> <span class='ocrx_word' id='word_1_83' title='bbox 912 1502 1028 1558; x_wconf 82' lang='lat' dir='ltr'><strong><em>Hoc</em></strong></span> <span class='ocrx_word' id='word_1_84' title='bbox 1056 1521 1177 1577; x_wconf 87' lang='lat' dir='ltr'><strong><em>ergo</em></strong></span> <span class='ocrx_word' id='word_1_85' title='bbox 1205 1506 1454 1576; x_wconf 78' lang='lat' dir='ltr'><strong><em>faciebant</em></strong></span> <span class='ocrx_word' id='word_1_86' title='bbox 1475 1508 1694 1577; x_wconf 85' lang='lat' dir='ltr'><strong><em>priores,</em></strong></span> <span class='ocrx_word' id='word_1_87' title='bbox 1720 1516 1899 1561; x_wconf 90' lang='lat' dir='ltr'><strong><em>etcum</em></strong></span> <span class='ocrx_word' id='word_1_88' title='bbox 1922 1508 2141 1562; x_wconf 84' lang='lat' dir='ltr'><strong><em>venirent</em></strong></span> 
     </span>
    </p>
   </div>
   <div class='ocr_carea' id='block_1_14' title="bbox 552 1594 2143 1669">
    <p class='ocr_par' dir='ltr' id='par_1_14' title="bbox 552 1594 2143 1669">
     <span class='ocr_line' id='line_1_14' title="bbox 552 1594 2143 1669; baseline 0.005 -22"><span class='ocrx_word' id='word_1_89' title='bbox 552 1594 621 1648; x_wconf 89' lang='lat' dir='ltr'><strong><em>ad</em></strong></span> <span class='ocrx_word' id='word_1_90' title='bbox 662 1612 835 1667; x_wconf 90' lang='lat' dir='ltr'><strong><em>rupes,</em></strong></span> <span class='ocrx_word' id='word_1_91' title='bbox 866 1608 1069 1669; x_wconf 86' lang='lat' dir='ltr'><strong><em>repente</em></strong></span> <span class='ocrx_word' id='word_1_92' title='bbox 1110 1599 1480 1667; x_wconf 85' lang='lat' dir='ltr'><strong><em>moriebantur,</em></strong></span> <span class='ocrx_word' id='word_1_93' title='bbox 1531 1608 1635 1653; x_wconf 90' lang='lat' dir='ltr'><strong><em>tam</em></strong></span> <span class='ocrx_word' id='word_1_94' title='bbox 1679 1601 1945 1654; x_wconf 82' lang='lat' dir='ltr'><strong><em>dilaceruti</em></strong></span> <span class='ocrx_word' id='word_1_95' title='bbox 1981 1601 2143 1656; x_wconf 88' lang='lat' dir='ltr'><strong><em>acutis</em></strong></span> 
     </span>
    </p>
   </div>
   <div class='ocr_carea' id='block_1_15' title="bbox 549 1689 2144 1764">
    <p class='ocr_par' dir='ltr' id='par_1_15' title="bbox 549 1689 2144 1764">
     <span class='ocr_line' id='line_1_15' title="bbox 549 1689 2144 1764; baseline 0.006 -24"><span class='ocrx_word' id='word_1_96' title='bbox 549 1689 782 1757; x_wconf 87' lang='lat' dir='ltr'><strong><em>rupibus,</em></strong></span> <span class='ocrx_word' id='word_1_97' title='bbox 806 1707 954 1760; x_wconf 89' lang='lat' dir='ltr'><strong><em>quam</em></strong></span> <span class='ocrx_word' id='word_1_98' title='bbox 974 1692 1026 1745; x_wconf 89' lang='lat' dir='ltr'><strong><em>in</em></strong></span> <span class='ocrx_word' id='word_1_99' title='bbox 1056 1709 1188 1762; x_wconf 91' lang='lat' dir='ltr'><strong><em>aqua</em></strong></span> <span class='ocrx_word' id='word_1_100' title='bbox 1217 1694 1417 1760; x_wconf 85' lang='lat' dir='ltr'><strong><em>necati;</em></strong></span> <span class='ocrx_word' id='word_1_101' title='bbox 1452 1695 1569 1764; x_wconf 91' lang='lat' dir='ltr'><strong><em>plus</em></strong></span> <span class='ocrx_word' id='word_1_102' title='bbox 1605 1705 1769 1749; x_wconf 90' lang='lat' dir='ltr'><strong><em>tamen</em></strong></span> <span class='ocrx_word' id='word_1_103' title='bbox 1801 1696 1931 1749; x_wconf 87' lang='lat' dir='ltr'><strong><em>mori</em></strong></span> <span class='ocrx_word' id='word_1_104' title='bbox 1961 1704 2144 1763; x_wconf 86' lang='lat' dir='ltr'><strong><em>potue-</em></strong></span> 
     </span>
    </p>
   </div>
   <div class='ocr_carea' id='block_1_16' title="bbox 548 1780 2145 1857">
    <p class='ocr_par' dir='ltr' id='par_1_16' title="bbox 548 1780 2145 1857">
     <span class='ocr_line' id='line_1_16' title="bbox 548 1780 2145 1857; baseline 0.006 -25"><span class='ocrx_word' id='word_1_105' title='bbox 548 1780 688 1848; x_wconf 83' lang='lat' dir='ltr'><strong><em>runt,</em></strong></span> <span class='ocrx_word' id='word_1_106' title='bbox 716 1782 833 1847; x_wconf 85' lang='lat' dir='ltr'><strong><em>nisi,</em></strong></span> <span class='ocrx_word' id='word_1_107' title='bbox 860 1784 1150 1850; x_wconf 84' lang='lat' dir='ltr'><strong><em>providente</em></strong></span> <span class='ocrx_word' id='word_1_108' title='bbox 1177 1783 1301 1852; x_wconf 93' lang='lat' dir='ltr'><strong><em>Deo,</em></strong></span> <span class='ocrx_word' id='word_1_109' title='bbox 1324 1787 1532 1855; x_wconf 89' lang='lat' dir='ltr'><strong><em>quidam</em></strong></span> <span class='ocrx_word' id='word_1_110' title='bbox 1554 1786 1650 1840; x_wconf 90' lang='lat' dir='ltr'><strong><em>viri</em></strong></span> <span class='ocrx_word' id='word_1_111' title='bbox 1671 1786 1949 1841; x_wconf 82' lang='lat' dir='ltr'><strong><em>Christiani</em></strong></span> <span class='ocrx_word' id='word_1_112' title='bbox 1970 1804 2145 1857; x_wconf 83' lang='lat' dir='ltr'><strong><em>super-</em></strong></span> 
     </span>
    </p>
   </div>
   <div class='ocr_carea' id='block_1_17' title="bbox 548 1872 2142 1948">
    <p class='ocr_par' dir='ltr' id='par_1_17' title="bbox 548 1872 2142 1948">
     <span class='ocr_line' id='line_1_17' title="bbox 548 1872 2142 1948; baseline 0.006 -25"><span class='ocrx_word' id='word_1_113' title='bbox 548 1872 802 1924; x_wconf 86' lang='lat' dir='ltr'><strong><em>venissent</em></strong></span> <span class='ocrx_word' id='word_1_114' title='bbox 834 1872 1110 1940; x_wconf 85' lang='lat' dir='ltr'><strong><em>piscatores</em></strong></span> <span class='ocrx_word' id='word_1_115' title='bbox 1162 1884 1313 1945; x_wconf 90' lang='lat' dir='ltr'><strong><em>atque</em></strong></span> <span class='ocrx_word' id='word_1_116' title='bbox 1341 1877 1698 1947; x_wconf 80' lang='lat' dir='ltr'><strong><em>negotiatores,</em></strong></span> <span class='ocrx_word' id='word_1_117' title='bbox 1731 1878 1820 1948; x_wconf 89' lang='lat' dir='ltr'><strong><em>qui</em></strong></span> <span class='ocrx_word' id='word_1_118' title='bbox 1847 1878 1997 1943; x_wconf 93' lang='lat' dir='ltr'><strong><em>alios,</em></strong></span> <span class='ocrx_word' id='word_1_119' title='bbox 2028 1894 2142 1932; x_wconf 91' lang='lat' dir='ltr'><strong><em>cum</em></strong></span> 
     </span>
    </p>
   </div>
   <div class='ocr_carea' id='block_1_18' title="bbox 548 1968 2142 2037">
    <p class='ocr_par' dir='ltr' id='par_1_18' title="bbox 548 1968 2142 2037">
     <span class='ocr_line' id='line_1_18' title="bbox 548 1968 2142 2037; baseline 0.006 -20"><span class='ocrx_word' id='word_1_120' title='bbox 548 1974 874 2030; x_wconf 81' lang='lat' dir='ltr'><strong><em>necarentur,</em></strong></span> <span class='ocrx_word' id='word_1_121' title='bbox 910 1968 1177 2037; x_wconf 88' lang='lat' dir='ltr'><strong><em>eripientes</em></strong></span> <span class='ocrx_word' id='word_1_122' title='bbox 1218 1979 1607 2036; x_wconf 90' lang='lat' dir='ltr'><strong><em>recreaverunt;</em></strong></span> <span class='ocrx_word' id='word_1_123' title='bbox 1649 1980 1755 2024; x_wconf 92' lang='lat' dir='ltr'><strong><em>tum</em></strong></span> <span class='ocrx_word' id='word_1_124' title='bbox 1803 1973 1993 2025; x_wconf 88' lang='lat' dir='ltr'><strong><em>malum</em></strong></span> <span class='ocrx_word' id='word_1_125' title='bbox 2033 1987 2142 2027; x_wconf 84' lang='lat' dir='ltr'><strong><em>sua</em></strong></span> 
     </span>
    </p>
   </div>
   <div class='ocr_carea' id='block_1_19' title="bbox 544 2057 2142 2137">
    <p class='ocr_par' dir='ltr' id='par_1_19' title="bbox 544 2057 2142 2137">
     <span class='ocr_line' id='line_1_19' title="bbox 544 2057 2142 2137; baseline 0.008 -28"><span class='ocrx_word' id='word_1_126' title='bbox 544 2057 773 2111; x_wconf 83' lang='lat' dir='ltr'><strong><em>stultitia</em></strong></span> <span class='ocrx_word' id='word_1_127' title='bbox 793 2060 1082 2127; x_wconf 84' lang='lat' dir='ltr'><strong><em>sentientes,</em></strong></span> <span class='ocrx_word' id='word_1_128' title='bbox 1104 2060 1262 2128; x_wconf 89' lang='lat' dir='ltr'><strong><em>alios,</em></strong></span> <span class='ocrx_word' id='word_1_129' title='bbox 1292 2081 1355 2117; x_wconf 90' lang='lat' dir='ltr'><strong><em>ne</em></strong></span> <span class='ocrx_word' id='word_1_130' title='bbox 1383 2065 1674 2132; x_wconf 81' lang='lat' dir='ltr'><strong><em>semetipsos</em></strong></span> <span class='ocrx_word' id='word_1_131' title='bbox 1706 2068 1853 2137; x_wconf 80' lang='lat' dir='ltr'><strong><em>jactu</em></strong></span> <span class='ocrx_word' id='word_1_132' title='bbox 1882 2066 2142 2137; x_wconf 88' lang='lat' dir='ltr'><strong><em>interﬁce-</em></strong></span> 
     </span>
    </p>
   </div>
   <div class='ocr_carea' id='block_1_20' title="bbox 546 2154 2142 2226">
    <p class='ocr_par' dir='ltr' id='par_1_20' title="bbox 546 2154 2142 2226">
     <span class='ocr_line' id='line_1_20' title="bbox 546 2154 2142 2226; baseline 0.008 -27"><span class='ocrx_word' id='word_1_133' title='bbox 546 2156 680 2212; x_wconf 89' lang='lat' dir='ltr'><strong><em>rent,</em></strong></span> <span class='ocrx_word' id='word_1_134' title='bbox 707 2158 997 2214; x_wconf 87' lang='lat' dir='ltr'><strong><em>tcnuerunt,</em></strong></span> <span class='ocrx_word' id='word_1_135' title='bbox 1040 2154 1333 2208; x_wconf 78' lang='lat' dir='ltr'><strong><em>nuntiantes</em></strong></span> <span class='ocrx_word' id='word_1_136' title='bbox 1373 2169 1551 2207; x_wconf 89' lang='lat' dir='ltr'><strong><em>eorum</em></strong></span> <span class='ocrx_word' id='word_1_137' title='bbox 1599 2166 1807 2209; x_wconf 90' lang='lat' dir='ltr'><strong><em>mortem</em></strong></span> <span class='ocrx_word' id='word_1_138' title='bbox 1862 2158 1947 2223; x_wconf 90' lang='lat' dir='ltr'><strong><em>qui</em></strong></span> <span class='ocrx_word' id='word_1_139' title='bbox 1978 2157 2142 2226; x_wconf 89' lang='lat' dir='ltr'><strong><em>primo</em></strong></span> 
     </span>
    </p>
   </div>
   <div class='ocr_carea' id='block_1_21' title="bbox 548 2239 2139 2316">
    <p class='ocr_par' dir='ltr' id='par_1_21' title="bbox 548 2239 2139 2316">
     <span class='ocr_line' id='line_1_21' title="bbox 548 2239 2139 2316; baseline 0.008 -25"><span class='ocrx_word' id='word_1_140' title='bbox 548 2239 852 2295; x_wconf 88' lang='lat' dir='ltr'><strong><em>ceciderant.</em></strong></span> <span class='ocrx_word' id='word_1_141' title='bbox 900 2241 1002 2308; x_wconf 83' lang='lat' dir='ltr'><strong><em>Qui</em></strong></span> <span class='ocrx_word' id='word_1_142' title='bbox 1031 2245 1186 2298; x_wconf 90' lang='lat' dir='ltr'><strong><em>etiam</em></strong></span> <span class='ocrx_word' id='word_1_143' title='bbox 1228 2257 1577 2316; x_wconf 67' lang='lat' dir='ltr'><strong><em>cognoscentes</em></strong></span> <span class='ocrx_word' id='word_1_144' title='bbox 1622 2248 1987 2313; x_wconf 82' lang='lat' dir='ltr'><strong><em>setluctionem,</em></strong></span> <span class='ocrx_word' id='word_1_145' title='bbox 2027 2249 2139 2303; x_wconf 89' lang='lat' dir='ltr'><strong><em>cul-</em></strong></span> 
     </span>
    </p>
   </div>
   <div class='ocr_carea' id='block_1_22' title="bbox 548 2337 2141 2409">
    <p class='ocr_par' dir='ltr' id='par_1_22' title="bbox 548 2337 2141 2409">
     <span class='ocr_line' id='line_1_22' title="bbox 548 2337 2141 2409; baseline 0.01 -27"><span class='ocrx_word' id='word_1_146' title='bbox 548 2342 670 2397; x_wconf 86' lang='lat' dir='ltr'><strong><em>pant</em></strong></span> <span class='ocrx_word' id='word_1_147' title='bbox 703 2348 772 2397; x_wconf 90' lang='lat' dir='ltr'><strong><em>se,</em></strong></span> <span class='ocrx_word' id='word_1_148' title='bbox 806 2349 865 2386; x_wconf 92' lang='lat' dir='ltr'><strong><em>eo</em></strong></span> <span class='ocrx_word' id='word_1_149' title='bbox 904 2337 1039 2399; x_wconf 89' lang='lat' dir='ltr'><strong><em>quod</em></strong></span> <span class='ocrx_word' id='word_1_150' title='bbox 1079 2339 1231 2406; x_wconf 89' lang='lat' dir='ltr'><strong><em>facile</em></strong></span> <span class='ocrx_word' id='word_1_151' title='bbox 1253 2340 1297 2391; x_wconf 89' lang='lat' dir='ltr'><strong><em>ei</em></strong></span> <span class='ocrx_word' id='word_1_152' title='bbox 1326 2340 1680 2397; x_wconf 84' lang='lat' dir='ltr'><strong><em>credidissent.</em></strong></span> <span class='ocrx_word' id='word_1_153' title='bbox 1714 2342 1936 2409; x_wconf 82' lang='lat' dir='ltr'><strong><em>Cumque</em></strong></span> <span class='ocrx_word' id='word_1_154' title='bbox 1954 2344 2141 2399; x_wconf 87' lang='lat' dir='ltr'><strong><em>voluis-</em></strong></span> 
     </span>
    </p>
   </div>
   <div class='ocr_carea' id='block_1_23' title="bbox 544 2423 2142 2504">
    <p class='ocr_par' dir='ltr' id='par_1_23' title="bbox 544 2423 2142 2504">
     <span class='ocr_line' id='line_1_23' title="bbox 544 2423 2142 2504; baseline 0.009 -31"><span class='ocrx_word' id='word_1_155' title='bbox 544 2432 654 2475; x_wconf 88' lang='lat' dir='ltr'><strong><em>sent</em></strong></span> <span class='ocrx_word' id='word_1_156' title='bbox 682 2423 829 2476; x_wconf 83' lang='lat' dir='ltr'><strong><em>illunt</em></strong></span> <span class='ocrx_word' id='word_1_157' title='bbox 854 2425 1168 2480; x_wconf 86' lang='lat' dir='ltr'><strong><em>seductorem</em></strong></span> <span class='ocrx_word' id='word_1_158' title='bbox 1206 2430 1474 2499; x_wconf 86' lang='lat' dir='ltr'><strong><em>perimere,</em></strong></span> <span class='ocrx_word' id='word_1_159' title='bbox 1516 2433 1943 2497; x_wconf 86' lang='lat' dir='ltr'><strong><em>comprehendere</em></strong></span> <span class='ocrx_word' id='word_1_160' title='bbox 1965 2435 2142 2504; x_wconf 84' lang='lat' dir='ltr'><strong><em>nequi-</em></strong></span> 
     </span>
    </p>
   </div>
   <div class='ocr_carea' id='block_1_24' title="bbox 545 2522 2138 2596">
    <p class='ocr_par' dir='ltr' id='par_1_24' title="bbox 545 2522 2138 2596">
     <span class='ocr_line' id='line_1_24' title="bbox 545 2522 2138 2596; baseline 0.01 -30"><span class='ocrx_word' id='word_1_161' title='bbox 545 2524 748 2581; x_wconf 88' lang='lat' dir='ltr'><strong><em>verunt,</em></strong></span> <span class='ocrx_word' id='word_1_162' title='bbox 778 2530 977 2586; x_wconf 90' lang='lat' dir='ltr'><strong><em>repente</em></strong></span> <span class='ocrx_word' id='word_1_163' title='bbox 998 2536 1213 2591; x_wconf 86' lang='lat' dir='ltr'><strong><em>namque</em></strong></span> <span class='ocrx_word' id='word_1_164' title='bbox 1237 2522 1512 2594; x_wconf 81' lang='lat' dir='ltr'><strong><em>disparuit,</em></strong></span> <span class='ocrx_word' id='word_1_165' title='bbox 1539 2524 1776 2593; x_wconf 86' lang='lat' dir='ltr'><strong><em>deditque</em></strong></span> <span class='ocrx_word' id='word_1_166' title='bbox 1796 2527 2138 2596; x_wconf 85' lang='lat' dir='ltr'><strong><em>suspicionem</em></strong></span> 
     </span>
    </p>
   </div>
   <div class='ocr_carea' id='block_1_25' title="bbox 544 2605 2140 2681">
    <p class='ocr_par' dir='ltr' id='par_1_25' title="bbox 544 2605 2140 2681">
     <span class='ocr_line' id='line_1_25' title="bbox 544 2605 2140 2681; baseline 0.01 -23"><span class='ocrx_word' id='word_1_167' title='bbox 544 2605 685 2676; x_wconf 88' lang='lat' dir='ltr'><strong><em>quod</em></strong></span> <span class='ocrx_word' id='word_1_168' title='bbox 711 2608 877 2678; x_wconf 91' lang='lat' dir='ltr'><strong><em>fuerat</em></strong></span> <span class='ocrx_word' id='word_1_169' title='bbox 910 2612 1030 2664; x_wconf 89' lang='lat' dir='ltr'><strong><em>olim</em></strong></span> <span class='ocrx_word' id='word_1_170' title='bbox 1071 2612 1272 2667; x_wconf 84' lang='lat' dir='ltr'><strong><em>damon</em></strong></span> <span class='ocrx_word' id='word_1_171' title='bbox 1320 2631 1578 2681; x_wconf 84' lang='lat' dir='ltr'><strong><em>erroneus,</em></strong></span> <span class='ocrx_word' id='word_1_172' title='bbox 1627 2616 1848 2670; x_wconf 91' lang='lat' dir='ltr'><strong><em>humano</em></strong></span> <span class='ocrx_word' id='word_1_173' title='bbox 1892 2617 2140 2674; x_wconf 82' lang='lat' dir='ltr'><strong><em>schemate</em></strong></span> 
     </span>
    </p>
   </div>
   <div class='ocr_carea' id='block_1_26' title="bbox 544 2698 2137 2779">
    <p class='ocr_par' dir='ltr' id='par_1_26' title="bbox 544 2698 2137 2779">
     <span class='ocr_line' id='line_1_26' title="bbox 544 2698 2137 2779; baseline 0.011 -30"><span class='ocrx_word' id='word_1_174' title='bbox 544 2698 971 2756; x_wconf 88' lang='lat' dir='ltr'><strong><em>circumamictus.</em></strong></span> <span class='ocrx_word' id='word_1_175' title='bbox 1007 2701 1111 2757; x_wconf 87' lang='lat' dir='ltr'><strong><em>Pro</em></strong></span> <span class='ocrx_word' id='word_1_176' title='bbox 1142 2705 1239 2757; x_wconf 88' lang='lat' dir='ltr'><strong><em>hac</em></strong></span> <span class='ocrx_word' id='word_1_177' title='bbox 1266 2706 1434 2776; x_wconf 88' lang='lat' dir='ltr'><strong><em>itaque</em></strong></span> <span class='ocrx_word' id='word_1_178' title='bbox 1460 2723 1514 2760; x_wconf 89' lang='lat' dir='ltr'><strong><em>re</em></strong></span> <span class='ocrx_word' id='word_1_179' title='bbox 1540 2718 1687 2778; x_wconf 92' lang='lat' dir='ltr'><strong><em>atque</em></strong></span> <span class='ocrx_word' id='word_1_180' title='bbox 1717 2710 1950 2779; x_wconf 91' lang='lat' dir='ltr'><strong><em>passione</em></strong></span> <span class='ocrx_word' id='word_1_181' title='bbox 1987 2711 2137 2766; x_wconf 86' lang='lat' dir='ltr'><strong><em>multi</em></strong></span> 
     </span>
    </p>
   </div>
   <div class='ocr_carea' id='block_1_27' title="bbox 545 2791 2138 2858">
    <p class='ocr_par' dir='ltr' id='par_1_27' title="bbox 545 2791 2138 2858">
     <span class='ocr_line' id='line_1_27' title="bbox 545 2791 2138 2858; baseline 0.01 -16"><span class='ocrx_word' id='word_1_182' title='bbox 545 2797 667 2845; x_wconf 91' lang='lat' dir='ltr'><strong><em>tunc</em></strong></span> <span class='ocrx_word' id='word_1_183' title='bbox 696 2791 1007 2849; x_wconf 85' lang='lat' dir='ltr'><strong><em>Cretensium</em></strong></span> <span class='ocrx_word' id='word_1_184' title='bbox 1055 2795 1354 2851; x_wconf 76' lang='lat' dir='ltr'><strong><em>Judaorum</em></strong></span> <span class='ocrx_word' id='word_1_185' title='bbox 1399 2799 1467 2852; x_wconf 91' lang='lat' dir='ltr'><strong><em>ad</em></strong></span> <span class='ocrx_word' id='word_1_186' title='bbox 1514 2797 1860 2855; x_wconf 76' lang='lat' dir='ltr'><strong><em>Christianam</em></strong></span> <span class='ocrx_word' id='word_1_187' title='bbox 1908 2803 2138 2858; x_wconf 88' lang='lat' dir='ltr'><strong><em>conversi</em></strong></span> 
     </span>
    </p>
   </div>
   <div class='ocr_carea' id='block_1_28' title="bbox 545 2887 2140 2955">
    <p class='ocr_par' dir='ltr' id='par_1_28' title="bbox 545 2887 2140 2955">
     <span class='ocr_line' id='line_1_28' title="bbox 545 2887 2140 2955; baseline 0.006 -15"><span class='ocrx_word' id='word_1_188' title='bbox 545 2896 663 2940; x_wconf 87' lang='lat' dir='ltr'><strong><em>sunt</em></strong></span> <span class='ocrx_word' id='word_1_189' title='bbox 696 2887 869 2955; x_wconf 92' lang='lat' dir='ltr'><strong><em>ﬁdem.</em></strong></span> <span class='ocrx_word' id='word_1_190' title='bbox 902 2888 1105 2944; x_wconf 87' lang='lat' dir='ltr'><strong><em>Interea</em></strong></span> <span class='ocrx_word' id='word_1_191' title='bbox 1147 2892 1437 2946; x_wconf 86' lang='lat' dir='ltr'><strong><em>incendium</em></strong></span> <span class='ocrx_word' id='word_1_192' title='bbox 1478 2893 1531 2946; x_wconf 91' lang='lat' dir='ltr'><strong><em>in</em></strong></span> <span class='ocrx_word' id='word_1_193' title='bbox 1561 2896 1759 2948; x_wconf 88' lang='lat' dir='ltr'><strong><em>civitate</em></strong></span> <span class='ocrx_word' id='word_1_194' title='bbox 1787 2895 2140 2950; x_wconf 86' lang='lat' dir='ltr'><strong><em>Constantino-</em></strong></span> 
     </span>
    </p>
   </div>
   <div class='ocr_carea' id='block_1_29' title="bbox 550 2980 2138 3058">
    <p class='ocr_par' dir='ltr' id='par_1_29' title="bbox 550 2980 2138 3058">
     <span class='ocr_line' id='line_1_29' title="bbox 550 2980 2138 3058; baseline 0.011 -31"><span class='ocrx_word' id='word_1_195' title='bbox 550 2980 778 3045; x_wconf 79' lang='lat' dir='ltr'><strong><em>politano</em></strong></span> <span class='ocrx_word' id='word_1_196' title='bbox 820 2982 1008 3049; x_wconf 89' lang='lat' dir='ltr'><strong><em>factunt</em></strong></span> <span class='ocrx_word' id='word_1_197' title='bbox 1068 2985 1319 3051; x_wconf 84' lang='lat' dir='ltr'><strong><em>paulatim</em></strong></span> <span class='ocrx_word' id='word_1_198' title='bbox 1356 2986 1576 3055; x_wconf 78' lang='lat' dir='ltr'><strong><em>pervenit</em></strong></span> <span class='ocrx_word' id='word_1_199' title='bbox 1608 2988 1676 3038; x_wconf 90' lang='lat' dir='ltr'><strong><em>ad</em></strong></span> <span class='ocrx_word' id='word_1_200' title='bbox 1733 2988 1975 3058; x_wconf 84' lang='lat' dir='ltr'><strong><em>thermas,</em></strong></span> <span class='ocrx_word' id='word_1_201' title='bbox 2024 3004 2138 3058; x_wconf 83' lang='lat' dir='ltr'><strong><em>qua</em></strong></span> 
     </span>
    </p>
   </div>
   <div class='ocr_carea' id='block_1_30' title="bbox 544 3074 2132 3147">
    <p class='ocr_par' dir='ltr' id='par_1_30' title="bbox 544 3074 2132 3147">
     <span class='ocr_line' id='line_1_30' title="bbox 544 3074 2132 3147; baseline 0.007 -24"><span class='ocrx_word' id='word_1_202' title='bbox 544 3083 788 3124; x_wconf 86' lang='lat' dir='ltr'><strong><em>vocantur</em></strong></span> <span class='ocrx_word' id='word_1_203' title='bbox 814 3074 839 3100; x_wconf 78' lang='lat'><strong>“</strong></span> <span class='ocrx_word' id='word_1_204' title='bbox 867 3074 1129 3139; x_wconf 75' lang='lat' dir='ltr'><strong><em>Achillea,</em></strong></span> <span class='ocrx_word' id='word_1_205' title='bbox 1160 3076 1342 3130; x_wconf 87' lang='lat' dir='ltr'><strong><em>deinde</em></strong></span> <span class='ocrx_word' id='word_1_206' title='bbox 1371 3079 1437 3129; x_wconf 88' lang='lat' dir='ltr'><strong><em>ad</em></strong></span> <span class='ocrx_word' id='word_1_207' title='bbox 1465 3077 1635 3131; x_wconf 89' lang='lat' dir='ltr'><strong><em>locum</em></strong></span> <span class='ocrx_word' id='word_1_208' title='bbox 1673 3079 1761 3147; x_wconf 88' lang='lat' dir='ltr'><strong><em>qui</em></strong></span> <span class='ocrx_word' id='word_1_209' title='bbox 1808 3080 1995 3133; x_wconf 91' lang='lat' dir='ltr'><strong><em>dicitur</em></strong></span> <span class='ocrx_word' id='word_1_210' title='bbox 2025 3078 2132 3134; x_wconf 89' lang='lat' dir='ltr'><strong><em>Pe-</em></strong></span> 
     </span>
    </p>
   </div>
   <div class='ocr_carea' id='block_1_31' title="bbox 545 3161 2130 3238">
    <p class='ocr_par' dir='ltr' id='par_1_31' title="bbox 545 3161 2130 3238">
     <span class='ocr_line' id='line_1_31' title="bbox 545 3161 2130 3238; baseline 0.007 -25"><span class='ocrx_word' id='word_1_211' title='bbox 545 3161 744 3232; x_wconf 86' lang='lat' dir='ltr'><strong><em>largus,</em></strong></span> <span class='ocrx_word' id='word_1_212' title='bbox 781 3165 852 3216; x_wconf 92' lang='lat' dir='ltr'><strong><em>ita</em></strong></span> <span class='ocrx_word' id='word_1_213' title='bbox 879 3177 932 3218; x_wconf 88' lang='lat' dir='ltr'><strong><em>ut</em></strong></span> <span class='ocrx_word' id='word_1_214' title='bbox 966 3164 1377 3220; x_wconf 85' lang='lat' dir='ltr'><strong><em>Novatianorum</em></strong></span> <span class='ocrx_word' id='word_1_215' title='bbox 1421 3168 1932 3238; x_wconf 87' lang='lat' dir='ltr'><strong><em>comprehenderetur</em></strong></span> <span class='ocrx_word' id='word_1_216' title='bbox 1964 3170 2130 3224; x_wconf 88' lang='lat' dir='ltr'><strong><em>eccle-</em></strong></span> 
     </span>
    </p>
   </div>
   <div class='ocr_carea' id='block_1_32' title="bbox 544 3234 2207 3334">
    <p class='ocr_par' dir='ltr' id='par_1_32' title="bbox 544 3234 2207 3334">
     <span class='ocr_line' id='line_1_32' title="bbox 544 3234 2207 3334; baseline 0.007 -28"><span class='ocrx_word' id='word_1_217' title='bbox 544 3256 643 3308; x_wconf 89' lang='lat' dir='ltr'><strong><em>sia.</em></strong></span> <span class='ocrx_word' id='word_1_218' title='bbox 675 3254 818 3308; x_wconf 81' lang='lat' dir='ltr'><strong><em>Tunc</em></strong></span> <span class='ocrx_word' id='word_1_219' title='bbox 850 3258 1012 3327; x_wconf 90' lang='lat' dir='ltr'><strong><em>fertur</em></strong></span> <span class='ocrx_word' id='word_1_220' title='bbox 1036 3257 1261 3312; x_wconf 89' lang='lat' dir='ltr'><strong><em>Paulum</em></strong></span> <span class='ocrx_word' id='word_1_221' title='bbox 1291 3234 1585 3329; x_wconf 83' lang='lat' dir='ltr'><strong><em>episcopum</em></strong></span> <span class='ocrx_word' id='word_1_222' title='bbox 1624 3278 1796 3316; x_wconf 88' lang='lat' dir='ltr'><strong><em>eorum</em></strong></span> <span class='ocrx_word' id='word_1_223' title='bbox 1820 3263 1957 3317; x_wconf 92' lang='lat' dir='ltr'><strong><em>intra</em></strong></span> <span class='ocrx_word' id='word_1_224' title='bbox 1983 3266 2134 3334; x_wconf 78' lang='lat' dir='ltr'><strong><em>ﬂant-</em></strong></span> <span class='ocrx_word' id='word_1_225' title='bbox 2163 3234 2207 3297; x_wconf 70' lang='grc' dir='ltr'>Ο</span> 
     </span>
    </p>
   </div>
   <div class='ocr_carea' id='block_1_33' title="bbox 548 3351 2139 3425">
    <p class='ocr_par' dir='ltr' id='par_1_33' title="bbox 548 3351 2139 3425">
     <span class='ocr_line' id='line_1_33' title="bbox 548 3351 2139 3425; baseline 0.008 -24"><span class='ocrx_word' id='word_1_226' title='bbox 548 3366 656 3401; x_wconf 88' lang='lat' dir='ltr'><strong><em>mas</em></strong></span> <span class='ocrx_word' id='word_1_227' title='bbox 695 3351 919 3405; x_wconf 75' lang='lat' dir='ltr'><strong><em>ecclesia</em></strong></span> <span class='ocrx_word' id='word_1_228' title='bbox 948 3352 1212 3420; x_wconf 80' lang='lat' dir='ltr'><strong><em>restitisse,</em></strong></span> <span class='ocrx_word' id='word_1_229' title='bbox 1239 3354 1609 3425; x_wconf 89' lang='lat' dir='ltr'><strong><em>supplicantem</em></strong></span> <span class='ocrx_word' id='word_1_230' title='bbox 1647 3355 1777 3422; x_wconf 90' lang='lat' dir='ltr'><strong><em>Deo,</em></strong></span> <span class='ocrx_word' id='word_1_231' title='bbox 1819 3373 1883 3411; x_wconf 91' lang='lat' dir='ltr'><strong><em>ne</em></strong></span> <span class='ocrx_word' id='word_1_232' title='bbox 1930 3359 2139 3413; x_wconf 87' lang='lat' dir='ltr'><strong><em>ecclesia</em></strong></span> 
     </span>
    </p>
   </div>
   <div class='ocr_carea' id='block_1_34' title="bbox 544 3444 2139 3517">
    <p class='ocr_par' dir='ltr' id='par_1_34' title="bbox 544 3444 2139 3517">
     <span class='ocr_line' id='line_1_34' title="bbox 544 3444 2139 3517; baseline 0.008 -23"><span class='ocrx_word' id='word_1_233' title='bbox 544 3444 737 3511; x_wconf 87' lang='lat' dir='ltr'><strong><em>pariter</em></strong></span> <span class='ocrx_word' id='word_1_234' title='bbox 768 3454 1098 3499; x_wconf 82' lang='lat' dir='ltr'><strong><em>cremaretur.</em></strong></span> <span class='ocrx_word' id='word_1_235' title='bbox 1132 3445 1231 3509; x_wconf 80' lang='lat' dir='ltr'><strong><em>Qui</em></strong></span> <span class='ocrx_word' id='word_1_236' title='bbox 1270 3445 1413 3501; x_wconf 91' lang='lat' dir='ltr'><strong><em>locus</em></strong></span> <span class='ocrx_word' id='word_1_237' title='bbox 1442 3456 1641 3517; x_wconf 88' lang='lat' dir='ltr'><strong><em>ereptus</em></strong></span> <span class='ocrx_word' id='word_1_238' title='bbox 1685 3457 1783 3515; x_wconf 93' lang='lat' dir='ltr'><strong><em>est,</em></strong></span> <span class='ocrx_word' id='word_1_239' title='bbox 1817 3459 1865 3502; x_wconf 91' lang='lat' dir='ltr'><strong><em>et</em></strong></span> <span class='ocrx_word' id='word_1_240' title='bbox 1896 3449 2139 3506; x_wconf 82' lang='lat' dir='ltr'><strong><em>hactenus</em></strong></span> 
     </span>
    </p>
   </div>
   <div class='ocr_carea' id='block_1_35' title="bbox 548 3534 2143 3607">
    <p class='ocr_par' dir='ltr' id='par_1_35' title="bbox 548 3534 2143 3607">
     <span class='ocr_line' id='line_1_35' title="bbox 548 3534 2143 3607; baseline 0.003 -18"><span class='ocrx_word' id='word_1_241' title='bbox 548 3549 636 3589; x_wconf 70' lang='lat' dir='ltr'><strong><em>xt&#39;t</em></strong></span> <span class='ocrx_word' id='word_1_242' title='bbox 670 3534 796 3590; x_wconf 86' lang='lat' dir='ltr'><strong><em>Kal.</em></strong></span> <span class='ocrx_word' id='word_1_243' title='bbox 833 3534 1095 3606; x_wconf 86' lang='lat' dir='ltr'><strong><em>Septemb.</em></strong></span> <span class='ocrx_word' id='word_1_244' title='bbox 1123 3539 1263 3607; x_wconf 87' lang='lat' dir='ltr'><strong><em>apud</em></strong></span> <span class='ocrx_word' id='word_1_245' title='bbox 1311 3536 1636 3592; x_wconf 82' lang='lat' dir='ltr'><strong><em>Novatianos</em></strong></span> <span class='ocrx_word' id='word_1_246' title='bbox 1665 3540 1894 3594; x_wconf 89' lang='lat' dir='ltr'><strong><em>collectio</em></strong></span> <span class='ocrx_word' id='word_1_247' title='bbox 1932 3542 2143 3595; x_wconf 81' lang='lat' dir='ltr'><strong><em>celebra-</em></strong></span> 
     </span>
    </p>
   </div>
   <div class='ocr_carea' id='block_1_36' title="bbox 545 3626 2142 3697">
    <p class='ocr_par' dir='ltr' id='par_1_36' title="bbox 545 3626 2142 3697">
     <span class='ocr_line' id='line_1_36' title="bbox 545 3626 2142 3697; baseline 0.005 -18"><span class='ocrx_word' id='word_1_248' title='bbox 545 3636 647 3680; x_wconf 87' lang='lat' dir='ltr'><strong><em>tur.</em></strong></span> <span class='ocrx_word' id='word_1_249' title='bbox 680 3626 840 3682; x_wconf 85' lang='lat' dir='ltr'><strong><em>Hunc</em></strong></span> <span class='ocrx_word' id='word_1_250' title='bbox 895 3640 1063 3683; x_wconf 87' lang='lat' dir='ltr'><strong><em>tanten</em></strong></span> <span class='ocrx_word' id='word_1_251' title='bbox 1114 3631 1284 3683; x_wconf 88' lang='lat' dir='ltr'><strong><em>locum</em></strong></span> <span class='ocrx_word' id='word_1_252' title='bbox 1340 3646 1441 3684; x_wconf 89' lang='lat' dir='ltr'><strong><em>non</em></strong></span> <span class='ocrx_word' id='word_1_253' title='bbox 1486 3629 1649 3684; x_wconf 90' lang='lat' dir='ltr'><strong><em>solum</em></strong></span> <span class='ocrx_word' id='word_1_254' title='bbox 1703 3630 1997 3697; x_wconf 83' lang='lat' dir='ltr'><strong><em>Christiani,</em></strong></span> <span class='ocrx_word' id='word_1_255' title='bbox 2052 3635 2142 3688; x_wconf 90' lang='lat' dir='ltr'><strong><em>sed</em></strong></span> 
     </span>
    </p>
   </div>
   <div class='ocr_carea' id='block_1_37' title="bbox 545 3718 2142 3793">
    <p class='ocr_par' dir='ltr' id='par_1_37' title="bbox 545 3718 2142 3793">
     <span class='ocr_line' id='line_1_37' title="bbox 545 3718 2142 3793; baseline 0.006 -22"><span class='ocrx_word' id='word_1_256' title='bbox 545 3718 697 3772; x_wconf 86' lang='lat' dir='ltr'><strong><em>etiam</em></strong></span> <span class='ocrx_word' id='word_1_257' title='bbox 729 3718 930 3791; x_wconf 87' lang='lat' dir='ltr'><strong><em>Pagani</em></strong></span> <span class='ocrx_word' id='word_1_258' title='bbox 961 3731 1279 3775; x_wconf 88' lang='lat' dir='ltr'><strong><em>venerantur.</em></strong></span> <span class='ocrx_word' id='word_1_259' title='bbox 1306 3719 1481 3793; x_wconf 71' lang='lat' dir='ltr'><strong><em>Exigit</em></strong></span> <span class='ocrx_word' id='word_1_260' title='bbox 1524 3737 1660 3775; x_wconf 88' lang='lat' dir='ltr'><strong><em>nunc</em></strong></span> <span class='ocrx_word' id='word_1_261' title='bbox 1690 3722 1831 3775; x_wconf 90' lang='lat' dir='ltr'><strong><em>locus</em></strong></span> <span class='ocrx_word' id='word_1_262' title='bbox 1862 3723 2056 3777; x_wconf 88' lang='lat' dir='ltr'><strong><em>edicere</em></strong></span> <span class='ocrx_word' id='word_1_263' title='bbox 2078 3723 2142 3781; x_wconf 88' lang='lat' dir='ltr'><strong><em>de</em></strong></span> 
     </span>
    </p>
   </div>
   <div class='ocr_carea' id='block_1_38' title="bbox 547 3814 2143 3892">
    <p class='ocr_par' dir='ltr' id='par_1_38' title="bbox 547 3814 2143 3892">
     <span class='ocr_line' id='line_1_38' title="bbox 547 3814 2143 3892; baseline 0.006 -23"><span class='ocrx_word' id='word_1_264' title='bbox 547 3817 645 3869; x_wconf 86' lang='lat' dir='ltr'><strong><em>hac</em></strong></span> <span class='ocrx_word' id='word_1_265' title='bbox 676 3814 865 3870; x_wconf 79' lang='lat' dir='ltr'><strong><em>haresi</em></strong></span> <span class='ocrx_word' id='word_1_266' title='bbox 889 3818 1024 3871; x_wconf 90' lang='lat' dir='ltr'><strong><em>unde</em></strong></span> <span class='ocrx_word' id='word_1_267' title='bbox 1052 3825 1229 3872; x_wconf 74' lang='lat' dir='ltr'><strong><em>exorta</em></strong></span> <span class='ocrx_word' id='word_1_268' title='bbox 1258 3817 1510 3873; x_wconf 85' lang='lat' dir='ltr'><strong><em>videatur.</em></strong></span> <span class='ocrx_word' id='word_1_269' title='bbox 1538 3816 1779 3874; x_wconf 84' lang='lat' dir='ltr'><strong><em>Novatus</em></strong></span> <span class='ocrx_word' id='word_1_270' title='bbox 1808 3820 1967 3890; x_wconf 86' lang='lat' dir='ltr'><strong><em>igitur</em></strong></span> <span class='ocrx_word' id='word_1_271' title='bbox 2002 3839 2143 3892; x_wconf 84' lang='lat' dir='ltr'><strong><em>pres-</em></strong></span> 
     </span>
    </p>
   </div>
   <div class='ocr_carea' id='block_1_39' title="bbox 548 3908 2142 3984">
    <p class='ocr_par' dir='ltr' id='par_1_39' title="bbox 548 3908 2142 3984">
     <span class='ocr_line' id='line_1_39' title="bbox 548 3908 2142 3984; baseline 0.004 -22"><span class='ocrx_word' id='word_1_272' title='bbox 548 3912 688 3980; x_wconf 83' lang='lat' dir='ltr'><strong><em>bgter</em></strong></span> <span class='ocrx_word' id='word_1_273' title='bbox 727 3908 972 3966; x_wconf 87' lang='lat' dir='ltr'><strong><em>Ecclesia</em></strong></span> <span class='ocrx_word' id='word_1_274' title='bbox 1024 3908 1295 3977; x_wconf 84' lang='lat' dir='ltr'><strong><em>Romana,</em></strong></span> <span class='ocrx_word' id='word_1_275' title='bbox 1352 3911 1439 3979; x_wconf 89' lang='lat' dir='ltr'><strong><em>qui</em></strong></span> <span class='ocrx_word' id='word_1_276' title='bbox 1490 3922 1699 3984; x_wconf 86' lang='lat' dir='ltr'><strong><em>prapter</em></strong></span> <span class='ocrx_word' id='word_1_277' title='bbox 1749 3915 2142 3982; x_wconf 86' lang='lat' dir='ltr'><strong><em>persecutionem</em></strong></span> 
     </span>
    </p>
   </div>
   <div class='ocr_carea' id='block_1_40' title="bbox 546 4002 2142 4075">
    <p class='ocr_par' dir='ltr' id='par_1_40' title="bbox 546 4002 2142 4075">
     <span class='ocr_line' id='line_1_40' title="bbox 546 4002 2142 4075; baseline 0.001 -18"><span class='ocrx_word' id='word_1_278' title='bbox 546 4018 659 4071; x_wconf 69' lang='lat' dir='ltr'><strong><em>qua</em></strong></span> <span class='ocrx_word' id='word_1_279' title='bbox 686 4003 779 4059; x_wconf 88' lang='lat' dir='ltr'><strong><em>sub</em></strong></span> <span class='ocrx_word' id='word_1_280' title='bbox 813 4002 967 4057; x_wconf 86' lang='lat' dir='ltr'><strong><em>Decio</em></strong></span> <span class='ocrx_word' id='word_1_281' title='bbox 991 4006 1159 4073; x_wconf 88' lang='lat' dir='ltr'><strong><em>fuerat</em></strong></span> <span class='ocrx_word' id='word_1_282' title='bbox 1189 4007 1328 4073; x_wconf 82' lang='lat' dir='ltr'><strong><em>facta</em></strong></span> <span class='ocrx_word' id='word_1_283' title='bbox 1352 4020 1406 4057; x_wconf 89' lang='lat' dir='ltr'><strong><em>se</em></strong></span> <span class='ocrx_word' id='word_1_284' title='bbox 1438 4004 1729 4074; x_wconf 88' lang='lat' dir='ltr'><strong><em>episcopum</em></strong></span> <span class='ocrx_word' id='word_1_285' title='bbox 1758 4005 1925 4075; x_wconf 89' lang='lat' dir='ltr'><strong><em>facere</em></strong></span> <span class='ocrx_word' id='word_1_286' title='bbox 1943 4012 1989 4059; x_wconf 85' lang='lat' dir='ltr'><strong><em>et</em></strong></span> <span class='ocrx_word' id='word_1_287' title='bbox 2013 4004 2142 4060; x_wconf 86' lang='lat' dir='ltr'><strong><em>Cor-</em></strong></span> 
     </span>
    </p>
   </div>
   <div class='ocr_carea' id='block_1_41' title="bbox 547 4097 2143 4172">
    <p class='ocr_par' dir='ltr' id='par_1_41' title="bbox 547 4097 2143 4172">
     <span class='ocr_line' id='line_1_41' title="bbox 547 4097 2143 4172; baseline 0.004 -24"><span class='ocrx_word' id='word_1_288' title='bbox 547 4098 738 4150; x_wconf 86' lang='lat' dir='ltr'><strong><em>nelium</em></strong></span> <span class='ocrx_word' id='word_1_289' title='bbox 766 4097 960 4151; x_wconf 87' lang='lat' dir='ltr'><strong><em>volebat</em></strong></span> <span class='ocrx_word' id='word_1_290' title='bbox 1009 4098 1214 4167; x_wconf 84' lang='lat' dir='ltr'><strong><em>ejicere,</em></strong></span> <span class='ocrx_word' id='word_1_291' title='bbox 1267 4097 1465 4166; x_wconf 84' lang='lat' dir='ltr'><strong><em>faciens</em></strong></span> <span class='ocrx_word' id='word_1_292' title='bbox 1515 4098 1816 4163; x_wconf 87' lang='lat' dir='ltr'><strong><em>oblationes,</em></strong></span> <span class='ocrx_word' id='word_1_293' title='bbox 1864 4108 1911 4154; x_wconf 91' lang='lat' dir='ltr'><strong><em>et</em></strong></span> <span class='ocrx_word' id='word_1_294' title='bbox 1942 4098 2143 4172; x_wconf 83' lang='lat' dir='ltr'><strong><em>disper-</em></strong></span> 
     </span>
    </p>
   </div>
   <div class='ocr_carea' id='block_1_42' title="bbox 548 4188 2141 4264">
    <p class='ocr_par' dir='ltr' id='par_1_42' title="bbox 548 4188 2141 4264">
     <span class='ocr_line' id='line_1_42' title="bbox 548 4188 2141 4264; baseline 0.004 -24"><span class='ocrx_word' id='word_1_295' title='bbox 548 4188 672 4241; x_wconf 89' lang='lat' dir='ltr'><strong><em>tiens</em></strong></span> <span class='ocrx_word' id='word_1_296' title='bbox 717 4189 984 4256; x_wconf 86' lang='lat' dir='ltr'><strong><em>unicuique</em></strong></span> <span class='ocrx_word' id='word_1_297' title='bbox 1029 4189 1333 4257; x_wconf 91' lang='lat' dir='ltr'><strong><em>portionem,</em></strong></span> <span class='ocrx_word' id='word_1_298' title='bbox 1362 4200 1408 4244; x_wconf 91' lang='lat' dir='ltr'><strong><em>et</em></strong></span> <span class='ocrx_word' id='word_1_299' title='bbox 1442 4191 1670 4256; x_wconf 81' lang='lat' dir='ltr'><strong><em>tradens,</em></strong></span> <span class='ocrx_word' id='word_1_300' title='bbox 1704 4192 1799 4245; x_wconf 89' lang='lat' dir='ltr'><strong><em>hoc</em></strong></span> <span class='ocrx_word' id='word_1_301' title='bbox 1838 4194 2022 4264; x_wconf 89' lang='lat' dir='ltr'><strong><em>jurare</em></strong></span> <span class='ocrx_word' id='word_1_302' title='bbox 2047 4208 2141 4263; x_wconf 91' lang='lat' dir='ltr'><strong><em>pro</em></strong></span> 
     </span>
    </p>
   </div>
   <div class='ocr_carea' id='block_1_43' title="bbox 548 4279 2142 4356">
    <p class='ocr_par' dir='ltr' id='par_1_43' title="bbox 548 4279 2142 4356">
     <span class='ocr_line' id='line_1_43' title="bbox 548 4279 2142 4356; baseline 0.005 -25"><span class='ocrx_word' id='word_1_303' title='bbox 548 4279 895 4334; x_wconf 87' lang='lat' dir='ltr'><strong><em>benedictione</em></strong></span> <span class='ocrx_word' id='word_1_304' title='bbox 925 4280 1134 4334; x_wconf 87' lang='lat' dir='ltr'><strong><em>miseros</em></strong></span> <span class='ocrx_word' id='word_1_305' title='bbox 1175 4280 1403 4336; x_wconf 88' lang='lat' dir='ltr'><strong><em>homines</em></strong></span> <span class='ocrx_word' id='word_1_306' title='bbox 1442 4285 1625 4354; x_wconf 85' lang='lat' dir='ltr'><strong><em>coegit,</em></strong></span> <span class='ocrx_word' id='word_1_307' title='bbox 1658 4297 1829 4337; x_wconf 88' lang='lat' dir='ltr'><strong><em>tenens</em></strong></span> <span class='ocrx_word' id='word_1_308' title='bbox 1879 4294 2142 4356; x_wconf 89' lang='lat' dir='ltr'><strong><em>utramque</em></strong></span> 
     </span>
    </p>
   </div>
   <div class='ocr_carea' id='block_1_44' title="bbox 548 4373 2138 4450">
    <p class='ocr_par' dir='ltr' id='par_1_44' title="bbox 548 4373 2138 4450">
     <span class='ocr_line' id='line_1_44' title="bbox 548 4373 2138 4450; baseline 0.006 -26"><span class='ocrx_word' id='word_1_309' title='bbox 548 4387 756 4425; x_wconf 90' lang='lat' dir='ltr'><strong><em>manum</em></strong></span> <span class='ocrx_word' id='word_1_310' title='bbox 798 4373 1111 4441; x_wconf 85' lang='lat' dir='ltr'><strong><em>accipientis,</em></strong></span> <span class='ocrx_word' id='word_1_311' title='bbox 1160 4385 1207 4428; x_wconf 89' lang='lat' dir='ltr'><strong><em>et</em></strong></span> <span class='ocrx_word' id='word_1_312' title='bbox 1258 4391 1359 4429; x_wconf 90' lang='lat' dir='ltr'><strong><em>non</em></strong></span> <span class='ocrx_word' id='word_1_313' title='bbox 1408 4376 1687 4439; x_wconf 88' lang='lat' dir='ltr'><strong><em>dimittens,</em></strong></span> <span class='ocrx_word' id='word_1_314' title='bbox 1737 4377 1902 4432; x_wconf 89' lang='lat' dir='ltr'><strong><em>donec</em></strong></span> <span class='ocrx_word' id='word_1_315' title='bbox 1948 4379 2138 4450; x_wconf 87' lang='lat' dir='ltr'><strong><em>jurans</em></strong></span> 
     </span>
    </p>
   </div>
   <div class='ocr_carea' id='block_1_45' title="bbox 550 4462 2140 4541">
    <p class='ocr_par' dir='ltr' id='par_1_45' title="bbox 550 4462 2140 4541">
     <span class='ocr_line' id='line_1_45' title="bbox 550 4462 2140 4541; baseline 0.006 -26"><span class='ocrx_word' id='word_1_316' title='bbox 550 4464 659 4516; x_wconf 86' lang='lat' dir='ltr'><strong><em>hac</em></strong></span> <span class='ocrx_word' id='word_1_317' title='bbox 702 4464 883 4518; x_wconf 87' lang='lat' dir='ltr'><strong><em>dicat:</em></strong></span> <span class='ocrx_word' id='word_1_318' title='bbox 912 4462 1048 4517; x_wconf 87' lang='lat' dir='ltr'><strong><em>Jura</em></strong></span> <span class='ocrx_word' id='word_1_319' title='bbox 1090 4464 1213 4517; x_wconf 85' lang='lat' dir='ltr'><strong><em>mihi</em></strong></span> <span class='ocrx_word' id='word_1_320' title='bbox 1239 4483 1327 4537; x_wconf 90' lang='lat' dir='ltr'><strong><em>per</em></strong></span> <span class='ocrx_word' id='word_1_321' title='bbox 1352 4483 1534 4538; x_wconf 87' lang='lat' dir='ltr'><strong><em>corpus</em></strong></span> <span class='ocrx_word' id='word_1_322' title='bbox 1590 4479 1635 4521; x_wconf 92' lang='lat' dir='ltr'><strong><em>et</em></strong></span> <span class='ocrx_word' id='word_1_323' title='bbox 1685 4470 1984 4541; x_wconf 90' lang='lat' dir='ltr'><strong><em>sanguinem</em></strong></span> <span class='ocrx_word' id='word_1_324' title='bbox 2031 4468 2140 4524; x_wconf 87' lang='lat' dir='ltr'><strong><em>Do-</em></strong></span> 
     </span>
    </p>
   </div>
   <div class='ocr_carea' id='block_1_46' title="bbox 548 4554 2141 4633">
    <p class='ocr_par' dir='ltr' id='par_1_46' title="bbox 548 4554 2141 4633">
     <span class='ocr_line' id='line_1_46' title="bbox 548 4554 2141 4633; baseline 0.006 -25"><span class='ocrx_word' id='word_1_325' title='bbox 548 4556 676 4609; x_wconf 89' lang='lat' dir='ltr'><strong><em>mini</em></strong></span> <span class='ocrx_word' id='word_1_326' title='bbox 703 4557 861 4610; x_wconf 82' lang='lat' dir='ltr'><strong><em>nostri</em></strong></span> <span class='ocrx_word' id='word_1_327' title='bbox 899 4554 1027 4610; x_wconf 81' lang='lat' dir='ltr'><strong><em>Jesu</em></strong></span> <span class='ocrx_word' id='word_1_328' title='bbox 1061 4555 1253 4612; x_wconf 87' lang='lat' dir='ltr'><strong><em>Christi</em></strong></span> <span class='ocrx_word' id='word_1_329' title='bbox 1279 4560 1417 4629; x_wconf 88' lang='lat' dir='ltr'><strong><em>quod</em></strong></span> <span class='ocrx_word' id='word_1_330' title='bbox 1444 4576 1707 4631; x_wconf 86' lang='lat' dir='ltr'><strong><em>nunquam</em></strong></span> <span class='ocrx_word' id='word_1_331' title='bbox 1753 4562 2031 4633; x_wconf 91' lang='lat' dir='ltr'><strong><em>aliquando</em></strong></span> <span class='ocrx_word' id='word_1_332' title='bbox 2060 4579 2141 4617; x_wconf 90' lang='lat' dir='ltr'><strong><em>me</em></strong></span> 
     </span>
    </p>
   </div>
   <div class='ocr_carea' id='block_1_47' title="bbox 550 4645 2136 4722">
    <p class='ocr_par' dir='ltr' id='par_1_47' title="bbox 550 4645 2136 4722">
     <span class='ocr_line' id='line_1_47' title="bbox 550 4645 2136 4722; baseline 0.007 -24"><span class='ocrx_word' id='word_1_333' title='bbox 550 4646 887 4714; x_wconf 88' lang='lat' dir='ltr'><strong><em>derelinquas,</em></strong></span> <span class='ocrx_word' id='word_1_334' title='bbox 920 4655 965 4699; x_wconf 93' lang='lat' dir='ltr'><strong><em>et</em></strong></span> <span class='ocrx_word' id='word_1_335' title='bbox 994 4645 1061 4698; x_wconf 83' lang='lat' dir='ltr'><strong><em>ad</em></strong></span> <span class='ocrx_word' id='word_1_336' title='bbox 1081 4645 1374 4702; x_wconf 90' lang='lat' dir='ltr'><strong><em>Cornelium</em></strong></span> <span class='ocrx_word' id='word_1_337' title='bbox 1406 4650 1601 4715; x_wconf 77' lang='lat' dir='ltr'><strong><em>redeas,</em></strong></span> <span class='ocrx_word' id='word_1_338' title='bbox 1631 4661 1679 4704; x_wconf 91' lang='lat' dir='ltr'><strong><em>et</em></strong></span> <span class='ocrx_word' id='word_1_339' title='bbox 1695 4652 1954 4722; x_wconf 88' lang='lat' dir='ltr'><strong><em>infaustus</em></strong></span> <span class='ocrx_word' id='word_1_340' title='bbox 1982 4653 2136 4708; x_wconf 89' lang='lat' dir='ltr'><strong><em>homo</em></strong></span> 
     </span>
    </p>
   </div>
   <div class='ocr_carea' id='block_1_48' title="bbox 548 4740 2140 4816">
    <p class='ocr_par' dir='ltr' id='par_1_48' title="bbox 548 4740 2140 4816">
     <span class='ocr_line' id='line_1_48' title="bbox 548 4740 2140 4816; baseline 0.007 -24"><span class='ocrx_word' id='word_1_341' title='bbox 548 4755 650 4793; x_wconf 91' lang='lat' dir='ltr'><strong><em>non</em></strong></span> <span class='ocrx_word' id='word_1_342' title='bbox 681 4740 822 4807; x_wconf 89' lang='lat' dir='ltr'><strong><em>prius</em></strong></span> <span class='ocrx_word' id='word_1_343' title='bbox 850 4748 1018 4811; x_wconf 86' lang='lat' dir='ltr'><strong><em>gustat</em></strong></span> <span class='ocrx_word' id='word_1_344' title='bbox 1048 4756 1200 4807; x_wconf 83' lang='lat' dir='ltr'><strong><em>quam</em></strong></span> <span class='ocrx_word' id='word_1_345' title='bbox 1242 4741 1339 4795; x_wconf 91' lang='lat' dir='ltr'><strong><em>sibi</em></strong></span> <span class='ocrx_word' id='word_1_346' title='bbox 1370 4752 1518 4797; x_wconf 88' lang='lat' dir='ltr'><strong><em>antea</em></strong></span> <span class='ocrx_word' id='word_1_347' title='bbox 1547 4745 1839 4809; x_wconf 88' lang='lat' dir='ltr'><strong><em>maledicat,</em></strong></span> <span class='ocrx_word' id='word_1_348' title='bbox 1880 4756 1931 4800; x_wconf 91' lang='lat' dir='ltr'><strong><em>et</em></strong></span> <span class='ocrx_word' id='word_1_349' title='bbox 1960 4762 2052 4816; x_wconf 90' lang='lat' dir='ltr'><strong><em>pro</em></strong></span> <span class='ocrx_word' id='word_1_350' title='bbox 2080 4764 2140 4802; x_wconf 93' lang='lat' dir='ltr'><strong><em>eo</em></strong></span> 
     </span>
    </p>
   </div>
   <div class='ocr_carea' id='block_1_49' title="bbox 549 4833 2141 4902">
    <p class='ocr_par' dir='ltr' id='par_1_49' title="bbox 549 4833 2141 4902">
     <span class='ocr_line' id='line_1_49' title="bbox 549 4833 2141 4902; baseline 0.008 -18"><span class='ocrx_word' id='word_1_351' title='bbox 549 4843 601 4885; x_wconf 84' lang='lat' dir='ltr'><strong><em>ut</em></strong></span> <span class='ocrx_word' id='word_1_352' title='bbox 628 4834 779 4895; x_wconf 83' lang='lat' dir='ltr'><strong><em>dicat,</em></strong></span> <span class='ocrx_word' id='word_1_353' title='bbox 814 4842 1020 4901; x_wconf 89' lang='lat' dir='ltr'><strong><em>accepto</em></strong></span> <span class='ocrx_word' id='word_1_354' title='bbox 1044 4850 1177 4902; x_wconf 91' lang='lat' dir='ltr'><strong><em>pane</em></strong></span> <span class='ocrx_word' id='word_1_355' title='bbox 1203 4833 1317 4901; x_wconf 92' lang='lat' dir='ltr'><strong><em>illo,</em></strong></span> <span class='ocrx_word' id='word_1_356' title='bbox 1356 4837 1540 4902; x_wconf 81' lang='lat' dir='ltr'><strong><em>Amen,</em></strong></span> <span class='ocrx_word' id='word_1_357' title='bbox 1583 4840 1706 4893; x_wconf 90' lang='lat' dir='ltr'><strong><em>dicit</em></strong></span> <span class='ocrx_word' id='word_1_358' title='bbox 1734 4858 1747 4893; x_wconf 83' lang='lat'><strong>;</strong></span> <span class='ocrx_word' id='word_1_359' title='bbox 1782 4838 2009 4895; x_wconf 89' lang='lat' dir='ltr'><strong><em>Ulterius</em></strong></span> <span class='ocrx_word' id='word_1_360' title='bbox 2038 4858 2141 4898; x_wconf 89' lang='lat' dir='ltr'><strong><em>non</em></strong></span> 
     </span>
    </p>
   </div>
   <div class='ocr_carea' id='block_1_50' title="bbox 548 4924 2143 5003">
    <p class='ocr_par' dir='ltr' id='par_1_50' title="bbox 548 4924 2143 5003">
     <span class='ocr_line' id='line_1_50' title="bbox 548 4924 2143 5003; baseline 0.008 -27"><span class='ocrx_word' id='word_1_361' title='bbox 548 4927 749 4980; x_wconf 89' lang='lat' dir='ltr'><strong><em>redeam</em></strong></span> <span class='ocrx_word' id='word_1_362' title='bbox 777 4926 845 4979; x_wconf 91' lang='lat' dir='ltr'><strong><em>ad</em></strong></span> <span class='ocrx_word' id='word_1_363' title='bbox 876 4924 1185 4981; x_wconf 72' lang='lat' dir='ltr'><strong><em>Cornelium.</em></strong></span> <span class='ocrx_word' id='word_1_364' title='bbox 1221 4925 1300 4980; x_wconf 89' lang='lat' dir='ltr'><strong><em>De</em></strong></span> <span class='ocrx_word' id='word_1_365' title='bbox 1325 4930 1421 4982; x_wconf 89' lang='lat' dir='ltr'><strong><em>hac</em></strong></span> <span class='ocrx_word' id='word_1_366' title='bbox 1443 4931 1688 5000; x_wconf 83' lang='lat' dir='ltr'><strong><em>religione</em></strong></span> <span class='ocrx_word' id='word_1_367' title='bbox 1726 4936 1896 4986; x_wconf 89' lang='lat' dir='ltr'><strong><em>volens</em></strong></span> <span class='ocrx_word' id='word_1_368' title='bbox 1924 4934 2143 5003; x_wconf 86' lang='lat' dir='ltr'><strong><em>impera-</em></strong></span> 
     </span>
    </p>
   </div>
   <div class='ocr_carea' id='block_1_51' title="bbox 540 5015 2141 5095">
    <p class='ocr_par' dir='ltr' id='par_1_51' title="bbox 540 5015 2141 5095">
     <span class='ocr_line' id='line_1_51' title="bbox 540 5015 2141 5095; baseline 0.007 -27"><span class='ocrx_word' id='word_1_369' title='bbox 540 5024 628 5089; x_wconf 33' lang='lat' dir='ltr'><strong><em>,tor</em></strong></span> <span class='ocrx_word' id='word_1_370' title='bbox 652 5015 1017 5071; x_wconf 86' lang='lat' dir='ltr'><strong><em>Constantinus</em></strong></span> <span class='ocrx_word' id='word_1_371' title='bbox 1039 5018 1229 5089; x_wconf 86' lang='lat' dir='ltr'><strong><em>pacisci</em></strong></span> <span class='ocrx_word' id='word_1_372' title='bbox 1255 5016 1535 5085; x_wconf 77' lang='lat' dir='ltr'><strong><em>Ecclesiae,</em></strong></span> <span class='ocrx_word' id='word_1_373' title='bbox 1584 5021 1820 5075; x_wconf 83' lang='lat' dir='ltr'><strong><em>Acesium</em></strong></span> <span class='ocrx_word' id='word_1_374' title='bbox 1846 5025 2141 5095; x_wconf 88' lang='lat' dir='ltr'><strong><em>episcopum</em></strong></span> 
     </span>
    </p>
   </div>
   <div class='ocr_carea' id='block_1_52' title="bbox 548 5110 2139 5183">
    <p class='ocr_par' dir='ltr' id='par_1_52' title="bbox 548 5110 2139 5183">
     <span class='ocr_line' id='line_1_52' title="bbox 548 5110 2139 5183; baseline 0.005 -20"><span class='ocrx_word' id='word_1_375' title='bbox 548 5110 617 5163; x_wconf 89' lang='lat' dir='ltr'><strong><em>ad</em></strong></span> <span class='ocrx_word' id='word_1_376' title='bbox 642 5112 916 5164; x_wconf 86' lang='lat' dir='ltr'><strong><em>concilium</em></strong></span> <span class='ocrx_word' id='word_1_377' title='bbox 951 5110 1225 5165; x_wconf 80' lang='lat' dir='ltr'><strong><em>Nicanum</em></strong></span> <span class='ocrx_word' id='word_1_378' title='bbox 1266 5113 1508 5167; x_wconf 86' lang='lat' dir='ltr'><strong><em>evocavit.</em></strong></span> <span class='ocrx_word' id='word_1_379' title='bbox 1545 5113 1706 5177; x_wconf 78' lang='lat' dir='ltr'><strong><em>Quem</em></strong></span> <span class='ocrx_word' id='word_1_380' title='bbox 1734 5125 1844 5183; x_wconf 91' lang='lat' dir='ltr'><strong><em>post</em></strong></span> <span class='ocrx_word' id='word_1_381' title='bbox 1883 5116 2139 5181; x_wconf 85' lang='lat' dir='ltr'><strong><em>deﬁnitio-</em></strong></span> 
     </span>
    </p>
   </div>
   <div class='ocr_carea' id='block_1_53' title="bbox 549 5204 2139 5277">
    <p class='ocr_par' dir='ltr' id='par_1_53' title="bbox 549 5204 2139 5277">
     <span class='ocr_line' id='line_1_53' title="bbox 549 5204 2139 5277; baseline 0.006 -22"><span class='ocrx_word' id='word_1_382' title='bbox 549 5219 665 5256; x_wconf 91' lang='lat' dir='ltr'><strong><em>nem</em></strong></span> <span class='ocrx_word' id='word_1_383' title='bbox 692 5204 813 5273; x_wconf 86' lang='lat' dir='ltr'><strong><em>ﬁdei</em></strong></span> <span class='ocrx_word' id='word_1_384' title='bbox 839 5204 1117 5274; x_wconf 87' lang='lat' dir='ltr'><strong><em>requisivit,</em></strong></span> <span class='ocrx_word' id='word_1_385' title='bbox 1163 5205 1207 5260; x_wconf 89' lang='lat' dir='ltr'><strong><em>si</em></strong></span> <span class='ocrx_word' id='word_1_386' title='bbox 1250 5214 1301 5260; x_wconf 88' lang='lat' dir='ltr'><strong><em>et</em></strong></span> <span class='ocrx_word' id='word_1_387' title='bbox 1350 5206 1459 5277; x_wconf 86' lang='lat' dir='ltr'><strong><em>ipse</em></strong></span> <span class='ocrx_word' id='word_1_388' title='bbox 1504 5208 1809 5261; x_wconf 90' lang='lat' dir='ltr'><strong><em>consentiret</em></strong></span> <span class='ocrx_word' id='word_1_389' title='bbox 1855 5209 1909 5261; x_wconf 90' lang='lat' dir='ltr'><strong><em>in</em></strong></span> <span class='ocrx_word' id='word_1_390' title='bbox 1939 5209 2042 5275; x_wconf 84' lang='lat' dir='ltr'><strong><em>[ide</em></strong></span> <span class='ocrx_word' id='word_1_391' title='bbox 2094 5220 2139 5265; x_wconf 86' lang='lat' dir='ltr'><strong><em>et</em></strong></span> 
     </span>
    </p>
   </div>
   <div class='ocr_carea' id='block_1_54' title="bbox 548 5296 2141 5373">
    <p class='ocr_par' dir='ltr' id='par_1_54' title="bbox 548 5296 2141 5373">
     <span class='ocr_line' id='line_1_54' title="bbox 548 5296 2141 5373; baseline 0.004 -21"><span class='ocrx_word' id='word_1_392' title='bbox 548 5299 746 5353; x_wconf 87' lang='lat' dir='ltr'><strong><em>decreto</em></strong></span> <span class='ocrx_word' id='word_1_393' title='bbox 774 5296 1042 5354; x_wconf 88' lang='lat' dir='ltr'><strong><em>Paschalis</em></strong></span> <span class='ocrx_word' id='word_1_394' title='bbox 1074 5301 1383 5370; x_wconf 87' lang='lat' dir='ltr'><strong><em>festivitatis.</em></strong></span> <span class='ocrx_word' id='word_1_395' title='bbox 1416 5300 1628 5357; x_wconf 80' lang='lat' dir='ltr'><strong><em>Atille:</em></strong></span> <span class='ocrx_word' id='word_1_396' title='bbox 1651 5300 1818 5366; x_wconf 84' lang='lat' dir='ltr'><strong><em>Nihil,</em></strong></span> <span class='ocrx_word' id='word_1_397' title='bbox 1845 5303 2028 5373; x_wconf 91' lang='lat' dir='ltr'><strong><em>inquit,</em></strong></span> <span class='ocrx_word' id='word_1_398' title='bbox 2044 5320 2141 5358; x_wconf 87' lang='lat' dir='ltr'><strong><em>no-</em></strong></span> 
     </span>
    </p>
   </div>
   <div class='ocr_carea' id='block_1_55' title="bbox 548 5395 2139 5466">
    <p class='ocr_par' dir='ltr' id='par_1_55' title="bbox 548 5395 2139 5466">
     <span class='ocr_line' id='line_1_55' title="bbox 548 5395 2139 5466; baseline 0.003 -19"><span class='ocrx_word' id='word_1_399' title='bbox 548 5395 621 5462; x_wconf 89' lang='lat' dir='ltr'><strong><em>vi,</em></strong></span> <span class='ocrx_word' id='word_1_400' title='bbox 650 5410 680 5448; x_wconf 95' lang='lat' dir='ltr'><strong><em>o</em></strong></span> <span class='ocrx_word' id='word_1_401' title='bbox 714 5396 1012 5463; x_wconf 78' lang='lat' dir='ltr'><strong><em>imperator,</em></strong></span> <span class='ocrx_word' id='word_1_402' title='bbox 1041 5395 1180 5465; x_wconf 89' lang='lat' dir='ltr'><strong><em>quod</em></strong></span> <span class='ocrx_word' id='word_1_403' title='bbox 1207 5395 1434 5466; x_wconf 80' lang='lat' dir='ltr'><strong><em>synodus</em></strong></span> <span class='ocrx_word' id='word_1_404' title='bbox 1462 5395 1705 5465; x_wconf 88' lang='lat' dir='ltr'><strong><em>deﬁnivit.</em></strong></span> <span class='ocrx_word' id='word_1_405' title='bbox 1735 5395 1825 5453; x_wconf 90' lang='lat' dir='ltr'><strong><em>Sic</em></strong></span> <span class='ocrx_word' id='word_1_406' title='bbox 1858 5398 1994 5451; x_wconf 90' lang='lat' dir='ltr'><strong><em>enim</em></strong></span> <span class='ocrx_word' id='word_1_407' title='bbox 2017 5397 2139 5451; x_wconf 86' lang='lat' dir='ltr'><strong><em>olim</em></strong></span> 
     </span>
    </p>
   </div>
   <div class='ocr_carea' id='block_1_56' title="bbox 545 5488 2137 5559">
    <p class='ocr_par' dir='ltr' id='par_1_56' title="bbox 545 5488 2137 5559">
     <span class='ocr_line' id='line_1_56' title="bbox 545 5488 2137 5559; baseline 0.003 -18"><span class='ocrx_word' id='word_1_408' title='bbox 545 5496 593 5541; x_wconf 92' lang='lat' dir='ltr'><strong><em>et</em></strong></span> <span class='ocrx_word' id='word_1_409' title='bbox 619 5504 650 5540; x_wconf 90' lang='lat' dir='ltr'><strong><em>a</em></strong></span> <span class='ocrx_word' id='word_1_410' title='bbox 670 5491 976 5557; x_wconf 85' lang='lat' dir='ltr'><strong><em>temporibus</em></strong></span> <span class='ocrx_word' id='word_1_411' title='bbox 1001 5488 1349 5559; x_wconf 90' lang='lat' dir='ltr'><strong><em>apostolorum</em></strong></span> <span class='ocrx_word' id='word_1_412' title='bbox 1399 5490 1509 5558; x_wconf 80' lang='lat' dir='ltr'><strong><em>ipse</em></strong></span> <span class='ocrx_word' id='word_1_413' title='bbox 1538 5491 1757 5559; x_wconf 87' lang='lat' dir='ltr'><strong><em>percepi,</em></strong></span> <span class='ocrx_word' id='word_1_414' title='bbox 1779 5499 1827 5545; x_wconf 92' lang='lat' dir='ltr'><strong><em>et</em></strong></span> <span class='ocrx_word' id='word_1_415' title='bbox 1868 5492 2137 5545; x_wconf 87' lang='lat' dir='ltr'><strong><em>terminum</em></strong></span> 
     </span>
    </p>
   </div>
   <div class='ocr_carea' id='block_1_57' title="bbox 548 5578 2141 5654">
    <p class='ocr_par' dir='ltr' id='par_1_57' title="bbox 548 5578 2141 5654">
     <span class='ocr_line' id='line_1_57' title="bbox 548 5578 2141 5654; baseline 0.003 -22"><span class='ocrx_word' id='word_1_416' title='bbox 548 5578 691 5649; x_wconf 82' lang='lat' dir='ltr'><strong><em>ﬁdei,</em></strong></span> <span class='ocrx_word' id='word_1_417' title='bbox 723 5590 769 5633; x_wconf 89' lang='lat' dir='ltr'><strong><em>et</em></strong></span> <span class='ocrx_word' id='word_1_418' title='bbox 793 5590 988 5652; x_wconf 88' lang='lat' dir='ltr'><strong><em>tempus</em></strong></span> <span class='ocrx_word' id='word_1_419' title='bbox 1013 5583 1272 5652; x_wconf 87' lang='lat' dir='ltr'><strong><em>paschalis</em></strong></span> <span class='ocrx_word' id='word_1_420' title='bbox 1298 5582 1604 5653; x_wconf 81' lang='lat' dir='ltr'><strong><em>festivitatis.</em></strong></span> <span class='ocrx_word' id='word_1_421' title='bbox 1642 5581 1806 5636; x_wconf 82' lang='lat' dir='ltr'><strong><em>Porro</em></strong></span> <span class='ocrx_word' id='word_1_422' title='bbox 1837 5583 2141 5654; x_wconf 89' lang='lat' dir='ltr'><strong><em>imperatore</em></strong></span> 
     </span>
    </p>
   </div>
   <div class='ocr_carea' id='block_1_58' title="bbox 549 5670 2143 5744">
    <p class='ocr_par' dir='ltr' id='par_1_58' title="bbox 549 5670 2143 5744">
     <span class='ocr_line' id='line_1_58' title="bbox 549 5670 2143 5744; baseline 0.003 -21"><span class='ocrx_word' id='word_1_423' title='bbox 549 5670 716 5724; x_wconf 91' lang='lat' dir='ltr'><strong><em>denuo</em></strong></span> <span class='ocrx_word' id='word_1_424' title='bbox 741 5673 1025 5741; x_wconf 88' lang='lat' dir='ltr'><strong><em>requirente</em></strong></span> <span class='ocrx_word' id='word_1_425' title='bbox 1054 5688 1073 5728; x_wconf 89' lang='lat'><strong><em>:</em></strong></span> <span class='ocrx_word' id='word_1_426' title='bbox 1097 5672 1201 5729; x_wconf 91' lang='lat' dir='ltr'><strong><em>Cur</em></strong></span> <span class='ocrx_word' id='word_1_427' title='bbox 1231 5689 1350 5743; x_wconf 88' lang='lat' dir='ltr'><strong><em>ergo</em></strong></span> <span class='ocrx_word' id='word_1_428' title='bbox 1388 5682 1436 5727; x_wconf 91' lang='lat' dir='ltr'><strong><em>te</em></strong></span> <span class='ocrx_word' id='word_1_429' title='bbox 1462 5689 1495 5727; x_wconf 91' lang='lat' dir='ltr'><strong><em>a</em></strong></span> <span class='ocrx_word' id='word_1_430' title='bbox 1532 5675 1885 5728; x_wconf 86' lang='lat' dir='ltr'><strong><em>communione</em></strong></span> <span class='ocrx_word' id='word_1_431' title='bbox 1906 5675 2143 5744; x_wconf 79' lang='lat' dir='ltr'><strong><em>separas?</em></strong></span> 
     </span>
    </p>
   </div>
   <div class='ocr_carea' id='block_1_59' title="bbox 624 5811 2204 5886">
    <p class='ocr_par' dir='ltr' id='par_1_59' title="bbox 624 5811 2204 5886">
     <span class='ocr_line' id='line_1_59' title="bbox 624 5811 2204 5886; baseline 0.003 -19"><span class='ocrx_word' id='word_1_432' title='bbox 624 5818 651 5886; x_wconf 59' lang='grc' dir='ltr'><strong><em>ξ</em></strong></span> <span class='ocrx_word' id='word_1_433' title='bbox 680 5811 904 5886; x_wconf 61' lang='grc' dir='ltr'><strong><em>ῌίεβιιῑι.</em></strong></span> <span class='ocrx_word' id='word_1_434' title='bbox 926 5812 1190 5886; x_wconf 88' lang='lat' dir='ltr'><strong><em>Cal..lib.</em></strong></span> <span class='ocrx_word' id='word_1_435' title='bbox 1212 5828 1321 5886; x_wconf 52' lang='grc' dir='ltr'>χιε,</span> <span class='ocrx_word' id='word_1_436' title='bbox 1345 5829 1464 5884; x_wconf 82' lang='lat' dir='ltr'><strong><em>cap.</em></strong></span> <span class='ocrx_word' id='word_1_437' title='bbox 1491 5814 1551 5870; x_wconf 71' lang='lat' dir='ltr'><strong><em>bl</em></strong></span> <span class='ocrx_word' id='word_1_438' title='bbox 1575 5831 1590 5881; x_wconf 88' lang='lat'><strong>;</strong></span> <span class='ocrx_word' id='word_1_439' title='bbox 1622 5815 1871 5871; x_wconf 74' lang='lat' dir='ltr'><strong><em>Socrates</em></strong></span> <span class='ocrx_word' id='word_1_440' title='bbox 1930 5828 2025 5881; x_wconf 75' lang='lat' dir='ltr'><strong><em>VII,</em></strong></span> <span class='ocrx_word' id='word_1_441' title='bbox 2082 5825 2204 5886; x_wconf 79' lang='lat' dir='ltr'><strong><em>cap.</em></strong></span> 
     </span>
    </p>
   </div>
   <div class='ocr_carea' id='block_1_60' title="bbox 623 5880 1524 5956">
    <p class='ocr_par' dir='ltr' id='par_1_60' title="bbox 623 5880 1524 5956">
     <span class='ocr_line' id='line_1_60' title="bbox 623 5880 1524 5956; baseline -0.001 -13"><span class='ocrx_word' id='word_1_442' title='bbox 623 5880 652 5926; x_wconf 69' lang='grc' dir='ltr'>δ</span> <span class='ocrx_word' id='word_1_443' title='bbox 683 5880 938 5956; x_wconf 75' lang='lat' dir='ltr'><strong><em>Cedren.,</em></strong></span> <span class='ocrx_word' id='word_1_444' title='bbox 967 5897 1021 5943; x_wconf 90' lang='lat' dir='ltr'><strong><em>et</em></strong></span> <span class='ocrx_word' id='word_1_445' title='bbox 1050 5885 1235 5956; x_wconf 51' lang='lat' dir='ltr'><strong><em>Mart,</em></strong></span> <span class='ocrx_word' id='word_1_446' title='bbox 1266 5880 1524 5943; x_wconf 32' lang='lat' dir='ltr'><strong><em>Eudo’cia.</em></strong></span> 
     </span>
    </p>
   </div>
   <div class='ocr_carea' id='block_1_61' title="bbox 1388 367 2871 430">
    <p class='ocr_par' dir='ltr' id='par_1_61' title="bbox 1388 367 2871 430">
     <span class='ocr_line' id='line_1_61' title="bbox 1388 367 2871 430; baseline -0.001 -2"><span class='ocrx_word' id='word_1_447' title='bbox 1388 370 1591 429; x_wconf 81' lang='lat' dir='ltr'><strong><em>PAULI</em></strong></span> <span class='ocrx_word' id='word_1_448' title='bbox 1628 373 1893 430; x_wconf 81' lang='lat' dir='ltr'><strong><em>DIACONI</em></strong></span> <span class='ocrx_word' id='word_1_449' title='bbox 1938 372 2088 429; x_wconf 82' lang='lat' dir='ltr'><strong><em>OPP.</em></strong></span> <span class='ocrx_word' id='word_1_450' title='bbox 2128 372 2303 429; x_wconf 78' lang='lat' dir='ltr'><strong><em>PARS</em></strong></span> <span class='ocrx_word' id='word_1_451' title='bbox 2340 373 2453 427; x_wconf 88' lang='grc'><strong><em>1.-</em></strong></span> <span class='ocrx_word' id='word_1_452' title='bbox 2490 367 2871 428; x_wconf 77' lang='lat' dir='ltr'><strong><em>IIISTORICA.</em></strong></span> 
     </span>
    </p>
   </div>
   <div class='ocr_carea' id='block_1_62' title="bbox 3625 373 3699 430">
    <p class='ocr_par' dir='ltr' id='par_1_62' title="bbox 3625 373 3699 430">
     <span class='ocr_line' id='line_1_62' title="bbox 3625 373 3699 430; baseline 0 0"><span class='ocrx_word' id='word_1_453' title='bbox 3625 373 3699 430; x_wconf 72' lang='lat'><strong><em>960</em></strong></span> 
     </span>
    </p>
   </div>
   <div class='ocr_carea' id='block_1_63' title="bbox 2165 477 3702 552">
    <p class='ocr_par' dir='ltr' id='par_1_63' title="bbox 2165 477 3702 552">
     <span class='ocr_line' id='line_1_63' title="bbox 2165 477 3702 552; baseline -0.004 -16"><span class='ocrx_word' id='word_1_454' title='bbox 2165 486 2215 546; x_wconf 74' lang='grc' dir='ltr'><strong>Α</strong></span> <span class='ocrx_word' id='word_1_455' title='bbox 2240 482 2326 538; x_wconf 88' lang='lat' dir='ltr'><strong><em>ille</em></strong></span> <span class='ocrx_word' id='word_1_456' title='bbox 2361 501 2419 538; x_wconf 93' lang='lat' dir='ltr'><strong><em>ea</em></strong></span> <span class='ocrx_word' id='word_1_457' title='bbox 2445 499 2558 551; x_wconf 85' lang='lat' dir='ltr'><strong><em>qua</em></strong></span> <span class='ocrx_word' id='word_1_458' title='bbox 2595 483 2687 537; x_wconf 86' lang='lat' dir='ltr'><strong><em>sub</em></strong></span> <span class='ocrx_word' id='word_1_459' title='bbox 2718 480 2874 535; x_wconf 86' lang='lat' dir='ltr'><strong><em>Decio</em></strong></span> <span class='ocrx_word' id='word_1_460' title='bbox 2902 487 3046 552; x_wconf 90' lang='lat' dir='ltr'><strong><em>gesta</em></strong></span> <span class='ocrx_word' id='word_1_461' title='bbox 3081 485 3195 534; x_wconf 90' lang='lat' dir='ltr'><strong><em>sunt</em></strong></span> <span class='ocrx_word' id='word_1_462' title='bbox 3220 477 3473 550; x_wconf 77' lang='lat' dir='ltr'><strong><em>replicauit,</em></strong></span> <span class='ocrx_word' id='word_1_463' title='bbox 3493 490 3531 537; x_wconf 90' lang='lat' dir='ltr'><strong><em>et</em></strong></span> <span class='ocrx_word' id='word_1_464' title='bbox 3557 484 3702 541; x_wconf 76' lang='lat' dir='ltr'><strong><em>subtili.</em></strong></span> 
     </span>
    </p>
   </div>
   <div class='ocr_carea' id='block_1_64' title="bbox 2236 568 3703 645">
    <p class='ocr_par' dir='ltr' id='par_1_64' title="bbox 2236 568 3703 645">
     <span class='ocr_line' id='line_1_64' title="bbox 2236 568 3703 645; baseline 0 -17"><span class='ocrx_word' id='word_1_465' title='bbox 2236 583 2387 629; x_wconf 89' lang='lat' dir='ltr'><strong><em>tatem</em></strong></span> <span class='ocrx_word' id='word_1_466' title='bbox 2416 575 2752 629; x_wconf 84' lang='lat' dir='ltr'><strong><em>acerbissima</em></strong></span> <span class='ocrx_word' id='word_1_467' title='bbox 2776 572 2968 645; x_wconf 88' lang='lat' dir='ltr'><strong><em>regula</em></strong></span> <span class='ocrx_word' id='word_1_468' title='bbox 3023 569 3228 625; x_wconf 72' lang='lat' dir='ltr'><strong><em>deduxit</em></strong></span> <span class='ocrx_word' id='word_1_469' title='bbox 3255 568 3318 622; x_wconf 92' lang='lat' dir='ltr'><strong><em>ad</em></strong></span> <span class='ocrx_word' id='word_1_470' title='bbox 3355 571 3560 642; x_wconf 83' lang='lat' dir='ltr'><strong><em>medium,</em></strong></span> <span class='ocrx_word' id='word_1_471' title='bbox 3582 575 3703 632; x_wconf 79' lang='lat' dir='ltr'><strong><em>dicens</em></strong></span> 
     </span>
    </p>
   </div>
   <div class='ocr_carea' id='block_1_65' title="bbox 2235 664 3705 740">
    <p class='ocr_par' dir='ltr' id='par_1_65' title="bbox 2235 664 3705 740">
     <span class='ocr_line' id='line_1_65' title="bbox 2235 664 3705 740; baseline 0 -17"><span class='ocrx_word' id='word_1_472' title='bbox 2235 670 2352 739; x_wconf 88' lang='lat' dir='ltr'><strong><em>quia</em></strong></span> <span class='ocrx_word' id='word_1_473' title='bbox 2382 686 2481 723; x_wconf 90' lang='lat' dir='ltr'><strong><em>non</em></strong></span> <span class='ocrx_word' id='word_1_474' title='bbox 2511 677 2737 740; x_wconf 90' lang='lat' dir='ltr'><strong><em>oporteat</em></strong></span> <span class='ocrx_word' id='word_1_475' title='bbox 2769 684 2852 721; x_wconf 91' lang='lat' dir='ltr'><strong><em>eos</em></strong></span> <span class='ocrx_word' id='word_1_476' title='bbox 2893 666 2979 736; x_wconf 92' lang='lat' dir='ltr'><strong><em>qui</em></strong></span> <span class='ocrx_word' id='word_1_477' title='bbox 3005 674 3117 736; x_wconf 88' lang='lat' dir='ltr'><strong><em>post</em></strong></span> <span class='ocrx_word' id='word_1_478' title='bbox 3148 664 3381 734; x_wconf 87' lang='lat' dir='ltr'><strong><em>baptisma</em></strong></span> <span class='ocrx_word' id='word_1_479' title='bbox 3419 681 3589 733; x_wconf 86' lang='lat' dir='ltr'><strong><em>peccant</em></strong></span> <span class='ocrx_word' id='word_1_480' title='bbox 3621 686 3705 738; x_wconf 79' lang='lat' dir='ltr'><strong><em>pec-</em></strong></span> 
     </span>
    </p>
   </div>
   <div class='ocr_carea' id='block_1_66' title="bbox 2237 754 3707 828">
    <p class='ocr_par' dir='ltr' id='par_1_66' title="bbox 2237 754 3707 828">
     <span class='ocr_line' id='line_1_66' title="bbox 2237 754 3707 828; baseline -0.001 -13"><span class='ocrx_word' id='word_1_481' title='bbox 2237 754 2512 828; x_wconf 59' lang='lat' dir='ltr'><strong><em>cato&#39;quod</em></strong></span> <span class='ocrx_word' id='word_1_482' title='bbox 2556 761 2624 814; x_wconf 92' lang='lat' dir='ltr'><strong><em>ad</em></strong></span> <span class='ocrx_word' id='word_1_483' title='bbox 2667 770 2879 814; x_wconf 89' lang='lat' dir='ltr'><strong><em>mortem</em></strong></span> <span class='ocrx_word' id='word_1_484' title='bbox 2904 773 3013 813; x_wconf 90' lang='lat' dir='ltr'><strong><em>esse</em></strong></span> <span class='ocrx_word' id='word_1_485' title='bbox 3056 756 3329 825; x_wconf 87' lang='lat' dir='ltr'><strong><em>Scriptura</em></strong></span> <span class='ocrx_word' id='word_1_486' title='bbox 3367 755 3525 809; x_wconf 82' lang='lat' dir='ltr'><strong><em>divina</em></strong></span> <span class='ocrx_word' id='word_1_487' title='bbox 3548 774 3707 826; x_wconf 73' lang='lat' dir='ltr'><strong><em>pronu-</em></strong></span> 
     </span>
    </p>
   </div>
   <div class='ocr_carea' id='block_1_67' title="bbox 2239 848 3709 918">
    <p class='ocr_par' dir='ltr' id='par_1_67' title="bbox 2239 848 3709 918">
     <span class='ocr_line' id='line_1_67' title="bbox 2239 848 3709 918; baseline -0.005 -8"><span class='ocrx_word' id='word_1_488' title='bbox 2239 857 2364 910; x_wconf 92' lang='lat' dir='ltr'><strong><em>tiant</em></strong></span> <span class='ocrx_word' id='word_1_489' title='bbox 2393 855 2848 909; x_wconf 85' lang='lat' dir='ltr'><strong><em>communicatione</em></strong></span> <span class='ocrx_word' id='word_1_490' title='bbox 2885 859 3314 907; x_wconf 88' lang='lat' dir='ltr'><strong><em>sacramentorum</em></strong></span> <span class='ocrx_word' id='word_1_491' title='bbox 3338 848 3437 916; x_wconf 85' lang='lat' dir='ltr'><strong><em>ﬁeri</em></strong></span> <span class='ocrx_word' id='word_1_492' title='bbox 3474 849 3631 918; x_wconf 83' lang='lat' dir='ltr'><strong><em>dignos,</em></strong></span> <span class='ocrx_word' id='word_1_493' title='bbox 3652 851 3709 903; x_wconf 75' lang='lat' dir='ltr'><strong><em>sed</em></strong></span> 
     </span>
    </p>
   </div>
   <div class='ocr_carea' id='block_1_68' title="bbox 2237 942 3711 1019">
    <p class='ocr_par' dir='ltr' id='par_1_68' title="bbox 2237 942 3711 1019">
     <span class='ocr_line' id='line_1_68' title="bbox 2237 942 3711 1019; baseline -0.003 -18"><span class='ocrx_word' id='word_1_494' title='bbox 2237 948 2523 1003; x_wconf 86' lang='lat' dir='ltr'><strong><em>invitandos</em></strong></span> <span class='ocrx_word' id='word_1_495' title='bbox 2544 948 2747 1019; x_wconf 91' lang='lat' dir='ltr'><strong><em>quidem</em></strong></span> <span class='ocrx_word' id='word_1_496' title='bbox 2775 946 2843 1000; x_wconf 93' lang='lat' dir='ltr'><strong><em>ad</em></strong></span> <span class='ocrx_word' id='word_1_497' title='bbox 2868 943 3235 1014; x_wconf 70' lang='lat' dir='ltr'><strong><em>paenitentiam,</em></strong></span> <span class='ocrx_word' id='word_1_498' title='bbox 3265 958 3396 1012; x_wconf 89' lang='lat' dir='ltr'><strong><em>spem</em></strong></span> <span class='ocrx_word' id='word_1_499' title='bbox 3414 957 3511 994; x_wconf 80' lang='lat' dir='ltr'><strong><em>vero</em></strong></span> <span class='ocrx_word' id='word_1_500' title='bbox 3530 942 3711 996; x_wconf 81' lang='lat' dir='ltr'><strong><em>remissio-</em></strong></span> 
     </span>
    </p>
   </div>
   <div class='ocr_carea' id='block_1_69' title="bbox 2239 1034 3711 1106">
    <p class='ocr_par' dir='ltr' id='par_1_69' title="bbox 2239 1034 3711 1106">
     <span class='ocr_line' id='line_1_69' title="bbox 2239 1034 3711 1106; baseline -0.005 -13"><span class='ocrx_word' id='word_1_501' title='bbox 2239 1041 2319 1094; x_wconf 90' lang='lat' dir='ltr'><strong><em>nis</em></strong></span> <span class='ocrx_word' id='word_1_502' title='bbox 2343 1057 2442 1094; x_wconf 93' lang='lat' dir='ltr'><strong><em>non</em></strong></span> <span class='ocrx_word' id='word_1_503' title='bbox 2467 1057 2498 1094; x_wconf 90' lang='lat' dir='ltr'><strong><em>a</em></strong></span> <span class='ocrx_word' id='word_1_504' title='bbox 2524 1039 2892 1106; x_wconf 85' lang='lat' dir='ltr'><strong><em>sacerdotibus,</em></strong></span> <span class='ocrx_word' id='word_1_505' title='bbox 2911 1038 2999 1094; x_wconf 91' lang='lat' dir='ltr'><strong><em>sed</em></strong></span> <span class='ocrx_word' id='word_1_506' title='bbox 3026 1053 3058 1091; x_wconf 91' lang='lat' dir='ltr'><strong><em>a</em></strong></span> <span class='ocrx_word' id='word_1_507' title='bbox 3081 1037 3186 1090; x_wconf 86' lang='lat' dir='ltr'><strong><em>Deo</em></strong></span> <span class='ocrx_word' id='word_1_508' title='bbox 3208 1034 3498 1089; x_wconf 88' lang='lat' dir='ltr'><strong><em>solummodo</em></strong></span> <span class='ocrx_word' id='word_1_509' title='bbox 3515 1035 3711 1099; x_wconf 79' lang='lat' dir='ltr'><strong><em>sustinere,</em></strong></span> 
     </span>
    </p>
   </div>
   <div class='ocr_carea' id='block_1_70' title="bbox 2237 1126 3715 1205">
    <p class='ocr_par' dir='ltr' id='par_1_70' title="bbox 2237 1126 3715 1205">
     <span class='ocr_line' id='line_1_70' title="bbox 2237 1126 3715 1205; baseline -0.005 -17"><span class='ocrx_word' id='word_1_510' title='bbox 2237 1135 2325 1205; x_wconf 88' lang='lat' dir='ltr'><strong><em>qui</em></strong></span> <span class='ocrx_word' id='word_1_511' title='bbox 2356 1144 2653 1205; x_wconf 90' lang='lat' dir='ltr'><strong><em>potestatem</em></strong></span> <span class='ocrx_word' id='word_1_512' title='bbox 2684 1135 2830 1188; x_wconf 90' lang='lat' dir='ltr'><strong><em>habet</em></strong></span> <span class='ocrx_word' id='word_1_513' title='bbox 2851 1141 3057 1205; x_wconf 90' lang='lat' dir='ltr'><strong><em>peccata</em></strong></span> <span class='ocrx_word' id='word_1_514' title='bbox 3079 1131 3339 1183; x_wconf 68' lang='lat' dir='ltr'><strong><em>dimittere.</em></strong></span> <span class='ocrx_word' id='word_1_515' title='bbox 3366 1126 3478 1182; x_wconf 83' lang='lat' dir='ltr'><strong><em>Hac</em></strong></span> <span class='ocrx_word' id='word_1_516' title='bbox 3493 1143 3583 1180; x_wconf 86' lang='lat' dir='ltr'><strong><em>cunt</em></strong></span> <span class='ocrx_word' id='word_1_517' title='bbox 3601 1127 3715 1180; x_wconf 76' lang='lat' dir='ltr'><strong><em>dixit-</em></strong></span> 
     </span>
    </p>
   </div>
   <div class='ocr_carea' id='block_1_71' title="bbox 2239 1215 3716 1294">
    <p class='ocr_par' dir='ltr' id='par_1_71' title="bbox 2239 1215 3716 1294">
     <span class='ocr_line' id='line_1_71' title="bbox 2239 1215 3716 1294; baseline -0.008 -14"><span class='ocrx_word' id='word_1_518' title='bbox 2239 1236 2313 1280; x_wconf 90' lang='lat' dir='ltr'><strong><em>set</em></strong></span> <span class='ocrx_word' id='word_1_519' title='bbox 2345 1227 2574 1292; x_wconf 80' lang='lat' dir='ltr'><strong><em>Acesius,</em></strong></span> <span class='ocrx_word' id='word_1_520' title='bbox 2606 1228 2883 1294; x_wconf 87' lang='lat' dir='ltr'><strong><em>imperator</em></strong></span> <span class='ocrx_word' id='word_1_521' title='bbox 2909 1223 3023 1277; x_wconf 92' lang='lat' dir='ltr'><strong><em>ait:</em></strong></span> <span class='ocrx_word' id='word_1_522' title='bbox 3067 1220 3111 1275; x_wconf 85' lang='lat'><strong><em>0</em></strong></span> <span class='ocrx_word' id='word_1_523' title='bbox 3144 1220 3305 1284; x_wconf 82' lang='lat' dir='ltr'><strong><em>Acesi,</em></strong></span> <span class='ocrx_word' id='word_1_524' title='bbox 3339 1220 3455 1286; x_wconf 82' lang='lat' dir='ltr'><strong><em>porie</em></strong></span> <span class='ocrx_word' id='word_1_525' title='bbox 3501 1215 3716 1278; x_wconf 82' lang='lat' dir='ltr'><strong><em>scalam,et</em></strong></span> 
     </span>
    </p>
   </div>
   <div class='ocr_carea' id='block_1_72' title="bbox 2240 1307 3716 1388">
    <p class='ocr_par' dir='ltr' id='par_1_72' title="bbox 2240 1307 3716 1388">
     <span class='ocr_line' id='line_1_72' title="bbox 2240 1307 3716 1388; baseline -0.007 -17"><span class='ocrx_word' id='word_1_526' title='bbox 2240 1320 2284 1371; x_wconf 93' lang='lat' dir='ltr'><strong><em>si</em></strong></span> <span class='ocrx_word' id='word_1_527' title='bbox 2314 1330 2453 1388; x_wconf 88' lang='lat' dir='ltr'><strong><em>potes</em></strong></span> <span class='ocrx_word' id='word_1_528' title='bbox 2477 1320 2751 1373; x_wconf 87' lang='lat' dir='ltr'><strong><em>ascendere</em></strong></span> <span class='ocrx_word' id='word_1_529' title='bbox 2777 1318 2828 1371; x_wconf 91' lang='lat' dir='ltr'><strong><em>in</em></strong></span> <span class='ocrx_word' id='word_1_530' title='bbox 2853 1317 3035 1371; x_wconf 84' lang='lat' dir='ltr'><strong><em>calum</em></strong></span> <span class='ocrx_word' id='word_1_531' title='bbox 3065 1315 3221 1376; x_wconf 81' lang='lat' dir='ltr'><strong><em>solus,</em></strong></span> <span class='ocrx_word' id='word_1_532' title='bbox 3248 1312 3463 1367; x_wconf 83' lang='lat' dir='ltr'><strong><em>ascende.</em></strong></span> <span class='ocrx_word' id='word_1_533' title='bbox 3489 1309 3620 1381; x_wconf 84' lang='lat' dir='ltr'><strong><em>Igitur</em></strong></span> <span class='ocrx_word' id='word_1_534' title='bbox 3643 1307 3716 1361; x_wconf 83' lang='lat' dir='ltr'><strong><em>Va-</em></strong></span> 
     </span>
    </p>
   </div>
   <div class='ocr_carea' id='block_1_73' title="bbox 2242 1401 3717 1482">
    <p class='ocr_par' dir='ltr' id='par_1_73' title="bbox 2242 1401 3717 1482">
     <span class='ocr_line' id='line_1_73' title="bbox 2242 1401 3717 1482; baseline -0.008 -17"><span class='ocrx_word' id='word_1_535' title='bbox 2242 1412 2554 1466; x_wconf 90' lang='lat' dir='ltr'><strong><em>lentinianus</em></strong></span> <span class='ocrx_word' id='word_1_536' title='bbox 2585 1414 2866 1482; x_wconf 78' lang='lat' dir='ltr'><strong><em>Augustus,</em></strong></span> <span class='ocrx_word' id='word_1_537' title='bbox 2920 1408 3205 1464; x_wconf 85' lang='lat' dir='ltr'><strong><em>Constantii</em></strong></span> <span class='ocrx_word' id='word_1_538' title='bbox 3234 1416 3279 1459; x_wconf 89' lang='lat' dir='ltr'><strong><em>et</em></strong></span> <span class='ocrx_word' id='word_1_539' title='bbox 3335 1403 3485 1458; x_wconf 80' lang='lat' dir='ltr'><strong><em>Galla</em></strong></span> <span class='ocrx_word' id='word_1_540' title='bbox 3527 1402 3646 1471; x_wconf 82' lang='lat' dir='ltr'><strong><em>filius,</em></strong></span> <span class='ocrx_word' id='word_1_541' title='bbox 3672 1401 3717 1454; x_wconf 75' lang='lat' dir='ltr'><strong><em>si</em></strong></span> 
     </span>
    </p>
   </div>
   <div class='ocr_carea' id='block_1_74' title="bbox 2241 1494 3721 1573">
    <p class='ocr_par' dir='ltr' id='par_1_74' title="bbox 2241 1494 3721 1573">
     <span class='ocr_line' id='line_1_74' title="bbox 2241 1494 3721 1573; baseline -0.006 -17"><span class='ocrx_word' id='word_1_542' title='bbox 2241 1501 2582 1557; x_wconf 86' lang='lat' dir='ltr'><strong><em>Theodosium</em></strong></span> <span class='ocrx_word' id='word_1_543' title='bbox 2608 1503 2888 1573; x_wconf 90' lang='lat' dir='ltr'><strong><em>principent</em></strong></span> <span class='ocrx_word' id='word_1_544' title='bbox 2916 1517 3064 1555; x_wconf 89' lang='lat' dir='ltr'><strong><em>suum</em></strong></span> <span class='ocrx_word' id='word_1_545' title='bbox 3091 1498 3433 1553; x_wconf 87' lang='lat' dir='ltr'><strong><em>consobrinum</em></strong></span> <span class='ocrx_word' id='word_1_546' title='bbox 3452 1494 3721 1549; x_wconf 72' lang='lat' dir='ltr'><strong><em>Constantino-</em></strong></span> 
     </span>
    </p>
   </div>
   <div class='ocr_carea' id='block_1_75' title="bbox 2242 1589 3721 1667">
    <p class='ocr_par' dir='ltr' id='par_1_75' title="bbox 2242 1589 3721 1667">
     <span class='ocr_line' id='line_1_75' title="bbox 2242 1589 3721 1667; baseline -0.007 -16"><span class='ocrx_word' id='word_1_547' title='bbox 2242 1595 2398 1667; x_wconf 86' lang='lat' dir='ltr'><strong><em>polim</em></strong></span> <span class='ocrx_word' id='word_1_548' title='bbox 2432 1596 2686 1667; x_wconf 88' lang='lat' dir='ltr'><strong><em>profectus</em></strong></span> <span class='ocrx_word' id='word_1_549' title='bbox 2713 1605 2806 1662; x_wconf 91' lang='lat' dir='ltr'><strong><em>est,</em></strong></span> <span class='ocrx_word' id='word_1_550' title='bbox 2831 1595 3092 1665; x_wconf 88' lang='lat' dir='ltr'><strong><em>ﬁliamque</em></strong></span> <span class='ocrx_word' id='word_1_551' title='bbox 3134 1594 3247 1663; x_wconf 86' lang='lat' dir='ltr'><strong><em>ejus</em></strong></span> <span class='ocrx_word' id='word_1_552' title='bbox 3277 1590 3543 1646; x_wconf 74' lang='lat' dir='ltr'><strong><em>Eudoxium</em></strong></span> <span class='ocrx_word' id='word_1_553' title='bbox 3563 1589 3721 1653; x_wconf 67' lang='lat' dir='ltr'><strong><em>nuntiet,</em></strong></span> 
     </span>
    </p>
   </div>
   <div class='ocr_carea' id='block_1_76' title="bbox 2241 1683 3725 1758">
    <p class='ocr_par' dir='ltr' id='par_1_76' title="bbox 2241 1683 3725 1758">
     <span class='ocr_line' id='line_1_76' title="bbox 2241 1683 3725 1758; baseline -0.005 -17"><span class='ocrx_word' id='word_1_554' title='bbox 2241 1705 2395 1758; x_wconf 87' lang='lat' dir='ltr'><strong><em>quant</em></strong></span> <span class='ocrx_word' id='word_1_555' title='bbox 2424 1688 2519 1741; x_wconf 88' lang='lat' dir='ltr'><strong><em>sibi</em></strong></span> <span class='ocrx_word' id='word_1_556' title='bbox 2546 1687 2573 1726; x_wconf 72' lang='grc' dir='ltr'><strong><em>ι)</em></strong></span> <span class='ocrx_word' id='word_1_557' title='bbox 2604 1685 2845 1741; x_wconf 75' lang='lat' dir='ltr'><strong><em>Eudoxio</em></strong></span> <span class='ocrx_word' id='word_1_558' title='bbox 2875 1695 3142 1758; x_wconf 88' lang='lat' dir='ltr'><strong><em>genuerat,</em></strong></span> <span class='ocrx_word' id='word_1_559' title='bbox 3171 1686 3224 1738; x_wconf 90' lang='lat' dir='ltr'><strong><em>in</em></strong></span> <span class='ocrx_word' id='word_1_560' title='bbox 3254 1683 3589 1737; x_wconf 81' lang='lat' dir='ltr'><strong><em>matrimonium</em></strong></span> <span class='ocrx_word' id='word_1_561' title='bbox 3617 1695 3725 1734; x_wconf 81' lang='lat' dir='ltr'><strong><em>acce-</em></strong></span> 
     </span>
    </p>
   </div>
   <div class='ocr_carea' id='block_1_77' title="bbox 2244 1771 3723 1850">
    <p class='ocr_par' dir='ltr' id='par_1_77' title="bbox 2244 1771 3723 1850">
     <span class='ocr_line' id='line_1_77' title="bbox 2244 1771 3723 1850; baseline -0.005 -18"><span class='ocrx_word' id='word_1_562' title='bbox 2244 1782 2342 1850; x_wconf 88' lang='lat' dir='ltr'><strong><em>pit,</em></strong></span> <span class='ocrx_word' id='word_1_563' title='bbox 2370 1792 2417 1834; x_wconf 89' lang='lat' dir='ltr'><strong><em>et</em></strong></span> <span class='ocrx_word' id='word_1_564' title='bbox 2461 1777 2681 1833; x_wconf 87' lang='lat' dir='ltr'><strong><em>Romam</em></strong></span> <span class='ocrx_word' id='word_1_565' title='bbox 2709 1778 2884 1845; x_wconf 85' lang='lat' dir='ltr'><strong><em>rediit,</em></strong></span> <span class='ocrx_word' id='word_1_566' title='bbox 2917 1778 3189 1833; x_wconf 87' lang='lat' dir='ltr'><strong><em>consulatu</em></strong></span> <span class='ocrx_word' id='word_1_567' title='bbox 3219 1775 3429 1831; x_wconf 86' lang='lat' dir='ltr'><strong><em>Isiodori</em></strong></span> <span class='ocrx_word' id='word_1_568' title='bbox 3455 1782 3494 1827; x_wconf 90' lang='lat' dir='ltr'><strong><em>et</em></strong></span> <span class='ocrx_word' id='word_1_569' title='bbox 3516 1771 3723 1827; x_wconf 81' lang='lat' dir='ltr'><strong><em>Senatoris.</em></strong></span> 
     </span>
    </p>
   </div>
   <div class='ocr_carea' id='block_1_78' title="bbox 2172 1860 3723 1938">
    <p class='ocr_par' dir='ltr' id='par_1_78' title="bbox 2172 1860 3723 1938">
     <span class='ocr_line' id='line_1_78' title="bbox 2172 1860 3723 1938; baseline -0.01 -9"><span class='ocrx_word' id='word_1_570' title='bbox 2172 1860 2216 1921; x_wconf 79' lang='grc' dir='ltr'>Β</span> <span class='ocrx_word' id='word_1_571' title='bbox 2244 1870 2489 1928; x_wconf 82' lang='lat' dir='ltr'><strong><em>Sequenti</em></strong></span> <span class='ocrx_word' id='word_1_572' title='bbox 2516 1888 2632 1926; x_wconf 91' lang='lat' dir='ltr'><strong><em>vero</em></strong></span> <span class='ocrx_word' id='word_1_573' title='bbox 2660 1888 2794 1926; x_wconf 88' lang='lat' dir='ltr'><strong><em>anno</em></strong></span> <span class='ocrx_word' id='word_1_574' title='bbox 2845 1870 3160 1925; x_wconf 85' lang='lat' dir='ltr'><strong><em>Theodosius</em></strong></span> <span class='ocrx_word' id='word_1_575' title='bbox 3202 1870 3466 1938; x_wconf 82' lang='lat' dir='ltr'><strong><em>imperator</em></strong></span> <span class='ocrx_word' id='word_1_576' title='bbox 3506 1863 3723 1917; x_wconf 67' lang='lat' dir='ltr'><strong><em>Eudoxio:</em></strong></span> 
     </span>
    </p>
   </div>
   <div class='ocr_carea' id='block_1_79' title="bbox 2249 1955 3727 2034">
    <p class='ocr_par' dir='ltr' id='par_1_79' title="bbox 2249 1955 3727 2034">
     <span class='ocr_line' id='line_1_79' title="bbox 2249 1955 3727 2034; baseline -0.005 -17"><span class='ocrx_word' id='word_1_577' title='bbox 2249 1979 2459 2018; x_wconf 70' lang='lat' dir='ltr'><strong><em>uxorem</em></strong></span> <span class='ocrx_word' id='word_1_578' title='bbox 2490 1980 2638 2017; x_wconf 90' lang='lat' dir='ltr'><strong><em>suam</em></strong></span> <span class='ocrx_word' id='word_1_579' title='bbox 2684 1961 3061 2034; x_wconf 81' lang='lat' dir='ltr'><strong><em>Jerosolyntam</em></strong></span> <span class='ocrx_word' id='word_1_580' title='bbox 3111 1963 3254 2015; x_wconf 86' lang='lat' dir='ltr'><strong><em>misit</em></strong></span> <span class='ocrx_word' id='word_1_581' title='bbox 3306 1958 3539 2034; x_wconf 81' lang='lat' dir='ltr'><strong><em>gratiﬁcos</em></strong></span> <span class='ocrx_word' id='word_1_582' title='bbox 3578 1955 3727 2024; x_wconf 66' lang='lat' dir='ltr'><strong><em>hymno:</em></strong></span> 
     </span>
    </p>
   </div>
   <div class='ocr_carea' id='block_1_80' title="bbox 2245 2046 3728 2127">
    <p class='ocr_par' dir='ltr' id='par_1_80' title="bbox 2245 2046 3728 2127">
     <span class='ocr_line' id='line_1_80' title="bbox 2245 2046 3728 2127; baseline -0.007 -17"><span class='ocrx_word' id='word_1_583' title='bbox 2245 2056 2528 2110; x_wconf 87' lang='lat' dir='ltr'><strong><em>oblaturam</em></strong></span> <span class='ocrx_word' id='word_1_584' title='bbox 2568 2057 2697 2111; x_wconf 91' lang='lat' dir='ltr'><strong><em>Deo.</em></strong></span> <span class='ocrx_word' id='word_1_585' title='bbox 2730 2056 2856 2122; x_wconf 79' lang='lat' dir='ltr'><strong><em>Qua</em></strong></span> <span class='ocrx_word' id='word_1_586' title='bbox 2905 2056 3127 2127; x_wconf 90' lang='lat' dir='ltr'><strong><em>plurima</em></strong></span> <span class='ocrx_word' id='word_1_587' title='bbox 3168 2055 3306 2110; x_wconf 89' lang='lat' dir='ltr'><strong><em>dona</em></strong></span> <span class='ocrx_word' id='word_1_588' title='bbox 3332 2052 3536 2108; x_wconf 87' lang='lat' dir='ltr'><strong><em>ecclesiis</em></strong></span> <span class='ocrx_word' id='word_1_589' title='bbox 3558 2046 3728 2111; x_wconf 82' lang='lat' dir='ltr'><strong><em>contulit,</em></strong></span> 
     </span>
    </p>
   </div>
   <div class='ocr_carea' id='block_1_81' title="bbox 2244 2140 3731 2218">
    <p class='ocr_par' dir='ltr' id='par_1_81' title="bbox 2244 2140 3731 2218">
     <span class='ocr_line' id='line_1_81' title="bbox 2244 2140 3731 2218; baseline -0.008 -17"><span class='ocrx_word' id='word_1_590' title='bbox 2244 2157 2293 2201; x_wconf 87' lang='lat' dir='ltr'><strong><em>et</em></strong></span> <span class='ocrx_word' id='word_1_591' title='bbox 2321 2148 2553 2201; x_wconf 86' lang='lat' dir='ltr'><strong><em>adoratis</em></strong></span> <span class='ocrx_word' id='word_1_592' title='bbox 2597 2158 2701 2200; x_wconf 90' lang='lat' dir='ltr'><strong><em>tam</em></strong></span> <span class='ocrx_word' id='word_1_593' title='bbox 2729 2157 2907 2202; x_wconf 89' lang='lat' dir='ltr'><strong><em>sancta</em></strong></span> <span class='ocrx_word' id='word_1_594' title='bbox 2934 2164 3102 2216; x_wconf 90' lang='lat' dir='ltr'><strong><em>cruce,</em></strong></span> <span class='ocrx_word' id='word_1_595' title='bbox 3134 2163 3287 2218; x_wconf 91' lang='lat' dir='ltr'><strong><em>quam</em></strong></span> <span class='ocrx_word' id='word_1_596' title='bbox 3317 2142 3521 2199; x_wconf 87' lang='lat' dir='ltr'><strong><em>colendis</em></strong></span> <span class='ocrx_word' id='word_1_597' title='bbox 3550 2140 3658 2201; x_wconf 87' lang='lat' dir='ltr'><strong><em>locis,</em></strong></span> <span class='ocrx_word' id='word_1_598' title='bbox 3679 2152 3731 2189; x_wconf 75' lang='lat' dir='ltr'><strong><em>re-</em></strong></span> 
     </span>
    </p>
   </div>
   <div class='ocr_carea' id='block_1_82' title="bbox 2244 2229 3733 2311">
    <p class='ocr_par' dir='ltr' id='par_1_82' title="bbox 2244 2229 3733 2311">
     <span class='ocr_line' id='line_1_82' title="bbox 2244 2229 3733 2311; baseline -0.007 -19"><span class='ocrx_word' id='word_1_599' title='bbox 2244 2256 2386 2293; x_wconf 87' lang='lat' dir='ltr'><strong><em>versa</em></strong></span> <span class='ocrx_word' id='word_1_600' title='bbox 2399 2249 2471 2293; x_wconf 87' lang='lat' dir='ltr'><strong><em>est</em></strong></span> <span class='ocrx_word' id='word_1_601' title='bbox 2494 2240 2563 2293; x_wconf 92' lang='lat' dir='ltr'><strong><em>ad</em></strong></span> <span class='ocrx_word' id='word_1_602' title='bbox 2584 2242 2802 2311; x_wconf 88' lang='lat' dir='ltr'><strong><em>regalia.</em></strong></span> <span class='ocrx_word' id='word_1_603' title='bbox 2833 2239 3117 2311; x_wconf 83' lang='lat' dir='ltr'><strong><em>Trigesimo</em></strong></span> <span class='ocrx_word' id='word_1_604' title='bbox 3149 2238 3335 2294; x_wconf 88' lang='lat' dir='ltr'><strong><em>deinde</em></strong></span> <span class='ocrx_word' id='word_1_605' title='bbox 3362 2235 3542 2303; x_wconf 89' lang='lat' dir='ltr'><strong><em>imperii</em></strong></span> <span class='ocrx_word' id='word_1_606' title='bbox 3568 2229 3733 2285; x_wconf 76' lang='lat' dir='ltr'><strong><em>Theode-</em></strong></span> 
     </span>
    </p>
   </div>
   <div class='ocr_carea' id='block_1_83' title="bbox 2242 2319 3730 2406">
    <p class='ocr_par' dir='ltr' id='par_1_83' title="bbox 2242 2319 3730 2406">
     <span class='ocr_line' id='line_1_83' title="bbox 2242 2319 3730 2406; baseline -0.011 -18"><span class='ocrx_word' id='word_1_607' title='bbox 2242 2335 2306 2388; x_wconf 91' lang='lat' dir='ltr'><strong><em>sii</em></strong></span> <span class='ocrx_word' id='word_1_608' title='bbox 2327 2351 2483 2398; x_wconf 91' lang='lat' dir='ltr'><strong><em>anno,</em></strong></span> <span class='ocrx_word' id='word_1_609' title='bbox 2515 2344 2833 2389; x_wconf 87' lang='lat' dir='ltr'><strong><em>terramotus</em></strong></span> <span class='ocrx_word' id='word_1_610' title='bbox 2862 2336 3034 2406; x_wconf 87' lang='lat' dir='ltr'><strong><em>magni</em></strong></span> <span class='ocrx_word' id='word_1_611' title='bbox 3061 2334 3189 2405; x_wconf 88' lang='lat' dir='ltr'><strong><em>facti</em></strong></span> <span class='ocrx_word' id='word_1_612' title='bbox 3220 2340 3337 2386; x_wconf 89' lang='lat' dir='ltr'><strong><em>sunt</em></strong></span> <span class='ocrx_word' id='word_1_613' title='bbox 3378 2319 3730 2390; x_wconf 79' lang='lat' dir='ltr'><strong><em>Constantinopoli</em></strong></span> 
     </span>
    </p>
   </div>
   <div class='ocr_carea' id='block_1_84' title="bbox 2243 2418 3735 2497">
    <p class='ocr_par' dir='ltr' id='par_1_84' title="bbox 2243 2418 3735 2497">
     <span class='ocr_line' id='line_1_84' title="bbox 2243 2418 3735 2497; baseline -0.015 -13"><span class='ocrx_word' id='word_1_614' title='bbox 2243 2443 2333 2495; x_wconf 81' lang='lat' dir='ltr'><strong><em>per</em></strong></span> <span class='ocrx_word' id='word_1_615' title='bbox 2379 2436 2601 2497; x_wconf 90' lang='lat' dir='ltr'><strong><em>quatuor</em></strong></span> <span class='ocrx_word' id='word_1_616' title='bbox 2630 2444 2843 2495; x_wconf 90' lang='lat' dir='ltr'><strong><em>menses,</em></strong></span> <span class='ocrx_word' id='word_1_617' title='bbox 2896 2428 2969 2483; x_wconf 89' lang='lat' dir='ltr'><strong><em>ita</em></strong></span> <span class='ocrx_word' id='word_1_618' title='bbox 3020 2438 3075 2481; x_wconf 90' lang='lat' dir='ltr'><strong><em>ut</em></strong></span> <span class='ocrx_word' id='word_1_619' title='bbox 3123 2427 3355 2480; x_wconf 87' lang='lat' dir='ltr'><strong><em>timentes</em></strong></span> <span class='ocrx_word' id='word_1_620' title='bbox 3400 2418 3603 2491; x_wconf 76' lang='lat' dir='ltr'><strong><em>Byzantii</em></strong></span> <span class='ocrx_word' id='word_1_621' title='bbox 3639 2422 3735 2467; x_wconf 72' lang='lat' dir='ltr'><strong><em>eam</em></strong></span> 
     </span>
    </p>
   </div>
   <div class='ocr_carea' id='block_1_85' title="bbox 2242 2518 3833 2604">
    <p class='ocr_par' dir='ltr' id='par_1_85' title="bbox 2242 2518 3833 2604">
     <span class='ocr_line' id='line_1_85' title="bbox 2242 2518 3833 2604; baseline -0.011 -26"><span class='ocrx_word' id='word_1_622' title='bbox 2242 2524 2494 2579; x_wconf 90' lang='lat' dir='ltr'><strong><em>civitatem</em></strong></span> <span class='ocrx_word' id='word_1_623' title='bbox 2526 2526 2577 2579; x_wconf 91' lang='lat' dir='ltr'><strong><em>in</em></strong></span> <span class='ocrx_word' id='word_1_624' title='bbox 2619 2526 2730 2580; x_wconf 90' lang='lat' dir='ltr'><strong><em>loco</em></strong></span> <span class='ocrx_word' id='word_1_625' title='bbox 2770 2523 2859 2595; x_wconf 91' lang='lat' dir='ltr'><strong><em>qui</em></strong></span> <span class='ocrx_word' id='word_1_626' title='bbox 2886 2521 3074 2576; x_wconf 87' lang='lat' dir='ltr'><strong><em>dicitur</em></strong></span> <span class='ocrx_word' id='word_1_627' title='bbox 3112 2518 3338 2589; x_wconf 89' lang='lat' dir='ltr'><strong><em>Campus</em></strong></span> <span class='ocrx_word' id='word_1_628' title='bbox 3386 2521 3533 2569; x_wconf 82' lang='lat' dir='ltr'><strong><em>essent</em></strong></span> <span class='ocrx_word' id='word_1_629' title='bbox 3832 2534 3833 2537; x_wconf 54' lang='grc' dir='ltr'><strong>η</strong></span> 
     </span>
    </p>
   </div>
   <div class='ocr_carea' id='block_1_86' title="bbox 2240 2601 3737 2686">
    <p class='ocr_par' dir='ltr' id='par_1_86' title="bbox 2240 2601 3737 2686">
     <span class='ocr_line' id='line_1_86' title="bbox 2240 2601 3737 2686; baseline -0.015 -16"><span class='ocrx_word' id='word_1_630' title='bbox 2240 2628 2410 2671; x_wconf 85' lang='lat' dir='ltr'><strong><em>rantes</em></strong></span> <span class='ocrx_word' id='word_1_631' title='bbox 2439 2635 2542 2671; x_wconf 89' lang='lat' dir='ltr'><strong><em>una</em></strong></span> <span class='ocrx_word' id='word_1_632' title='bbox 2567 2634 2687 2671; x_wconf 88' lang='lat' dir='ltr'><strong><em>cum</em></strong></span> <span class='ocrx_word' id='word_1_633' title='bbox 2717 2619 2956 2686; x_wconf 88' lang='lat' dir='ltr'><strong><em>episcopo</em></strong></span> <span class='ocrx_word' id='word_1_634' title='bbox 2980 2613 3048 2669; x_wconf 93' lang='lat' dir='ltr'><strong><em>ad</em></strong></span> <span class='ocrx_word' id='word_1_635' title='bbox 3090 2610 3261 2666; x_wconf 91' lang='lat' dir='ltr'><strong><em>Deum</em></strong></span> <span class='ocrx_word' id='word_1_636' title='bbox 3292 2606 3511 2678; x_wconf 89' lang='lat' dir='ltr'><strong><em>precibus</em></strong></span> <span class='ocrx_word' id='word_1_637' title='bbox 3544 2611 3581 2655; x_wconf 88' lang='lat' dir='ltr'><strong><em>et</em></strong></span> <span class='ocrx_word' id='word_1_638' title='bbox 3604 2601 3737 2653; x_wconf 79' lang='lat' dir='ltr'><strong><em>litantis</em></strong></span> 
     </span>
    </p>
   </div>
   <div class='ocr_carea' id='block_1_87' title="bbox 2239 2692 3737 2780">
    <p class='ocr_par' dir='ltr' id='par_1_87' title="bbox 2239 2692 3737 2780">
     <span class='ocr_line' id='line_1_87' title="bbox 2239 2692 3737 2780; baseline -0.015 -18"><span class='ocrx_word' id='word_1_639' title='bbox 2239 2710 2589 2780; x_wconf 87' lang='lat' dir='ltr'><strong><em>vaciferantes.</em></strong></span> <span class='ocrx_word' id='word_1_640' title='bbox 2647 2707 2886 2774; x_wconf 83' lang='lat' dir='ltr'><strong><em>Quadam</em></strong></span> <span class='ocrx_word' id='word_1_641' title='bbox 2938 2722 3059 2776; x_wconf 88' lang='lat' dir='ltr'><strong><em>ergo</em></strong></span> <span class='ocrx_word' id='word_1_642' title='bbox 3110 2704 3196 2757; x_wconf 88' lang='lat' dir='ltr'><strong><em>die</em></strong></span> <span class='ocrx_word' id='word_1_643' title='bbox 3243 2702 3509 2772; x_wconf 84' lang='lat' dir='ltr'><strong><em>fluctuante</em></strong></span> <span class='ocrx_word' id='word_1_644' title='bbox 3551 2692 3737 2780; x_wconf 55' lang='lat' dir='ltr'><strong><em>terrast</em></strong></span> 
     </span>
    </p>
   </div>
   <div class='ocr_carea' id='block_1_88' title="bbox 2241 2778 3835 2881">
    <p class='ocr_par' dir='ltr' id='par_1_88' title="bbox 2241 2778 3835 2881">
     <span class='ocr_line' id='line_1_88' title="bbox 2241 2778 3835 2881; baseline -0.008 -27"><span class='ocrx_word' id='word_1_645' title='bbox 2241 2778 2377 2854; x_wconf 83' lang='lat' dir='ltr'><strong><em>omni</em></strong></span> <span class='ocrx_word' id='word_1_646' title='bbox 2406 2800 2548 2869; x_wconf 86' lang='lat' dir='ltr'><strong><em>plebe</em></strong></span> <span class='ocrx_word' id='word_1_647' title='bbox 2575 2800 2818 2854; x_wconf 85' lang='lat' dir='ltr'><strong><em>attentius</em></strong></span> <span class='ocrx_word' id='word_1_648' title='bbox 2848 2799 3098 2852; x_wconf 87' lang='lat' dir='ltr'><strong><em>clamante</em></strong></span> <span class='ocrx_word' id='word_1_649' title='bbox 3126 2798 3282 2872; x_wconf 78' lang='grc' dir='ltr'><strong><em>Χύριι</em></strong></span> <span class='ocrx_word' id='word_1_650' title='bbox 3318 2794 3526 2852; x_wconf 74' lang='grc' dir='ltr'><strong><em>ἐλέησον,</em></strong></span> <span class='ocrx_word' id='word_1_651' title='bbox 3550 2784 3655 2881; x_wconf 60' lang='lat' dir='ltr'><strong><em>cith</em></strong></span> <span class='ocrx_word' id='word_1_652' title='bbox 3676 2778 3739 2879; x_wconf 58' lang='grc' dir='ltr'><strong><em>Ῐιξθο</em></strong></span> <span class='ocrx_word' id='word_1_653' title='bbox 3834 2838 3835 2857; x_wconf 22' lang='lat'>1</span> 
     </span>
    </p>
   </div>
   <div class='ocr_carea' id='block_1_89' title="bbox 2236 2876 3740 2957">
    <p class='ocr_par' dir='ltr' id='par_1_89' title="bbox 2236 2876 3740 2957">
     <span class='ocr_line' id='line_1_89' title="bbox 2236 2876 3740 2957; baseline -0.017 -13"><span class='ocrx_word' id='word_1_654' title='bbox 2236 2908 2347 2945; x_wconf 90' lang='lat' dir='ltr'><strong><em>ram</em></strong></span> <span class='ocrx_word' id='word_1_655' title='bbox 2374 2892 2603 2957; x_wconf 83' lang='lat' dir='ltr'><strong><em>tertiam,</em></strong></span> <span class='ocrx_word' id='word_1_656' title='bbox 2631 2891 2865 2945; x_wconf 86' lang='lat' dir='ltr'><strong><em>omnibus</em></strong></span> <span class='ocrx_word' id='word_1_657' title='bbox 2892 2887 3205 2953; x_wconf 86' lang='lat' dir='ltr'><strong><em>videntibus,</em></strong></span> <span class='ocrx_word' id='word_1_658' title='bbox 3242 2903 3275 2938; x_wconf 94' lang='lat' dir='ltr'><strong><em>a</em></strong></span> <span class='ocrx_word' id='word_1_659' title='bbox 3303 2883 3469 2936; x_wconf 80' lang='lat' dir='ltr'><strong><em>dicina</em></strong></span> <span class='ocrx_word' id='word_1_660' title='bbox 3489 2876 3658 2943; x_wconf 84' lang='lat' dir='ltr'><strong><em>contigit</em></strong></span> <span class='ocrx_word' id='word_1_661' title='bbox 3676 2876 3740 2921; x_wconf 60' lang='lat' dir='ltr'><strong><em>nr.</em></strong></span> 
     </span>
    </p>
   </div>
   <div class='ocr_carea' id='block_1_90' title="bbox 2237 2976 3741 3056">
    <p class='ocr_par' dir='ltr' id='par_1_90' title="bbox 2237 2976 3741 3056">
     <span class='ocr_line' id='line_1_90' title="bbox 2237 2976 3741 3056; baseline -0.011 -18"><span class='ocrx_word' id='word_1_662' title='bbox 2237 2995 2341 3039; x_wconf 89' lang='lat' dir='ltr'><strong><em>tute</em></strong></span> <span class='ocrx_word' id='word_1_663' title='bbox 2366 2985 2567 3040; x_wconf 89' lang='lat' dir='ltr'><strong><em>sustolli</em></strong></span> <span class='ocrx_word' id='word_1_664' title='bbox 2592 2985 2862 3056; x_wconf 87' lang='lat' dir='ltr'><strong><em>quemdam</em></strong></span> <span class='ocrx_word' id='word_1_665' title='bbox 2882 2981 3327 3037; x_wconf 87' lang='lat' dir='ltr'><strong><em>adolescentulum</em></strong></span> <span class='ocrx_word' id='word_1_666' title='bbox 3354 2978 3405 3031; x_wconf 89' lang='lat' dir='ltr'><strong><em>in</em></strong></span> <span class='ocrx_word' id='word_1_667' title='bbox 3436 2988 3602 3032; x_wconf 81' lang='lat' dir='ltr'><strong><em>aerem.</em></strong></span> <span class='ocrx_word' id='word_1_668' title='bbox 3631 2976 3664 3021; x_wconf 84' lang='lat' dir='ltr'><strong><em>et</em></strong></span> <span class='ocrx_word' id='word_1_669' title='bbox 3684 2978 3741 3015; x_wconf 77' lang='grc' dir='ltr'><strong><em>αι·</em></strong></span> 
     </span>
    </p>
   </div>
   <div class='ocr_carea' id='block_1_91' title="bbox 2238 3071 3744 3140">
    <p class='ocr_par' dir='ltr' id='par_1_91' title="bbox 2238 3071 3744 3140">
     <span class='ocr_line' id='line_1_91' title="bbox 2238 3071 3744 3140; baseline -0.009 -10"><span class='ocrx_word' id='word_1_670' title='bbox 2238 3079 2341 3132; x_wconf 85' lang='lat' dir='ltr'><strong><em>diri</em></strong></span> <span class='ocrx_word' id='word_1_671' title='bbox 2370 3079 2598 3133; x_wconf 90' lang='lat' dir='ltr'><strong><em>divinam</em></strong></span> <span class='ocrx_word' id='word_1_672' title='bbox 2628 3094 2797 3133; x_wconf 88' lang='lat' dir='ltr'><strong><em>vocem</em></strong></span> <span class='ocrx_word' id='word_1_673' title='bbox 2827 3079 3189 3131; x_wconf 91' lang='lat' dir='ltr'><strong><em>admonentem</em></strong></span> <span class='ocrx_word' id='word_1_674' title='bbox 3226 3089 3343 3128; x_wconf 90' lang='lat' dir='ltr'><strong><em>eum</em></strong></span> <span class='ocrx_word' id='word_1_675' title='bbox 3384 3071 3597 3140; x_wconf 88' lang='lat' dir='ltr'><strong><em>episcopo</em></strong></span> <span class='ocrx_word' id='word_1_676' title='bbox 3618 3078 3661 3115; x_wconf 82' lang='lat' dir='ltr'><strong><em>ac</em></strong></span> <span class='ocrx_word' id='word_1_677' title='bbox 3684 3072 3744 3126; x_wconf 73' lang='grc' dir='ltr'><strong><em>ρο·</em></strong></span> 
     </span>
    </p>
   </div>
   <div class='ocr_carea' id='block_1_92' title="bbox 2237 3159 3741 3252">
    <p class='ocr_par' dir='ltr' id='par_1_92' title="bbox 2237 3159 3741 3252">
     <span class='ocr_line' id='line_1_92' title="bbox 2237 3159 3741 3252; baseline -0.013 -26"><span class='ocrx_word' id='word_1_678' title='bbox 2237 3174 2359 3243; x_wconf 88' lang='lat' dir='ltr'><strong><em>pulo</em></strong></span> <span class='ocrx_word' id='word_1_679' title='bbox 2405 3175 2643 3228; x_wconf 90' lang='lat' dir='ltr'><strong><em>nuntiare</em></strong></span> <span class='ocrx_word' id='word_1_680' title='bbox 2691 3184 2746 3227; x_wconf 91' lang='lat' dir='ltr'><strong><em>ut</em></strong></span> <span class='ocrx_word' id='word_1_681' title='bbox 2796 3172 3001 3226; x_wconf 87' lang='lat' dir='ltr'><strong><em>litanias</em></strong></span> <span class='ocrx_word' id='word_1_682' title='bbox 3050 3172 3122 3225; x_wconf 92' lang='lat' dir='ltr'><strong><em>sic</em></strong></span> <span class='ocrx_word' id='word_1_683' title='bbox 3176 3169 3406 3239; x_wconf 84' lang='lat' dir='ltr'><strong><em>facerent</em></strong></span> <span class='ocrx_word' id='word_1_684' title='bbox 3465 3173 3507 3217; x_wconf 92' lang='lat' dir='ltr'><strong><em>et</em></strong></span> <span class='ocrx_word' id='word_1_685' title='bbox 3542 3159 3741 3252; x_wconf 65' lang='lat' dir='ltr'><strong><em>dicerent:</em></strong></span> 
     </span>
    </p>
   </div>
   <div class='ocr_carea' id='block_1_93' title="bbox 2242 3244 3745 3334">
    <p class='ocr_par' dir='ltr' id='par_1_93' title="bbox 2242 3244 3745 3334">
     <span class='ocr_line' id='line_1_93' title="bbox 2242 3244 3745 3334; baseline -0.017 -14"><span class='ocrx_word' id='word_1_686' title='bbox 2242 3266 2464 3320; x_wconf 83' lang='lat' dir='ltr'><strong><em>Sanctus</em></strong></span> <span class='ocrx_word' id='word_1_687' title='bbox 2508 3266 2664 3331; x_wconf 87' lang='lat' dir='ltr'><strong><em>Deus,</em></strong></span> <span class='ocrx_word' id='word_1_688' title='bbox 2720 3264 2945 3320; x_wconf 88' lang='lat' dir='ltr'><strong><em>Sanctus</em></strong></span> <span class='ocrx_word' id='word_1_689' title='bbox 3004 3263 3177 3334; x_wconf 86' lang='lat' dir='ltr'><strong><em>fortis,</em></strong></span> <span class='ocrx_word' id='word_1_690' title='bbox 3233 3260 3456 3317; x_wconf 85' lang='lat' dir='ltr'><strong><em>Sanctus</em></strong></span> <span class='ocrx_word' id='word_1_691' title='bbox 3501 3244 3745 3307; x_wconf 76' lang='lat' dir='ltr'><strong><em>immortalis,</em></strong></span> 
     </span>
    </p>
   </div>
   <div class='ocr_carea' id='block_1_94' title="bbox 2240 3343 3747 3425">
    <p class='ocr_par' dir='ltr' id='par_1_94' title="bbox 2240 3343 3747 3425">
     <span class='ocr_line' id='line_1_94' title="bbox 2240 3343 3747 3425; baseline -0.012 -16"><span class='ocrx_word' id='word_1_692' title='bbox 2240 3361 2475 3411; x_wconf 87' lang='lat' dir='ltr'><strong><em>miserere</em></strong></span> <span class='ocrx_word' id='word_1_693' title='bbox 2513 3359 2678 3421; x_wconf 88' lang='lat' dir='ltr'><strong><em>nobis,</em></strong></span> <span class='ocrx_word' id='word_1_694' title='bbox 2711 3356 2843 3411; x_wconf 88' lang='lat' dir='ltr'><strong><em>nihil</em></strong></span> <span class='ocrx_word' id='word_1_695' title='bbox 2871 3354 3017 3410; x_wconf 87' lang='lat' dir='ltr'><strong><em>aliud</em></strong></span> <span class='ocrx_word' id='word_1_696' title='bbox 3047 3360 3391 3425; x_wconf 81' lang='lat' dir='ltr'><strong><em>opponentes.</em></strong></span> <span class='ocrx_word' id='word_1_697' title='bbox 3420 3343 3615 3402; x_wconf 82' lang='lat' dir='ltr'><strong><em>Proclus</em></strong></span> <span class='ocrx_word' id='word_1_698' title='bbox 3632 3345 3747 3392; x_wconf 67' lang='lat' dir='ltr'><strong><em>esten</em></strong></span> 
     </span>
    </p>
   </div>
   <div class='ocr_carea' id='block_1_95' title="bbox 2239 3429 3749 3520">
    <p class='ocr_par' dir='ltr' id='par_1_95' title="bbox 2239 3429 3749 3520">
     <span class='ocr_line' id='line_1_95' title="bbox 2239 3429 3749 3520; baseline -0.005 -16"><span class='ocrx_word' id='word_1_699' title='bbox 2239 3450 2504 3520; x_wconf 86' lang='lat' dir='ltr'><strong><em>episcopus</em></strong></span> <span class='ocrx_word' id='word_1_700' title='bbox 2530 3449 2627 3503; x_wconf 89' lang='lat' dir='ltr'><strong><em>hac</em></strong></span> <span class='ocrx_word' id='word_1_701' title='bbox 2660 3458 2893 3520; x_wconf 90' lang='lat' dir='ltr'><strong><em>suscepta</em></strong></span> <span class='ocrx_word' id='word_1_702' title='bbox 2921 3449 3124 3513; x_wconf 88' lang='lat' dir='ltr'><strong><em>litania,</em></strong></span> <span class='ocrx_word' id='word_1_703' title='bbox 3169 3443 3416 3518; x_wconf 83' lang='lat' dir='ltr'><strong><em>pracepit</em></strong></span> <span class='ocrx_word' id='word_1_704' title='bbox 3440 3436 3610 3514; x_wconf 70' lang='lat' dir='ltr'><strong><em>populo</em></strong></span> <span class='ocrx_word' id='word_1_705' title='bbox 3627 3433 3681 3487; x_wconf 68' lang='grc' dir='ltr'><strong><em>δίε</em></strong></span> <span class='ocrx_word' id='word_1_706' title='bbox 3696 3429 3749 3520; x_wconf 60' lang='lat' dir='ltr'><strong><em>l‘f</em></strong></span> 
     </span>
    </p>
   </div>
   <div class='ocr_carea' id='block_1_96' title="bbox 2240 3517 3751 3606">
    <p class='ocr_par' dir='ltr' id='par_1_96' title="bbox 2240 3517 3751 3606">
     <span class='ocr_line' id='line_1_96' title="bbox 2240 3517 3751 3606; baseline -0.013 -12"><span class='ocrx_word' id='word_1_707' title='bbox 2240 3517 2382 3606; x_wconf 86' lang='lat' dir='ltr'><strong><em>cere,</em></strong></span> <span class='ocrx_word' id='word_1_708' title='bbox 2412 3517 2459 3596; x_wconf 87' lang='lat' dir='ltr'><strong><em>et</em></strong></span> <span class='ocrx_word' id='word_1_709' title='bbox 2489 3542 2663 3595; x_wconf 89' lang='lat' dir='ltr'><strong><em>statim</em></strong></span> <span class='ocrx_word' id='word_1_710' title='bbox 2692 3517 3013 3596; x_wconf 81' lang='lat' dir='ltr'><strong><em>terramotus</em></strong></span> <span class='ocrx_word' id='word_1_711' title='bbox 3043 3517 3285 3595; x_wconf 87' lang='lat' dir='ltr'><strong><em>cessavit.</em></strong></span> <span class='ocrx_word' id='word_1_712' title='bbox 3322 3535 3483 3590; x_wconf 85' lang='lat' dir='ltr'><strong><em>Porro</em></strong></span> <span class='ocrx_word' id='word_1_713' title='bbox 3509 3531 3632 3584; x_wconf 86' lang='lat' dir='ltr'><strong><em>beata</em></strong></span> <span class='ocrx_word' id='word_1_714' title='bbox 3662 3517 3751 3576; x_wconf 69' lang='lat' dir='ltr'><strong><em>Pul-</em></strong></span> 
     </span>
    </p>
   </div>
   <div class='ocr_carea' id='block_1_97' title="bbox 2228 3614 3751 3701">
    <p class='ocr_par' dir='ltr' id='par_1_97' title="bbox 2228 3614 3751 3701">
     <span class='ocr_line' id='line_1_97' title="bbox 2228 3614 3751 3701; baseline 0.001 -20"><span class='ocrx_word' id='word_1_715' title='bbox 2228 3630 2409 3683; x_wconf 87' lang='lat' dir='ltr'><strong><em>cheria</em></strong></span> <span class='ocrx_word' id='word_1_716' title='bbox 2438 3646 2594 3701; x_wconf 89' lang='lat' dir='ltr'><strong><em>super</em></strong></span> <span class='ocrx_word' id='word_1_717' title='bbox 2630 3631 2881 3686; x_wconf 86' lang='lat' dir='ltr'><strong><em>miraculo</em></strong></span> <span class='ocrx_word' id='word_1_718' title='bbox 2921 3648 3023 3685; x_wconf 91' lang='lat' dir='ltr'><strong><em>una</em></strong></span> <span class='ocrx_word' id='word_1_719' title='bbox 3072 3646 3191 3684; x_wconf 85' lang='lat' dir='ltr'><strong><em>cum</em></strong></span> <span class='ocrx_word' id='word_1_720' title='bbox 3225 3626 3398 3695; x_wconf 79' lang='lat' dir='ltr'><strong><em>fratre</em></strong></span> <span class='ocrx_word' id='word_1_721' title='bbox 3440 3637 3584 3692; x_wconf 73' lang='lat' dir='ltr'><strong><em>supra</em></strong></span> <span class='ocrx_word' id='word_1_722' title='bbox 3608 3614 3751 3670; x_wconf 65' lang='grc' dir='ltr'><strong><em>πιοδη</em></strong></span> 
     </span>
    </p>
   </div>
   <div class='ocr_carea' id='block_1_98' title="bbox 2239 3709 3750 3805">
    <p class='ocr_par' dir='ltr' id='par_1_98' title="bbox 2239 3709 3750 3805">
     <span class='ocr_line' id='line_1_98' title="bbox 2239 3709 3750 3805; baseline -0.006 -28"><span class='ocrx_word' id='word_1_723' title='bbox 2239 3724 2515 3792; x_wconf 88' lang='lat' dir='ltr'><strong><em>admirata,</em></strong></span> <span class='ocrx_word' id='word_1_724' title='bbox 2543 3727 2712 3779; x_wconf 71' lang='lat' dir='ltr'><strong><em>sanxit</em></strong></span> <span class='ocrx_word' id='word_1_725' title='bbox 2749 3742 2840 3798; x_wconf 92' lang='lat' dir='ltr'><strong><em>per</em></strong></span> <span class='ocrx_word' id='word_1_726' title='bbox 2869 3727 3164 3780; x_wconf 87' lang='lat' dir='ltr'><strong><em>universum</em></strong></span> <span class='ocrx_word' id='word_1_727' title='bbox 3206 3722 3381 3778; x_wconf 84' lang='lat' dir='ltr'><strong><em>orbem</em></strong></span> <span class='ocrx_word' id='word_1_728' title='bbox 3428 3719 3625 3805; x_wconf 64' lang='lat' dir='ltr'><strong><em>divinum</em></strong></span> 
     </span>
    </p>
   </div>
   <div class='ocr_carea' id='block_1_99' title="bbox 2239 3800 3750 3888">
    <p class='ocr_par' dir='ltr' id='par_1_99' title="bbox 2239 3800 3750 3888">
     <span class='ocr_line' id='line_1_99' title="bbox 2239 3800 3750 3888; baseline -0.012 -17"><span class='ocrx_word' id='word_1_729' title='bbox 2239 3815 2458 3885; x_wconf 89' lang='lat' dir='ltr'><strong><em>psallere</em></strong></span> <span class='ocrx_word' id='word_1_730' title='bbox 2486 3819 2732 3888; x_wconf 84' lang='lat' dir='ltr'><strong><em>hymnum</em></strong></span> <span class='ocrx_word' id='word_1_731' title='bbox 2755 3834 2775 3885; x_wconf 86' lang='lat'><strong><em>;</em></strong></span> <span class='ocrx_word' id='word_1_732' title='bbox 2802 3834 2865 3873; x_wconf 80' lang='lat' dir='ltr'><strong><em>ea:</em></strong></span> <span class='ocrx_word' id='word_1_733' title='bbox 2893 3827 3013 3871; x_wconf 90' lang='lat' dir='ltr'><strong><em>tunc</em></strong></span> <span class='ocrx_word' id='word_1_734' title='bbox 3050 3822 3360 3887; x_wconf 86' lang='lat' dir='ltr'><strong><em>receperunt</em></strong></span> <span class='ocrx_word' id='word_1_735' title='bbox 3390 3823 3552 3866; x_wconf 82' lang='lat' dir='ltr'><strong><em>omnes</em></strong></span> <span class='ocrx_word' id='word_1_736' title='bbox 3576 3800 3750 3857; x_wconf 60' lang='lat' dir='ltr'><strong><em>Eccita!</em></strong></span> 
     </span>
    </p>
   </div>
   <div class='ocr_carea' id='block_1_100' title="bbox 2240 3903 3753 3987">
    <p class='ocr_par' dir='ltr' id='par_1_100' title="bbox 2240 3903 3753 3987">
     <span class='ocr_line' id='line_1_100' title="bbox 2240 3903 3753 3987; baseline -0.005 -19"><span class='ocrx_word' id='word_1_737' title='bbox 2240 3930 2333 3983; x_wconf 88' lang='lat' dir='ltr'><strong><em>per</em></strong></span> <span class='ocrx_word' id='word_1_738' title='bbox 2361 3915 2592 3987; x_wconf 88' lang='lat' dir='ltr'><strong><em>singulos</em></strong></span> <span class='ocrx_word' id='word_1_739' title='bbox 2621 3914 2730 3969; x_wconf 91' lang='lat' dir='ltr'><strong><em>dies</em></strong></span> <span class='ocrx_word' id='word_1_740' title='bbox 2769 3913 2908 3968; x_wconf 87' lang='lat' dir='ltr'><strong><em>hunc</em></strong></span> <span class='ocrx_word' id='word_1_741' title='bbox 2934 3929 3117 3969; x_wconf 89' lang='lat' dir='ltr'><strong><em>cauere</em></strong></span> <span class='ocrx_word' id='word_1_742' title='bbox 3145 3910 3282 3968; x_wconf 93' lang='lat' dir='ltr'><strong><em>Deo.</em></strong></span> <span class='ocrx_word' id='word_1_743' title='bbox 3317 3910 3420 3965; x_wconf 86' lang='lat' dir='ltr'><strong><em>Per</em></strong></span> <span class='ocrx_word' id='word_1_744' title='bbox 3455 3907 3580 3961; x_wconf 85' lang='lat' dir='ltr'><strong><em>idem</em></strong></span> <span class='ocrx_word' id='word_1_745' title='bbox 3605 3903 3753 3961; x_wconf 67' lang='grc' dir='ltr'><strong>ιεωνιδ</strong></span> 
     </span>
    </p>
   </div>
   <div class='ocr_carea' id='block_1_101' title="bbox 2240 3986 3753 4076">
    <p class='ocr_par' dir='ltr' id='par_1_101' title="bbox 2240 3986 3753 4076">
     <span class='ocr_line' id='line_1_101' title="bbox 2240 3986 3753 4076; baseline -0.011 -16"><span class='ocrx_word' id='word_1_746' title='bbox 2240 4006 2421 4076; x_wconf 85' lang='lat' dir='ltr'><strong><em>pirata</em></strong></span> <span class='ocrx_word' id='word_1_747' title='bbox 2454 3986 2652 4061; x_wconf 78' lang='lat' dir='ltr'><strong><em>multas</em></strong></span> <span class='ocrx_word' id='word_1_748' title='bbox 2695 4005 2922 4076; x_wconf 82' lang='lat' dir='ltr'><strong><em>insulas,</em></strong></span> <span class='ocrx_word' id='word_1_749' title='bbox 2956 4004 3336 4076; x_wconf 64' lang='lat' dir='ltr'><strong><em>praecipueque</em></strong></span> <span class='ocrx_word' id='word_1_750' title='bbox 3378 3995 3613 4059; x_wconf 86' lang='lat' dir='ltr'><strong><em>Siciliam,</em></strong></span> <span class='ocrx_word' id='word_1_751' title='bbox 3638 3986 3753 4051; x_wconf 79' lang='lat' dir='ltr'><strong><em>depo-</em></strong></span> 
     </span>
    </p>
   </div>
   <div class='ocr_carea' id='block_1_102' title="bbox 2240 4081 3754 4169">
    <p class='ocr_par' dir='ltr' id='par_1_102' title="bbox 2240 4081 3754 4169">
     <span class='ocr_line' id='line_1_102' title="bbox 2240 4081 3754 4169; baseline -0.011 -16"><span class='ocrx_word' id='word_1_752' title='bbox 2240 4100 2404 4169; x_wconf 86' lang='lat' dir='ltr'><strong><em>pulati</em></strong></span> <span class='ocrx_word' id='word_1_753' title='bbox 2432 4111 2573 4155; x_wconf 88' lang='lat' dir='ltr'><strong><em>sunt.</em></strong></span> <span class='ocrx_word' id='word_1_754' title='bbox 2606 4101 2751 4156; x_wconf 88' lang='lat' dir='ltr'><strong><em>Inter</em></strong></span> <span class='ocrx_word' id='word_1_755' title='bbox 2792 4101 2908 4157; x_wconf 67' lang='lat' dir='ltr'><strong><em>haec</em></strong></span> <span class='ocrx_word' id='word_1_756' title='bbox 2952 4098 3215 4165; x_wconf 83' lang='lat' dir='ltr'><strong><em>Litorius,</em></strong></span> <span class='ocrx_word' id='word_1_757' title='bbox 3250 4094 3345 4167; x_wconf 87' lang='lat' dir='ltr'><strong><em>qui</em></strong></span> <span class='ocrx_word' id='word_1_758' title='bbox 3373 4088 3590 4149; x_wconf 88' lang='lat' dir='ltr'><strong><em>secunda</em></strong></span> <span class='ocrx_word' id='word_1_759' title='bbox 3611 4082 3665 4137; x_wconf 89' lang='lat' dir='ltr'><strong><em>ab</em></strong></span> <span class='ocrx_word' id='word_1_760' title='bbox 3687 4081 3754 4132; x_wconf 73' lang='lat' dir='ltr'><strong><em>Ae-</em></strong></span> 
     </span>
    </p>
   </div>
   <div class='ocr_carea' id='block_1_103' title="bbox 2243 4173 3754 4277">
    <p class='ocr_par' dir='ltr' id='par_1_103' title="bbox 2243 4173 3754 4277">
     <span class='ocr_line' id='line_1_103' title="bbox 2243 4173 3754 4277; baseline -0.018 -25"><span class='ocrx_word' id='word_1_761' title='bbox 2243 4196 2314 4252; x_wconf 93' lang='lat' dir='ltr'><strong><em>tio</em></strong></span> <span class='ocrx_word' id='word_1_762' title='bbox 2343 4205 2609 4266; x_wconf 82' lang='lat' dir='ltr'><strong><em>potestate</em></strong></span> <span class='ocrx_word' id='word_1_763' title='bbox 2646 4196 2851 4252; x_wconf 82' lang='lat' dir='ltr'><strong><em>Hunnis</em></strong></span> <span class='ocrx_word' id='word_1_764' title='bbox 2870 4194 3264 4251; x_wconf 78' lang='lat' dir='ltr'><strong><em>auxiliantibus</em></strong></span> <span class='ocrx_word' id='word_1_765' title='bbox 3294 4194 3538 4260; x_wconf 72' lang='lat' dir='ltr'><strong><em>praeerat.</em></strong></span> <span class='ocrx_word' id='word_1_766' title='bbox 3560 4173 3754 4277; x_wconf 61' lang='lat' dir='ltr'><strong><em>dumAc:</em></strong></span> 
     </span>
    </p>
   </div>
   <div class='ocr_carea' id='block_1_104' title="bbox 2243 4273 3757 4360">
    <p class='ocr_par' dir='ltr' id='par_1_104' title="bbox 2243 4273 3757 4360">
     <span class='ocr_line' id='line_1_104' title="bbox 2243 4273 3757 4360; baseline -0.013 -17"><span class='ocrx_word' id='word_1_767' title='bbox 2243 4289 2301 4344; x_wconf 89' lang='lat' dir='ltr'><strong><em>tii</em></strong></span> <span class='ocrx_word' id='word_1_768' title='bbox 2356 4289 2585 4355; x_wconf 73' lang='lat' dir='ltr'><strong><em>gloriam</em></strong></span> <span class='ocrx_word' id='word_1_769' title='bbox 2642 4303 2903 4360; x_wconf 86' lang='lat' dir='ltr'><strong><em>superare</em></strong></span> <span class='ocrx_word' id='word_1_770' title='bbox 2955 4288 3184 4358; x_wconf 87' lang='lat' dir='ltr'><strong><em>appetit,</em></strong></span> <span class='ocrx_word' id='word_1_771' title='bbox 3240 4284 3483 4353; x_wconf 85' lang='lat' dir='ltr'><strong><em>dumque</em></strong></span> <span class='ocrx_word' id='word_1_772' title='bbox 3527 4273 3757 4339; x_wconf 69' lang='lat' dir='ltr'><strong><em>aruspiwﬂ</em></strong></span> 
     </span>
    </p>
   </div>
   <div class='ocr_carea' id='block_1_105' title="bbox 2240 4364 3754 4451">
    <p class='ocr_par' dir='ltr' id='par_1_105' title="bbox 2240 4364 3754 4451">
     <span class='ocr_line' id='line_1_105' title="bbox 2240 4364 3754 4451; baseline -0.005 -15"><span class='ocrx_word' id='word_1_773' title='bbox 2240 4380 2515 4451; x_wconf 87' lang='lat' dir='ltr'><strong><em>responsis</em></strong></span> <span class='ocrx_word' id='word_1_774' title='bbox 2535 4390 2588 4436; x_wconf 88' lang='lat' dir='ltr'><strong><em>et</em></strong></span> <span class='ocrx_word' id='word_1_775' title='bbox 2607 4381 2912 4436; x_wconf 68' lang='lat' dir='ltr'><strong><em>daemonum</em></strong></span> <span class='ocrx_word' id='word_1_776' title='bbox 2940 4375 3430 4449; x_wconf 78' lang='lat' dir='ltr'><strong><em>signiﬁcationibus</em></strong></span> <span class='ocrx_word' id='word_1_777' title='bbox 3449 4369 3573 4431; x_wconf 69' lang='lat' dir='ltr'><strong><em>ﬁdit.</em></strong></span> <span class='ocrx_word' id='word_1_778' title='bbox 3589 4364 3754 4432; x_wconf 59' lang='lat' dir='ltr'><strong><em>pust“</em></strong></span> 
     </span>
    </p>
   </div>
   <div class='ocr_carea' id='block_1_106' title="bbox 2239 4460 3753 4544">
    <p class='ocr_par' dir='ltr' id='par_1_106' title="bbox 2239 4460 3753 4544">
     <span class='ocr_line' id='line_1_106' title="bbox 2239 4460 3753 4544; baseline -0.017 -15"><span class='ocrx_word' id='word_1_779' title='bbox 2239 4489 2358 4530; x_wconf 90' lang='lat' dir='ltr'><strong><em>cum</em></strong></span> <span class='ocrx_word' id='word_1_780' title='bbox 2391 4473 2578 4532; x_wconf 86' lang='lat' dir='ltr'><strong><em>Gothis</em></strong></span> <span class='ocrx_word' id='word_1_781' title='bbox 2618 4473 2984 4544; x_wconf 84' lang='lat' dir='ltr'><strong><em>imprudenter</em></strong></span> <span class='ocrx_word' id='word_1_782' title='bbox 3009 4472 3313 4537; x_wconf 81' lang='lat' dir='ltr'><strong><em>conseruit,</em></strong></span> <span class='ocrx_word' id='word_1_783' title='bbox 3352 4483 3419 4523; x_wconf 87' lang='lat' dir='ltr'><strong><em>ac</em></strong></span> <span class='ocrx_word' id='word_1_784' title='bbox 3458 4462 3658 4535; x_wconf 84' lang='lat' dir='ltr'><strong><em>primum</em></strong></span> <span class='ocrx_word' id='word_1_785' title='bbox 3677 4460 3753 4503; x_wconf 77' lang='lat' dir='ltr'><strong><em>us-</em></strong></span> 
     </span>
    </p>
   </div>
   <div class='ocr_carea' id='block_1_107' title="bbox 2169 4548 3759 4672">
    <p class='ocr_par' dir='ltr' id='par_1_107' title="bbox 2169 4548 3759 4672">
     <span class='ocr_line' id='line_1_107' title="bbox 2169 4548 3759 4672; baseline 0.006 -75"><span class='ocrx_word' id='word_1_786' title='bbox 2169 4610 2219 4672; x_wconf 67' lang='grc' dir='ltr'><strong>υ</strong></span> <span class='ocrx_word' id='word_1_787' title='bbox 2251 4583 2408 4639; x_wconf 56' lang='lat' dir='ltr'><strong><em>suam</em></strong></span> <span class='ocrx_word' id='word_1_788' title='bbox 2440 4567 2672 4623; x_wconf 55' lang='lat' dir='ltr'><strong><em>hostium</em></strong></span> <span class='ocrx_word' id='word_1_789' title='bbox 2703 4574 2934 4636; x_wconf 74' lang='lat' dir='ltr'><strong><em>stragem</em></strong></span> <span class='ocrx_word' id='word_1_790' title='bbox 2964 4562 3133 4672; x_wconf 68' lang='lat' dir='ltr'><strong><em>dedit,</em></strong></span> <span class='ocrx_word' id='word_1_791' title='bbox 3152 4558 3513 4672; x_wconf 68' lang='lat' dir='ltr'><strong><em>postmodum</em></strong></span> <span class='ocrx_word' id='word_1_792' title='bbox 3541 4548 3759 4672; x_wconf 51' lang='lat' dir='ltr'><strong><em>suisui):</em></strong></span> 
     </span>
    </p>
   </div>
   <div class='ocr_carea' id='block_1_108' title="bbox 2243 4638 3763 4727">
    <p class='ocr_par' dir='ltr' id='par_1_108' title="bbox 2243 4638 3763 4727">
     <span class='ocr_line' id='line_1_108' title="bbox 2243 4638 3763 4727; baseline -0.016 -12"><span class='ocrx_word' id='word_1_793' title='bbox 2243 4638 2493 4717; x_wconf 83' lang='lat' dir='ltr'><strong><em>omnibus</em></strong></span> <span class='ocrx_word' id='word_1_794' title='bbox 2517 4658 2815 4726; x_wconf 84' lang='lat' dir='ltr'><strong><em>trucidatis,</em></strong></span> <span class='ocrx_word' id='word_1_795' title='bbox 2847 4658 2964 4727; x_wconf 87' lang='lat' dir='ltr'><strong><em>ipse</em></strong></span> <span class='ocrx_word' id='word_1_796' title='bbox 2990 4672 3021 4711; x_wconf 84' lang='lat' dir='ltr'><strong><em>a</em></strong></span> <span class='ocrx_word' id='word_1_797' title='bbox 3044 4654 3241 4711; x_wconf 86' lang='lat' dir='ltr'><strong><em>Gothis</em></strong></span> <span class='ocrx_word' id='word_1_798' title='bbox 3273 4648 3502 4723; x_wconf 86' lang='lat' dir='ltr'><strong><em>turpiter</em></strong></span> <span class='ocrx_word' id='word_1_799' title='bbox 3526 4651 3680 4715; x_wconf 86' lang='lat' dir='ltr'><strong><em>captus</em></strong></span> <span class='ocrx_word' id='word_1_800' title='bbox 3692 4638 3763 4727; x_wconf 63' lang='lat' dir='ltr'><strong><em>est</em></strong></span> 
     </span>
    </p>
   </div>
   <div class='ocr_carea' id='block_1_109' title="bbox 2245 4722 3762 4821">
    <p class='ocr_par' dir='ltr' id='par_1_109' title="bbox 2245 4722 3762 4821">
     <span class='ocr_line' id='line_1_109' title="bbox 2245 4722 3762 4821; baseline -0.016 -13"><span class='ocrx_word' id='word_1_801' title='bbox 2245 4752 2529 4808; x_wconf 81' lang='lat' dir='ltr'><strong><em>Postremo</em></strong></span> <span class='ocrx_word' id='word_1_802' title='bbox 2558 4764 2658 4819; x_wconf 83' lang='lat' dir='ltr'><strong><em>pax</em></strong></span> <span class='ocrx_word' id='word_1_803' title='bbox 2688 4722 2813 4804; x_wconf 82' lang='lat' dir='ltr'><strong><em>cum</em></strong></span> <span class='ocrx_word' id='word_1_804' title='bbox 2856 4722 3046 4803; x_wconf 81' lang='lat' dir='ltr'><strong><em>iisdem</em></strong></span> <span class='ocrx_word' id='word_1_805' title='bbox 3093 4744 3237 4801; x_wconf 78' lang='lat' dir='ltr'><strong><em>facta</em></strong></span> <span class='ocrx_word' id='word_1_806' title='bbox 3284 4722 3394 4809; x_wconf 80' lang='lat' dir='ltr'><strong><em>est,</em></strong></span> <span class='ocrx_word' id='word_1_807' title='bbox 3427 4751 3543 4794; x_wconf 82' lang='lat' dir='ltr'><strong><em>cum</em></strong></span> <span class='ocrx_word' id='word_1_808' title='bbox 3568 4743 3661 4821; x_wconf 73' lang='lat' dir='ltr'><strong><em>eant</em></strong></span> <span class='ocrx_word' id='word_1_809' title='bbox 3692 4722 3762 4821; x_wconf 63' lang='grc' dir='ltr'><strong><em>Βίξ·</em></strong></span> 
     </span>
    </p>
   </div>
   <div class='ocr_carea' id='block_1_110' title="bbox 2244 4820 3766 4912">
    <p class='ocr_par' dir='ltr' id='par_1_110' title="bbox 2244 4820 3766 4912">
     <span class='ocr_line' id='line_1_110' title="bbox 2244 4820 3766 4912; baseline -0.023 -12"><span class='ocrx_word' id='word_1_810' title='bbox 2244 4843 2389 4899; x_wconf 87' lang='lat' dir='ltr'><strong><em>mani</em></strong></span> <span class='ocrx_word' id='word_1_811' title='bbox 2423 4851 2545 4912; x_wconf 88' lang='lat' dir='ltr'><strong><em>post</em></strong></span> <span class='ocrx_word' id='word_1_812' title='bbox 2574 4841 2733 4909; x_wconf 81' lang='lat' dir='ltr'><strong><em>hujus</em></strong></span> <span class='ocrx_word' id='word_1_813' title='bbox 2777 4837 3135 4910; x_wconf 84' lang='lat' dir='ltr'><strong><em>lacrymabilis</em></strong></span> <span class='ocrx_word' id='word_1_814' title='bbox 3177 4835 3317 4891; x_wconf 85' lang='lat' dir='ltr'><strong><em>belli</em></strong></span> <span class='ocrx_word' id='word_1_815' title='bbox 3351 4828 3625 4905; x_wconf 82' lang='lat' dir='ltr'><strong><em>perniciem</em></strong></span> <span class='ocrx_word' id='word_1_816' title='bbox 3648 4820 3766 4873; x_wconf 80' lang='lat' dir='ltr'><strong><em>hum-</em></strong></span> 
     </span>
    </p>
   </div>
   <div class='ocr_carea' id='block_1_111' title="bbox 2245 4914 3765 5005">
    <p class='ocr_par' dir='ltr' id='par_1_111' title="bbox 2245 4914 3765 5005">
     <span class='ocr_line' id='line_1_111' title="bbox 2245 4914 3765 5005; baseline -0.011 -15"><span class='ocrx_word' id='word_1_817' title='bbox 2245 4936 2349 4990; x_wconf 89' lang='lat' dir='ltr'><strong><em>lius</em></strong></span> <span class='ocrx_word' id='word_1_818' title='bbox 2377 4950 2533 5005; x_wconf 88' lang='lat' dir='ltr'><strong><em>quam</em></strong></span> <span class='ocrx_word' id='word_1_819' title='bbox 2567 4948 2801 5003; x_wconf 83' lang='lat' dir='ltr'><strong><em>unquam</em></strong></span> <span class='ocrx_word' id='word_1_820' title='bbox 2833 4942 2992 4988; x_wconf 84' lang='lat' dir='ltr'><strong><em>antea</em></strong></span> <span class='ocrx_word' id='word_1_821' title='bbox 3021 4931 3430 5002; x_wconf 83' lang='lat' dir='ltr'><strong><em>poposcissent.</em></strong></span> <span class='ocrx_word' id='word_1_822' title='bbox 3457 4922 3599 4979; x_wconf 86' lang='lat' dir='ltr'><strong><em>Aetio</em></strong></span> <span class='ocrx_word' id='word_1_823' title='bbox 3640 4914 3765 5005; x_wconf 57' lang='grc' dir='ltr'><strong><em>ἱιξιῐυθ</em></strong></span> 
     </span>
    </p>
   </div>
   <div class='ocr_carea' id='block_1_112' title="bbox 2246 5000 3768 5092">
    <p class='ocr_par' dir='ltr' id='par_1_112' title="bbox 2246 5000 3768 5092">
     <span class='ocr_line' id='line_1_112' title="bbox 2246 5000 3768 5092; baseline -0.01 -12"><span class='ocrx_word' id='word_1_824' title='bbox 2246 5027 2297 5081; x_wconf 93' lang='lat' dir='ltr'><strong><em>in</em></strong></span> <span class='ocrx_word' id='word_1_825' title='bbox 2331 5000 2518 5080; x_wconf 70' lang='lat' dir='ltr'><strong><em>Galliis</em></strong></span> <span class='ocrx_word' id='word_1_826' title='bbox 2549 5000 2709 5079; x_wconf 84' lang='lat' dir='ltr'><strong><em>rebus</em></strong></span> <span class='ocrx_word' id='word_1_827' title='bbox 2754 5039 2873 5092; x_wconf 70' lang='lat' dir='ltr'><strong><em>qua</em></strong></span> <span class='ocrx_word' id='word_1_828' title='bbox 2909 5000 3391 5092; x_wconf 77' lang='lat' dir='ltr'><strong><em>componebantur</em></strong></span> <span class='ocrx_word' id='word_1_829' title='bbox 3432 5017 3633 5073; x_wconf 80' lang='lat' dir='ltr'><strong><em>intento,</em></strong></span> <span class='ocrx_word' id='word_1_830' title='bbox 3668 5000 3768 5092; x_wconf 64' lang='lat' dir='ltr'><strong><em>Ct!&quot;</em></strong></span> 
     </span>
    </p>
   </div>
   <div class='ocr_carea' id='block_1_113' title="bbox 2246 5090 3768 5189">
    <p class='ocr_par' dir='ltr' id='par_1_113' title="bbox 2246 5090 3768 5189">
     <span class='ocr_line' id='line_1_113' title="bbox 2246 5090 3768 5189; baseline -0.01 -16"><span class='ocrx_word' id='word_1_831' title='bbox 2246 5119 2469 5187; x_wconf 88' lang='lat' dir='ltr'><strong><em>sericus,</em></strong></span> <span class='ocrx_word' id='word_1_832' title='bbox 2510 5118 2581 5173; x_wconf 89' lang='lat' dir='ltr'><strong><em>de</em></strong></span> <span class='ocrx_word' id='word_1_833' title='bbox 2607 5090 3020 5189; x_wconf 15' lang='lat' dir='ltr'><strong><em>cujusramicitia</em></strong></span> <span class='ocrx_word' id='word_1_834' title='bbox 3040 5090 3185 5170; x_wconf 80' lang='lat' dir='ltr'><strong><em>nihil</em></strong></span> <span class='ocrx_word' id='word_1_835' title='bbox 3219 5112 3577 5169; x_wconf 85' lang='lat' dir='ltr'><strong><em>metuebatur,</em></strong></span> <span class='ocrx_word' id='word_1_836' title='bbox 3602 5090 3768 5154; x_wconf 50' lang='grc' dir='ltr'><strong><em>(ἔπιθ’</em></strong></span> 
     </span>
    </p>
   </div>
   <div class='ocr_carea' id='block_1_114' title="bbox 2245 5193 3772 5283">
    <p class='ocr_par' dir='ltr' id='par_1_114' title="bbox 2245 5193 3772 5283">
     <span class='ocr_line' id='line_1_114' title="bbox 2245 5193 3772 5283; baseline -0.015 -15"><span class='ocrx_word' id='word_1_837' title='bbox 2245 5213 2421 5282; x_wconf 78' lang='lat' dir='ltr'><strong><em>ginem</em></strong></span> <span class='ocrx_word' id='word_1_838' title='bbox 2451 5212 2573 5268; x_wconf 86' lang='lat' dir='ltr'><strong><em>dolo</em></strong></span> <span class='ocrx_word' id='word_1_839' title='bbox 2604 5212 2751 5281; x_wconf 87' lang='lat' dir='ltr'><strong><em>pacis</em></strong></span> <span class='ocrx_word' id='word_1_840' title='bbox 2799 5193 3024 5277; x_wconf 81' lang='lat' dir='ltr'><strong><em>invadit,</em></strong></span> <span class='ocrx_word' id='word_1_841' title='bbox 3056 5220 3369 5278; x_wconf 84' lang='lat' dir='ltr'><strong><em>omnesque</em></strong></span> <span class='ocrx_word' id='word_1_842' title='bbox 3412 5215 3537 5275; x_wconf 79' lang='lat' dir='ltr'><strong><em>Opes</em></strong></span> <span class='ocrx_word' id='word_1_843' title='bbox 3563 5194 3678 5265; x_wconf 77' lang='lat' dir='ltr'><strong><em>ejus,</em></strong></span> 
     </span>
    </p>
   </div>
   <div class='ocr_carea' id='block_1_115' title="bbox 2246 5285 3768 5382">
    <p class='ocr_par' dir='ltr' id='par_1_115' title="bbox 2246 5285 3768 5382">
     <span class='ocr_line' id='line_1_115' title="bbox 2246 5285 3768 5382; baseline -0.013 -22"><span class='ocrx_word' id='word_1_844' title='bbox 2246 5307 2500 5361; x_wconf 74' lang='lat' dir='ltr'><strong><em>cruciatis</em></strong></span> <span class='ocrx_word' id='word_1_845' title='bbox 2535 5305 2752 5360; x_wconf 80' lang='lat' dir='ltr'><strong><em>diverso</em></strong></span> <span class='ocrx_word' id='word_1_846' title='bbox 2808 5311 3199 5359; x_wconf 87' lang='lat' dir='ltr'><strong><em>tormentorum</em></strong></span> <span class='ocrx_word' id='word_1_847' title='bbox 3261 5311 3467 5372; x_wconf 69' lang='lat' dir='ltr'><strong><em>genere</em></strong></span> <span class='ocrx_word' id='word_1_848' title='bbox 3505 5289 3698 5382; x_wconf 56' lang='lat' dir='ltr'><strong><em>civilius3</em></strong></span> <span class='ocrx_word' id='word_1_849' title='bbox 3731 5285 3768 5382; x_wconf 44' lang='lat' dir='ltr'><strong><em>li</em></strong></span> 
     </span>
    </p>
   </div>
   <div class='ocr_carea' id='block_1_116' title="bbox 2243 5376 3771 5469">
    <p class='ocr_par' dir='ltr' id='par_1_116' title="bbox 2243 5376 3771 5469">
     <span class='ocr_line' id='line_1_116' title="bbox 2243 5376 3771 5469; baseline -0.016 -15"><span class='ocrx_word' id='word_1_850' title='bbox 2243 5397 2330 5469; x_wconf 80' lang='lat' dir='ltr'><strong><em>ius</em></strong></span> <span class='ocrx_word' id='word_1_851' title='bbox 2357 5414 2511 5453; x_wconf 91' lang='lat' dir='ltr'><strong><em>suum</em></strong></span> <span class='ocrx_word' id='word_1_852' title='bbox 2539 5399 2717 5463; x_wconf 82' lang='lat' dir='ltr'><strong><em>vertit,</em></strong></span> <span class='ocrx_word' id='word_1_853' title='bbox 2770 5411 2870 5451; x_wconf 86' lang='lat' dir='ltr'><strong><em>nec</em></strong></span> <span class='ocrx_word' id='word_1_854' title='bbox 2919 5396 2987 5449; x_wconf 90' lang='lat' dir='ltr'><strong><em>ab</em></strong></span> <span class='ocrx_word' id='word_1_855' title='bbox 3037 5393 3398 5450; x_wconf 86' lang='lat' dir='ltr'><strong><em>ecclesiarum</em></strong></span> <span class='ocrx_word' id='word_1_856' title='bbox 3460 5376 3771 5469; x_wconf 55' lang='lat' dir='ltr'><strong><em>despoliato&quot;!</em></strong></span> 
     </span>
    </p>
   </div>
   <div class='ocr_carea' id='block_1_117' title="bbox 2249 5458 3771 5560">
    <p class='ocr_par' dir='ltr' id='par_1_117' title="bbox 2249 5458 3771 5560">
     <span class='ocr_line' id='line_1_117' title="bbox 2249 5458 3771 5560; baseline -0.012 -15"><span class='ocrx_word' id='word_1_857' title='bbox 2249 5489 2550 5556; x_wconf 89' lang='lat' dir='ltr'><strong><em>abstinens,</em></strong></span> <span class='ocrx_word' id='word_1_858' title='bbox 2581 5503 2712 5560; x_wconf 89' lang='lat' dir='ltr'><strong><em>quas</em></strong></span> <span class='ocrx_word' id='word_1_859' title='bbox 2740 5488 2910 5543; x_wconf 79' lang='lat' dir='ltr'><strong><em>sacris</em></strong></span> <span class='ocrx_word' id='word_1_860' title='bbox 2938 5487 3080 5541; x_wconf 56' lang='lat' dir='ltr'><strong><em>vasis</em></strong></span> <span class='ocrx_word' id='word_1_861' title='bbox 3122 5484 3454 5545; x_wconf 75' lang='lat' dir='ltr'><strong><em>exinanitas,</em></strong></span> <span class='ocrx_word' id='word_1_862' title='bbox 3497 5485 3549 5532; x_wconf 88' lang='lat' dir='ltr'><strong><em>et</em></strong></span> <span class='ocrx_word' id='word_1_863' title='bbox 3584 5458 3771 5560; x_wconf 51' lang='lat' dir='ltr'><strong><em>met“:</em></strong></span> 
     </span>
    </p>
   </div>
   <div class='ocr_carea' id='block_1_118' title="bbox 2249 5553 3770 5648">
    <p class='ocr_par' dir='ltr' id='par_1_118' title="bbox 2249 5553 3770 5648">
     <span class='ocr_line' id='line_1_118' title="bbox 2249 5553 3770 5648; baseline -0.014 -11"><span class='ocrx_word' id='word_1_864' title='bbox 2249 5590 2360 5638; x_wconf 91' lang='lat' dir='ltr'><strong><em>tum</em></strong></span> <span class='ocrx_word' id='word_1_865' title='bbox 2385 5553 2846 5637; x_wconf 77' lang='lat' dir='ltr'><strong><em>adiitinistratione</em></strong></span> <span class='ocrx_word' id='word_1_866' title='bbox 2878 5580 3136 5648; x_wconf 80' lang='lat' dir='ltr'><strong><em>privatas,</em></strong></span> <span class='ocrx_word' id='word_1_867' title='bbox 3182 5592 3298 5631; x_wconf 85' lang='lat' dir='ltr'><strong><em>non</em></strong></span> <span class='ocrx_word' id='word_1_868' title='bbox 3327 5575 3437 5646; x_wconf 80' lang='lat' dir='ltr'><strong><em>iam</em></strong></span> <span class='ocrx_word' id='word_1_869' title='bbox 3467 5562 3617 5624; x_wconf 83' lang='lat' dir='ltr'><strong><em>divini</em></strong></span> <span class='ocrx_word' id='word_1_870' title='bbox 3640 5553 3770 5613; x_wconf 61' lang='lat' dir='ltr'><strong><em>cum</em></strong></span> 
     </span>
    </p>
   </div>
   <div class='ocr_carea' id='block_1_119' title="bbox 2250 5652 3768 5742">
    <p class='ocr_par' dir='ltr' id='par_1_119' title="bbox 2250 5652 3768 5742">
     <span class='ocr_line' id='line_1_119' title="bbox 2250 5652 3768 5742; baseline -0.014 -14"><span class='ocrx_word' id='word_1_871' title='bbox 2250 5675 2384 5740; x_wconf 87' lang='lat' dir='ltr'><strong><em>loca,</em></strong></span> <span class='ocrx_word' id='word_1_872' title='bbox 2410 5675 2506 5729; x_wconf 88' lang='lat' dir='ltr'><strong><em>sed</em></strong></span> <span class='ocrx_word' id='word_1_873' title='bbox 2536 5687 2751 5728; x_wconf 88' lang='lat' dir='ltr'><strong><em>suorum</em></strong></span> <span class='ocrx_word' id='word_1_874' title='bbox 2775 5671 2937 5742; x_wconf 89' lang='lat' dir='ltr'><strong><em>jussit</em></strong></span> <span class='ocrx_word' id='word_1_875' title='bbox 2956 5684 3079 5727; x_wconf 87' lang='lat' dir='ltr'><strong><em>esse</em></strong></span> <span class='ocrx_word' id='word_1_876' title='bbox 3096 5667 3429 5732; x_wconf 86' lang='lat' dir='ltr'><strong><em>habitacula,</em></strong></span> <span class='ocrx_word' id='word_1_877' title='bbox 3453 5666 3502 5719; x_wconf 87' lang='lat' dir='ltr'><strong><em>in</em></strong></span> <span class='ocrx_word' id='word_1_878' title='bbox 3524 5652 3768 5715; x_wconf 62' lang='lat' dir='ltr'><strong><em>universi!</em></strong></span> 
     </span>
    </p>
   </div>
   <div class='ocr_carea' id='block_1_120' title="bbox 2242 5804 3457 5887">
    <p class='ocr_par' dir='ltr' id='par_1_120' title="bbox 2242 5804 3457 5887">
     <span class='ocr_line' id='line_1_120' title="bbox 2242 5804 3457 5887; baseline -0.004 -20"><span class='ocrx_word' id='word_1_879' title='bbox 2242 5810 2313 5869; x_wconf 78' lang='grc'><strong><em>59</em></strong></span> <span class='ocrx_word' id='word_1_880' title='bbox 2337 5830 2351 5868; x_wconf 90' lang='lat'><strong>:</strong></span> <span class='ocrx_word' id='word_1_881' title='bbox 2380 5814 2447 5870; x_wconf 82' lang='grc' dir='ltr'><strong><em>Τό</em></strong></span> <span class='ocrx_word' id='word_1_882' title='bbox 2468 5811 2711 5887; x_wconf 80' lang='grc' dir='ltr'><strong><em>δημόσιον</em></strong></span> <span class='ocrx_word' id='word_1_883' title='bbox 2740 5807 2781 5887; x_wconf 79' lang='grc' dir='ltr'><strong><em>ᾧ</em></strong></span> <span class='ocrx_word' id='word_1_884' title='bbox 2804 5806 3072 5885; x_wconf 77' lang='grc' dir='ltr'><strong><em>’Δχιλλεύς</em></strong></span> <span class='ocrx_word' id='word_1_885' title='bbox 3096 5811 3361 5882; x_wconf 69' lang='grc' dir='ltr'><strong><em>ἐπώνυμον</em></strong></span> <span class='ocrx_word' id='word_1_886' title='bbox 3383 5804 3457 5867; x_wconf 79' lang='grc' dir='ltr'><strong><em>ἦν.</em></strong></span> 
     </span>
    </p>
   </div>
  </div>
