3918 6344
173 271 247 328 961

1139 250 1463 309 HISTORIA
1499 248 1860 308 MISCELLA.
1898 280 1970 296 —-
2006 251 2134 311 LIB.
2176 252 2314 310 XIV.

3264 250 3370 308 962

167 378 320 453 captivi
346 369 509 446 populi
530 368 771 426 ordinem
790 379 984 433 saevus,
1011 364 1107 421 sed
1135 363 1398 434 praecipue
1422 360 1683 419 nobilitati
1711 364 1763 427 Α
1789 372 2203 434 prteparassent,
2255 371 2420 420 totam
2475 376 2645 436 prope
2712 362 2941 420 insulam
2989 362 3064 421 ob
3113 363 3365 421 orientali

165 487 208 531 et
230 465 436 539 religioni
465 462 709 527 infestus,
751 468 811 516 ut
851 457 1083 515 discerni
1111 457 1334 512 omnino
1375 471 1482 511 non
1513 455 1690 525 possit

166 561 424 623 hominibus
450 556 615 625 magis
644 569 713 609 an
770 553 881 607 Deo
926 550 1123 606 bellum
1179 548 1468 605 intulisset.
1528 546 1692 618 Igitur

165 654 385 722 Carthago
408 664 436 703 a
467 646 717 702 Vandalis
744 644 844 700 hoc
866 642 1026 698 modo
1049 650 1201 711 capta
1224 650 1330 707 est,
1356 640 1512 695 annis
1538 638 1693 708 quin-

162 749 301 823 gestis
324 742 581 814 octoginta
607 740 842 811 quinque
871 736 1121 804 evolutis,
1147 745 1426 805 postquam
1448 733 1692 789 Romano

164 847 357 913 ceperat
379 835 475 906 iuri
508 846 714 902 parere.
748 828 949 886 Deinde
974 843 1119 883 anno
1157 826 1401 892 sequenti
1445 823 1694 880 Geuseri-

159 945 235 988 cus
252 926 311 981 ad
337 922 564 979 Siciliam
613 921 904 987 transiens,
935 918 1066 974 dum
1098 917 1304 986 magnis
1331 931 1450 971 eam
1477 914 1694 970 calami-

162 1021 323 1077 tatibus
350 1014 625 1093 alﬂigeget,
676 1020 896 1080 accepto
946 1009 1135 1065 nuntio
1177 1008 1246 1063 de
1293 1016 1322 1047 ι
1367 1006 1691 1073 Sebastiano,

158 1114 227 1184 qui
245 1111 304 1165 ab
338 1105 598 1176 Hispaniis
622 1102 689 1158 ad
722 1102 955 1159 Africam
985 1100 1246 1166 tenderet,
1290 1098 1537 1154 celeriter
1562 1096 1695 1152 Car-

159 1202 384 1273 thaginem
409 1197 584 1263 rediit,
618 1205 764 1251 ratus
794 1194 1145 1265 periculosum
1173 1191 1273 1247 sibi
1302 1207 1364 1246 ac
1392 1192 1507 1247 suis
1552 1190 1693 1255 fore,

154 1299 189 1354 si
211 1295 279 1350 vir
310 1290 535 1348 bellandi
588 1290 789 1359 peritus
839 1285 1162 1355 recipiendae
1210 1282 1515 1352 Carthagini
1549 1282 1697 1336 incu-

155 1391 340 1447 buisset.
374 1384 567 1440 Verum
602 1382 690 1438 ille
736 1382 963 1436 amicum
996 1394 1056 1434 se
1099 1376 1269 1449 magis
1298 1392 1459 1447 quam
1489 1375 1696 1430 hostem

152 1480 290 1536 videri
317 1477 527 1541 volens,
556 1474 684 1530 dum
707 1476 775 1530 de
801 1472 942 1544 regis
973 1470 1184 1527 barbari
1217 1468 1466 1523 amicitiis
1498 1468 1698 1536 impro-

151 1573 240 1628 vise
262 1576 617 1642 praesumeret,
651 1564 850 1621 infelici
882 1573 1053 1619 morte
1079 1569 1386 1629 peremptus
1424 1567 1530 1615 est.
1570 1558 1699 1614 Post

1790 454 1906 524 ejus
1978 456 2128 527 plaga
2200 472 2368 528 usque
2424 458 2478 513 in
2538 456 2925 515 occidentalem
2981 458 3227 514 incendio
3279 459 3365 515 vel

1790 548 1965 619 gladio
1986 551 2087 606 sibi
2113 553 2338 622 subegit.
2367 554 2434 608 At
2462 568 2590 609 vero
2614 552 2971 617 Theodosius,
3002 569 3125 609 cum
3152 554 3361 624 absque

1792 656 1897 698 uno
1918 650 1974 698 et
2000 643 2184 713 viginti
2214 645 2580 713 superioribus
2602 646 2779 714 annis,
2807 660 2942 717 quos
2969 661 3094 702 cum
3128 640 3391 702 Honorio'

1793 741 1981 803 patrno
2029 746 2366 806 regnaverat,
2423 746 2631 807 septem
2685 748 2741 793 et
2787 736 2970 805 viginti
3019 738 3174 792 anuis
3203 736 3374 806 impe-

1792 825 1927 880 rium
1958 830 2230 897 gessisset,
2259 844 2324 885 ex
2354 828 2547 898 quibus
2593 844 2713 884 cum
2751 828 3123 885 Valentiniano
3171 841 3373 896 genero

1791 919 1980 991 viginti
2027 922 2261 991 quinque
2319 924 2596 994 transegit,
2649 924 2788 993 apud
2847 922 3373 992 ConStantinopolim

1792 1013 1982 1068 morbo
2007 1013 2161 1078 obiit,
2194 1013 2373 1084 ibique
2411 1016 2650 1084 sepultus
2678 1026 2781 1069 cst.
2812 1020 2835 1049 θ
2866 1013 2993 1068 Fuit
3021 1024 3192 1070 autem
3212 1013 3377 1071 Theo-

1794 1103 1963 1158 dosius
1987 1105 2060 1158 sic
2086 1106 2313 1173 sapiens,
2345 1113 2398 1158 ut
2428 1106 2561 1159 inter
2599 1107 2987 1177 confabuluntes
3038 1107 3363 1176 experimen-

1796 1205 1901 1249 tum
1931 1196 2151 1250 omnium
2181 1198 2467 1250 crederetur
2488 1197 2675 1251 habere
2704 1214 2998 1252 causarum.
3045 1196 3376 1254 Perdurabat

1794 1286 1849 1341 in
1878 1287 2093 1359 frigore,
2124 1288 2360 1342 similiter
2381 1297 2429 1343 et
2469 1289 2521 1343 in
2566 1298 2720 1354 testu,
2767 1290 3069 1359 plerumque
3088 1290 3380 1360 jejunabat,

1795 1386 1840 1429 et
1870 1376 2089 1430 maxime
2115 1386 2301 1447 quarta
2330 1386 2375 1431 et
2397 1386 2544 1432 sexta
2576 1378 2724 1449 feria,
2747 1380 2917 1434 studio
2957 1377 3383 1449 Christianitatis,

1796 1484 1886 1523 nec
1941 1472 2089 1524 aliter
2146 1488 2297 1543 quam
2349 1473 2718 1527 monasterium
2787 1474 2985 1543 regalia
3058 1473 3380 1530 videbantur.

1798 1559 1921 1631 Ipse
1947 1579 2164 1632 namque
2204 1564 2454 1617 matutino
2489 1564 2557 1618 ad
2598 1581 2717 1619 suas
2746 1581 2945 1619 sorores
2986 1580 3220 1637 pergens,
3254 1566 3385 1620 divi-

151 1665 242 1720 htec
266 1665 546 1731 imperator
573 1658 905 1713 Theodosius
944 1657 1142 1713 bellum
1191 1664 1375 1711 contra
1428 1654 1698 1709 Vandalos
1799 1672 1893 1709 nas
1922 1656 2119 1710 dicebat
2164 1657 2366 1711 laudes.
2402 1657 2743 1722 Quamobrem
2772 1659 2923 1712 etiam
2963 1674 3137 1712 sacras
3193 1658 3389 1714 litteras

149 1754 304 1818 movit,
328 1758 357 1798 ιι
387 1749 645 1815 Ariundo,
670 1757 725 1803 et
751 1747 955 1812 Ansila,
983 1755 1144 1816 atque
1193 1744 1459 1801 Germano
1480 1743 1703 1800 ducibus
1735 1732 1782 1791 Β
1806 1748 1915 1802 sine
1945 1746 2131 1802 Codice
2152 1748 2420 1803 recitabat.
2446 1747 2793 1818 Loquentibus
2832 1750 3081 1820 episcopis
3105 1752 3239 1803 velut
3265 1750 3389 1804 olim

146 1860 305 1917 magna
331 1859 447 1898 cum
478 1842 654 1896 classe
682 1839 918 1895 directis.
943 1838 1044 1907 Qui
1074 1838 1245 1909 longis
1273 1836 1703 1893 cunctationibus

148 1938 382 2006 negotium
428 1931 764 2000 differentes,
838 1929 1037 1986 Siciliae
1087 1928 1258 1999 magis
1320 1928 1471 1983 oneri
1534 1943 1695 1996 quam

144 2030 307 2085 Africae
350 2026 605 2097 prcssidio
649 2023 816 2080 tuere.
874 2022 973 2077 Per
1025 2021 1139 2076 haec
1185 2027 1206 2055 ο
1245 2028 1484 2088 tempora
1542 2018 1702 2073 Attila

143 2141 216 2178 res
236 2122 555 2187 Hunnorum,
582 2119 657 2173 vir
677 2118 822 2189 fortis
842 2128 992 2185 atque
1014 2118 1281 2188 superbus,
1307 2116 1432 2169 dum
1457 2130 1572 2167 cum
1595 2118 1704 2185 [νας

142 2224 205 2268 tre
230 2212 378 2267 Blcba
396 2227 560 2281 super
592 2208 639 2262 Η
648 2225 809 2263 annos
843 2207 1241 2277 principaretur,
1270 2204 1521 2259 Thracias
1543 2215 1590 2257 et
1621 2204 1703 2258 ll-

144 2306 334 2375 lyricum
360 2320 494 2359 satva
518 2299 920 2372 depOpulatione
940 2299 1189 2364 vastabat,
1218 2299 1388 2351 omnia
1417 2296 1630 2352 castella
1656 2306 1704 2352 et

142 2401 338 2455 civitates
361 2400 414 2453 in
440 2397 741 2451 servitutem
790 2393 1045 2461 redigens,
1095 2401 1280 2462 prtzter
1311 2389 1705 2461 Adrianopolim

149 2504 185 2545 et
225 2491 542 2556 Heracliam,
591 2502 706 2557 quae
756 2489 1015 2557 quondam
1082 2483 1356 2538 Perinthus
1409 2484 1701 2538 vocabatur.

142 2583 262 2637 Tunc
286 2581 563 2639 exercitus
595 2579 966 2642 Romanorum,
999 2578 1087 2646 qui
1120 2576 1172 2629 in
1222 2575 1401 2629 Sicilia
1453 2573 1703 2628 moraba-

138 2684 223 2740 tur,
251 2676 311 2728 ad
360 2673 740 2729 defensionem
788 2669 1126 2725 orientalium
1177 2667 1565 2735 provinciarum
1616 2681 1701 2721 re-

137 2766 348 2821 vertitur.
384 2764 611 2837 Cogitur
658 2778 778 2834 ergo
825 2760 1143 2815 Theodosius
1194 2761 1492 2833 legationem
1534 2760 1705 2814 Attila:

134 2861 320 2926 mittere,
351 2867 401 2912 et
430 2873 525 2911 sex
552 2855 717 2909 millia
745 2852 992 2907 librarum
1016 2852 1061 2906 ei
1092 2868 1187 2922 pro
1228 2868 1422 2905 recessu
1448 2852 1701 2920 prtebens,

135 2952 250 3007 mille
270 2951 521 3005 librarum
562 2964 793 3003 annuum
829 2946 1071 3000 tributum
1098 2945 1384 3014 persolvere
1409 2944 1702 3014 pollicetur.

133 3042 225 3099 Sub
250 3044 326 3099 his
375 3045 491 3100 fere
526 3041 723 3096 diebus
780 3048 884 3094 tam
941 3037 1163 3093 terribili
1198 3047 1503 3091 terramnotu
1533 3038 1701 3091 lloma

131 3151 361 3193 concussa
416 3145 528 3203 est,
588 3143 645 3187 ut
684 3134 712 3173 ἆ
761 3132 998 3203 plurima:
1034 3131 1176 3186 sedes
1224 3130 1339 3201 ejus
1383 3138 1438 3185 et
1479 3128 1704 3185 aediﬁcia
1731 3112 1780 3177 Ο

129 3229 426 3283 corruerint.
479 3223 728 3281 Britanni
784 3224 983 3293 itaque,
1034 3221 1098 3275 de
1144 3221 1338 3290 quibus
1372 3221 1707 3290 prmmissom

130 3328 217 3385 est,
245 3335 358 3375 cum
392 3332 597 3375 rursus
620 3317 929 3379 Scotorum,
977 3314 1353 3381 Pictorumque
1382 3312 1709 3379 incursioni-

128 3411 209 3465 bus
235 3420 642 3483 premerentur,
678 3410 893 3462 mittunt
937 3406 1092 3461 Aetio
1122 3405 1405 3469 epistolam
1451 3404 1702 3475 lacrymis

127 3508 474 3578 acrumnisque
521 3506 765 3577 plenam,
817 3502 1042 3574 ejusque
1087 3503 1401 3572 quantocius
1448 3503 1707 3557 auxilium

125 3597 425 3668 efﬂagitant.
457 3597 679 3666 Quibus
710 3595 833 3649 dum
862 3594 1045 3648 Aetius
1073 3593 1291 3647 minime
1320 3592 1616 3660 annuisset,
1644 3608 1709 3648 eo

124 3690 244 3756 quod
271 3701 460 3746 contra
493 3689 713 3744 vicinos
748 3687 931 3742 hostes
956 3694 1247 3755 occupatus
1272 3687 1548 3752 existeret,
1590 3685 1708 3755 qui-

121 3778 223 3834 dam
248 3781 646 3837 Britannorum
668 3787 885 3833 strenue
914 3777 1222 3833 resistentes
1253 3776 1436 3832 hostes
1463 3778 1706 3845 abigunt,

122 3872 316 3940 quidam
342 3890 479 3929 vero
511 3873 695 3929 coacti
747 3871 992 3925 hostibus
1038 3869 1410 3939 subjiciuntur.
1444 3869 1707 3940 Denique,

1805 1840 2039 1893 sacerdos
2067 1842 2231 1909 factus
2260 1855 2323 1893 ea:
2362 1840 2535 1893 divina
2565 1839 2778 1893 lectione
2811 1839 3167 1909 respondebat.
3197 1840 3391 1911 Aggre-

1803 1930 2051 2000 gabatque
2076 1946 2246 1984 sacros
2289 1928 2526 1997 Codices,
2573 1939 2621 1986 et
2648 1933 2984 2003 quodcunque
3013 1947 3190 1986 eorum
3218 1931 3386 1985 inter-

1802 2034 1967 2092 preter
2008 2037 2098 2075 seu
2137 2022 2454 2093 expositores
2498 2022 2856 2093 conscripsisse
2898 2022 3218 2088 videbantur,
3249 2023 3394 2090 plus-

1801 2129 1955 2182 quam
1990 2112 2302 2169 Ptolemteus
2356 2114 2628 2169 studuerat
2681 2112 3079 2183 Philadelphus.
3135 2113 3394 2170 Patientia

1802 2220 2024 2275 namque
2069 2216 2115 2260 et
2165 2206 2435 2260 clementia
2480 2207 2732 2261 universis
2782 2207 3071 2262 hominibus
3118 2209 3392 2265 eminebat.

1806 2294 1950 2350 Nam
1968 2295 2210 2352 Julianus
2232 2300 2533 2368 imperator,
2562 2298 2682 2353 licet
2710 2299 3052 2371 philosOphus
3082 2301 3263 2370 fuerit,
3290 2320 3393 2359 non

1804 2398 1972 2443 tamen
2006 2389 2423 2445 Antiochensium
2451 2391 2677 2460 portavit
2721 2391 2995 2463 injuriam,
3044 2393 3134 2447 sed
3172 2396 3398 2450 maxima

1804 2478 2080 2534 Theodoro
2109 2489 2361 2535 tormenta
2391 2481 2693 2555 indignatus
2720 2483 2987 2553 imposuit.
3034 2484 3202 2539 Porro
3233 2484 3396 2541 Theo-

1804 2571 1979 2627 dosius
2017 2571 2232 2626 multum
2255 2577 2487 2644 gaudens
2528 2575 2840 2648 syllogismis
2871 2578 3178 2645 Aristotelis,
3223 2580 3401 2649 philo-

1802 2666 2039 2735 sophiam
2084 2665 2343 2721 exercebat
2384 2668 2642 2737 aperibus,
2692 2670 2845 2737 iram,
2877 2672 3167 2736 tristitiam,
3207 2673 3386 2726 libidi-

1806 2776 2018 2831 nemque
2043 2760 2331 2825 devinccns,
2364 2768 2410 2814 et
2458 2761 2514 2814 in
2560 2762 2717 2815 nullo
2763 2779 2817 2817 se
2867 2765 3048 2818 ulcisci
3077 2764 3395 2822 desiderans.

1807 2854 1935 2910 Cum
1975 2856 2134 2926 igitur
2159 2871 2191 2907 a
2211 2855 2436 2924 quodam
2476 2856 2812 2925 familiarium
2839 2856 3263 2928 interrogaretur,
3305 2875 3400 2913 cur

1807 2948 2004 3001 nullout
2041 2962 2093 3001 se
2134 2946 2427 3003 lmdentittm
2456 2948 2610 3002 morti
2643 2949 2951 3020 subjiceret?
2985 2947 3197 3004 Utinam
3251 2953 3403 3017 mihi,

1806 3040 1989 3110 inquit,
2022 3048 2147 3093 esset
2175 3039 2414 3110 possibile
2434 3039 2503 3094 ad
2533 3040 2685 3094 vitam
2730 3049 2956 3097 mortuos
2978 3059 3214 3098 revocare
3240 3043 3262 3098 l
3310 3043 3401 3099 Sic

1809 3136 1941 3188 enim
1970 3134 2073 3201 fuit
2101 3133 2340 3200 clemens,
2374 3141 2427 3185 ut
2456 3133 2499 3187 si
2526 3133 2735 3203 quando
2762 3135 3016 3205 quispiam
3042 3135 3258 3206 dignum
3286 3136 3391 3189 ali-

1811 3224 1944 3295 quid
1973 3239 2135 3278 morte
2176 3225 2529 3291 committeret,
2560 3241 2650 3279 nec
2681 3243 2837 3290 usque
2875 3228 2943 3281 ad
2984 3229 3198 3283 civitatis
3227 3239 3397 3300 portat

1810 3317 2103 3370 morituruc
2120 3318 2428 3385 perveniret,
2474 3317 2564 3372 sed
2609 3334 2671 3371 ex
2699 3321 2808 3388 ejus
2853 3319 3119 3375 clementia
3148 3322 3398 3379 revocatio

1810 3411 2107 3477 sequebatur
2139 3410 2401 3464 continuo.
2450 3408 2585 3463 Dum
2614 3413 2788 3482 aliquo
2815 3423 3046 3484 tempore
3072 3415 3180 3484 ipse
3208 3418 3261 3469 in
3290 3434 3399 3471 am-

1810 3501 2101 3570 phitheatro
2133 3499 2650 3577 Constantinopoleos
2688 3515 2962 3575 spectaret,
2993 3509 3143 3578 coepit
3174 3508 3399 3565 clamare

1809 3596 2033 3665 populus
2065 3609 2084 3648 :
2117 3592 2324 3649 Crutleli
2369 3593 2541 3650 bestico
2578 3598 2769 3667 artifex
2801 3599 3063 3667 parabolis
3089 3608 3302 3671 pugnet.
3334 3600 3399 3655 At

1811 3687 1897 3740 ille
1914 3702 1933 3741 :
1963 3683 2208 3751 Nescitis,
2241 3686 2426 3755 inquit,
2454 3688 2578 3756 quia
2606 3691 2963 3745 consuevimus
3001 3708 3095 3747 nos
3123 3694 3399 3749 clementer

1811 3788 2060 3846 spectare.
2115 3776 2281 3831 Tanta
2316 3778 2451 3832 enim
2488 3780 2680 3850 pietate
2723 3783 3065 3851 prtecellebat,
3114 3794 3168 3839 ut
3222 3802 3400 3842 omnes

1809 3869 2013 3940 quidem
2061 3868 2166 3922 Deo
2206 3878 2523 3924 consecratos
2570 3872 2859 3938 honoraret,
2916 3875 3176 3945 praecipue
3225 3886 3395 3932 tamen

117 3964 315 4019 subacta
349 3965 491 4022 Picti
544 3974 794 4022 extrema
852 3962 1095 4030 ejusdem
1151 3961 1337 4015 insulae
1368 3972 1542 4031 parte,
1590 3978 1709 4018 eam
1810 3980 1934 4033 quos
1986 3961 2222 4015 audiebat
2265 3964 2551 4017 veneranda
2605 3965 2805 4018 actione
2830 3968 3038 4036 pollere.
3083 3965 3275 4022 Fertur
3298 3986 3395 4028 au-

119 4053 203 4108 sibi
226 4055 631 4112 habitationem
678 4054 872 4119 fecere,
908 4067 1007 4107 nec
1046 4051 1182 4106 ultra
1224 4051 1419 4107 exinde
1452 4052 1712 4107 hactenus
1813 4070 1911 4115 tem
1941 4060 2079 4132 quod
2108 4076 2224 4113 cum
2253 4058 2695 4132 Constantinopoli
2732 4064 2999 4131 episcopus
3029 4062 3401 4123 Chebroneosis

116 4147 377 4204 "illi!an
403 4146 643 4217 ειρειιὶο
672 4149 740 4201 At
765 4160 894 4201 V070
916 4144 1110 4199 ι’θείάυί
1138 4145 1541 4209 Βτὶιθηηοτυηιν
1575 4145 1707 4199 dum
1812 4156 1987 4226 fuisset
2017 4163 2265 4219 mortuus,
2291 4170 2470 4227 sugunt
2498 4155 2612 4223 ejus
2640 4154 2790 4208 valde
2818 4156 3233 4211 sordidissimum
3260 4174 3401 4229 qut:-

117 4242 349 4298 continuo
389 4243 697 4300 Scotorum
742 4238 973 4309 impetus
1010 4236 1383 4300 formidarent,
1427 4237 1567 4291 ultra
1595 4238 1706 4305 jam

114 4330 169 4386 de
194 4332 583 4389 Romanorum
615 4331 864 4401 prmsidio
892 4329 1218 4392 difﬁdentes,
1263 4328 1557 4397 Anglorum
1581 4346 1709 4399 geu-

1812 4248 1971 4313 sierit,
2004 4256 2049 4300 et
2082 4262 2141 4299 eo
2172 4248 2582 4300 circumamictus
2608 4247 2707 4311 sit,
2754 4248 2961 4302 credens
3010 4249 3207 4317 aliquid
3246 4266 3301 4304 se
3339 4264 3404 4305 ex

1814 4341 2047 4409 defuncti
2094 4340 2363 4394 sanctitate
2408 4341 2707 4409 promereri.
2767 4339 2895 4394 Cum
2944 4342 3223 4411 aliquando
3269 4344 3403 4399 aeris

118 4432 206 4477 tem
235 4440 357 4480 cum
388 4441 499 4481 suo
536 4438 673 4493 rege
722 4423 1037 4494 Vertigerno
1082 4422 1150 4475 ad
1193 4420 1555 4476 defensionem
1601 4436 1713 4477 sum
1747 4483 1794 4507 η
1817 4441 2088 4501 “mpura;
2114 4441 2261 4497 esset,
2297 4441 2343 4486 et
2372 4432 2459 4486 ille
2487 4439 2626 4487 circa
2655 4435 2901 4503 populum
2928 4444 3209 4505 spectaret,
3251 4438 3403 4507 pleno

114 4518 276 4582 patria
307 4519 657 4582 invitavere,
688 4529 822 4585 quos
850 4531 966 4569 cum
1011 4513 1224 4570 amicali
1267 4514 1528 4571 societate
1554 4530 1714 4572 exce-

1746 4483 1796 4543 D

1818 4526 1953 4581 circo
1999 4534 2268 4594 tempestas
2316 4526 2662 4579 vehementius
2708 4526 2973 4596 agebatur,
3034 4527 3196 4582 multo
3244 4528 3405 4584 imbre

114 4614 236 4674 pios.
264 4625 430 4666 versa
484 4610 547 4666 in
580 4606 914 4664 contrarium
945 4606 1087 4673 vice,
1120 4607 1301 4662 hostes
1332 4622 1429 4677 pro
1455 4606 1703 4678 adjutori-

1817 4618 2031 4686 diffuso.
2064 4616 2289 4688 Cumque
2317 4618 2412 4671 hoc
2439 4620 2604 4687 ﬁeret,
2626 4634 2771 4672 suam
2794 4621 3099 4674 voluntatem
3122 4620 3405 4688 imperator

110 4702 197 4758 bus
246 4708 793 4778 impugnatoresque
849 4713 1091 4757 sensere.
1154 4701 1408 4769 Sequenti
1465 4702 1716 4771 deinceps

111 4802 333 4866 tempore
365 4813 514 4868 gens
546 4795 877 4866 Anglorum,
908 4793 1025 4847 sive
1051 4792 1349 4868 Saxonum,
1384 4793 1713 4848 Britanniam

107 4893 257 4951 tribus
287 4866 476 4968 Ion—gis
508 4896 751 4951 navibus
787 4866 1096 4947 advehitur.
1137 4890 1376 4955 Quorum
1430 4890 1557 4944 dum
1609 4889 1714 4945 iter

107 4998 480 5057 prosperatum
529 4986 688 5043 domi
736 4983 877 5039 fama
932 4982 1226 5046 retulisset,
1281 4980 1508 5034 mittitur
1555 4980 1714 5036 nihil-

103 5080 300 5138 ominus
325 5081 634 5138 exercitus
655 5075 958 5146 multiplex,
1019 5074 1129 5144 qui
1166 5073 1400 5127 sociatus
1448 5072 1714 5141 prioribus

106 5172 322 5238 primum
390 5176 640 5236 hostes,
687 5178 905 5239 propter
944 5181 1080 5236 quos
1163 5166 1461 5234 petebatur,
1512 5165 1710 5234 abigit;

102 5263 283 5325 deinde
334 5270 395 5324 in
439 5267 718 5323 Britones
745 5277 895 5317 arma
946 5261 1229 5325 convertit,
1284 5259 1511 5313 conficta
1558 5273 1714 5313 occa-

102 5356 258 5429 sione,
284 5362 454 5432 quasi
489 5373 608 5430 pro
636 5372 697 5414 se
718 5356 801 5414 eis
832 5354 1204 5420 militantibus,
1243 5354 1421 5408 minus
1450 5351 1714 5423 stipendia

164 5523 189 5551 ἰ
218 5517 313 5578 Αη
346 5516 602 5569 Sabaetu
612 5527 698 5565 no.

161 5593 186 5621 υ
215 5590 311 5653 A.,
342 5585 680 5642 Ariovindo.

1816 4713 2016 4783 operuit
2038 4751 2053 4777 ,
2105 4712 2320 4781 fecitque
2362 4726 2451 4778 per
2476 4725 2759 4781 praconem
2804 4710 3021 4766 clamari
3048 4712 3186 4782 quod
3216 4713 3399 4767 melius

1816 4813 1941 4859 esset
1972 4805 2320 4872 spectaculum
2350 4815 2688 4870 contemnere,
2721 4815 2767 4859 et
2798 4822 2969 4859 omnes
2996 4821 3179 4875 rogare
3208 4805 3396 4871 Deum,

1817 4906 1872 4950 ut
1912 4896 2062 4950 illaesi
2106 4895 2170 4949 ab
2217 4897 2509 4950 imminente
2554 4907 2844 4967 tempestate
2893 4885 3231 4951 scrvarentur.
3287 4898 3401 4963 Quo

1814 4988 1973 5051 dicto,
1992 4990 2159 5042 cuncti
2182 4989 2357 5057 populi
2376 5004 2560 5059 magno
2580 4990 2768 5058 gaudio
2790 4990 3160 5060 supplicantes,
3184 4989 3400 5060 hymnos

1813 5080 2130 5133 concorditer
2161 5078 2472 5147 oﬂ‘crebant,
2505 5088 2553 5133 et
2581 5088 2685 5133 tota
2714 5081 2888 5133 civitas
2916 5080 3048 5134 velut
3076 5096 3178 5133 una
3206 5080 3400 5151 psalle-

1815 5169 1899 5223 bat
1913 5168 2169 5225 Ecclesia.
2196 5170 2258 5222 In
2280 5170 2448 5223 medio
2470 5178 2642 5223 autem
2663 5186 2835 5223 eorum
2858 5172 3135 5236 imperator
3156 5170 3394 5237 existens,

1815 5262 2008 5334 privato
2032 5260 2283 5315 schemate
2310 5261 2633 5330 properabat,
2658 5277 2749 5314 nec
2772 5277 2862 5331 spe
2885 5277 2981 5315 sua
3005 5262 3278 5329 frustratus
3301 5270 3395 5315 est.

1818 5354 2045 5423 Repente
2091 5367 2308 5422 namque
2337 5367 2424 5405 aer
2449 5355 2519 5406 ad
2544 5354 2863 5407 serenitatem
2891 5354 3068 5423 rediit,
3099 5354 3270 5408 divina
3296 5354 3400 5407 cle-

1888 5512 1916 5622 ἓ
2350 5580 2531 5636 verbis
2556 5598 2567 5634 :
2606 5578 2829 5657 Explicit
2861 5579 2948 5651 lib.
2977 5576 3152 5637 XIII.
3183 5572 3394 5645 (laetere

161 5666 184 5695 θ
217 5648 321 5711 Af:
356 5668 646 5727 tempora.
682 5652 889 5728 [ianuis
938 5650 1190 5728 Thracias
1218 5658 1266 5728 et
1294 5648 1559 5719 lllgricum
1586 5665 1718 5704 steva
1817 5670 1923 5712 non
1953 5648 2221 5728 leguntur,

101 5730 431 5800 populatione
460 5722 822 5794 vastantibus,
850 5723 1121 5788 exercitus,
1150 5722 1260 5796 qui,
1290 5732 1393 5775 etc.
