  <div class='ocr_page' id='page_1' title='image "/cluster/home/n/w/nwhite01/storage/ocr_20150623/95/hvd.32044010719722/508.png"; bbox 0 0 3918 6344; ppageno 0'>
   <div class='ocr_carea' id='block_1_1' title="bbox 82 399 176 465">
    <p class='ocr_par' dir='ltr' id='par_1_1' title="bbox 82 399 176 465">
     <span class='ocr_line' id='line_1_1' title="bbox 82 399 176 465; baseline -0.043 0"><span class='ocrx_word' id='word_1_1' title='bbox 82 399 176 465; x_wconf 83' lang='grc'><strong><em>969</em></strong></span> 
     </span>
    </p>
   </div>
   <div class='ocr_carea' id='block_1_2' title="bbox 1106 386 2264 454">
    <p class='ocr_par' dir='ltr' id='par_1_2' title="bbox 1106 386 2264 454">
     <span class='ocr_line' id='line_1_2' title="bbox 1106 386 2264 454; baseline -0.006 -2"><span class='ocrx_word' id='word_1_2' title='bbox 1106 390 1433 454; x_wconf 76' lang='lat' dir='ltr'><strong><em>HISTORIA</em></strong></span> <span class='ocrx_word' id='word_1_3' title='bbox 1469 388 1834 451; x_wconf 63' lang='lat' dir='ltr'><strong><em>MISCELLA.</em></strong></span> <span class='ocrx_word' id='word_1_4' title='bbox 1872 416 1945 431; x_wconf 91' lang='lat'>—</span> <span class='ocrx_word' id='word_1_5' title='bbox 1967 386 2097 445; x_wconf 83' lang='lat' dir='ltr'><strong><em>LIB.</em></strong></span> <span class='ocrx_word' id='word_1_6' title='bbox 2144 386 2264 445; x_wconf 79' lang='lat' dir='ltr'><strong><em>XV.</em></strong></span> 
     </span>
    </p>
   </div>
   <div class='ocr_carea' id='block_1_3' title="bbox 3225 382 3333 449">
    <p class='ocr_par' dir='ltr' id='par_1_3' title="bbox 3225 382 3333 449">
     <span class='ocr_line' id='line_1_3' title="bbox 3225 382 3333 449; baseline 0 -1"><span class='ocrx_word' id='word_1_7' title='bbox 3225 382 3333 449; x_wconf 80' lang='lat'><strong><em>970</em></strong></span> 
     </span>
    </p>
   </div>
   <div class='ocr_carea' id='block_1_4' title="bbox 83 502 3335 586">
    <p class='ocr_par' dir='ltr' id='par_1_4' title="bbox 83 502 3335 586">
     <span class='ocr_line' id='line_1_4' title="bbox 83 502 3335 586; baseline -0.003 -14"><span class='ocrx_word' id='word_1_8' title='bbox 83 520 249 586; x_wconf 73' lang='lat' dir='ltr'><strong><em>Itaque</em></strong></span> <span class='ocrx_word' id='word_1_9' title='bbox 284 512 549 570; x_wconf 85' lang='lat' dir='ltr'><strong><em>celerrime</em></strong></span> <span class='ocrx_word' id='word_1_10' title='bbox 593 511 976 567; x_wconf 65' lang='lat' dir='ltr'><strong><em>Theodoricume</em></strong></span> <span class='ocrx_word' id='word_1_11' title='bbox 1043 510 1430 584; x_wconf 82' lang='lat' dir='ltr'><strong><em>Visigothorum</em></strong></span> <span class='ocrx_word' id='word_1_12' title='bbox 1477 525 1649 581; x_wconf 95' lang='lat' dir='ltr'><strong><em>regem</em></strong></span> <span class='ocrx_word' id='word_1_13' title='bbox 1673 510 1731 574; x_wconf 69' lang='grc' dir='ltr'>Α</span> <span class='ocrx_word' id='word_1_14' title='bbox 1752 524 1863 564; x_wconf 90' lang='lat' dir='ltr'><strong><em>rem</em></strong></span> <span class='ocrx_word' id='word_1_15' title='bbox 1891 508 2049 563; x_wconf 69' lang='lat' dir='ltr'><strong><em>traxit</em></strong></span> <span class='ocrx_word' id='word_1_16' title='bbox 2070 548 2087 576; x_wconf 92' lang='lat'><strong><em>,</em></strong></span> <span class='ocrx_word' id='word_1_17' title='bbox 2117 517 2268 577; x_wconf 89' lang='lat' dir='ltr'><strong><em>atque</em></strong></span> <span class='ocrx_word' id='word_1_18' title='bbox 2296 520 2410 559; x_wconf 91' lang='lat' dir='ltr'><strong><em>cum</em></strong></span> <span class='ocrx_word' id='word_1_19' title='bbox 2433 504 2611 560; x_wconf 83' lang='lat' dir='ltr'><strong><em>eodem</em></strong></span> <span class='ocrx_word' id='word_1_20' title='bbox 2640 502 2870 560; x_wconf 90' lang='lat' dir='ltr'><strong><em>Patricio</em></strong></span> <span class='ocrx_word' id='word_1_21' title='bbox 2896 515 3072 561; x_wconf 91' lang='lat' dir='ltr'><strong><em>contra</em></strong></span> <span class='ocrx_word' id='word_1_22' title='bbox 3117 507 3335 564; x_wconf 83' lang='lat' dir='ltr'><strong><em>Attilam</em></strong></span> 
     </span>
    </p>
   </div>
   <div class='ocr_carea' id='block_1_5' title="bbox 82 603 1645 682">
    <p class='ocr_par' dir='ltr' id='par_1_5' title="bbox 82 603 1645 682">
     <span class='ocr_line' id='line_1_5' title="bbox 82 603 1645 682; baseline -0.004 -16"><span class='ocrx_word' id='word_1_23' title='bbox 82 628 157 682; x_wconf 89' lang='lat' dir='ltr'><strong><em>per</em></strong></span> <span class='ocrx_word' id='word_1_24' title='bbox 179 608 377 663; x_wconf 80' lang='lat' dir='ltr'><strong><em>Aetium</em></strong></span> <span class='ocrx_word' id='word_1_25' title='bbox 408 604 700 661; x_wconf 72' lang='lat' dir='ltr'><strong><em>Patricium</em></strong></span> <span class='ocrx_word' id='word_1_26' title='bbox 722 605 1050 671; x_wconf 74' lang='lat' dir='ltr'><strong><em>conveniens,</em></strong></span> <span class='ocrx_word' id='word_1_27' title='bbox 1095 606 1151 660; x_wconf 90' lang='lat' dir='ltr'><strong><em>in</em></strong></span> <span class='ocrx_word' id='word_1_28' title='bbox 1173 621 1281 662; x_wconf 67' lang='lat' dir='ltr'><strong><em>suis</em></strong></span> <span class='ocrx_word' id='word_1_29' title='bbox 1306 604 1468 676; x_wconf 91' lang='lat' dir='ltr'><strong><em>partis</em></strong></span> <span class='ocrx_word' id='word_1_30' title='bbox 1505 603 1645 674; x_wconf 80' lang='lat' dir='ltr'><strong><em>favo-</em></strong></span> 
     </span>
    </p>
   </div>
   <div class='ocr_carea' id='block_1_6' title="bbox 80 780 1642 855">
    <p class='ocr_par' dir='ltr' id='par_1_6' title="bbox 80 780 1642 855">
     <span class='ocr_line' id='line_1_6' title="bbox 80 780 1642 855; baseline -0.006 -13"><span class='ocrx_word' id='word_1_31' title='bbox 80 805 155 855; x_wconf 83' lang='lat' dir='ltr'><strong><em>per</em></strong></span> <span class='ocrx_word' id='word_1_32' title='bbox 182 786 488 855; x_wconf 82' lang='lat' dir='ltr'><strong><em>Noricorum</em></strong></span> <span class='ocrx_word' id='word_1_33' title='bbox 516 800 640 837; x_wconf 90' lang='lat' dir='ltr'><strong><em>rura</em></strong></span> <span class='ocrx_word' id='word_1_34' title='bbox 683 785 959 855; x_wconf 79' lang='lat' dir='ltr'><strong><em>exercitum</em></strong></span> <span class='ocrx_word' id='word_1_35' title='bbox 998 783 1221 855; x_wconf 87' lang='lat' dir='ltr'><strong><em>duceret,</em></strong></span> <span class='ocrx_word' id='word_1_36' title='bbox 1251 782 1463 855; x_wconf 84' lang='lat' dir='ltr'><strong><em>cognita</em></strong></span> <span class='ocrx_word' id='word_1_37' title='bbox 1485 780 1642 855; x_wconf 71' lang='lat' dir='ltr'><strong><em>Seue-</em></strong></span> 
     </span>
    </p>
   </div>
   <div class='ocr_carea' id='block_1_7' title="bbox 79 850 1644 926">
    <p class='ocr_par' dir='ltr' id='par_1_7' title="bbox 79 850 1644 926">
     <span class='ocr_line' id='line_1_7' title="bbox 79 850 1644 926; baseline -0.007 -14"><span class='ocrx_word' id='word_1_38' title='bbox 79 850 164 912; x_wconf 81' lang='lat' dir='ltr'><strong><em>rini</em></strong></span> <span class='ocrx_word' id='word_1_39' title='bbox 189 860 326 926; x_wconf 87' lang='lat' dir='ltr'><strong><em>fama</em></strong></span> <span class='ocrx_word' id='word_1_40' title='bbox 369 854 558 911; x_wconf 86' lang='lat' dir='ltr'><strong><em>Christi</em></strong></span> <span class='ocrx_word' id='word_1_41' title='bbox 590 855 798 909; x_wconf 83' lang='lat' dir='ltr'><strong><em>Domini</em></strong></span> <span class='ocrx_word' id='word_1_42' title='bbox 827 854 983 921; x_wconf 92' lang='lat' dir='ltr'><strong><em>servi,</em></strong></span> <span class='ocrx_word' id='word_1_43' title='bbox 1013 855 1101 924; x_wconf 86' lang='lat' dir='ltr'><strong><em>qui</em></strong></span> <span class='ocrx_word' id='word_1_44' title='bbox 1131 854 1235 926; x_wconf 81' lang='lat' dir='ltr'><strong><em>illis</em></strong></span> <span class='ocrx_word' id='word_1_45' title='bbox 1279 850 1393 905; x_wconf 84' lang='lat' dir='ltr'><strong><em>tunc</em></strong></span> <span class='ocrx_word' id='word_1_46' title='bbox 1431 850 1644 926; x_wconf 81' lang='lat' dir='ltr'><strong><em>degebat</em></strong></span> 
     </span>
    </p>
   </div>
   <div class='ocr_carea' id='block_1_8' title="bbox 77 922 1642 993">
    <p class='ocr_par' dir='ltr' id='par_1_8' title="bbox 77 922 1642 993">
     <span class='ocr_line' id='line_1_8' title="bbox 77 922 1642 993; baseline -0.006 -12"><span class='ocrx_word' id='word_1_47' title='bbox 77 934 119 982; x_wconf 85' lang='lat' dir='ltr'><strong><em>in</em></strong></span> <span class='ocrx_word' id='word_1_48' title='bbox 145 922 286 993; x_wconf 81' lang='lat' dir='ltr'><strong><em>locis,</em></strong></span> <span class='ocrx_word' id='word_1_49' title='bbox 314 928 382 981; x_wconf 89' lang='lat' dir='ltr'><strong><em>ad</em></strong></span> <span class='ocrx_word' id='word_1_50' title='bbox 407 944 524 982; x_wconf 89' lang='lat' dir='ltr'><strong><em>eum</em></strong></span> <span class='ocrx_word' id='word_1_51' title='bbox 562 927 657 979; x_wconf 92' lang='lat' dir='ltr'><strong><em>sibi</em></strong></span> <span class='ocrx_word' id='word_1_52' title='bbox 699 922 1097 979; x_wconf 85' lang='lat' dir='ltr'><strong><em>benedictionem</em></strong></span> <span class='ocrx_word' id='word_1_53' title='bbox 1128 924 1378 993; x_wconf 88' lang='lat' dir='ltr'><strong><em>petiturus</em></strong></span> <span class='ocrx_word' id='word_1_54' title='bbox 1408 922 1642 993; x_wconf 88' lang='lat' dir='ltr'><strong><em>accessit,</em></strong></span> 
     </span>
    </p>
   </div>
   <div class='ocr_carea' id='block_1_9' title="bbox 75 992 1645 1069">
    <p class='ocr_par' dir='ltr' id='par_1_9' title="bbox 75 992 1645 1069">
     <span class='ocr_line' id='line_1_9' title="bbox 75 992 1645 1069; baseline -0.004 -17"><span class='ocrx_word' id='word_1_55' title='bbox 75 1003 149 1069; x_wconf 86' lang='lat' dir='ltr'><strong><em>qui</em></strong></span> <span class='ocrx_word' id='word_1_56' title='bbox 176 992 320 1065; x_wconf 87' lang='lat' dir='ltr'><strong><em>dum,</em></strong></span> <span class='ocrx_word' id='word_1_57' title='bbox 353 999 695 1052; x_wconf 74' lang='lat' dir='ltr'><strong><em>benedictione</em></strong></span> <span class='ocrx_word' id='word_1_58' title='bbox 720 1005 973 1066; x_wconf 85' lang='lat' dir='ltr'><strong><em>percepta,</em></strong></span> <span class='ocrx_word' id='word_1_59' title='bbox 1006 998 1068 1069; x_wconf 89' lang='lat' dir='ltr'><strong><em>ab</em></strong></span> <span class='ocrx_word' id='word_1_60' title='bbox 1098 992 1227 1069; x_wconf 21' lang='lat' dir='ltr'><strong><em>ejus”</em></strong></span> <span class='ocrx_word' id='word_1_61' title='bbox 1246 994 1418 1065; x_wconf 78' lang='lat' dir='ltr'><strong><em>egredi</em></strong></span> <span class='ocrx_word' id='word_1_62' title='bbox 1460 992 1645 1069; x_wconf 78' lang='lat' dir='ltr'><strong><em>cellula</em></strong></span> 
     </span>
    </p>
   </div>
   <div class='ocr_carea' id='block_1_10' title="bbox 77 1066 1640 1137">
    <p class='ocr_par' dir='ltr' id='par_1_10' title="bbox 77 1066 1640 1137">
     <span class='ocr_line' id='line_1_10' title="bbox 77 1066 1640 1137; baseline -0.005 -14"><span class='ocrx_word' id='word_1_63' title='bbox 77 1066 223 1135; x_wconf 71' lang='lat' dir='ltr'><strong><em>relict,</em></strong></span> <span class='ocrx_word' id='word_1_64' title='bbox 250 1080 299 1124; x_wconf 94' lang='lat' dir='ltr'><strong><em>et</em></strong></span> <span class='ocrx_word' id='word_1_65' title='bbox 329 1081 478 1137; x_wconf 90' lang='lat' dir='ltr'><strong><em>caput</em></strong></span> <span class='ocrx_word' id='word_1_66' title='bbox 508 1085 570 1121; x_wconf 90' lang='lat' dir='ltr'><strong><em>ne</em></strong></span> <span class='ocrx_word' id='word_1_67' title='bbox 597 1070 649 1122; x_wconf 88' lang='lat' dir='ltr'><strong><em>in</em></strong></span> <span class='ocrx_word' id='word_1_68' title='bbox 687 1068 1069 1134; x_wconf 78' lang='lat' dir='ltr'><strong><em>superliminari</em></strong></span> <span class='ocrx_word' id='word_1_69' title='bbox 1114 1066 1250 1130; x_wconf 86' lang='lat' dir='ltr'><strong><em>ostii,</em></strong></span> <span class='ocrx_word' id='word_1_70' title='bbox 1278 1083 1339 1137; x_wconf 87' lang='lat' dir='ltr'><strong><em>eo_</em></strong></span> <span class='ocrx_word' id='word_1_71' title='bbox 1360 1066 1494 1132; x_wconf 92' lang='lat' dir='ltr'><strong><em>quod</em></strong></span> <span class='ocrx_word' id='word_1_72' title='bbox 1525 1079 1640 1134; x_wconf 83' lang='lat' dir='ltr'><strong><em>pro-</em></strong></span> 
     </span>
    </p>
   </div>
   <div class='ocr_carea' id='block_1_11' title="bbox 75 1135 1648 1205">
    <p class='ocr_par' dir='ltr' id='par_1_11' title="bbox 75 1135 1648 1205">
     <span class='ocr_line' id='line_1_11' title="bbox 75 1135 1648 1205; baseline -0.006 -10"><span class='ocrx_word' id='word_1_73' title='bbox 75 1158 187 1195; x_wconf 73' lang='lat' dir='ltr'><strong><em>cera:</em></strong></span> <span class='ocrx_word' id='word_1_74' title='bbox 215 1152 342 1195; x_wconf 87' lang='lat' dir='ltr'><strong><em>esset</em></strong></span> <span class='ocrx_word' id='word_1_75' title='bbox 374 1135 607 1202; x_wconf 78' lang='lat' dir='ltr'><strong><em>staturae,</em></strong></span> <span class='ocrx_word' id='word_1_76' title='bbox 633 1138 890 1205; x_wconf 89' lang='lat' dir='ltr'><strong><em>allideret,</em></strong></span> <span class='ocrx_word' id='word_1_77' title='bbox 913 1139 1223 1197; x_wconf 81' lang='lat' dir='ltr'><strong><em>inclinasset,</em></strong></span> <span class='ocrx_word' id='word_1_78' title='bbox 1252 1153 1281 1187; x_wconf 85' lang='grc' dir='ltr'>α</span> <span class='ocrx_word' id='word_1_79' title='bbox 1314 1135 1407 1188; x_wconf 92' lang='lat' dir='ltr'><strong><em>Dei</em></strong></span> <span class='ocrx_word' id='word_1_80' title='bbox 1428 1136 1536 1187; x_wconf 82' lang='lat' dir='ltr'><strong><em>viro</em></strong></span> <span class='ocrx_word' id='word_1_81' title='bbox 1552 1138 1648 1205; x_wconf 82' lang='lat' dir='ltr'><strong><em>fu-</em></strong></span> 
     </span>
    </p>
   </div>
   <div class='ocr_carea' id='block_1_12' title="bbox 82 1204 1649 1280">
    <p class='ocr_par' dir='ltr' id='par_1_12' title="bbox 82 1204 1649 1280">
     <span class='ocr_line' id='line_1_12' title="bbox 82 1204 1649 1280; baseline -0.004 -17"><span class='ocrx_word' id='word_1_82' title='bbox 82 1225 300 1265; x_wconf 80' lang='lat' dir='ltr'><strong><em>uirorum</em></strong></span> <span class='ocrx_word' id='word_1_83' title='bbox 331 1212 540 1280; x_wconf 76' lang='lat' dir='ltr'><strong><em>prtescio</em></strong></span> <span class='ocrx_word' id='word_1_84' title='bbox 569 1226 688 1264; x_wconf 75' lang='lat' dir='ltr'><strong><em>mox</em></strong></span> <span class='ocrx_word' id='word_1_85' title='bbox 715 1210 836 1261; x_wconf 88' lang='lat' dir='ltr'><strong><em>talia</em></strong></span> <span class='ocrx_word' id='word_1_86' title='bbox 864 1204 1077 1261; x_wconf 86' lang='lat' dir='ltr'><strong><em>audivit.</em></strong></span> <span class='ocrx_word' id='word_1_87' title='bbox 1101 1207 1260 1280; x_wconf 73' lang='lat' dir='ltr'><strong><em>Yade</em></strong></span> <span class='ocrx_word' id='word_1_88' title='bbox 1281 1208 1508 1280; x_wconf 10' lang='lat' dir='ltr'><strong><em>nuncrad</em></strong></span> <span class='ocrx_word' id='word_1_89' title='bbox 1538 1204 1649 1280; x_wconf 80' lang='lat' dir='ltr'><strong><em>Ita-</em></strong></span> 
     </span>
    </p>
   </div>
   <div class='ocr_carea' id='block_1_13' title="bbox 82 1276 1650 1347">
    <p class='ocr_par' dir='ltr' id='par_1_13' title="bbox 82 1276 1650 1347">
     <span class='ocr_line' id='line_1_13' title="bbox 82 1276 1650 1347; baseline -0.006 -11"><span class='ocrx_word' id='word_1_90' title='bbox 82 1284 208 1347; x_wconf 87' lang='lat' dir='ltr'><strong><em>liam,</em></strong></span> <span class='ocrx_word' id='word_1_91' title='bbox 226 1276 375 1346; x_wconf 76' lang='lat' dir='ltr'><strong><em>vade,</em></strong></span> <span class='ocrx_word' id='word_1_92' title='bbox 405 1282 656 1344; x_wconf 83' lang='lat' dir='ltr'><strong><em>Odoacer,</em></strong></span> <span class='ocrx_word' id='word_1_93' title='bbox 680 1280 937 1334; x_wconf 74' lang='lat' dir='ltr'><strong><em>vilissimis</em></strong></span> <span class='ocrx_word' id='word_1_94' title='bbox 961 1279 1161 1331; x_wconf 80' lang='lat' dir='ltr'><strong><em>interim</em></strong></span> <span class='ocrx_word' id='word_1_95' title='bbox 1176 1279 1513 1331; x_wconf 88' lang='lat' dir='ltr'><strong><em>animantium</em></strong></span> <span class='ocrx_word' id='word_1_96' title='bbox 1541 1276 1650 1345; x_wconf 91' lang='lat' dir='ltr'><strong><em>pel-</em></strong></span> 
     </span>
    </p>
   </div>
   <div class='ocr_carea' id='block_1_14' title="bbox 82 1347 1651 1421">
    <p class='ocr_par' dir='ltr' id='par_1_14' title="bbox 82 1347 1651 1421">
     <span class='ocr_line' id='line_1_14' title="bbox 82 1347 1651 1421; baseline -0.003 -16"><span class='ocrx_word' id='word_1_97' title='bbox 82 1355 197 1407; x_wconf 84' lang='lat' dir='ltr'><strong><em>libus</em></strong></span> <span class='ocrx_word' id='word_1_98' title='bbox 240 1355 475 1418; x_wconf 87' lang='lat' dir='ltr'><strong><em>indutus,</em></strong></span> <span class='ocrx_word' id='word_1_99' title='bbox 513 1351 689 1404; x_wconf 88' lang='lat' dir='ltr'><strong><em>multis</em></strong></span> <span class='ocrx_word' id='word_1_100' title='bbox 729 1352 829 1405; x_wconf 89' lang='lat' dir='ltr'><strong><em>cito</em></strong></span> <span class='ocrx_word' id='word_1_101' title='bbox 868 1351 1019 1420; x_wconf 89' lang='lat' dir='ltr'><strong><em>plura</em></strong></span> <span class='ocrx_word' id='word_1_102' title='bbox 1064 1349 1359 1421; x_wconf 86' lang='lat' dir='ltr'><strong><em>largiturus.</em></strong></span> <span class='ocrx_word' id='word_1_103' title='bbox 1400 1347 1527 1421; x_wconf 72' lang='grc' dir='ltr'><strong><em>Ηωε</em></strong></span> <span class='ocrx_word' id='word_1_104' title='bbox 1563 1348 1651 1401; x_wconf 89' lang='lat' dir='ltr'><strong><em>ille</em></strong></span> 
     </span>
    </p>
   </div>
   <div class='ocr_carea' id='block_1_15' title="bbox 78 1420 1652 1489">
    <p class='ocr_par' dir='ltr' id='par_1_15' title="bbox 78 1420 1652 1489">
     <span class='ocr_line' id='line_1_15' title="bbox 78 1420 1652 1489; baseline -0.004 -12"><span class='ocrx_word' id='word_1_105' title='bbox 78 1426 210 1477; x_wconf 84' lang='lat' dir='ltr'><strong><em>verba</em></strong></span> <span class='ocrx_word' id='word_1_106' title='bbox 256 1441 428 1479; x_wconf 85' lang='lat' dir='ltr'><strong><em>rerum</em></strong></span> <span class='ocrx_word' id='word_1_107' title='bbox 468 1424 608 1477; x_wconf 71' lang='lat' dir='ltr'><strong><em>exitu</em></strong></span> <span class='ocrx_word' id='word_1_108' title='bbox 638 1423 1009 1489; x_wconf 85' lang='lat' dir='ltr'><strong><em>comprobavit;</em></strong></span> <span class='ocrx_word' id='word_1_109' title='bbox 1047 1437 1167 1473; x_wconf 89' lang='lat' dir='ltr'><strong><em>nam</em></strong></span> <span class='ocrx_word' id='word_1_110' title='bbox 1194 1420 1468 1489; x_wconf 82' lang='lat' dir='ltr'><strong><em>aliquantis</em></strong></span> <span class='ocrx_word' id='word_1_111' title='bbox 1514 1428 1652 1486; x_wconf 88' lang='lat' dir='ltr'><strong><em>post-</em></strong></span> 
     </span>
    </p>
   </div>
   <div class='ocr_carea' id='block_1_16' title="bbox 76 1490 1652 1560">
    <p class='ocr_par' dir='ltr' id='par_1_16' title="bbox 76 1490 1652 1560">
     <span class='ocr_line' id='line_1_16' title="bbox 76 1490 1652 1560; baseline -0.004 -12"><span class='ocrx_word' id='word_1_112' title='bbox 76 1497 268 1549; x_wconf 79' lang='lat' dir='ltr'><strong><em>modum</em></strong></span> <span class='ocrx_word' id='word_1_113' title='bbox 303 1495 452 1549; x_wconf 90' lang='lat' dir='ltr'><strong><em>annis</em></strong></span> <span class='ocrx_word' id='word_1_114' title='bbox 499 1493 650 1548; x_wconf 83' lang='lat' dir='ltr'><strong><em>totius</em></strong></span> <span class='ocrx_word' id='word_1_115' title='bbox 689 1492 881 1560; x_wconf 77' lang='lat' dir='ltr'><strong><em>Italice,</em></strong></span> <span class='ocrx_word' id='word_1_116' title='bbox 920 1493 1128 1560; x_wconf 83' lang='lat' dir='ltr'><strong><em>insuper</em></strong></span> <span class='ocrx_word' id='word_1_117' title='bbox 1155 1500 1201 1545; x_wconf 90' lang='lat' dir='ltr'><strong><em>et</em></strong></span> <span class='ocrx_word' id='word_1_118' title='bbox 1238 1490 1389 1545; x_wconf 88' lang='lat' dir='ltr'><strong><em>Urbis</em></strong></span> <span class='ocrx_word' id='word_1_119' title='bbox 1429 1506 1550 1543; x_wconf 89' lang='lat' dir='ltr'><strong><em>usus</em></strong></span> <span class='ocrx_word' id='word_1_120' title='bbox 1581 1497 1652 1543; x_wconf 87' lang='lat' dir='ltr'><strong><em>est</em></strong></span> 
     </span>
    </p>
   </div>
   <div class='ocr_carea' id='block_1_17' title="bbox 79 1585 1654 1708">
    <p class='ocr_par' dir='ltr' id='par_1_17' title="bbox 79 1585 1654 1708">
     <span class='ocr_line' id='line_1_17' title="bbox 79 1585 1654 1708; baseline -0.004 -18"><span class='ocrx_word' id='word_1_121' title='bbox 79 1585 382 1708; x_wconf 61' lang='lat' dir='ltr'><strong><em>po‘Iet:‘ga1&quot;:;80</em></strong></span> <span class='ocrx_word' id='word_1_122' title='bbox 405 1633 773 1708; x_wconf 25' lang='lat' dir='ltr'><strong><em>ergoﬁItaliam</em></strong></span> <span class='ocrx_word' id='word_1_123' title='bbox 806 1633 1041 1708; x_wconf 86' lang='lat' dir='ltr'><strong><em>Odoacre</em></strong></span> <span class='ocrx_word' id='word_1_124' title='bbox 1062 1674 1076 1698; x_wconf 94' lang='lat'><strong><em>,</em></strong></span> <span class='ocrx_word' id='word_1_125' title='bbox 1118 1634 1291 1708; x_wconf 84' lang='lat' dir='ltr'><strong><em>statim</em></strong></span> <span class='ocrx_word' id='word_1_126' title='bbox 1318 1630 1533 1708; x_wconf 31' lang='lat' dir='ltr'><strong><em>ei‘apud</em></strong></span> <span class='ocrx_word' id='word_1_127' title='bbox 1564 1629 1654 1684; x_wconf 86' lang='lat' dir='ltr'><strong><em>Li-</em></strong></span> 
     </span>
    </p>
   </div>
   <div class='ocr_carea' id='block_1_18' title="bbox 74 1703 1656 1777">
    <p class='ocr_par' dir='ltr' id='par_1_18' title="bbox 74 1703 1656 1777">
     <span class='ocr_line' id='line_1_18' title="bbox 74 1703 1656 1777; baseline -0.004 -16"><span class='ocrx_word' id='word_1_128' title='bbox 74 1703 220 1777; x_wconf 67' lang='lat' dir='ltr'><strong><em>guria}</em></strong></span> <span class='ocrx_word' id='word_1_129' title='bbox 245 1703 493 1762; x_wconf 72' lang='lat' dir='ltr'><strong><em>terminos</em></strong></span> <span class='ocrx_word' id='word_1_130' title='bbox 516 1706 722 1760; x_wconf 86' lang='lat' dir='ltr'><strong><em>Orestes</em></strong></span> <span class='ocrx_word' id='word_1_131' title='bbox 746 1706 996 1772; x_wconf 91' lang='lat' dir='ltr'><strong><em>patricius</em></strong></span> <span class='ocrx_word' id='word_1_132' title='bbox 1026 1706 1267 1766; x_wconf 86' lang='lat' dir='ltr'><strong><em>occurrit,</em></strong></span> <span class='ocrx_word' id='word_1_133' title='bbox 1297 1703 1383 1777; x_wconf 88' lang='lat' dir='ltr'><strong><em>qui</em></strong></span> <span class='ocrx_word' id='word_1_134' title='bbox 1411 1704 1656 1777; x_wconf 83' lang='lat' dir='ltr'><strong><em>adversus</em></strong></span> 
     </span>
    </p>
   </div>
   <div class='ocr_carea' id='block_1_19' title="bbox 75 1772 1657 1847">
    <p class='ocr_par' dir='ltr' id='par_1_19' title="bbox 75 1772 1657 1847">
     <span class='ocr_line' id='line_1_19' title="bbox 75 1772 1657 1847; baseline -0.004 -16"><span class='ocrx_word' id='word_1_135' title='bbox 75 1772 397 1847; x_wconf 77' lang='lat' dir='ltr'><strong><em>fortissimam</em></strong></span> <span class='ocrx_word' id='word_1_136' title='bbox 436 1777 813 1832; x_wconf 84' lang='lat' dir='ltr'><strong><em>multitudinem</em></strong></span> <span class='ocrx_word' id='word_1_137' title='bbox 856 1777 986 1829; x_wconf 85' lang='lat' dir='ltr'><strong><em>nihil</em></strong></span> <span class='ocrx_word' id='word_1_138' title='bbox 1035 1792 1088 1828; x_wconf 90' lang='lat' dir='ltr'><strong><em>se</em></strong></span> <span class='ocrx_word' id='word_1_139' title='bbox 1123 1774 1398 1845; x_wconf 75' lang='lat' dir='ltr'><strong><em>prwvalere</em></strong></span> <span class='ocrx_word' id='word_1_140' title='bbox 1426 1772 1657 1847; x_wconf 80' lang='lat' dir='ltr'><strong><em>conspi-</em></strong></span> 
     </span>
    </p>
   </div>
   <div class='ocr_carea' id='block_1_20' title="bbox 75 1845 1653 1916">
    <p class='ocr_par' dir='ltr' id='par_1_20' title="bbox 75 1845 1653 1916">
     <span class='ocr_line' id='line_1_20' title="bbox 75 1845 1653 1916; baseline -0.006 -11"><span class='ocrx_word' id='word_1_141' title='bbox 75 1845 213 1916; x_wconf 76' lang='lat' dir='ltr'><strong><em>ciens,</em></strong></span> <span class='ocrx_word' id='word_1_142' title='bbox 250 1852 473 1904; x_wconf 75' lang='lat' dir='ltr'><strong><em>maxime</em></strong></span> <span class='ocrx_word' id='word_1_143' title='bbox 501 1865 618 1902; x_wconf 88' lang='lat' dir='ltr'><strong><em>cum</em></strong></span> <span class='ocrx_word' id='word_1_144' title='bbox 643 1864 757 1901; x_wconf 91' lang='lat' dir='ltr'><strong><em>eum</em></strong></span> <span class='ocrx_word' id='word_1_145' title='bbox 780 1849 889 1914; x_wconf 84' lang='lat' dir='ltr'><strong><em>jam</em></strong></span> <span class='ocrx_word' id='word_1_146' title='bbox 911 1846 1119 1916; x_wconf 88' lang='lat' dir='ltr'><strong><em>quidam</em></strong></span> <span class='ocrx_word' id='word_1_147' title='bbox 1148 1862 1356 1899; x_wconf 90' lang='lat' dir='ltr'><strong><em>suorum</em></strong></span> <span class='ocrx_word' id='word_1_148' title='bbox 1400 1845 1653 1916; x_wconf 85' lang='lat' dir='ltr'><strong><em>deseruis-</em></strong></span> 
     </span>
    </p>
   </div>
   <div class='ocr_carea' id='block_1_21' title="bbox 75 1915 1654 1988">
    <p class='ocr_par' dir='ltr' id='par_1_21' title="bbox 75 1915 1654 1988">
     <span class='ocr_line' id='line_1_21' title="bbox 75 1915 1654 1988; baseline -0.004 -13"><span class='ocrx_word' id='word_1_149' title='bbox 75 1932 184 1985; x_wconf 83' lang='lat' dir='ltr'><strong><em>sent,</em></strong></span> <span class='ocrx_word' id='word_1_150' title='bbox 203 1915 361 1975; x_wconf 12' lang='lat' dir='ltr'><strong><em>tmetu</em></strong></span> <span class='ocrx_word' id='word_1_151' title='bbox 387 1921 614 1988; x_wconf 88' lang='lat' dir='ltr'><strong><em>trepidus</em></strong></span> <span class='ocrx_word' id='word_1_152' title='bbox 644 1921 780 1972; x_wconf 91' lang='lat' dir='ltr'><strong><em>intra</em></strong></span> <span class='ocrx_word' id='word_1_153' title='bbox 806 1915 1038 1971; x_wconf 84' lang='lat' dir='ltr'><strong><em>Ticinum</em></strong></span> <span class='ocrx_word' id='word_1_154' title='bbox 1060 1934 1111 1970; x_wconf 90' lang='lat' dir='ltr'><strong><em>se</em></strong></span> <span class='ocrx_word' id='word_1_155' title='bbox 1139 1916 1438 1988; x_wconf 82' lang='lat' dir='ltr'><strong><em>munitionis</em></strong></span> <span class='ocrx_word' id='word_1_156' title='bbox 1464 1915 1654 1982; x_wconf 81' lang='lat' dir='ltr'><strong><em>ﬁducia</em></strong></span> 
     </span>
    </p>
   </div>
   <div class='ocr_carea' id='block_1_22' title="bbox 74 1985 1650 2047">
    <p class='ocr_par' dir='ltr' id='par_1_22' title="bbox 74 1985 1650 2047">
     <span class='ocr_line' id='line_1_22' title="bbox 74 1985 1650 2047; baseline -0.005 0"><span class='ocrx_word' id='word_1_157' title='bbox 74 1993 348 2047; x_wconf 77' lang='lat' dir='ltr'><strong><em>concludit.</em></strong></span> <span class='ocrx_word' id='word_1_158' title='bbox 400 1985 526 2046; x_wconf 71' lang='lat' dir='ltr'><strong><em>sm</em></strong></span> <span class='ocrx_word' id='word_1_159' title='bbox 551 1990 825 2044; x_wconf 85' lang='lat' dir='ltr'><strong><em>adveniens</em></strong></span> <span class='ocrx_word' id='word_1_160' title='bbox 874 2005 990 2041; x_wconf 89' lang='lat' dir='ltr'><strong><em>cum</em></strong></span> <span class='ocrx_word' id='word_1_161' title='bbox 1017 1990 1241 2042; x_wconf 77' lang='lat' dir='ltr'><strong><em>exercitu</em></strong></span> <span class='ocrx_word' id='word_1_162' title='bbox 1293 1985 1528 2039; x_wconf 84' lang='lat' dir='ltr'><strong><em>Odoacer</em></strong></span> <span class='ocrx_word' id='word_1_163' title='bbox 1558 2002 1650 2039; x_wconf 78' lang='lat' dir='ltr'><strong><em>ex-</em></strong></span> 
     </span>
    </p>
   </div>
   <div class='ocr_carea' id='block_1_23' title="bbox 74 2050 1656 2134">
    <p class='ocr_par' dir='ltr' id='par_1_23' title="bbox 74 2050 1656 2134">
     <span class='ocr_line' id='line_1_23' title="bbox 74 2050 1656 2134; baseline -0.004 -19"><span class='ocrx_word' id='word_1_164' title='bbox 74 2072 343 2134; x_wconf 81' lang='lat' dir='ltr'><strong><em>pugnatam</em></strong></span> <span class='ocrx_word' id='word_1_165' title='bbox 372 2064 571 2129; x_wconf 77' lang='lat' dir='ltr'><strong><em>fortiter</em></strong></span> <span class='ocrx_word' id='word_1_166' title='bbox 598 2060 883 2134; x_wconf 84' lang='lat' dir='ltr'><strong><em>ingreditur</em></strong></span> <span class='ocrx_word' id='word_1_167' title='bbox 908 2060 1161 2134; x_wconf 79' lang='lat' dir='ltr'><strong><em>civitatem</em></strong></span> <span class='ocrx_word' id='word_1_168' title='bbox 1184 2099 1199 2126; x_wconf 91' lang='lat'><strong><em>,</em></strong></span> <span class='ocrx_word' id='word_1_169' title='bbox 1232 2050 1501 2134; x_wconf 38' lang='lat' dir='ltr'><strong><em>vastanlur‘</em></strong></span> <span class='ocrx_word' id='word_1_170' title='bbox 1536 2059 1656 2110; x_wconf 87' lang='lat' dir='ltr'><strong><em>uni—</em></strong></span> 
     </span>
    </p>
   </div>
   <div class='ocr_carea' id='block_1_24' title="bbox 74 2130 1652 2201">
    <p class='ocr_par' dir='ltr' id='par_1_24' title="bbox 74 2130 1652 2201">
     <span class='ocr_line' id='line_1_24' title="bbox 74 2130 1652 2201; baseline -0.004 -13"><span class='ocrx_word' id='word_1_171' title='bbox 74 2130 202 2188; x_wconf 62' lang='lat' dir='ltr'><strong><em>sefsa</em></strong></span> <span class='ocrx_word' id='word_1_172' title='bbox 256 2135 458 2201; x_wconf 86' lang='lat' dir='ltr'><strong><em>rapinis</em></strong></span> <span class='ocrx_word' id='word_1_173' title='bbox 482 2174 496 2196; x_wconf 87' lang='lat'><strong><em>,</em></strong></span> <span class='ocrx_word' id='word_1_174' title='bbox 535 2130 673 2187; x_wconf 69' lang='lat' dir='ltr'><strong><em>saevit</em></strong></span> <span class='ocrx_word' id='word_1_175' title='bbox 716 2132 900 2201; x_wconf 90' lang='lat' dir='ltr'><strong><em>ubique</em></strong></span> <span class='ocrx_word' id='word_1_176' title='bbox 940 2132 1166 2201; x_wconf 90' lang='lat' dir='ltr'><strong><em>gladius,</em></strong></span> <span class='ocrx_word' id='word_1_177' title='bbox 1210 2130 1383 2184; x_wconf 84' lang='lat' dir='ltr'><strong><em>divina</em></strong></span> <span class='ocrx_word' id='word_1_178' title='bbox 1411 2144 1611 2197; x_wconf 90' lang='lat' dir='ltr'><strong><em>quoque</em></strong></span> <span class='ocrx_word' id='word_1_179' title='bbox 1636 2168 1652 2193; x_wconf 93' lang='lat'><strong><em>,</em></strong></span> 
     </span>
    </p>
   </div>
   <div class='ocr_carea' id='block_1_25' title="bbox 75 2201 1655 2275">
    <p class='ocr_par' dir='ltr' id='par_1_25' title="bbox 75 2201 1655 2275">
     <span class='ocr_line' id='line_1_25' title="bbox 75 2201 1655 2275; baseline -0.004 -17"><span class='ocrx_word' id='word_1_180' title='bbox 75 2206 365 2275; x_wconf 84' lang='lat' dir='ltr'><strong><em>privataque</em></strong></span> <span class='ocrx_word' id='word_1_181' title='bbox 411 2205 634 2270; x_wconf 72' lang='lat' dir='ltr'><strong><em>mdiﬁcia</em></strong></span> <span class='ocrx_word' id='word_1_182' title='bbox 686 2204 817 2275; x_wconf 77' lang='lat' dir='ltr'><strong><em>ignis</em></strong></span> <span class='ocrx_word' id='word_1_183' title='bbox 873 2203 1113 2256; x_wconf 85' lang='lat' dir='ltr'><strong><em>absumit.</em></strong></span> <span class='ocrx_word' id='word_1_184' title='bbox 1199 2202 1391 2270; x_wconf 83' lang='lat' dir='ltr'><strong><em>Captus</em></strong></span> <span class='ocrx_word' id='word_1_185' title='bbox 1424 2201 1655 2275; x_wconf 77' lang='lat' dir='ltr'><strong><em>demum</em></strong></span> 
     </span>
    </p>
   </div>
   <div class='ocr_carea' id='block_1_26' title="bbox 75 2271 1651 2343">
    <p class='ocr_par' dir='ltr' id='par_1_26' title="bbox 75 2271 1651 2343">
     <span class='ocr_line' id='line_1_26' title="bbox 75 2271 1651 2343; baseline -0.005 -13"><span class='ocrx_word' id='word_1_186' title='bbox 75 2271 288 2331; x_wconf 68' lang='lat' dir='ltr'><strong><em>Orestes</em></strong></span> <span class='ocrx_word' id='word_1_187' title='bbox 335 2276 401 2329; x_wconf 91' lang='lat' dir='ltr'><strong><em>ab</em></strong></span> <span class='ocrx_word' id='word_1_188' title='bbox 440 2275 666 2329; x_wconf 82' lang='lat' dir='ltr'><strong><em>hostibus</em></strong></span> <span class='ocrx_word' id='word_1_189' title='bbox 705 2271 1032 2327; x_wconf 87' lang='lat' dir='ltr'><strong><em>Placentiam</em></strong></span> <span class='ocrx_word' id='word_1_190' title='bbox 1096 2289 1253 2343; x_wconf 83' lang='lat' dir='ltr'><strong><em>usque</em></strong></span> <span class='ocrx_word' id='word_1_191' title='bbox 1306 2271 1608 2343; x_wconf 86' lang='lat' dir='ltr'><strong><em>perducitur</em></strong></span> <span class='ocrx_word' id='word_1_192' title='bbox 1634 2310 1651 2336; x_wconf 87' lang='lat'><strong><em>,</em></strong></span> 
     </span>
    </p>
   </div>
   <div class='ocr_carea' id='block_1_27' title="bbox 73 2341 1655 2431">
    <p class='ocr_par' dir='ltr' id='par_1_27' title="bbox 73 2341 1655 2431">
     <span class='ocr_line' id='line_1_27' title="bbox 73 2341 1655 2431; baseline -0.005 -30"><span class='ocrx_word' id='word_1_193' title='bbox 73 2349 221 2431; x_wconf 46' lang='lat' dir='ltr'><strong><em>ubique</em></strong></span> <span class='ocrx_word' id='word_1_194' title='bbox 250 2348 434 2431; x_wconf 73' lang='lat' dir='ltr'><strong><em>gladio</em></strong></span> <span class='ocrx_word' id='word_1_195' title='bbox 468 2348 821 2431; x_wconf 48' lang='lat' dir='ltr'><strong><em>detruncatur.</em></strong></span> <span class='ocrx_word' id='word_1_196' title='bbox 853 2341 1177 2424; x_wconf 33' lang='lat' dir='ltr'><strong><em>Exinde&#39;per</em></strong></span> <span class='ocrx_word' id='word_1_197' title='bbox 1206 2343 1467 2431; x_wconf 60' lang='lat' dir='ltr'><strong><em>universas</em></strong></span> 
     </span>
    </p>
   </div>
   <div class='ocr_carea' id='block_1_28' title="bbox 74 2413 1655 2485">
    <p class='ocr_par' dir='ltr' id='par_1_28' title="bbox 74 2413 1655 2485">
     <span class='ocr_line' id='line_1_28' title="bbox 74 2413 1655 2485; baseline -0.003 -15"><span class='ocrx_word' id='word_1_198' title='bbox 74 2413 274 2473; x_wconf 73' lang='lat' dir='ltr'><strong><em>barbari</em></strong></span> <span class='ocrx_word' id='word_1_199' title='bbox 296 2423 443 2472; x_wconf 84' lang='lat' dir='ltr'><strong><em>urbes</em></strong></span> <span class='ocrx_word' id='word_1_200' title='bbox 491 2416 670 2485; x_wconf 72' lang='lat' dir='ltr'><strong><em>diﬂ&#39;usi</em></strong></span> <span class='ocrx_word' id='word_1_201' title='bbox 694 2457 710 2483; x_wconf 96' lang='lat'><strong><em>,</em></strong></span> <span class='ocrx_word' id='word_1_202' title='bbox 753 2425 988 2468; x_wconf 89' lang='lat' dir='ltr'><strong><em>cunctam</em></strong></span> <span class='ocrx_word' id='word_1_203' title='bbox 1036 2416 1146 2469; x_wconf 87' lang='lat' dir='ltr'><strong><em>sine</em></strong></span> <span class='ocrx_word' id='word_1_204' title='bbox 1195 2415 1367 2482; x_wconf 90' lang='lat' dir='ltr'><strong><em>aliqua</em></strong></span> <span class='ocrx_word' id='word_1_205' title='bbox 1407 2413 1655 2467; x_wconf 88' lang='lat' dir='ltr'><strong><em>tarditate</em></strong></span> 
     </span>
    </p>
   </div>
   <div class='ocr_carea' id='block_1_29' title="bbox 74 2485 1655 2560">
    <p class='ocr_par' dir='ltr' id='par_1_29' title="bbox 74 2485 1655 2560">
     <span class='ocr_line' id='line_1_29' title="bbox 74 2485 1655 2560; baseline -0.004 -18"><span class='ocrx_word' id='word_1_206' title='bbox 74 2487 282 2544; x_wconf 88' lang='lat' dir='ltr'><strong><em>Italiam</em></strong></span> <span class='ocrx_word' id='word_1_207' title='bbox 308 2490 421 2560; x_wconf 84' lang='lat' dir='ltr'><strong><em>juri</em></strong></span> <span class='ocrx_word' id='word_1_208' title='bbox 447 2491 656 2559; x_wconf 73' lang='lat' dir='ltr'><strong><em>praprfo</em></strong></span> <span class='ocrx_word' id='word_1_209' title='bbox 706 2487 979 2560; x_wconf 78' lang='lat' dir='ltr'><strong><em>subdidere</em></strong></span> <span class='ocrx_word' id='word_1_210' title='bbox 1001 2528 1016 2551; x_wconf 95' lang='lat'><strong><em>,</em></strong></span> <span class='ocrx_word' id='word_1_211' title='bbox 1048 2485 1341 2560; x_wconf 77' lang='lat' dir='ltr'><strong><em>multasque</em></strong></span> <span class='ocrx_word' id='word_1_212' title='bbox 1364 2496 1483 2536; x_wconf 92' lang='lat' dir='ltr'><strong><em>tunc</em></strong></span> <span class='ocrx_word' id='word_1_213' title='bbox 1522 2485 1655 2560; x_wconf 79' lang='lat' dir='ltr'><strong><em>civi-</em></strong></span> 
     </span>
    </p>
   </div>
   <div class='ocr_carea' id='block_1_30' title="bbox 74 2554 1655 2632">
    <p class='ocr_par' dir='ltr' id='par_1_30' title="bbox 74 2554 1655 2632">
     <span class='ocr_line' id='line_1_30' title="bbox 74 2554 1655 2632; baseline -0.004 -18"><span class='ocrx_word' id='word_1_214' title='bbox 74 2569 184 2616; x_wconf 86' lang='lat' dir='ltr'><strong><em>tates</em></strong></span> <span class='ocrx_word' id='word_1_215' title='bbox 208 2554 462 2632; x_wconf 66' lang='lat' dir='ltr'><strong><em>parantec</em></strong></span> <span class='ocrx_word' id='word_1_216' title='bbox 486 2554 741 2632; x_wconf 71' lang='lat' dir='ltr'><strong><em>resistere,</em></strong></span> <span class='ocrx_word' id='word_1_217' title='bbox 758 2558 1023 2632; x_wconf 75' lang='lat' dir='ltr'><strong><em>exstinctis</em></strong></span> <span class='ocrx_word' id='word_1_218' title='bbox 1051 2554 1536 2632; x_wconf 81' lang='lat' dir='ltr'><strong><em>habitatoribus,_ad</em></strong></span> <span class='ocrx_word' id='word_1_219' title='bbox 1570 2572 1655 2607; x_wconf 91' lang='lat' dir='ltr'><strong><em>so-</em></strong></span> 
     </span>
    </p>
   </div>
   <div class='ocr_carea' id='block_1_31' title="bbox 74 2625 1651 2701">
    <p class='ocr_par' dir='ltr' id='par_1_31' title="bbox 74 2625 1651 2701">
     <span class='ocr_line' id='line_1_31' title="bbox 74 2625 1651 2701; baseline -0.005 -15"><span class='ocrx_word' id='word_1_220' title='bbox 74 2634 165 2685; x_wconf 72' lang='lat' dir='ltr'><strong><em>lum</em></strong></span> <span class='ocrx_word' id='word_1_221' title='bbox 184 2625 353 2701; x_wconf 79' lang='lat' dir='ltr'><strong><em>usque</em></strong></span> <span class='ocrx_word' id='word_1_222' title='bbox 376 2633 622 2700; x_wconf 88' lang='lat' dir='ltr'><strong><em>dejecere.</em></strong></span> <span class='ocrx_word' id='word_1_223' title='bbox 661 2628 897 2682; x_wconf 87' lang='lat' dir='ltr'><strong><em>Odoacer</em></strong></span> <span class='ocrx_word' id='word_1_224' title='bbox 926 2629 1097 2701; x_wconf 89' lang='lat' dir='ltr'><strong><em>itaque</em></strong></span> <span class='ocrx_word' id='word_1_225' title='bbox 1119 2625 1514 2701; x_wconf 19' lang='lat' dir='ltr'><strong><em>prosperosrsibi</em></strong></span> <span class='ocrx_word' id='word_1_226' title='bbox 1540 2641 1651 2679; x_wconf 57' lang='lat' dir='ltr'><strong><em>cer.</em></strong></span> 
     </span>
    </p>
   </div>
   <div class='ocr_carea' id='block_1_32' title="bbox 72 2698 1653 2769">
    <p class='ocr_par' dir='ltr' id='par_1_32' title="bbox 72 2698 1653 2769">
     <span class='ocr_line' id='line_1_32' title="bbox 72 2698 1653 2769; baseline -0.004 -13"><span class='ocrx_word' id='word_1_227' title='bbox 72 2721 180 2758; x_wconf 81' lang='lat' dir='ltr'><strong><em>nens</em></strong></span> <span class='ocrx_word' id='word_1_228' title='bbox 224 2698 507 2758; x_wconf 71' lang='lat' dir='ltr'><strong><em>successus</em></strong></span> <span class='ocrx_word' id='word_1_229' title='bbox 542 2716 849 2767; x_wconf 86' lang='lat' dir='ltr'><strong><em>accrescere,</em></strong></span> <span class='ocrx_word' id='word_1_230' title='bbox 892 2700 1064 2753; x_wconf 88' lang='lat' dir='ltr'><strong><em>statim</em></strong></span> <span class='ocrx_word' id='word_1_231' title='bbox 1092 2699 1284 2769; x_wconf 89' lang='lat' dir='ltr'><strong><em>regium</em></strong></span> <span class='ocrx_word' id='word_1_232' title='bbox 1310 2698 1531 2767; x_wconf 81' lang='lat' dir='ltr'><strong><em>arripuit</em></strong></span> <span class='ocrx_word' id='word_1_233' title='bbox 1563 2715 1653 2766; x_wconf 88' lang='lat' dir='ltr'><strong><em>po-</em></strong></span> 
     </span>
    </p>
   </div>
   <div class='ocr_carea' id='block_1_33' title="bbox 73 2784 327 2831">
    <p class='ocr_par' dir='ltr' id='par_1_33' title="bbox 73 2784 327 2831">
     <span class='ocr_line' id='line_1_33' title="bbox 73 2784 327 2831; baseline 0.016 -4"><span class='ocrx_word' id='word_1_234' title='bbox 73 2784 327 2831; x_wconf 84' lang='lat' dir='ltr'><strong><em>testatem.</em></strong></span> 
     </span>
    </p>
   </div>
   <div class='ocr_carea' id='block_1_34' title="bbox 131 2841 1653 2916">
    <p class='ocr_par' dir='ltr' id='par_1_34' title="bbox 131 2841 1653 2916">
     <span class='ocr_line' id='line_1_34' title="bbox 131 2841 1653 2916; baseline -0.005 -15"><span class='ocrx_word' id='word_1_235' title='bbox 131 2844 459 2916; x_wconf 76' lang='lat' dir='ltr'><strong><em>Augustulus</em></strong></span> <span class='ocrx_word' id='word_1_236' title='bbox 492 2844 756 2916; x_wconf 80' lang='lat' dir='ltr'><strong><em>siquidem,</em></strong></span> <span class='ocrx_word' id='word_1_237' title='bbox 789 2842 876 2911; x_wconf 88' lang='lat' dir='ltr'><strong><em>qui</em></strong></span> <span class='ocrx_word' id='word_1_238' title='bbox 900 2841 1103 2916; x_wconf 79' lang='lat' dir='ltr'><strong><em>imperii</em></strong></span> <span class='ocrx_word' id='word_1_239' title='bbox 1130 2848 1527 2916; x_wconf 77' lang='lat' dir='ltr'><strong><em>prtesumpserat</em></strong></span> <span class='ocrx_word' id='word_1_240' title='bbox 1557 2857 1653 2916; x_wconf 83' lang='lat' dir='ltr'><strong><em>po-</em></strong></span> 
     </span>
    </p>
   </div>
   <div class='ocr_carea' id='block_1_35' title="bbox 72 2912 1652 2981">
    <p class='ocr_par' dir='ltr' id='par_1_35' title="bbox 72 2912 1652 2981">
     <span class='ocr_line' id='line_1_35' title="bbox 72 2912 1652 2981; baseline -0.004 -10"><span class='ocrx_word' id='word_1_241' title='bbox 72 2912 336 2981; x_wconf 84' lang='lat' dir='ltr'><strong><em>testatem,</em></strong></span> <span class='ocrx_word' id='word_1_242' title='bbox 379 2912 587 2970; x_wconf 84' lang='lat' dir='ltr'><strong><em>cernens</em></strong></span> <span class='ocrx_word' id='word_1_243' title='bbox 638 2915 925 2968; x_wconf 84' lang='lat' dir='ltr'><strong><em>universam</em></strong></span> <span class='ocrx_word' id='word_1_244' title='bbox 965 2912 1175 2967; x_wconf 84' lang='lat' dir='ltr'><strong><em>Italiam</em></strong></span> <span class='ocrx_word' id='word_1_245' title='bbox 1227 2913 1476 2966; x_wconf 80' lang='lat' dir='ltr'><strong><em>Odoacris</em></strong></span> <span class='ocrx_word' id='word_1_246' title='bbox 1527 2912 1652 2965; x_wconf 87' lang='lat' dir='ltr'><strong><em>viri-</em></strong></span> 
     </span>
    </p>
   </div>
   <div class='ocr_carea' id='block_1_36' title="bbox 77 2983 1655 3057">
    <p class='ocr_par' dir='ltr' id='par_1_36' title="bbox 77 2983 1655 3057">
     <span class='ocr_line' id='line_1_36' title="bbox 77 2983 1655 3057; baseline -0.004 -15"><span class='ocrx_word' id='word_1_247' title='bbox 77 2991 156 3043; x_wconf 79' lang='lat' dir='ltr'><strong><em>bus</em></strong></span> <span class='ocrx_word' id='word_1_248' title='bbox 177 2990 364 3053; x_wconf 88' lang='lat' dir='ltr'><strong><em>subdi,</em></strong></span> <span class='ocrx_word' id='word_1_249' title='bbox 385 2987 685 3057; x_wconf 87' lang='lat' dir='ltr'><strong><em>inopinabili</em></strong></span> <span class='ocrx_word' id='word_1_250' title='bbox 710 2994 848 3038; x_wconf 91' lang='lat' dir='ltr'><strong><em>metu</em></strong></span> <span class='ocrx_word' id='word_1_251' title='bbox 878 2986 1192 3052; x_wconf 87' lang='lat' dir='ltr'><strong><em>perterritus,</em></strong></span> <span class='ocrx_word' id='word_1_252' title='bbox 1237 2994 1412 3057; x_wconf 84' lang='lat' dir='ltr'><strong><em>sponte</em></strong></span> <span class='ocrx_word' id='word_1_253' title='bbox 1443 2983 1655 3037; x_wconf 80' lang='lat' dir='ltr'><strong><em>misera-</em></strong></span> 
     </span>
    </p>
   </div>
   <div class='ocr_carea' id='block_1_37' title="bbox 72 3055 1653 3131">
    <p class='ocr_par' dir='ltr' id='par_1_37' title="bbox 72 3055 1653 3131">
     <span class='ocr_line' id='line_1_37' title="bbox 72 3055 1653 3131; baseline -0.001 -20"><span class='ocrx_word' id='word_1_254' title='bbox 72 3061 178 3113; x_wconf 84' lang='lat' dir='ltr'><strong><em>bilis</em></strong></span> <span class='ocrx_word' id='word_1_255' title='bbox 203 3055 509 3131; x_wconf 83' lang='lat' dir='ltr'><strong><em>purpuram</em></strong></span> <span class='ocrx_word' id='word_1_256' title='bbox 547 3056 839 3131; x_wconf 64' lang='lat' dir='ltr'><strong><em>abjiciens,</em></strong></span> <span class='ocrx_word' id='word_1_257' title='bbox 865 3073 978 3110; x_wconf 89' lang='lat' dir='ltr'><strong><em>cum</em></strong></span> <span class='ocrx_word' id='word_1_258' title='bbox 1008 3058 1102 3131; x_wconf 74' lang='lat' dir='ltr'><strong><em>vix</em></strong></span> <span class='ocrx_word' id='word_1_259' title='bbox 1132 3072 1183 3131; x_wconf 6' lang='lat' dir='ltr'><strong><em>xui</em></strong></span> <span class='ocrx_word' id='word_1_260' title='bbox 1210 3055 1460 3131; x_wconf 73' lang='lat' dir='ltr'><strong><em>mensibus</em></strong></span> <span class='ocrx_word' id='word_1_261' title='bbox 1492 3071 1653 3131; x_wconf 79' lang='lat' dir='ltr'><strong><em>remp.</em></strong></span> 
     </span>
    </p>
   </div>
   <div class='ocr_carea' id='block_1_38' title="bbox 72 3125 1656 3198">
    <p class='ocr_par' dir='ltr' id='par_1_38' title="bbox 72 3125 1656 3198">
     <span class='ocr_line' id='line_1_38' title="bbox 72 3125 1656 3198; baseline -0.003 -15"><span class='ocrx_word' id='word_1_262' title='bbox 72 3125 377 3185; x_wconf 70' lang='lat' dir='ltr'><strong><em>obtinuisset</em></strong></span> <span class='ocrx_word' id='word_1_263' title='bbox 406 3171 423 3197; x_wconf 94' lang='lat'><strong><em>,</em></strong></span> <span class='ocrx_word' id='word_1_264' title='bbox 468 3125 783 3198; x_wconf 80' lang='lat' dir='ltr'><strong><em>imperialem</em></strong></span> <span class='ocrx_word' id='word_1_265' title='bbox 807 3129 1037 3198; x_wconf 88' lang='lat' dir='ltr'><strong><em>deposuit</em></strong></span> <span class='ocrx_word' id='word_1_266' title='bbox 1064 3129 1399 3191; x_wconf 78' lang='lat' dir='ltr'><strong><em>maiestatem.</em></strong></span> <span class='ocrx_word' id='word_1_267' title='bbox 1434 3125 1517 3178; x_wconf 91' lang='lat' dir='ltr'><strong><em>Ita</em></strong></span> <span class='ocrx_word' id='word_1_268' title='bbox 1552 3125 1656 3198; x_wconf 76' lang='lat' dir='ltr'><strong><em>llo-</em></strong></span> 
     </span>
    </p>
   </div>
   <div class='ocr_carea' id='block_1_39' title="bbox 72 3196 1655 3272">
    <p class='ocr_par' dir='ltr' id='par_1_39' title="bbox 72 3196 1655 3272">
     <span class='ocr_line' id='line_1_39' title="bbox 72 3196 1655 3272; baseline -0.003 -18"><span class='ocrx_word' id='word_1_269' title='bbox 72 3218 350 3255; x_wconf 82' lang='lat' dir='ltr'><strong><em>inanorum</em></strong></span> <span class='ocrx_word' id='word_1_270' title='bbox 377 3196 519 3272; x_wconf 88' lang='lat' dir='ltr'><strong><em>apud</em></strong></span> <span class='ocrx_word' id='word_1_271' title='bbox 541 3196 792 3272; x_wconf 18' lang='lat' dir='ltr'><strong><em>Romam”</em></strong></span> <span class='ocrx_word' id='word_1_272' title='bbox 816 3196 1093 3272; x_wconf 81' lang='lat' dir='ltr'><strong><em>imperium</em></strong></span> <span class='ocrx_word' id='word_1_273' title='bbox 1117 3207 1221 3251; x_wconf 92' lang='lat' dir='ltr'><strong><em>toto</em></strong></span> <span class='ocrx_word' id='word_1_274' title='bbox 1251 3209 1508 3272; x_wconf 81' lang='lat' dir='ltr'><strong><em>terrarum</em></strong></span> <span class='ocrx_word' id='word_1_275' title='bbox 1538 3196 1655 3272; x_wconf 88' lang='lat' dir='ltr'><strong><em>orbe</em></strong></span> 
     </span>
    </p>
   </div>
   <div class='ocr_carea' id='block_1_40' title="bbox 1748 593 3333 673">
    <p class='ocr_par' dir='ltr' id='par_1_40' title="bbox 1748 593 3333 673">
     <span class='ocr_line' id='line_1_40' title="bbox 1748 593 3333 673; baseline -0.001 -17"><span class='ocrx_word' id='word_1_276' title='bbox 1748 610 1865 673; x_wconf 89' lang='lat' dir='ltr'><strong><em>post</em></strong></span> <span class='ocrx_word' id='word_1_277' title='bbox 1891 611 2140 655; x_wconf 89' lang='lat' dir='ltr'><strong><em>vastatam</em></strong></span> <span class='ocrx_word' id='word_1_278' title='bbox 2168 603 2276 670; x_wconf 84' lang='lat' dir='ltr'><strong><em>fere</em></strong></span> <span class='ocrx_word' id='word_1_279' title='bbox 2298 613 2496 653; x_wconf 87' lang='lat' dir='ltr'><strong><em>omnem</em></strong></span> <span class='ocrx_word' id='word_1_280' title='bbox 2524 593 2757 653; x_wconf 84' lang='lat' dir='ltr'><strong><em>Galliam</em></strong></span> <span class='ocrx_word' id='word_1_281' title='bbox 2784 598 3074 654; x_wconf 84' lang='lat' dir='ltr'><strong><em>Aurelianis</em></strong></span> <span class='ocrx_word' id='word_1_282' title='bbox 3094 600 3209 669; x_wconf 86' lang='lat' dir='ltr'><strong><em>jam</em></strong></span> <span class='ocrx_word' id='word_1_283' title='bbox 3234 601 3333 655; x_wconf 89' lang='lat' dir='ltr'><strong><em>ob-</em></strong></span> 
     </span>
    </p>
   </div>
   <div class='ocr_carea' id='block_1_41' title="bbox 1745 781 3335 854">
    <p class='ocr_par' dir='ltr' id='par_1_41' title="bbox 1745 781 3335 854">
     <span class='ocr_line' id='line_1_41' title="bbox 1745 781 3335 854; baseline -0.003 -12"><span class='ocrx_word' id='word_1_284' title='bbox 1745 804 1904 842; x_wconf 85' lang='lat' dir='ltr'><strong><em>unum</em></strong></span> <span class='ocrx_word' id='word_1_285' title='bbox 1930 787 2176 854; x_wconf 87' lang='lat' dir='ltr'><strong><em>populum</em></strong></span> <span class='ocrx_word' id='word_1_286' title='bbox 2195 784 2378 853; x_wconf 73' lang='lat' dir='ltr'><strong><em>effecit.</em></strong></span> <span class='ocrx_word' id='word_1_287' title='bbox 2401 781 2606 839; x_wconf 83' lang='lat' dir='ltr'><strong><em>Interea</em></strong></span> <span class='ocrx_word' id='word_1_288' title='bbox 2630 783 2752 838; x_wconf 90' lang='lat' dir='ltr'><strong><em>dum</em></strong></span> <span class='ocrx_word' id='word_1_289' title='bbox 2777 783 2921 837; x_wconf 85' lang='lat' dir='ltr'><strong><em>suavi</em></strong></span> <span class='ocrx_word' id='word_1_290' title='bbox 2949 792 3151 850; x_wconf 90' lang='lat' dir='ltr'><strong><em>patrata</em></strong></span> <span class='ocrx_word' id='word_1_291' title='bbox 3170 786 3335 839; x_wconf 77' lang='lat' dir='ltr'><strong><em>victo-</em></strong></span> 
     </span>
    </p>
   </div>
   <div class='ocr_carea' id='block_1_42' title="bbox 1746 854 3331 923">
    <p class='ocr_par' dir='ltr' id='par_1_42' title="bbox 1746 854 3331 923">
     <span class='ocr_line' id='line_1_42' title="bbox 1746 854 3331 923; baseline -0.002 -11"><span class='ocrx_word' id='word_1_292' title='bbox 1746 861 1825 912; x_wconf 92' lang='lat' dir='ltr'><strong><em>ria</em></strong></span> <span class='ocrx_word' id='word_1_293' title='bbox 1856 858 2202 913; x_wconf 85' lang='lat' dir='ltr'><strong><em>Windemirus</em></strong></span> <span class='ocrx_word' id='word_1_294' title='bbox 2223 860 2429 910; x_wconf 91' lang='lat' dir='ltr'><strong><em>domum</em></strong></span> <span class='ocrx_word' id='word_1_295' title='bbox 2450 857 2739 919; x_wconf 89' lang='lat' dir='ltr'><strong><em>revertitur,</em></strong></span> <span class='ocrx_word' id='word_1_296' title='bbox 2768 854 3135 909; x_wconf 81' lang='lat' dir='ltr'><strong><em>Theodericum</em></strong></span> <span class='ocrx_word' id='word_1_297' title='bbox 3157 856 3331 923; x_wconf 81' lang='lat' dir='ltr'><strong><em>filium</em></strong></span> 
     </span>
    </p>
   </div>
   <div class='ocr_carea' id='block_1_43' title="bbox 1746 926 3332 999">
    <p class='ocr_par' dir='ltr' id='par_1_43' title="bbox 1746 926 3332 999">
     <span class='ocr_line' id='line_1_43' title="bbox 1746 926 3332 999; baseline -0.001 -16"><span class='ocrx_word' id='word_1_298' title='bbox 1746 947 1779 983; x_wconf 93' lang='lat' dir='ltr'><strong><em>a</em></strong></span> <span class='ocrx_word' id='word_1_299' title='bbox 1807 929 1973 983; x_wconf 88' lang='lat' dir='ltr'><strong><em>Leone</em></strong></span> <span class='ocrx_word' id='word_1_300' title='bbox 2018 930 2255 999; x_wconf 89' lang='lat' dir='ltr'><strong><em>imperat.</em></strong></span> <span class='ocrx_word' id='word_1_301' title='bbox 2313 929 2580 981; x_wconf 86' lang='lat' dir='ltr'><strong><em>remissum</em></strong></span> <span class='ocrx_word' id='word_1_302' title='bbox 2627 935 2887 996; x_wconf 84' lang='lat' dir='ltr'><strong><em>gratanter</em></strong></span> <span class='ocrx_word' id='word_1_303' title='bbox 2947 926 3182 993; x_wconf 74' lang='lat' dir='ltr'><strong><em>excepit,</em></strong></span> <span class='ocrx_word' id='word_1_304' title='bbox 3241 929 3332 999; x_wconf 86' lang='lat' dir='ltr'><strong><em>qui</em></strong></span> 
     </span>
    </p>
   </div>
   <div class='ocr_carea' id='block_1_44' title="bbox 1748 998 3337 1069">
    <p class='ocr_par' dir='ltr' id='par_1_44' title="bbox 1748 998 3337 1069">
     <span class='ocr_line' id='line_1_44' title="bbox 1748 998 3337 1069; baseline -0.001 -15"><span class='ocrx_word' id='word_1_305' title='bbox 1748 998 2099 1054; x_wconf 85' lang='lat' dir='ltr'><strong><em>Theodericus</em></strong></span> <span class='ocrx_word' id='word_1_306' title='bbox 2119 1000 2241 1052; x_wconf 90' lang='lat' dir='ltr'><strong><em>dum</em></strong></span> <span class='ocrx_word' id='word_1_307' title='bbox 2265 1000 2378 1069; x_wconf 88' lang='lat' dir='ltr'><strong><em>jam</em></strong></span> <span class='ocrx_word' id='word_1_308' title='bbox 2406 1009 2637 1052; x_wconf 88' lang='lat' dir='ltr'><strong><em>octavum</em></strong></span> <span class='ocrx_word' id='word_1_309' title='bbox 2662 998 2912 1050; x_wconf 76' lang='lat' dir='ltr'><strong><em>decimum</em></strong></span> <span class='ocrx_word' id='word_1_310' title='bbox 2953 1014 3142 1069; x_wconf 87' lang='lat' dir='ltr'><strong><em>annum</em></strong></span> <span class='ocrx_word' id='word_1_311' title='bbox 3165 998 3337 1052; x_wconf 80' lang='lat' dir='ltr'><strong><em>celatis</em></strong></span> 
     </span>
    </p>
   </div>
   <div class='ocr_carea' id='block_1_45' title="bbox 1750 1068 3337 1143">
    <p class='ocr_par' dir='ltr' id='par_1_45' title="bbox 1750 1068 3337 1143">
     <span class='ocr_line' id='line_1_45' title="bbox 1750 1068 3337 1143; baseline -0.001 -18"><span class='ocrx_word' id='word_1_312' title='bbox 1750 1080 1942 1143; x_wconf 86' lang='lat' dir='ltr'><strong><em>ageret,</em></strong></span> <span class='ocrx_word' id='word_1_313' title='bbox 1964 1072 2125 1123; x_wconf 86' lang='lat' dir='ltr'><strong><em>inscio</em></strong></span> <span class='ocrx_word' id='word_1_314' title='bbox 2147 1068 2291 1143; x_wconf 81' lang='lat' dir='ltr'><strong><em>patre</em></strong></span> <span class='ocrx_word' id='word_1_315' title='bbox 2313 1108 2330 1135; x_wconf 91' lang='lat'><strong><em>,</em></strong></span> <span class='ocrx_word' id='word_1_316' title='bbox 2375 1071 2653 1143; x_wconf 87' lang='lat' dir='ltr'><strong><em>aliquantis</em></strong></span> <span class='ocrx_word' id='word_1_317' title='bbox 2682 1085 2852 1122; x_wconf 89' lang='lat' dir='ltr'><strong><em>secum</em></strong></span> <span class='ocrx_word' id='word_1_318' title='bbox 2872 1068 3186 1143; x_wconf 81' lang='lat' dir='ltr'><strong><em>satellitibus</em></strong></span> <span class='ocrx_word' id='word_1_319' title='bbox 3211 1070 3337 1143; x_wconf 73' lang='lat' dir='ltr'><strong><em>asci-</em></strong></span> 
     </span>
    </p>
   </div>
   <div class='ocr_carea' id='block_1_46' title="bbox 1752 1141 3337 1210">
    <p class='ocr_par' dir='ltr' id='par_1_46' title="bbox 1752 1141 3337 1210">
     <span class='ocr_line' id='line_1_46' title="bbox 1752 1141 3337 1210; baseline 0 -16"><span class='ocrx_word' id='word_1_320' title='bbox 1752 1141 1835 1207; x_wconf 47' lang='lat' dir='ltr'><strong><em>ti&#39;s,</em></strong></span> <span class='ocrx_word' id='word_1_321' title='bbox 1863 1144 2081 1196; x_wconf 89' lang='lat' dir='ltr'><strong><em>vicinam</em></strong></span> <span class='ocrx_word' id='word_1_322' title='bbox 2101 1142 2195 1195; x_wconf 85' lang='lat' dir='ltr'><strong><em>sibi</em></strong></span> <span class='ocrx_word' id='word_1_323' title='bbox 2227 1142 2622 1197; x_wconf 86' lang='lat' dir='ltr'><strong><em>Sarmatharum</em></strong></span> <span class='ocrx_word' id='word_1_324' title='bbox 2643 1149 2839 1210; x_wconf 90' lang='lat' dir='ltr'><strong><em>gentem</em></strong></span> <span class='ocrx_word' id='word_1_325' title='bbox 2863 1141 3127 1204; x_wconf 87' lang='lat' dir='ltr'><strong><em>invadens,</em></strong></span> <span class='ocrx_word' id='word_1_326' title='bbox 3161 1141 3337 1208; x_wconf 87' lang='lat' dir='ltr'><strong><em>opima</em></strong></span> 
     </span>
    </p>
   </div>
   <div class='ocr_carea' id='block_1_47' title="bbox 1750 1211 3337 1280">
    <p class='ocr_par' dir='ltr' id='par_1_47' title="bbox 1750 1211 3337 1280">
     <span class='ocr_line' id='line_1_47' title="bbox 1750 1211 3337 1280; baseline -0.002 -13"><span class='ocrx_word' id='word_1_327' title='bbox 1750 1230 1815 1268; x_wconf 78' lang='lat' dir='ltr'><strong><em>ex</em></strong></span> <span class='ocrx_word' id='word_1_328' title='bbox 1856 1230 2031 1267; x_wconf 90' lang='lat' dir='ltr'><strong><em>eorum</em></strong></span> <span class='ocrx_word' id='word_1_329' title='bbox 2074 1213 2303 1265; x_wconf 89' lang='lat' dir='ltr'><strong><em>manibus</em></strong></span> <span class='ocrx_word' id='word_1_330' title='bbox 2334 1214 2467 1279; x_wconf 90' lang='lat' dir='ltr'><strong><em>patri</em></strong></span> <span class='ocrx_word' id='word_1_331' title='bbox 2494 1214 2675 1279; x_wconf 89' lang='lat' dir='ltr'><strong><em>spolia,</em></strong></span> <span class='ocrx_word' id='word_1_332' title='bbox 2706 1211 3031 1280; x_wconf 66' lang='lat' dir='ltr'><strong><em>pradamque</em></strong></span> <span class='ocrx_word' id='word_1_333' title='bbox 3074 1212 3337 1277; x_wconf 89' lang='lat' dir='ltr'><strong><em>copiosam</em></strong></span> 
     </span>
    </p>
   </div>
   <div class='ocr_carea' id='block_1_48' title="bbox 1751 1282 3333 1355">
    <p class='ocr_par' dir='ltr' id='par_1_48' title="bbox 1751 1282 3333 1355">
     <span class='ocr_line' id='line_1_48' title="bbox 1751 1282 3333 1355; baseline -0.001 -18"><span class='ocrx_word' id='word_1_334' title='bbox 1751 1286 2045 1355; x_wconf 87' lang='lat' dir='ltr'><strong><em>reportavit.</em></strong></span> <span class='ocrx_word' id='word_1_335' title='bbox 2082 1282 2420 1336; x_wconf 89' lang='lat' dir='ltr'><strong><em>Theudimero</em></strong></span> <span class='ocrx_word' id='word_1_336' title='bbox 2450 1283 2618 1355; x_wconf 91' lang='lat' dir='ltr'><strong><em>itaque</em></strong></span> <span class='ocrx_word' id='word_1_337' title='bbox 2644 1283 2745 1355; x_wconf 78' lang='lat' dir='ltr'><strong><em>rita</em></strong></span> <span class='ocrx_word' id='word_1_338' title='bbox 2768 1282 3061 1355; x_wconf 55' lang='lat' dir='ltr'><strong><em>decedente,</em></strong></span> <span class='ocrx_word' id='word_1_339' title='bbox 3086 1283 3333 1336; x_wconf 76' lang='lat' dir='ltr'><strong><em>universis</em></strong></span> 
     </span>
    </p>
   </div>
   <div class='ocr_carea' id='block_1_49' title="bbox 1752 1350 3339 1424">
    <p class='ocr_par' dir='ltr' id='par_1_49' title="bbox 1752 1350 3339 1424">
     <span class='ocr_line' id='line_1_49' title="bbox 1752 1350 3339 1424; baseline -0.001 -16"><span class='ocrx_word' id='word_1_340' title='bbox 1752 1350 2098 1409; x_wconf 84' lang='lat' dir='ltr'><strong><em>annitentibus</em></strong></span> <span class='ocrx_word' id='word_1_341' title='bbox 2138 1359 2206 1405; x_wconf 89' lang='lat' dir='ltr'><strong><em>ad</em></strong></span> <span class='ocrx_word' id='word_1_342' title='bbox 2236 1354 2376 1424; x_wconf 88' lang='lat' dir='ltr'><strong><em>regni</em></strong></span> <span class='ocrx_word' id='word_1_343' title='bbox 2410 1354 2755 1424; x_wconf 61' lang='lat' dir='ltr'><strong><em>gubfrnacula</em></strong></span> <span class='ocrx_word' id='word_1_344' title='bbox 2789 1350 3132 1406; x_wconf 82' lang='lat' dir='ltr'><strong><em>Theodericus</em></strong></span> <span class='ocrx_word' id='word_1_345' title='bbox 3157 1370 3339 1424; x_wconf 86' lang='lat' dir='ltr'><strong><em>ascen-</em></strong></span> 
     </span>
    </p>
   </div>
   <div class='ocr_carea' id='block_1_50' title="bbox 1753 1422 3336 1494">
    <p class='ocr_par' dir='ltr' id='par_1_50' title="bbox 1753 1422 3336 1494">
     <span class='ocr_line' id='line_1_50' title="bbox 1753 1422 3336 1494; baseline -0.001 -16"><span class='ocrx_word' id='word_1_346' title='bbox 1753 1427 1844 1481; x_wconf 89' lang='lat' dir='ltr'><strong><em>dit.</em></strong></span> <span class='ocrx_word' id='word_1_347' title='bbox 1878 1426 2028 1493; x_wconf 83' lang='lat' dir='ltr'><strong><em>Quod</em></strong></span> <span class='ocrx_word' id='word_1_348' title='bbox 2050 1430 2241 1494; x_wconf 89' lang='lat' dir='ltr'><strong><em>factum</em></strong></span> <span class='ocrx_word' id='word_1_349' title='bbox 2267 1422 2382 1478; x_wconf 79' lang='lat' dir='ltr'><strong><em>cum</em></strong></span> <span class='ocrx_word' id='word_1_350' title='bbox 2397 1422 2465 1477; x_wconf 84' lang='lat' dir='ltr'><strong><em>ad</em></strong></span> <span class='ocrx_word' id='word_1_351' title='bbox 2488 1422 2743 1476; x_wconf 88' lang='lat' dir='ltr'><strong><em>Zenonem</em></strong></span> <span class='ocrx_word' id='word_1_352' title='bbox 2768 1424 3053 1491; x_wconf 81' lang='lat' dir='ltr'><strong><em>Augustum</em></strong></span> <span class='ocrx_word' id='word_1_353' title='bbox 3080 1423 3336 1492; x_wconf 78' lang='lat' dir='ltr'><strong><em>perlatum</em></strong></span> 
     </span>
    </p>
   </div>
   <div class='ocr_carea' id='block_1_51' title="bbox 1752 1495 3341 1567">
    <p class='ocr_par' dir='ltr' id='par_1_51' title="bbox 1752 1495 3341 1567">
     <span class='ocr_line' id='line_1_51' title="bbox 1752 1495 3341 1567; baseline -0.001 -16"><span class='ocrx_word' id='word_1_354' title='bbox 1752 1508 1898 1559; x_wconf 88' lang='lat' dir='ltr'><strong><em>esset,</em></strong></span> <span class='ocrx_word' id='word_1_355' title='bbox 1933 1507 2192 1567; x_wconf 83' lang='lat' dir='ltr'><strong><em>gratanter</em></strong></span> <span class='ocrx_word' id='word_1_356' title='bbox 2213 1496 2426 1559; x_wconf 88' lang='lat' dir='ltr'><strong><em>accepit,</em></strong></span> <span class='ocrx_word' id='word_1_357' title='bbox 2459 1495 2763 1567; x_wconf 78' lang='lat' dir='ltr'><strong><em>eamquead</em></strong></span> <span class='ocrx_word' id='word_1_358' title='bbox 2792 1510 2844 1547; x_wconf 93' lang='lat' dir='ltr'><strong><em>se</em></strong></span> <span class='ocrx_word' id='word_1_359' title='bbox 2872 1507 3341 1567; x_wconf 86' lang='lat' dir='ltr'><strong><em>rursusevocatum</em></strong></span> 
     </span>
    </p>
   </div>
   <div class='ocr_carea' id='block_1_52' title="bbox 1756 1565 3342 1638">
    <p class='ocr_par' dir='ltr' id='par_1_52' title="bbox 1756 1565 3342 1638">
     <span class='ocr_line' id='line_1_52' title="bbox 1756 1565 3342 1638; baseline -0.001 -17"><span class='ocrx_word' id='word_1_360' title='bbox 1756 1565 2273 1638; x_wconf 67' lang='lat' dir='ltr'><strong><em>Constantinopolim,</em></strong></span> <span class='ocrx_word' id='word_1_361' title='bbox 2306 1583 2489 1635; x_wconf 89' lang='lat' dir='ltr'><strong><em>magno</em></strong></span> <span class='ocrx_word' id='word_1_362' title='bbox 2521 1565 2675 1638; x_wconf 86' lang='lat' dir='ltr'><strong><em>simul</em></strong></span> <span class='ocrx_word' id='word_1_363' title='bbox 2708 1566 2897 1638; x_wconf 81' lang='lat' dir='ltr'><strong><em>honore</em></strong></span> <span class='ocrx_word' id='word_1_364' title='bbox 2940 1575 2985 1617; x_wconf 91' lang='lat' dir='ltr'><strong><em>et</em></strong></span> <span class='ocrx_word' id='word_1_365' title='bbox 3032 1566 3222 1620; x_wconf 86' lang='lat' dir='ltr'><strong><em>divitiis</em></strong></span> <span class='ocrx_word' id='word_1_366' title='bbox 3251 1582 3342 1620; x_wconf 76' lang='lat' dir='ltr'><strong><em>ea:—</em></strong></span> 
     </span>
    </p>
   </div>
   <div class='ocr_carea' id='block_1_53' title="bbox 1758 1637 3338 1706">
    <p class='ocr_par' dir='ltr' id='par_1_53' title="bbox 1758 1637 3338 1706">
     <span class='ocr_line' id='line_1_53' title="bbox 1758 1637 3338 1706; baseline -0.002 -15"><span class='ocrx_word' id='word_1_367' title='bbox 1758 1641 1893 1706; x_wconf 89' lang='lat' dir='ltr'><strong><em>tulit,</em></strong></span> <span class='ocrx_word' id='word_1_368' title='bbox 1914 1640 1966 1692; x_wconf 88' lang='lat' dir='ltr'><strong><em>in</em></strong></span> <span class='ocrx_word' id='word_1_369' title='bbox 1982 1649 2179 1692; x_wconf 89' lang='lat' dir='ltr'><strong><em>tantum</em></strong></span> <span class='ocrx_word' id='word_1_370' title='bbox 2200 1647 2250 1690; x_wconf 88' lang='lat' dir='ltr'><strong><em>ut</em></strong></span> <span class='ocrx_word' id='word_1_371' title='bbox 2270 1638 2423 1691; x_wconf 91' lang='lat' dir='ltr'><strong><em>etiam</em></strong></span> <span class='ocrx_word' id='word_1_372' title='bbox 2446 1637 2801 1690; x_wconf 86' lang='lat' dir='ltr'><strong><em>consularibus</em></strong></span> <span class='ocrx_word' id='word_1_373' title='bbox 2825 1652 2937 1689; x_wconf 90' lang='lat' dir='ltr'><strong><em>eum</em></strong></span> <span class='ocrx_word' id='word_1_374' title='bbox 2960 1638 3184 1705; x_wconf 88' lang='lat' dir='ltr'><strong><em>fascibus</em></strong></span> <span class='ocrx_word' id='word_1_375' title='bbox 3215 1640 3338 1690; x_wconf 87' lang='lat' dir='ltr'><strong><em>sub-</em></strong></span> 
     </span>
    </p>
   </div>
   <div class='ocr_carea' id='block_1_54' title="bbox 1758 1706 3339 1779">
    <p class='ocr_par' dir='ltr' id='par_1_54' title="bbox 1758 1706 3339 1779">
     <span class='ocr_line' id='line_1_54' title="bbox 1758 1706 3339 1779; baseline -0.001 -16"><span class='ocrx_word' id='word_1_376' title='bbox 1758 1709 1982 1777; x_wconf 89' lang='lat' dir='ltr'><strong><em>limaret,</em></strong></span> <span class='ocrx_word' id='word_1_377' title='bbox 2025 1726 2139 1779; x_wconf 77' lang='lat' dir='ltr'><strong><em>qua:</em></strong></span> <span class='ocrx_word' id='word_1_378' title='bbox 2168 1709 2393 1777; x_wconf 84' lang='lat' dir='ltr'><strong><em>dignitas</em></strong></span> <span class='ocrx_word' id='word_1_379' title='bbox 2427 1717 2539 1775; x_wconf 88' lang='lat' dir='ltr'><strong><em>post</em></strong></span> <span class='ocrx_word' id='word_1_380' title='bbox 2578 1706 2845 1776; x_wconf 89' lang='lat' dir='ltr'><strong><em>imperiale</em></strong></span> <span class='ocrx_word' id='word_1_381' title='bbox 2876 1707 3141 1777; x_wconf 76' lang='lat' dir='ltr'><strong><em>fastigium</em></strong></span> <span class='ocrx_word' id='word_1_382' title='bbox 3168 1711 3339 1778; x_wconf 88' lang='lat' dir='ltr'><strong><em>prima</em></strong></span> 
     </span>
    </p>
   </div>
   <div class='ocr_carea' id='block_1_55' title="bbox 1760 1779 3342 1849">
    <p class='ocr_par' dir='ltr' id='par_1_55' title="bbox 1760 1779 3342 1849">
     <span class='ocr_line' id='line_1_55' title="bbox 1760 1779 3342 1849; baseline 0 -16"><span class='ocrx_word' id='word_1_383' title='bbox 1760 1790 1835 1833; x_wconf 91' lang='lat' dir='ltr'><strong><em>est</em></strong></span> <span class='ocrx_word' id='word_1_384' title='bbox 1869 1821 1883 1839; x_wconf 87' lang='lat'><strong><em>,</em></strong></span> <span class='ocrx_word' id='word_1_385' title='bbox 1931 1795 2213 1849; x_wconf 77' lang='lat' dir='ltr'><strong><em>cereainqus</em></strong></span> <span class='ocrx_word' id='word_1_386' title='bbox 2240 1779 2317 1831; x_wconf 91' lang='lat' dir='ltr'><strong><em>illi</em></strong></span> <span class='ocrx_word' id='word_1_387' title='bbox 2346 1788 2626 1849; x_wconf 89' lang='lat' dir='ltr'><strong><em>equestrem</em></strong></span> <span class='ocrx_word' id='word_1_388' title='bbox 2653 1787 2876 1831; x_wconf 87' lang='lat' dir='ltr'><strong><em>statuam</em></strong></span> <span class='ocrx_word' id='word_1_389' title='bbox 2912 1788 3030 1831; x_wconf 87' lang='lat' dir='ltr'><strong><em>ante</em></strong></span> <span class='ocrx_word' id='word_1_390' title='bbox 3062 1796 3211 1832; x_wconf 86' lang='lat' dir='ltr'><strong><em>suum</em></strong></span> <span class='ocrx_word' id='word_1_391' title='bbox 3244 1796 3342 1846; x_wconf 82' lang='lat' dir='ltr'><strong><em>pa-</em></strong></span> 
     </span>
    </p>
   </div>
   <div class='ocr_carea' id='block_1_56' title="bbox 1762 1849 3347 1918">
    <p class='ocr_par' dir='ltr' id='par_1_56' title="bbox 1762 1849 3347 1918">
     <span class='ocr_line' id='line_1_56' title="bbox 1762 1849 3347 1918; baseline -0.001 -14"><span class='ocrx_word' id='word_1_392' title='bbox 1762 1851 1944 1904; x_wconf 87' lang='lat' dir='ltr'><strong><em>latium</em></strong></span> <span class='ocrx_word' id='word_1_393' title='bbox 1976 1852 2267 1905; x_wconf 85' lang='lat' dir='ltr'><strong><em>collocaret.</em></strong></span> <span class='ocrx_word' id='word_1_394' title='bbox 2303 1850 2365 1902; x_wconf 78' lang='lat' dir='ltr'><strong><em>At</em></strong></span> <span class='ocrx_word' id='word_1_395' title='bbox 2398 1864 2510 1902; x_wconf 91' lang='lat' dir='ltr'><strong><em>vero</em></strong></span> <span class='ocrx_word' id='word_1_396' title='bbox 2539 1849 2659 1901; x_wconf 90' lang='lat' dir='ltr'><strong><em>dum</em></strong></span> <span class='ocrx_word' id='word_1_397' title='bbox 2703 1849 3057 1918; x_wconf 73' lang='lat' dir='ltr'><strong><em>hujuscemodi</em></strong></span> <span class='ocrx_word' id='word_1_398' title='bbox 3111 1849 3347 1904; x_wconf 87' lang='lat' dir='ltr'><strong><em>Theode-</em></strong></span> 
     </span>
    </p>
   </div>
   <div class='ocr_carea' id='block_1_57' title="bbox 1762 1918 3347 1991">
    <p class='ocr_par' dir='ltr' id='par_1_57' title="bbox 1762 1918 3347 1991">
     <span class='ocr_line' id='line_1_57' title="bbox 1762 1918 3347 1991; baseline 0 -16"><span class='ocrx_word' id='word_1_399' title='bbox 1762 1924 1900 1976; x_wconf 87' lang='lat' dir='ltr'><strong><em>ricus</em></strong></span> <span class='ocrx_word' id='word_1_400' title='bbox 1952 1922 2146 1975; x_wconf 87' lang='lat' dir='ltr'><strong><em>deliciis</em></strong></span> <span class='ocrx_word' id='word_1_401' title='bbox 2198 1921 2336 1989; x_wconf 91' lang='lat' dir='ltr'><strong><em>apud</em></strong></span> <span class='ocrx_word' id='word_1_402' title='bbox 2380 1918 2882 1991; x_wconf 81' lang='lat' dir='ltr'><strong><em>ConstantinOpolim</em></strong></span> <span class='ocrx_word' id='word_1_403' title='bbox 2926 1919 3169 1991; x_wconf 72' lang='lat' dir='ltr'><strong><em>afﬂueret,</em></strong></span> <span class='ocrx_word' id='word_1_404' title='bbox 3223 1938 3347 1991; x_wconf 86' lang='lat' dir='ltr'><strong><em>gens</em></strong></span> 
     </span>
    </p>
   </div>
   <div class='ocr_carea' id='block_1_58' title="bbox 1760 1990 3348 2061">
    <p class='ocr_par' dir='ltr' id='par_1_58' title="bbox 1760 1990 3348 2061">
     <span class='ocr_line' id='line_1_58' title="bbox 1760 1990 3348 2061; baseline -0.001 -15"><span class='ocrx_word' id='word_1_405' title='bbox 1760 1993 1924 2060; x_wconf 91' lang='lat' dir='ltr'><strong><em>illius,</em></strong></span> <span class='ocrx_word' id='word_1_406' title='bbox 1946 1992 2001 2045; x_wconf 90' lang='lat' dir='ltr'><strong><em>id</em></strong></span> <span class='ocrx_word' id='word_1_407' title='bbox 2024 2002 2097 2046; x_wconf 91' lang='lat' dir='ltr'><strong><em>est</em></strong></span> <span class='ocrx_word' id='word_1_408' title='bbox 2123 1990 2468 2059; x_wconf 77' lang='lat' dir='ltr'><strong><em>Ostrogothce,</em></strong></span> <span class='ocrx_word' id='word_1_409' title='bbox 2492 1993 2615 2043; x_wconf 90' lang='lat' dir='ltr'><strong><em>dum</em></strong></span> <span class='ocrx_word' id='word_1_410' title='bbox 2637 1992 2709 2045; x_wconf 91' lang='lat' dir='ltr'><strong><em>eis</em></strong></span> <span class='ocrx_word' id='word_1_411' title='bbox 2737 1999 2943 2061; x_wconf 89' lang='lat' dir='ltr'><strong><em>prapter</em></strong></span> <span class='ocrx_word' id='word_1_412' title='bbox 2966 1990 3089 2059; x_wconf 83' lang='lat' dir='ltr'><strong><em>fidei</em></strong></span> <span class='ocrx_word' id='word_1_413' title='bbox 3119 1990 3348 2045; x_wconf 84' lang='lat' dir='ltr'><strong><em>sanctio-</em></strong></span> 
     </span>
    </p>
   </div>
   <div class='ocr_carea' id='block_1_59' title="bbox 1758 2062 3353 2132">
    <p class='ocr_par' dir='ltr' id='par_1_59' title="bbox 1758 2062 3353 2132">
     <span class='ocr_line' id='line_1_59' title="bbox 1758 2062 3353 2132; baseline 0 -17"><span class='ocrx_word' id='word_1_414' title='bbox 1758 2080 1873 2117; x_wconf 88' lang='lat' dir='ltr'><strong><em>nem</em></strong></span> <span class='ocrx_word' id='word_1_415' title='bbox 1928 2068 2131 2132; x_wconf 76' lang='lat' dir='ltr'><strong><em>prtedas</em></strong></span> <span class='ocrx_word' id='word_1_416' title='bbox 2171 2078 2322 2131; x_wconf 88' lang='lat' dir='ltr'><strong><em>agere</em></strong></span> <span class='ocrx_word' id='word_1_417' title='bbox 2357 2078 2496 2115; x_wconf 90' lang='lat' dir='ltr'><strong><em>more</em></strong></span> <span class='ocrx_word' id='word_1_418' title='bbox 2524 2064 2671 2115; x_wconf 91' lang='lat' dir='ltr'><strong><em>solito</em></strong></span> <span class='ocrx_word' id='word_1_419' title='bbox 2698 2079 2797 2115; x_wconf 80' lang='lat' dir='ltr'><strong><em>non</em></strong></span> <span class='ocrx_word' id='word_1_420' title='bbox 2823 2062 3017 2126; x_wconf 89' lang='lat' dir='ltr'><strong><em>liceret,</em></strong></span> <span class='ocrx_word' id='word_1_421' title='bbox 3054 2078 3146 2116; x_wconf 89' lang='lat' dir='ltr'><strong><em>nec</em></strong></span> <span class='ocrx_word' id='word_1_422' title='bbox 3178 2073 3353 2116; x_wconf 88' lang='lat' dir='ltr'><strong><em>tamen</em></strong></span> 
     </span>
    </p>
   </div>
   <div class='ocr_carea' id='block_1_60' title="bbox 1756 2133 3352 2204">
    <p class='ocr_par' dir='ltr' id='par_1_60' title="bbox 1756 2133 3352 2204">
     <span class='ocr_line' id='line_1_60' title="bbox 1756 2133 3352 2204; baseline 0.001 -17"><span class='ocrx_word' id='word_1_423' title='bbox 1756 2136 1820 2187; x_wconf 90' lang='lat' dir='ltr'><strong><em>ab</em></strong></span> <span class='ocrx_word' id='word_1_424' title='bbox 1846 2135 2157 2204; x_wconf 88' lang='lat' dir='ltr'><strong><em>imperatore</em></strong></span> <span class='ocrx_word' id='word_1_425' title='bbox 2189 2133 2361 2186; x_wconf 88' lang='lat' dir='ltr'><strong><em>oblata</em></strong></span> <span class='ocrx_word' id='word_1_426' title='bbox 2391 2133 2647 2201; x_wconf 88' lang='lat' dir='ltr'><strong><em>stipendia</em></strong></span> <span class='ocrx_word' id='word_1_427' title='bbox 2666 2133 2892 2202; x_wconf 74' lang='lat' dir='ltr'><strong><em>sufﬁcere</em></strong></span> <span class='ocrx_word' id='word_1_428' title='bbox 2913 2142 3139 2204; x_wconf 66' lang='lat' dir='ltr'><strong><em>posgent,</em></strong></span> <span class='ocrx_word' id='word_1_429' title='bbox 3158 2150 3352 2204; x_wconf 65' lang='lat' dir='ltr'><strong><em>coepere</em></strong></span> 
     </span>
    </p>
   </div>
   <div class='ocr_carea' id='block_1_61' title="bbox 1757 2202 3353 2275">
    <p class='ocr_par' dir='ltr' id='par_1_61' title="bbox 1757 2202 3353 2275">
     <span class='ocr_line' id='line_1_61' title="bbox 1757 2202 3353 2275; baseline 0.001 -18"><span class='ocrx_word' id='word_1_430' title='bbox 1757 2220 1860 2259; x_wconf 92' lang='lat' dir='ltr'><strong><em>non</em></strong></span> <span class='ocrx_word' id='word_1_431' title='bbox 1908 2202 2172 2259; x_wconf 84' lang='lat' dir='ltr'><strong><em>minimam</em></strong></span> <span class='ocrx_word' id='word_1_432' title='bbox 2219 2205 2454 2275; x_wconf 89' lang='lat' dir='ltr'><strong><em>egestatis</em></strong></span> <span class='ocrx_word' id='word_1_433' title='bbox 2503 2206 2775 2275; x_wconf 86' lang='lat' dir='ltr'><strong><em>penuriam</em></strong></span> <span class='ocrx_word' id='word_1_434' title='bbox 2825 2205 2953 2271; x_wconf 89' lang='lat' dir='ltr'><strong><em>pati.</em></strong></span> <span class='ocrx_word' id='word_1_435' title='bbox 3003 2202 3353 2259; x_wconf 71' lang='lat' dir='ltr'><strong><em>Exsecrantur</em></strong></span> 
     </span>
    </p>
   </div>
   <div class='ocr_carea' id='block_1_62' title="bbox 1756 2274 3350 2348">
    <p class='ocr_par' dir='ltr' id='par_1_62' title="bbox 1756 2274 3350 2348">
     <span class='ocr_line' id='line_1_62' title="bbox 1756 2274 3350 2348; baseline 0 -18"><span class='ocrx_word' id='word_1_436' title='bbox 1756 2275 1923 2346; x_wconf 75' lang='lat' dir='ltr'><strong><em>fmdus</em></strong></span> <span class='ocrx_word' id='word_1_437' title='bbox 1967 2274 2331 2348; x_wconf 85' lang='lat' dir='ltr'><strong><em>compositum,</em></strong></span> <span class='ocrx_word' id='word_1_438' title='bbox 2384 2275 2677 2348; x_wconf 71' lang='lat' dir='ltr'><strong><em>vituperant</em></strong></span> <span class='ocrx_word' id='word_1_439' title='bbox 2727 2274 2959 2328; x_wconf 88' lang='lat' dir='ltr'><strong><em>inutilem</em></strong></span> <span class='ocrx_word' id='word_1_440' title='bbox 3014 2277 3350 2344; x_wconf 89' lang='lat' dir='ltr'><strong><em>pactionem,</em></strong></span> 
     </span>
    </p>
   </div>
   <div class='ocr_carea' id='block_1_63' title="bbox 1756 2345 3350 2414">
    <p class='ocr_par' dir='ltr' id='par_1_63' title="bbox 1756 2345 3350 2414">
     <span class='ocr_line' id='line_1_63' title="bbox 1756 2345 3350 2414; baseline 0.001 -15"><span class='ocrx_word' id='word_1_441' title='bbox 1756 2345 2348 2414; x_wconf 33' lang='lat' dir='ltr'><strong><em>mittuntque‘continuo</em></strong></span> <span class='ocrx_word' id='word_1_442' title='bbox 2390 2347 2458 2398; x_wconf 91' lang='lat' dir='ltr'><strong><em>ad</em></strong></span> <span class='ocrx_word' id='word_1_443' title='bbox 2503 2345 2909 2410; x_wconf 87' lang='lat' dir='ltr'><strong><em>Theodericum,</em></strong></span> <span class='ocrx_word' id='word_1_444' title='bbox 2953 2348 3040 2414; x_wconf 87' lang='lat' dir='ltr'><strong><em>qui</em></strong></span> <span class='ocrx_word' id='word_1_445' title='bbox 3077 2349 3350 2414; x_wconf 90' lang='lat' dir='ltr'><strong><em>dicerent,</em></strong></span> 
     </span>
    </p>
   </div>
   <div class='ocr_carea' id='block_1_64' title="bbox 1756 2414 3355 2488">
    <p class='ocr_par' dir='ltr' id='par_1_64' title="bbox 1756 2414 3355 2488">
     <span class='ocr_line' id='line_1_64' title="bbox 1756 2414 3355 2488; baseline 0.002 -18"><span class='ocrx_word' id='word_1_446' title='bbox 1756 2435 1902 2487; x_wconf 90' lang='lat' dir='ltr'><strong><em>quas,</em></strong></span> <span class='ocrx_word' id='word_1_447' title='bbox 1935 2424 2057 2472; x_wconf 83' lang='lat' dir='ltr'><strong><em>dum</em></strong></span> <span class='ocrx_word' id='word_1_448' title='bbox 2090 2420 2201 2488; x_wconf 90' lang='lat' dir='ltr'><strong><em>ipse</em></strong></span> <span class='ocrx_word' id='word_1_449' title='bbox 2230 2414 2531 2488; x_wconf 70' lang='lat' dir='ltr'><strong><em>Graecorum</em></strong></span> <span class='ocrx_word' id='word_1_450' title='bbox 2560 2416 2724 2485; x_wconf 90' lang='lat' dir='ltr'><strong><em>epulis</em></strong></span> <span class='ocrx_word' id='word_1_451' title='bbox 2759 2418 3114 2485; x_wconf 83' lang='lat' dir='ltr'><strong><em>superﬂueret,</em></strong></span> <span class='ocrx_word' id='word_1_452' title='bbox 3163 2420 3355 2485; x_wconf 71' lang='lat' dir='ltr'><strong><em>inapiae</em></strong></span> 
     </span>
    </p>
   </div>
   <div class='ocr_carea' id='block_1_65' title="bbox 1757 2487 3360 2559">
    <p class='ocr_par' dir='ltr' id='par_1_65' title="bbox 1757 2487 3360 2559">
     <span class='ocr_line' id='line_1_65' title="bbox 1757 2487 3360 2559; baseline 0.002 -18"><span class='ocrx_word' id='word_1_453' title='bbox 1757 2491 1990 2543; x_wconf 90' lang='lat' dir='ltr'><strong><em>miserias</em></strong></span> <span class='ocrx_word' id='word_1_454' title='bbox 2021 2487 2345 2543; x_wconf 88' lang='lat' dir='ltr'><strong><em>sustinerent.</em></strong></span> <span class='ocrx_word' id='word_1_455' title='bbox 2402 2487 2699 2542; x_wconf 83' lang='lat' dir='ltr'><strong><em>Hortantur</em></strong></span> <span class='ocrx_word' id='word_1_456' title='bbox 2732 2503 2787 2540; x_wconf 87' lang='lat' dir='ltr'><strong><em>ut</em></strong></span> <span class='ocrx_word' id='word_1_457' title='bbox 2823 2489 2866 2542; x_wconf 89' lang='lat' dir='ltr'><strong><em>si</em></strong></span> <span class='ocrx_word' id='word_1_458' title='bbox 2897 2492 3001 2542; x_wconf 88' lang='lat' dir='ltr'><strong><em>suis</em></strong></span> <span class='ocrx_word' id='word_1_459' title='bbox 3026 2490 3218 2559; x_wconf 86' lang='lat' dir='ltr'><strong><em>sibique</em></strong></span> <span class='ocrx_word' id='word_1_460' title='bbox 3239 2508 3360 2544; x_wconf 90' lang='lat' dir='ltr'><strong><em>con-</em></strong></span> 
     </span>
    </p>
   </div>
   <div class='ocr_carea' id='block_1_66' title="bbox 1758 2560 3355 2633">
    <p class='ocr_par' dir='ltr' id='par_1_66' title="bbox 1758 2560 3355 2633">
     <span class='ocr_line' id='line_1_66' title="bbox 1758 2560 3355 2633; baseline 0.002 -20"><span class='ocrx_word' id='word_1_461' title='bbox 1758 2563 1924 2614; x_wconf 88' lang='lat' dir='ltr'><strong><em>sulere</em></strong></span> <span class='ocrx_word' id='word_1_462' title='bbox 1964 2561 2126 2627; x_wconf 92' lang='lat' dir='ltr'><strong><em>velit,</em></strong></span> <span class='ocrx_word' id='word_1_463' title='bbox 2171 2560 2319 2613; x_wconf 88' lang='lat' dir='ltr'><strong><em>citius</em></strong></span> <span class='ocrx_word' id='word_1_464' title='bbox 2357 2560 2533 2633; x_wconf 84' lang='lat' dir='ltr'><strong><em>redeat</em></strong></span> <span class='ocrx_word' id='word_1_465' title='bbox 2549 2600 2573 2633; x_wconf 89' lang='lat'><strong><em>_,</em></strong></span> <span class='ocrx_word' id='word_1_466' title='bbox 2624 2568 2875 2633; x_wconf 85' lang='lat' dir='ltr'><strong><em>quatenus</em></strong></span> <span class='ocrx_word' id='word_1_467' title='bbox 2908 2575 2970 2612; x_wconf 91' lang='lat' dir='ltr'><strong><em>ne</em></strong></span> <span class='ocrx_word' id='word_1_468' title='bbox 3007 2573 3189 2614; x_wconf 88' lang='lat' dir='ltr'><strong><em>cuncta</em></strong></span> <span class='ocrx_word' id='word_1_469' title='bbox 3230 2578 3355 2633; x_wconf 73' lang='lat' dir='ltr'><strong><em>gens</em></strong></span> 
     </span>
    </p>
   </div>
   <div class='ocr_carea' id='block_1_67' title="bbox 1756 2631 3323 2701">
    <p class='ocr_par' dir='ltr' id='par_1_67' title="bbox 1756 2631 3323 2701">
     <span class='ocr_line' id='line_1_67' title="bbox 1756 2631 3323 2701; baseline 0.003 -18"><span class='ocrx_word' id='word_1_470' title='bbox 1756 2636 2132 2701; x_wconf 87' lang='lat' dir='ltr'><strong><em>pessumdetur,</em></strong></span> <span class='ocrx_word' id='word_1_471' title='bbox 2167 2647 2323 2685; x_wconf 90' lang='lat' dir='ltr'><strong><em>novas</em></strong></span> <span class='ocrx_word' id='word_1_472' title='bbox 2370 2632 2436 2682; x_wconf 91' lang='lat' dir='ltr'><strong><em>ad</em></strong></span> <span class='ocrx_word' id='word_1_473' title='bbox 2466 2631 2810 2683; x_wconf 89' lang='lat' dir='ltr'><strong><em>habitandum</em></strong></span> <span class='ocrx_word' id='word_1_474' title='bbox 2838 2639 3001 2684; x_wconf 92' lang='lat' dir='ltr'><strong><em>terras</em></strong></span> <span class='ocrx_word' id='word_1_475' title='bbox 3030 2631 3323 2701; x_wconf 67' lang='lat' dir='ltr'><strong><em>exquirant.</em></strong></span> 
     </span>
    </p>
   </div>
   <div class='ocr_carea' id='block_1_68' title="bbox 1832 2701 3356 2772">
    <p class='ocr_par' dir='ltr' id='par_1_68' title="bbox 1832 2701 3356 2772">
     <span class='ocr_line' id='line_1_68' title="bbox 1832 2701 3356 2772; baseline 0.002 -17"><span class='ocrx_word' id='word_1_476' title='bbox 1832 2702 1929 2757; x_wconf 80' lang='lat' dir='ltr'><strong><em>[Iis</em></strong></span> <span class='ocrx_word' id='word_1_477' title='bbox 1978 2701 2319 2756; x_wconf 88' lang='lat' dir='ltr'><strong><em>Theodericus</em></strong></span> <span class='ocrx_word' id='word_1_478' title='bbox 2368 2702 2613 2771; x_wconf 87' lang='lat' dir='ltr'><strong><em>cognitis,</em></strong></span> <span class='ocrx_word' id='word_1_479' title='bbox 2657 2702 2725 2754; x_wconf 91' lang='lat' dir='ltr'><strong><em>ad</em></strong></span> <span class='ocrx_word' id='word_1_480' title='bbox 2769 2703 3056 2772; x_wconf 80' lang='lat' dir='ltr'><strong><em>Augustum</em></strong></span> <span class='ocrx_word' id='word_1_481' title='bbox 3096 2701 3356 2758; x_wconf 81' lang='lat' dir='ltr'><strong><em>Zenonem</em></strong></span> 
     </span>
    </p>
   </div>
   <div class='ocr_carea' id='block_1_69' title="bbox 1756 2773 3359 2845">
    <p class='ocr_par' dir='ltr' id='par_1_69' title="bbox 1756 2773 3359 2845">
     <span class='ocr_line' id='line_1_69' title="bbox 1756 2773 3359 2845; baseline 0.002 -20"><span class='ocrx_word' id='word_1_482' title='bbox 1756 2778 1951 2845; x_wconf 87' lang='lat' dir='ltr'><strong><em>accedit</em></strong></span> <span class='ocrx_word' id='word_1_483' title='bbox 1980 2784 2205 2845; x_wconf 88' lang='lat' dir='ltr'><strong><em>questus,</em></strong></span> <span class='ocrx_word' id='word_1_484' title='bbox 2237 2775 2604 2845; x_wconf 85' lang='lat' dir='ltr'><strong><em>penuriamque</em></strong></span> <span class='ocrx_word' id='word_1_485' title='bbox 2627 2773 3073 2845; x_wconf 34' lang='lat' dir='ltr'><strong><em>suorum‘exponit</em></strong></span> <span class='ocrx_word' id='word_1_486' title='bbox 3093 2815 3109 2839; x_wconf 90' lang='lat'><strong><em>,</em></strong></span> <span class='ocrx_word' id='word_1_487' title='bbox 3141 2773 3359 2830; x_wconf 90' lang='lat' dir='ltr'><strong><em>Italiam</em></strong></span> 
     </span>
    </p>
   </div>
   <div class='ocr_carea' id='block_1_70' title="bbox 1755 2842 3360 2914">
    <p class='ocr_par' dir='ltr' id='par_1_70' title="bbox 1755 2842 3360 2914">
     <span class='ocr_line' id='line_1_70' title="bbox 1755 2842 3360 2914; baseline 0.003 -18"><span class='ocrx_word' id='word_1_488' title='bbox 1755 2844 1855 2897; x_wconf 92' lang='lat' dir='ltr'><strong><em>sibi</em></strong></span> <span class='ocrx_word' id='word_1_489' title='bbox 1892 2842 2004 2897; x_wconf 83' lang='lat' dir='ltr'><strong><em>dari</em></strong></span> <span class='ocrx_word' id='word_1_490' title='bbox 2052 2846 2318 2914; x_wconf 87' lang='lat' dir='ltr'><strong><em>postulat,</em></strong></span> <span class='ocrx_word' id='word_1_491' title='bbox 2370 2843 2737 2896; x_wconf 86' lang='lat' dir='ltr'><strong><em>absolutionem</em></strong></span> <span class='ocrx_word' id='word_1_492' title='bbox 2789 2842 3065 2913; x_wconf 79' lang='lat' dir='ltr'><strong><em>efflagitat,</em></strong></span> <span class='ocrx_word' id='word_1_493' title='bbox 3107 2848 3360 2914; x_wconf 86' lang='lat' dir='ltr'><strong><em>adjiciens</em></strong></span> 
     </span>
    </p>
   </div>
   <div class='ocr_carea' id='block_1_71' title="bbox 1756 2914 3357 2984">
    <p class='ocr_par' dir='ltr' id='par_1_71' title="bbox 1756 2914 3357 2984">
     <span class='ocr_line' id='line_1_71' title="bbox 1756 2914 3357 2984; baseline 0.002 -17"><span class='ocrx_word' id='word_1_494' title='bbox 1756 2918 1878 2984; x_wconf 89' lang='lat' dir='ltr'><strong><em>quia</em></strong></span> <span class='ocrx_word' id='word_1_495' title='bbox 1902 2917 1946 2969; x_wconf 91' lang='lat' dir='ltr'><strong><em>si</em></strong></span> <span class='ocrx_word' id='word_1_496' title='bbox 1970 2932 2210 2984; x_wconf 88' lang='lat' dir='ltr'><strong><em>superare</em></strong></span> <span class='ocrx_word' id='word_1_497' title='bbox 2240 2914 2523 2967; x_wconf 82' lang='lat' dir='ltr'><strong><em>Odoacrem</em></strong></span> <span class='ocrx_word' id='word_1_498' title='bbox 2552 2924 2740 2984; x_wconf 85' lang='lat' dir='ltr'><strong><em>posset,</em></strong></span> <span class='ocrx_word' id='word_1_499' title='bbox 2775 2914 3083 2982; x_wconf 89' lang='lat' dir='ltr'><strong><em>Italiamque</em></strong></span> <span class='ocrx_word' id='word_1_500' title='bbox 3108 2916 3357 2983; x_wconf 87' lang='lat' dir='ltr'><strong><em>obtinere,</em></strong></span> 
     </span>
    </p>
   </div>
   <div class='ocr_carea' id='block_1_72' title="bbox 1759 2984 3363 3057">
    <p class='ocr_par' dir='ltr' id='par_1_72' title="bbox 1759 2984 3363 3057">
     <span class='ocr_line' id='line_1_72' title="bbox 1759 2984 3363 3057; baseline 0.004 -19"><span class='ocrx_word' id='word_1_501' title='bbox 1759 2987 1828 3039; x_wconf 90' lang='lat' dir='ltr'><strong><em>ad</em></strong></span> <span class='ocrx_word' id='word_1_502' title='bbox 1858 2990 1967 3057; x_wconf 88' lang='lat' dir='ltr'><strong><em>ejus</em></strong></span> <span class='ocrx_word' id='word_1_503' title='bbox 1994 2987 2303 3040; x_wconf 86' lang='lat' dir='ltr'><strong><em>redundaret</em></strong></span> <span class='ocrx_word' id='word_1_504' title='bbox 2330 2984 2547 3053; x_wconf 82' lang='lat' dir='ltr'><strong><em>gloriam</em></strong></span> <span class='ocrx_word' id='word_1_505' title='bbox 2574 3025 2588 3049; x_wconf 90' lang='lat'><strong><em>,</em></strong></span> <span class='ocrx_word' id='word_1_506' title='bbox 2621 3003 2651 3037; x_wconf 91' lang='lat' dir='ltr'><strong><em>a</em></strong></span> <span class='ocrx_word' id='word_1_507' title='bbox 2679 3002 2779 3053; x_wconf 91' lang='lat' dir='ltr'><strong><em>quo</em></strong></span> <span class='ocrx_word' id='word_1_508' title='bbox 2819 2985 3039 3038; x_wconf 71' lang='lat' dir='ltr'><strong><em>directus</em></strong></span> <span class='ocrx_word' id='word_1_509' title='bbox 3070 2990 3284 3057; x_wconf 79' lang='lat' dir='ltr'><strong><em>fuisset;</em></strong></span> <span class='ocrx_word' id='word_1_510' title='bbox 3314 2990 3363 3044; x_wconf 82' lang='lat' dir='ltr'><strong><em>si</em></strong></span> 
     </span>
    </p>
   </div>
   <div class='ocr_carea' id='block_1_73' title="bbox 1757 3056 3364 3126">
    <p class='ocr_par' dir='ltr' id='par_1_73' title="bbox 1757 3056 3364 3126">
     <span class='ocr_line' id='line_1_73' title="bbox 1757 3056 3364 3126; baseline 0.003 -17"><span class='ocrx_word' id='word_1_511' title='bbox 1757 3056 1813 3109; x_wconf 90' lang='lat' dir='ltr'><strong><em>in</em></strong></span> <span class='ocrx_word' id='word_1_512' title='bbox 1861 3056 1989 3111; x_wconf 68' lang='lat' dir='ltr'><strong><em>bello</em></strong></span> <span class='ocrx_word' id='word_1_513' title='bbox 2030 3067 2301 3123; x_wconf 82' lang='lat' dir='ltr'><strong><em>superatus</em></strong></span> <span class='ocrx_word' id='word_1_514' title='bbox 2350 3057 2518 3123; x_wconf 87' lang='lat' dir='ltr'><strong><em>foret,</em></strong></span> <span class='ocrx_word' id='word_1_515' title='bbox 2562 3057 2673 3126; x_wconf 86' lang='lat' dir='ltr'><strong><em>ejus</em></strong></span> <span class='ocrx_word' id='word_1_516' title='bbox 2714 3057 3046 3110; x_wconf 87' lang='lat' dir='ltr'><strong><em>nihilominus</em></strong></span> <span class='ocrx_word' id='word_1_517' title='bbox 3072 3056 3243 3113; x_wconf 86' lang='lat' dir='ltr'><strong><em>lucris</em></strong></span> <span class='ocrx_word' id='word_1_518' title='bbox 3273 3077 3364 3115; x_wconf 84' lang='lat' dir='ltr'><strong><em>ac-</em></strong></span> 
     </span>
    </p>
   </div>
   <div class='ocr_carea' id='block_1_74' title="bbox 1759 3128 3363 3199">
    <p class='ocr_par' dir='ltr' id='par_1_74' title="bbox 1759 3128 3363 3199">
     <span class='ocr_line' id='line_1_74' title="bbox 1759 3128 3363 3199; baseline 0.004 -19"><span class='ocrx_word' id='word_1_519' title='bbox 1759 3138 2035 3192; x_wconf 80' lang='lat' dir='ltr'><strong><em>cresceret,</em></strong></span> <span class='ocrx_word' id='word_1_520' title='bbox 2078 3128 2488 3199; x_wconf 53' lang='lat' dir='ltr'><strong><em>quandoquidem</em></strong></span> <span class='ocrx_word' id='word_1_521' title='bbox 2529 3128 2945 3199; x_wconf 60' lang='lat' dir='ltr'><strong><em>qugtidianorum</em></strong></span> <span class='ocrx_word' id='word_1_522' title='bbox 2988 3129 3363 3199; x_wconf 84' lang='lat' dir='ltr'><strong><em>stipendiorum</em></strong></span> 
     </span>
    </p>
   </div>
   <div class='ocr_carea' id='block_1_75' title="bbox 1761 3196 3366 3259">
    <p class='ocr_par' dir='ltr' id='par_1_75' title="bbox 1761 3196 3366 3259">
     <span class='ocr_line' id='line_1_75' title="bbox 1761 3196 3366 3259; baseline 0.004 -6"><span class='ocrx_word' id='word_1_523' title='bbox 1761 3196 2098 3255; x_wconf 73' lang='lat' dir='ltr'><strong><em>exactoribus</em></strong></span> <span class='ocrx_word' id='word_1_524' title='bbox 2124 3208 2337 3255; x_wconf 87' lang='lat' dir='ltr'><strong><em>careret.</em></strong></span> <span class='ocrx_word' id='word_1_525' title='bbox 2386 3196 2531 3250; x_wconf 88' lang='lat' dir='ltr'><strong><em>Talia</em></strong></span> <span class='ocrx_word' id='word_1_526' title='bbox 2585 3197 2724 3252; x_wconf 88' lang='lat' dir='ltr'><strong><em>Zeno</em></strong></span> <span class='ocrx_word' id='word_1_527' title='bbox 2776 3200 2991 3252; x_wconf 89' lang='lat' dir='ltr'><strong><em>audiens</em></strong></span> <span class='ocrx_word' id='word_1_528' title='bbox 3038 3196 3366 3259; x_wconf 85' lang='lat' dir='ltr'><strong><em>contristatus</em></strong></span> 
     </span>
    </p>
   </div>
   <div class='ocr_carea' id='block_1_76' title="bbox 70 3244 3365 3343">
    <p class='ocr_par' dir='ltr' id='par_1_76' title="bbox 70 3244 3365 3343">
     <span class='ocr_line' id='line_1_76' title="bbox 70 3244 3365 3343; baseline 0.001 -18"><span class='ocrx_word' id='word_1_529' title='bbox 70 3275 386 3337; x_wconf 78' lang='lat' dir='ltr'><strong><em>venerabile,</em></strong></span> <span class='ocrx_word' id='word_1_530' title='bbox 412 3244 477 3326; x_wconf 51' lang='lat' dir='ltr'><strong><em>ret</em></strong></span> <span class='ocrx_word' id='word_1_531' title='bbox 523 3270 820 3343; x_wconf 85' lang='lat' dir='ltr'><strong><em>Augustalis</em></strong></span> <span class='ocrx_word' id='word_1_532' title='bbox 860 3244 954 3323; x_wconf 82' lang='lat' dir='ltr'><strong><em>illa</em></strong></span> <span class='ocrx_word' id='word_1_533' title='bbox 982 3269 1288 3333; x_wconf 89' lang='lat' dir='ltr'><strong><em>sublimitas,</em></strong></span> <span class='ocrx_word' id='word_1_534' title='bbox 1320 3283 1436 3343; x_wconf 74' lang='lat' dir='ltr'><strong><em>quce</em></strong></span> <span class='ocrx_word' id='word_1_535' title='bbox 1457 3268 1519 3321; x_wconf 92' lang='lat' dir='ltr'><strong><em>ab</em></strong></span> <span class='ocrx_word' id='word_1_536' title='bbox 1543 3271 1652 3343; x_wconf 77' lang='grc' dir='ltr'><strong><em>Λιι-</em></strong></span> <span class='ocrx_word' id='word_1_537' title='bbox 1682 3244 1731 3310; x_wconf 76' lang='lat' dir='ltr'><strong>c</strong></span> <span class='ocrx_word' id='word_1_538' title='bbox 1760 3244 2337 3340; x_wconf 49' lang='lat' dir='ltr'><strong><em>aliuéHi&#39;ZiJJ</em></strong></span> <span class='ocrx_word' id='word_1_539' title='bbox 2355 3244 3365 3343; x_wconf 42' lang='lat' dir='ltr'><strong><em>tabifica—ei&#39;ipsa???&#39;aiiﬁén&#39;cét:</em></strong></span> 
     </span>
    </p>
   </div>
   <div class='ocr_carea' id='block_1_77' title="bbox 74 3339 1659 3416">
    <p class='ocr_par' dir='ltr' id='par_1_77' title="bbox 74 3339 1659 3416">
     <span class='ocr_line' id='line_1_77' title="bbox 74 3339 1659 3416; baseline -0.004 -18"><span class='ocrx_word' id='word_1_540' title='bbox 74 3356 219 3414; x_wconf 85' lang='lat' dir='ltr'><strong><em>gusto</em></strong></span> <span class='ocrx_word' id='word_1_541' title='bbox 247 3344 519 3416; x_wconf 88' lang='lat' dir='ltr'><strong><em>quondam</em></strong></span> <span class='ocrx_word' id='word_1_542' title='bbox 569 3339 845 3416; x_wconf 71' lang='lat' dir='ltr'><strong><em>Octaviano</em></strong></span> <span class='ocrx_word' id='word_1_543' title='bbox 891 3350 1051 3416; x_wconf 70' lang='lat' dir='ltr'><strong><em>empta</em></strong></span> <span class='ocrx_word' id='word_1_544' title='bbox 1098 3348 1210 3416; x_wconf 82' lang='lat' dir='ltr'><strong><em>est_,</em></strong></span> <span class='ocrx_word' id='word_1_545' title='bbox 1243 3357 1377 3416; x_wconf 33' lang='lat' dir='ltr'><strong><em>Acuin</em></strong></span> <span class='ocrx_word' id='word_1_546' title='bbox 1406 3339 1513 3416; x_wconf 64' lang='lat' dir='ltr'><strong><em>hoc</em></strong></span> <span class='ocrx_word' id='word_1_547' title='bbox 1552 3341 1659 3392; x_wconf 81' lang='lat' dir='ltr'><strong><em>Au-</em></strong></span> 
     </span>
    </p>
   </div>
   <div class='ocr_carea' id='block_1_78' title="bbox 74 3410 1659 3485">
    <p class='ocr_par' dir='ltr' id='par_1_78' title="bbox 74 3410 1659 3485">
     <span class='ocr_line' id='line_1_78' title="bbox 74 3410 1659 3485; baseline -0.004 -16"><span class='ocrx_word' id='word_1_548' title='bbox 74 3410 275 3483; x_wconf 55' lang='grc' dir='ltr'><strong><em>ἡνίαιιό</em></strong></span> <span class='ocrx_word' id='word_1_549' title='bbox 313 3415 489 3485; x_wconf 85' lang='lat' dir='ltr'><strong><em>periit,</em></strong></span> <span class='ocrx_word' id='word_1_550' title='bbox 516 3430 649 3467; x_wconf 90' lang='lat' dir='ltr'><strong><em>anno</em></strong></span> <span class='ocrx_word' id='word_1_551' title='bbox 695 3411 845 3468; x_wconf 88' lang='lat' dir='ltr'><strong><em>Urbis</em></strong></span> <span class='ocrx_word' id='word_1_552' title='bbox 882 3412 1101 3465; x_wconf 76' lang='lat' dir='ltr'><strong><em>condita:</em></strong></span> <span class='ocrx_word' id='word_1_553' title='bbox 1133 3410 1292 3485; x_wconf 71' lang='lat' dir='ltr'><strong><em>I209,</em></strong></span> <span class='ocrx_word' id='word_1_554' title='bbox 1323 3428 1354 3463; x_wconf 91' lang='lat' dir='ltr'><strong><em>a</em></strong></span> <span class='ocrx_word' id='word_1_555' title='bbox 1383 3410 1521 3485; x_wconf 84' lang='lat' dir='ltr'><strong><em>__Cai_o</em></strong></span> <span class='ocrx_word' id='word_1_556' title='bbox 1543 3427 1659 3464; x_wconf 89' lang='lat' dir='ltr'><strong><em>vero</em></strong></span> 
     </span>
    </p>
   </div>
   <div class='ocr_carea' id='block_1_79' title="bbox 77 3483 1659 3555">
    <p class='ocr_par' dir='ltr' id='par_1_79' title="bbox 77 3483 1659 3555">
     <span class='ocr_line' id='line_1_79' title="bbox 77 3483 1659 3555; baseline -0.004 -14"><span class='ocrx_word' id='word_1_557' title='bbox 77 3483 327 3552; x_wconf 70' lang='lat' dir='ltr'><strong><em>Cesare,</em></strong></span> <span class='ocrx_word' id='word_1_558' title='bbox 381 3487 467 3555; x_wconf 89' lang='lat' dir='ltr'><strong><em>qui</em></strong></span> <span class='ocrx_word' id='word_1_559' title='bbox 518 3485 683 3555; x_wconf 91' lang='lat' dir='ltr'><strong><em>primo</em></strong></span> <span class='ocrx_word' id='word_1_560' title='bbox 732 3485 1046 3552; x_wconf 88' lang='lat' dir='ltr'><strong><em>singularem</em></strong></span> <span class='ocrx_word' id='word_1_561' title='bbox 1095 3484 1331 3555; x_wconf 69' lang='lat' dir='ltr'><strong><em>arripuit</em></strong></span> <span class='ocrx_word' id='word_1_562' title='bbox 1359 3483 1659 3552; x_wconf 88' lang='lat' dir='ltr'><strong><em>dignitatent</em></strong></span> 
     </span>
    </p>
   </div>
   <div class='ocr_carea' id='block_1_80' title="bbox 77 3553 1661 3622">
    <p class='ocr_par' dir='ltr' id='par_1_80' title="bbox 77 3553 1661 3622">
     <span class='ocr_line' id='line_1_80' title="bbox 77 3553 1661 3622; baseline -0.004 -10"><span class='ocrx_word' id='word_1_563' title='bbox 77 3575 205 3611; x_wconf 84' lang='lat' dir='ltr'><strong><em>anno</em></strong></span> <span class='ocrx_word' id='word_1_564' title='bbox 231 3553 478 3620; x_wconf 46' lang='lat' dir='ltr'><strong><em>517,&#39;ab</em></strong></span> <span class='ocrx_word' id='word_1_565' title='bbox 505 3553 871 3609; x_wconf 86' lang='lat' dir='ltr'><strong><em>Incarnatione</em></strong></span> <span class='ocrx_word' id='word_1_566' title='bbox 910 3564 1081 3607; x_wconf 89' lang='lat' dir='ltr'><strong><em>autem</em></strong></span> <span class='ocrx_word' id='word_1_567' title='bbox 1124 3553 1335 3607; x_wconf 86' lang='lat' dir='ltr'><strong><em>Domini</em></strong></span> <span class='ocrx_word' id='word_1_568' title='bbox 1373 3569 1506 3607; x_wconf 91' lang='lat' dir='ltr'><strong><em>anno</em></strong></span> <span class='ocrx_word' id='word_1_569' title='bbox 1534 3569 1661 3622; x_wconf 82' lang='lat' dir='ltr'><strong><em>qua-</em></strong></span> 
     </span>
    </p>
   </div>
   <div class='ocr_carea' id='block_1_81' title="bbox 76 3626 1088 3700">
    <p class='ocr_par' dir='ltr' id='par_1_81' title="bbox 76 3626 1088 3700">
     <span class='ocr_line' id='line_1_81' title="bbox 76 3626 1088 3700; baseline 0 -21"><span class='ocrx_word' id='word_1_570' title='bbox 76 3629 486 3700; x_wconf 84' lang='lat' dir='ltr'><strong><em>dringentesimo</em></strong></span> <span class='ocrx_word' id='word_1_571' title='bbox 506 3626 875 3700; x_wconf 85' lang='lat' dir='ltr'><strong><em>septuagesimo</em></strong></span> <span class='ocrx_word' id='word_1_572' title='bbox 897 3626 1088 3700; x_wconf 72' lang='lat' dir='ltr'><strong><em>quinto.</em></strong></span> 
     </span>
    </p>
   </div>
   <div class='ocr_carea' id='block_1_82' title="bbox 138 3695 1660 3771">
    <p class='ocr_par' dir='ltr' id='par_1_82' title="bbox 138 3695 1660 3771">
     <span class='ocr_line' id='line_1_82' title="bbox 138 3695 1660 3771; baseline -0.003 -18"><span class='ocrx_word' id='word_1_573' title='bbox 138 3695 321 3771; x_wconf 75' lang='lat' dir='ltr'><strong><em>Igitur</em></strong></span> <span class='ocrx_word' id='word_1_574' title='bbox 346 3695 568 3771; x_wconf 19' lang='lat' dir='ltr'><strong><em>Hdejecto</em></strong></span> <span class='ocrx_word' id='word_1_575' title='bbox 607 3695 1004 3771; x_wconf 57' lang='lat' dir='ltr'><strong><em>ab&#39;Augustali</em></strong></span> <span class='ocrx_word' id='word_1_576' title='bbox 1042 3695 1291 3771; x_wconf 79' lang='lat' dir='ltr'><strong><em>dignitate</em></strong></span> <span class='ocrx_word' id='word_1_577' title='bbox 1328 3695 1615 3771; x_wconf 81' lang='lat' dir='ltr'><strong><em>Augustulo</em></strong></span> <span class='ocrx_word' id='word_1_578' title='bbox 1644 3734 1660 3761; x_wconf 93' lang='lat'><strong><em>,</em></strong></span> 
     </span>
    </p>
   </div>
   <div class='ocr_carea' id='block_1_83' title="bbox 79 3766 1665 3837">
    <p class='ocr_par' dir='ltr' id='par_1_83' title="bbox 79 3766 1665 3837">
     <span class='ocr_line' id='line_1_83' title="bbox 79 3766 1665 3837; baseline -0.004 -13"><span class='ocrx_word' id='word_1_579' title='bbox 79 3766 263 3825; x_wconf 61' lang='lat' dir='ltr'><strong><em>Urbem</em></strong></span> <span class='ocrx_word' id='word_1_580' title='bbox 325 3766 567 3824; x_wconf 77' lang='lat' dir='ltr'><strong><em>Odoacer</em></strong></span> <span class='ocrx_word' id='word_1_581' title='bbox 616 3771 871 3837; x_wconf 88' lang='lat' dir='ltr'><strong><em>ingressus</em></strong></span> <span class='ocrx_word' id='word_1_582' title='bbox 913 3767 1066 3820; x_wconf 92' lang='lat' dir='ltr'><strong><em>totius</em></strong></span> <span class='ocrx_word' id='word_1_583' title='bbox 1114 3766 1288 3819; x_wconf 78' lang='lat' dir='ltr'><strong><em>Italia:</em></strong></span> <span class='ocrx_word' id='word_1_584' title='bbox 1330 3768 1547 3837; x_wconf 90' lang='lat' dir='ltr'><strong><em>adeptus</em></strong></span> <span class='ocrx_word' id='word_1_585' title='bbox 1592 3776 1665 3821; x_wconf 89' lang='lat' dir='ltr'><strong><em>est</em></strong></span> 
     </span>
    </p>
   </div>
   <div class='ocr_carea' id='block_1_84' title="bbox 72 3838 1664 3911">
    <p class='ocr_par' dir='ltr' id='par_1_84' title="bbox 72 3838 1664 3911">
     <span class='ocr_line' id='line_1_84' title="bbox 72 3838 1664 3911; baseline -0.001 -19"><span class='ocrx_word' id='word_1_586' title='bbox 72 3858 291 3910; x_wconf 83' lang='lat' dir='ltr'><strong><em>regnum</em></strong></span> <span class='ocrx_word' id='word_1_587' title='bbox 312 3886 331 3904; x_wconf 86' lang='lat'><strong><em>,</em></strong></span> <span class='ocrx_word' id='word_1_588' title='bbox 371 3842 504 3911; x_wconf 90' lang='lat' dir='ltr'><strong><em>quod</em></strong></span> <span class='ocrx_word' id='word_1_589' title='bbox 522 3842 642 3893; x_wconf 91' lang='lat' dir='ltr'><strong><em>dum</em></strong></span> <span class='ocrx_word' id='word_1_590' title='bbox 662 3854 828 3892; x_wconf 90' lang='lat' dir='ltr'><strong><em>annos</em></strong></span> <span class='ocrx_word' id='word_1_591' title='bbox 857 3853 946 3911; x_wconf 58' lang='lat' dir='ltr'><strong><em>xiv</em></strong></span> <span class='ocrx_word' id='word_1_592' title='bbox 973 3838 1116 3891; x_wconf 89' lang='lat' dir='ltr'><strong><em>nullo</em></strong></span> <span class='ocrx_word' id='word_1_593' title='bbox 1131 3839 1445 3911; x_wconf 68' lang='lat' dir='ltr'><strong><em>inquietunte</em></strong></span> <span class='ocrx_word' id='word_1_594' title='bbox 1470 3839 1664 3891; x_wconf 85' lang='lat' dir='ltr'><strong><em>tenuis-</em></strong></span> 
     </span>
    </p>
   </div>
   <div class='ocr_carea' id='block_1_85' title="bbox 74 3907 1666 3978">
    <p class='ocr_par' dir='ltr' id='par_1_85' title="bbox 74 3907 1666 3978">
     <span class='ocr_line' id='line_1_85' title="bbox 74 3907 1666 3978; baseline -0.002 -15"><span class='ocrx_word' id='word_1_595' title='bbox 74 3907 161 3978; x_wconf 81' lang='lat' dir='ltr'><strong><em>set,</em></strong></span> <span class='ocrx_word' id='word_1_596' title='bbox 198 3918 263 3967; x_wconf 88' lang='lat' dir='ltr'><strong><em>ab</em></strong></span> <span class='ocrx_word' id='word_1_597' title='bbox 302 3907 537 3966; x_wconf 77' lang='lat' dir='ltr'><strong><em>Orientis</em></strong></span> <span class='ocrx_word' id='word_1_598' title='bbox 582 3922 701 3964; x_wconf 90' lang='lat' dir='ltr'><strong><em>tunc</em></strong></span> <span class='ocrx_word' id='word_1_599' title='bbox 748 3910 979 3977; x_wconf 90' lang='lat' dir='ltr'><strong><em>partibus</em></strong></span> <span class='ocrx_word' id='word_1_600' title='bbox 1016 3909 1289 3962; x_wconf 89' lang='lat' dir='ltr'><strong><em>adveniens</em></strong></span> <span class='ocrx_word' id='word_1_601' title='bbox 1325 3907 1538 3962; x_wconf 83' lang='lat' dir='ltr'><strong><em>Gothor.</em></strong></span> <span class='ocrx_word' id='word_1_602' title='bbox 1574 3924 1666 3961; x_wconf 68' lang='lat' dir='ltr'><strong><em>res:</em></strong></span> 
     </span>
    </p>
   </div>
   <div class='ocr_carea' id='block_1_86' title="bbox 76 3979 1667 4050">
    <p class='ocr_par' dir='ltr' id='par_1_86' title="bbox 76 3979 1667 4050">
     <span class='ocr_line' id='line_1_86' title="bbox 76 3979 1667 4050; baseline -0.003 -15"><span class='ocrx_word' id='word_1_603' title='bbox 76 3981 433 4039; x_wconf 81' lang='lat' dir='ltr'><strong><em>Theodericus</em></strong></span> <span class='ocrx_word' id='word_1_604' title='bbox 472 3981 685 4036; x_wconf 91' lang='lat' dir='ltr'><strong><em>Italiam</em></strong></span> <span class='ocrx_word' id='word_1_605' title='bbox 716 3995 1043 4050; x_wconf 88' lang='lat' dir='ltr'><strong><em>possessurus</em></strong></span> <span class='ocrx_word' id='word_1_606' title='bbox 1077 3980 1301 4032; x_wconf 90' lang='lat' dir='ltr'><strong><em>intravit.</em></strong></span> <span class='ocrx_word' id='word_1_607' title='bbox 1352 3979 1457 4034; x_wconf 86' lang='lat' dir='ltr'><strong><em>Sed</em></strong></span> <span class='ocrx_word' id='word_1_608' title='bbox 1504 3988 1560 4031; x_wconf 93' lang='lat' dir='ltr'><strong><em>ut</em></strong></span> <span class='ocrx_word' id='word_1_609' title='bbox 1599 3981 1667 4031; x_wconf 90' lang='lat' dir='ltr'><strong><em>ad</em></strong></span> 
     </span>
    </p>
   </div>
   <div class='ocr_carea' id='block_1_87' title="bbox 72 4050 1669 4124">
    <p class='ocr_par' dir='ltr' id='par_1_87' title="bbox 72 4050 1669 4124">
     <span class='ocr_line' id='line_1_87' title="bbox 72 4050 1669 4124; baseline -0.003 -18"><span class='ocrx_word' id='word_1_610' title='bbox 72 4057 339 4124; x_wconf 78' lang='lat' dir='ltr'><strong><em>liquidum</em></strong></span> <span class='ocrx_word' id='word_1_611' title='bbox 390 4054 451 4107; x_wconf 93' lang='lat' dir='ltr'><strong><em>ob</em></strong></span> <span class='ocrx_word' id='word_1_612' title='bbox 491 4070 645 4123; x_wconf 90' lang='lat' dir='ltr'><strong><em>quam</em></strong></span> <span class='ocrx_word' id='word_1_613' title='bbox 684 4067 910 4124; x_wconf 86' lang='lat' dir='ltr'><strong><em>causam,</em></strong></span> <span class='ocrx_word' id='word_1_614' title='bbox 944 4050 1019 4104; x_wconf 87' lang='lat' dir='ltr'><strong><em>vel</em></strong></span> <span class='ocrx_word' id='word_1_615' title='bbox 1059 4051 1195 4124; x_wconf 82' lang='lat' dir='ltr'><strong><em>unde</em></strong></span> <span class='ocrx_word' id='word_1_616' title='bbox 1219 4051 1480 4124; x_wconf 83' lang='lat' dir='ltr'><strong><em>advenerit</em></strong></span> <span class='ocrx_word' id='word_1_617' title='bbox 1512 4051 1669 4119; x_wconf 89' lang='lat' dir='ltr'><strong><em>possit</em></strong></span> 
     </span>
    </p>
   </div>
   <div class='ocr_carea' id='block_1_88' title="bbox 74 4122 1670 4194">
    <p class='ocr_par' dir='ltr' id='par_1_88' title="bbox 74 4122 1670 4194">
     <span class='ocr_line' id='line_1_88' title="bbox 74 4122 1670 4194; baseline -0.001 -19"><span class='ocrx_word' id='word_1_618' title='bbox 74 4122 316 4194; x_wconf 80' lang='lat' dir='ltr'><strong><em>agnosci,</em></strong></span> <span class='ocrx_word' id='word_1_619' title='bbox 346 4122 555 4179; x_wconf 83' lang='lat' dir='ltr'><strong><em>necesse</em></strong></span> <span class='ocrx_word' id='word_1_620' title='bbox 573 4133 647 4178; x_wconf 90' lang='lat' dir='ltr'><strong><em>est</em></strong></span> <span class='ocrx_word' id='word_1_621' title='bbox 676 4122 1048 4193; x_wconf 89' lang='lat' dir='ltr'><strong><em>aliquantisper</em></strong></span> <span class='ocrx_word' id='word_1_622' title='bbox 1086 4122 1154 4174; x_wconf 90' lang='lat' dir='ltr'><strong><em>ad</em></strong></span> <span class='ocrx_word' id='word_1_623' title='bbox 1211 4122 1476 4194; x_wconf 87' lang='lat' dir='ltr'><strong><em>superiora</em></strong></span> <span class='ocrx_word' id='word_1_624' title='bbox 1520 4137 1670 4194; x_wconf 86' lang='lat' dir='ltr'><strong><em>repe—_</em></strong></span> 
     </span>
    </p>
   </div>
   <div class='ocr_carea' id='block_1_89' title="bbox 70 4191 1670 4265">
    <p class='ocr_par' dir='ltr' id='par_1_89' title="bbox 70 4191 1670 4265">
     <span class='ocr_line' id='line_1_89' title="bbox 70 4191 1670 4265; baseline -0.003 -18"><span class='ocrx_word' id='word_1_625' title='bbox 70 4191 213 4253; x_wconf 78' lang='lat' dir='ltr'><strong><em>dare.</em></strong></span> <span class='ocrx_word' id='word_1_626' title='bbox 251 4197 527 4255; x_wconf 87' lang='lat' dir='ltr'><strong><em>Walamir</em></strong></span> <span class='ocrx_word' id='word_1_627' title='bbox 559 4191 977 4265; x_wconf 79' lang='lat' dir='ltr'><strong><em>Ostrogothorum</em></strong></span> <span class='ocrx_word' id='word_1_628' title='bbox 1013 4207 1104 4265; x_wconf 67' lang='lat' dir='ltr'><strong><em>res;</em></strong></span> <span class='ocrx_word' id='word_1_629' title='bbox 1130 4231 1146 4257; x_wconf 95' lang='lat'><strong><em>,</em></strong></span> <span class='ocrx_word' id='word_1_630' title='bbox 1188 4193 1371 4265; x_wconf 86' lang='lat' dir='ltr'><strong><em>d_e_quo</em></strong></span> <span class='ocrx_word' id='word_1_631' title='bbox 1418 4191 1670 4265; x_wconf 79' lang='lat' dir='ltr'><strong><em>superiori</em></strong></span> 
     </span>
    </p>
   </div>
   <div class='ocr_carea' id='block_1_90' title="bbox 74 4259 1670 4338">
    <p class='ocr_par' dir='ltr' id='par_1_90' title="bbox 74 4259 1670 4338">
     <span class='ocr_line' id='line_1_90' title="bbox 74 4259 1670 4338; baseline -0.002 -21"><span class='ocrx_word' id='word_1_632' title='bbox 74 4272 246 4324; x_wconf 83' lang='lat' dir='ltr'><strong><em>libello</em></strong></span> <span class='ocrx_word' id='word_1_633' title='bbox 310 4268 639 4338; x_wconf 75' lang='lat' dir='ltr'><strong><em>prwmissum</em></strong></span> <span class='ocrx_word' id='word_1_634' title='bbox 678 4259 781 4330; x_wconf 71' lang='lat' dir='ltr'><strong><em>ect,</em></strong></span> <span class='ocrx_word' id='word_1_635' title='bbox 814 4264 949 4338; x_wconf 87' lang='lat' dir='ltr'><strong><em>quod</em></strong></span> <span class='ocrx_word' id='word_1_636' title='bbox 985 4263 1166 4338; x_wconf 45' lang='lat' dir='ltr'><strong><em>Attilae</em></strong></span> <span class='ocrx_word' id='word_1_637' title='bbox 1205 4259 1526 4338; x_wconf 73' lang='lat' dir='ltr'><strong><em>IIunnorum</em></strong></span> <span class='ocrx_word' id='word_1_638' title='bbox 1561 4259 1670 4333; x_wconf 88' lang='lat' dir='ltr'><strong><em>regi</em></strong></span> 
     </span>
    </p>
   </div>
   <div class='ocr_carea' id='block_1_91' title="bbox 72 4332 1672 4409">
    <p class='ocr_par' dir='ltr' id='par_1_91' title="bbox 72 4332 1672 4409">
     <span class='ocr_line' id='line_1_91' title="bbox 72 4332 1672 4409; baseline -0.004 -18"><span class='ocrx_word' id='word_1_639' title='bbox 72 4332 347 4409; x_wconf 75' lang='lat' dir='ltr'><strong><em>subjectus</em></strong></span> <span class='ocrx_word' id='word_1_640' title='bbox 377 4340 647 4403; x_wconf 69' lang='lat' dir='ltr'><strong><em>exstiterit,</em></strong></span> <span class='ocrx_word' id='word_1_641' title='bbox 670 4353 791 4390; x_wconf 76' lang='lat' dir='ltr'><strong><em>mox</em></strong></span> <span class='ocrx_word' id='word_1_642' title='bbox 814 4347 866 4388; x_wconf 89' lang='lat' dir='ltr'><strong><em>ut</em></strong></span> <span class='ocrx_word' id='word_1_643' title='bbox 882 4334 1049 4409; x_wconf 24' lang='lat' dir='ltr'><strong><em>AAttila</em></strong></span> <span class='ocrx_word' id='word_1_644' title='bbox 1069 4334 1332 4409; x_wconf 83' lang='lat' dir='ltr'><strong><em>occubuit,</em></strong></span> <span class='ocrx_word' id='word_1_645' title='bbox 1360 4333 1423 4384; x_wconf 92' lang='lat' dir='ltr'><strong><em>ab</em></strong></span> <span class='ocrx_word' id='word_1_646' title='bbox 1455 4332 1672 4385; x_wconf 84' lang='lat' dir='ltr'><strong><em>Munna-</em></strong></span> 
     </span>
    </p>
   </div>
   <div class='ocr_carea' id='block_1_92' title="bbox 68 4405 1673 4480">
    <p class='ocr_par' dir='ltr' id='par_1_92' title="bbox 68 4405 1673 4480">
     <span class='ocr_line' id='line_1_92' title="bbox 68 4405 1673 4480; baseline -0.003 -19"><span class='ocrx_word' id='word_1_647' title='bbox 68 4405 179 4464; x_wconf 65' lang='lat' dir='ltr'><strong><em>sunt</em></strong></span> <span class='ocrx_word' id='word_1_648' title='bbox 210 4428 271 4466; x_wconf 85' lang='lat' dir='ltr'><strong><em>se</em></strong></span> <span class='ocrx_word' id='word_1_649' title='bbox 298 4426 526 4480; x_wconf 88' lang='lat' dir='ltr'><strong><em>suosque</em></strong></span> <span class='ocrx_word' id='word_1_650' title='bbox 554 4410 795 4480; x_wconf 70' lang='lat' dir='ltr'><strong><em>domiriio,</em></strong></span> <span class='ocrx_word' id='word_1_651' title='bbox 812 4406 958 4480; x_wconf 75' lang='lat' dir='ltr'><strong><em>avitw</em></strong></span> <span class='ocrx_word' id='word_1_652' title='bbox 980 4405 1229 4480; x_wconf 81' lang='lat' dir='ltr'><strong><em>libertatis</em></strong></span> <span class='ocrx_word' id='word_1_653' title='bbox 1259 4419 1471 4480; x_wconf 83' lang='lat' dir='ltr'><strong><em>memor,</em></strong></span> <span class='ocrx_word' id='word_1_654' title='bbox 1498 4418 1673 4457; x_wconf 73' lang='lat' dir='ltr'><strong><em>excus-</em></strong></span> 
     </span>
    </p>
   </div>
   <div class='ocr_carea' id='block_1_93' title="bbox 70 4475 1672 4551">
    <p class='ocr_par' dir='ltr' id='par_1_93' title="bbox 70 4475 1672 4551">
     <span class='ocr_line' id='line_1_93' title="bbox 70 4475 1672 4551; baseline -0.003 -19"><span class='ocrx_word' id='word_1_655' title='bbox 70 4486 153 4534; x_wconf 78' lang='lat' dir='ltr'><strong><em>sit.</em></strong></span> <span class='ocrx_word' id='word_1_656' title='bbox 185 4480 355 4535; x_wconf 88' lang='lat' dir='ltr'><strong><em>Idem</em></strong></span> <span class='ocrx_word' id='word_1_657' title='bbox 385 4475 583 4551; x_wconf 77' lang='lat' dir='ltr'><strong><em>quoque.</em></strong></span> <span class='ocrx_word' id='word_1_658' title='bbox 606 4490 652 4532; x_wconf 91' lang='lat' dir='ltr'><strong><em>et</em></strong></span> <span class='ocrx_word' id='word_1_659' title='bbox 681 4477 998 4549; x_wconf 87' lang='lat' dir='ltr'><strong><em>Gepidarum</em></strong></span> <span class='ocrx_word' id='word_1_660' title='bbox 1042 4491 1135 4551; x_wconf 69' lang='lat' dir='ltr'><strong><em>rev</em></strong></span> <span class='ocrx_word' id='word_1_661' title='bbox 1177 4475 1475 4551; x_wconf 62' lang='lat' dir='ltr'><strong><em>Ardaricus,</em></strong></span> <span class='ocrx_word' id='word_1_662' title='bbox 1499 4483 1672 4551; x_wconf 77' lang='lat' dir='ltr'><strong><em>_ca:te-</em></strong></span> 
     </span>
    </p>
   </div>
   <div class='ocr_carea' id='block_1_94' title="bbox 70 4544 1668 4623">
    <p class='ocr_par' dir='ltr' id='par_1_94' title="bbox 70 4544 1668 4623">
     <span class='ocr_line' id='line_1_94' title="bbox 70 4544 1668 4623; baseline -0.003 -20"><span class='ocrx_word' id='word_1_663' title='bbox 70 4569 246 4621; x_wconf 75' lang='lat' dir='ltr'><strong><em>neque</em></strong></span> <span class='ocrx_word' id='word_1_664' title='bbox 295 4544 459 4623; x_wconf 79' lang='lat' dir='ltr'><strong><em>hujus</em></strong></span> <span class='ocrx_word' id='word_1_665' title='bbox 490 4544 732 4623; x_wconf 73' lang='lat' dir='ltr'><strong><em>subjecta:</em></strong></span> <span class='ocrx_word' id='word_1_666' title='bbox 758 4544 978 4619; x_wconf 74' lang='lat' dir='ltr'><strong><em>faciunt</em></strong></span> <span class='ocrx_word' id='word_1_667' title='bbox 1022 4548 1274 4623; x_wconf 80' lang='lat' dir='ltr'><strong><em>nutiones.</em></strong></span> <span class='ocrx_word' id='word_1_668' title='bbox 1330 4544 1509 4623; x_wconf 80' lang='lat' dir='ltr'><strong><em>Hunni</em></strong></span> <span class='ocrx_word' id='word_1_669' title='bbox 1552 4562 1668 4599; x_wconf 90' lang='lat' dir='ltr'><strong><em>vero</em></strong></span> 
     </span>
    </p>
   </div>
   <div class='ocr_carea' id='block_1_95' title="bbox 68 4628 319 4677">
    <p class='ocr_par' dir='ltr' id='par_1_95' title="bbox 68 4628 319 4677">
     <span class='ocr_line' id='line_1_95' title="bbox 68 4628 319 4677; baseline 0.012 -2"><span class='ocrx_word' id='word_1_670' title='bbox 68 4628 319 4677; x_wconf 73' lang='lat' dir='ltr'><strong><em>dolentes</em></strong></span> 
     </span>
    </p>
   </div>
   <div class='ocr_carea' id='block_1_96' title="bbox 68 4688 1674 4765">
    <p class='ocr_par' dir='ltr' id='par_1_96' title="bbox 68 4688 1674 4765">
     <span class='ocr_line' id='line_1_96' title="bbox 68 4688 1674 4765; baseline -0.004 -18"><span class='ocrx_word' id='word_1_671' title='bbox 68 4711 174 4747; x_wconf 68' lang='lat' dir='ltr'><strong><em>suae</em></strong></span> <span class='ocrx_word' id='word_1_672' title='bbox 211 4694 443 4748; x_wconf 74' lang='lat' dir='ltr'><strong><em>ditionis</em></strong></span> <span class='ocrx_word' id='word_1_673' title='bbox 467 4697 594 4765; x_wconf 75' lang='lat' dir='ltr'><strong><em>iugo</em></strong></span> <span class='ocrx_word' id='word_1_674' title='bbox 619 4688 930 4765; x_wconf 71' lang='lat' dir='ltr'><strong><em>excussisse,</em></strong></span> <span class='ocrx_word' id='word_1_675' title='bbox 960 4689 1049 4742; x_wconf 86' lang='lat' dir='ltr'><strong><em>sed</em></strong></span> <span class='ocrx_word' id='word_1_676' title='bbox 1080 4689 1231 4765; x_wconf 77' lang='lat' dir='ltr'><strong><em>etium</em></strong></span> <span class='ocrx_word' id='word_1_677' title='bbox 1283 4688 1476 4741; x_wconf 69' lang='lat' dir='ltr'><strong><em>ceteris</em></strong></span> <span class='ocrx_word' id='word_1_678' title='bbox 1508 4689 1674 4765; x_wconf 74' lang='lat' dir='ltr'><strong><em>natio-</em></strong></span> 
     </span>
    </p>
   </div>
   <div class='ocr_carea' id='block_1_97' title="bbox 66 4760 1675 4833">
    <p class='ocr_par' dir='ltr' id='par_1_97' title="bbox 66 4760 1675 4833">
     <span class='ocr_line' id='line_1_97' title="bbox 66 4760 1675 4833; baseline -0.006 -14"><span class='ocrx_word' id='word_1_679' title='bbox 66 4768 247 4833; x_wconf 70' lang='lat' dir='ltr'><strong><em>nibus,</em></strong></span> <span class='ocrx_word' id='word_1_680' title='bbox 279 4776 341 4819; x_wconf 81' lang='lat' dir='ltr'><strong><em>ut</em></strong></span> <span class='ocrx_word' id='word_1_681' title='bbox 372 4760 563 4818; x_wconf 74' lang='lat' dir='ltr'><strong><em>similia</em></strong></span> <span class='ocrx_word' id='word_1_682' title='bbox 595 4768 818 4833; x_wconf 89' lang='lat' dir='ltr'><strong><em>facerent</em></strong></span> <span class='ocrx_word' id='word_1_683' title='bbox 842 4764 1121 4815; x_wconf 89' lang='lat' dir='ltr'><strong><em>incentores</em></strong></span> <span class='ocrx_word' id='word_1_684' title='bbox 1144 4760 1300 4833; x_wconf 86' lang='lat' dir='ltr'><strong><em>fuisse</em></strong></span> <span class='ocrx_word' id='word_1_685' title='bbox 1326 4798 1341 4826; x_wconf 91' lang='lat'><strong><em>,</em></strong></span> <span class='ocrx_word' id='word_1_686' title='bbox 1370 4773 1491 4833; x_wconf 64' lang='lat' dir='ltr'><strong><em>mos}</em></strong></span> <span class='ocrx_word' id='word_1_687' title='bbox 1515 4767 1569 4833; x_wconf 85' lang='lat' dir='ltr'><strong><em>ut</em></strong></span> <span class='ocrx_word' id='word_1_688' title='bbox 1592 4761 1675 4828; x_wconf 87' lang='lat' dir='ltr'><strong><em>fu-</em></strong></span> 
     </span>
    </p>
   </div>
   <div class='ocr_carea' id='block_1_98' title="bbox 64 4830 1675 4905">
    <p class='ocr_par' dir='ltr' id='par_1_98' title="bbox 64 4830 1675 4905">
     <span class='ocr_line' id='line_1_98' title="bbox 64 4830 1675 4905; baseline -0.004 -19"><span class='ocrx_word' id='word_1_689' title='bbox 64 4830 243 4904; x_wconf 43' lang='lat' dir='ltr'><strong><em>gitiva&#39;</em></strong></span> <span class='ocrx_word' id='word_1_690' title='bbox 258 4837 531 4905; x_wconf 88' lang='lat' dir='ltr'><strong><em>mancipia</em></strong></span> <span class='ocrx_word' id='word_1_691' title='bbox 548 4830 631 4887; x_wconf 80' lang='lat' dir='ltr'><strong><em>eos</em></strong></span> <span class='ocrx_word' id='word_1_692' title='bbox 649 4837 962 4901; x_wconf 85' lang='lat' dir='ltr'><strong><em>insequentes</em></strong></span> <span class='ocrx_word' id='word_1_693' title='bbox 985 4831 1360 4905; x_wconf 67' lang='lat' dir='ltr'><strong><em>adservantem</em></strong></span> <span class='ocrx_word' id='word_1_694' title='bbox 1379 4900 1388 4905; x_wconf 89' lang='lat'>_</span> <span class='ocrx_word' id='word_1_695' title='bbox 1405 4830 1675 4905; x_wconf 84' lang='lat' dir='ltr'><strong><em>pristinam</em></strong></span> 
     </span>
    </p>
   </div>
   <div class='ocr_carea' id='block_1_99' title="bbox 68 4900 1676 4977">
    <p class='ocr_par' dir='ltr' id='par_1_99' title="bbox 68 4900 1676 4977">
     <span class='ocr_line' id='line_1_99' title="bbox 68 4900 1676 4977; baseline -0.003 -18"><span class='ocrx_word' id='word_1_696' title='bbox 68 4900 235 4961; x_wconf 64' lang='lat' dir='ltr'><strong><em>armis</em></strong></span> <span class='ocrx_word' id='word_1_697' title='bbox 260 4900 504 4977; x_wconf 73' lang='lat' dir='ltr'><strong><em>aggressi</em></strong></span> <span class='ocrx_word' id='word_1_698' title='bbox 553 4914 672 4977; x_wconf 84' lang='lat' dir='ltr'><strong><em>sunt</em></strong></span> <span class='ocrx_word' id='word_1_699' title='bbox 726 4900 994 4977; x_wconf 62' lang='lat' dir='ltr'><strong><em>revocare.</em></strong></span> <span class='ocrx_word' id='word_1_700' title='bbox 1023 4900 1545 4977; x_wconf 69' lang='lat' dir='ltr'><strong><em>Conglobatisitaque</em></strong></span> <span class='ocrx_word' id='word_1_701' title='bbox 1572 4901 1676 4977; x_wconf 80' lang='lat' dir='ltr'><strong><em>suis</em></strong></span> 
     </span>
    </p>
   </div>
   <div class='ocr_carea' id='block_1_100' title="bbox 58 4972 1678 5049">
    <p class='ocr_par' dir='ltr' id='par_1_100' title="bbox 58 4972 1678 5049">
     <span class='ocr_line' id='line_1_100' title="bbox 58 4972 1678 5049; baseline -0.008 -14"><span class='ocrx_word' id='word_1_702' title='bbox 58 4996 225 5049; x_wconf 71' lang='lat' dir='ltr'><strong><em>super</em></strong></span> <span class='ocrx_word' id='word_1_703' title='bbox 295 4972 521 5031; x_wconf 57' lang='lat' dir='ltr'><strong><em>Il&#39;unnos</em></strong></span> <span class='ocrx_word' id='word_1_704' title='bbox 578 4975 835 5049; x_wconf 84' lang='lat' dir='ltr'><strong><em>Walamir</em></strong></span> <span class='ocrx_word' id='word_1_705' title='bbox 868 4975 1040 5049; x_wconf 84' lang='lat' dir='ltr'><strong><em>irruit,</em></strong></span> <span class='ocrx_word' id='word_1_706' title='bbox 1079 4982 1319 5049; x_wconf 85' lang='lat' dir='ltr'><strong><em>tantaque</em></strong></span> <span class='ocrx_word' id='word_1_707' title='bbox 1345 4972 1399 5024; x_wconf 92' lang='lat' dir='ltr'><strong><em>in</em></strong></span> <span class='ocrx_word' id='word_1_708' title='bbox 1426 4986 1511 5049; x_wconf 71' lang='lat' dir='ltr'><strong><em>eos</em></strong></span> <span class='ocrx_word' id='word_1_709' title='bbox 1540 4972 1678 5049; x_wconf 72' lang='lat' dir='ltr'><strong><em>ccede</em></strong></span> 
     </span>
    </p>
   </div>
   <div class='ocr_carea' id='block_1_101' title="bbox 60 5040 1677 5121">
    <p class='ocr_par' dir='ltr' id='par_1_101' title="bbox 60 5040 1677 5121">
     <span class='ocr_line' id='line_1_101' title="bbox 60 5040 1677 5121; baseline -0.007 -18"><span class='ocrx_word' id='word_1_710' title='bbox 60 5040 368 5121; x_wconf 64' lang='lat' dir='ltr'><strong><em>grassatus</em></strong></span> <span class='ocrx_word' id='word_1_711' title='bbox 395 5059 485 5114; x_wconf 86' lang='lat' dir='ltr'><strong><em>est,</em></strong></span> <span class='ocrx_word' id='word_1_712' title='bbox 522 5058 573 5101; x_wconf 89' lang='lat' dir='ltr'><strong><em>ut</em></strong></span> <span class='ocrx_word' id='word_1_713' title='bbox 603 5049 669 5101; x_wconf 91' lang='lat' dir='ltr'><strong><em>de</em></strong></span> <span class='ocrx_word' id='word_1_714' title='bbox 695 5047 913 5121; x_wconf 67' lang='lat' dir='ltr'><strong><em>reliquit,</em></strong></span> <span class='ocrx_word' id='word_1_715' title='bbox 954 5048 1041 5113; x_wconf 91' lang='lat' dir='ltr'><strong><em>qui</em></strong></span> <span class='ocrx_word' id='word_1_716' title='bbox 1068 5040 1423 5121; x_wconf 76' lang='lat' dir='ltr'><strong><em>superfuerant</em></strong></span> <span class='ocrx_word' id='word_1_717' title='bbox 1450 5040 1500 5093; x_wconf 90' lang='lat' dir='ltr'><strong><em>II</em></strong></span> <span class='ocrx_word' id='word_1_718' title='bbox 1508 5042 1630 5093; x_wconf 87' lang='lat' dir='ltr'><strong><em>unni</em></strong></span> <span class='ocrx_word' id='word_1_719' title='bbox 1660 5081 1677 5107; x_wconf 92' lang='lat'><strong><em>,</em></strong></span> 
     </span>
    </p>
   </div>
   <div class='ocr_carea' id='block_1_102' title="bbox 66 5114 1681 5185">
    <p class='ocr_par' dir='ltr' id='par_1_102' title="bbox 66 5114 1681 5185">
     <span class='ocr_line' id='line_1_102' title="bbox 66 5114 1681 5185; baseline -0.006 -12"><span class='ocrx_word' id='word_1_720' title='bbox 66 5114 531 5185; x_wconf 58' lang='lat' dir='ltr'><strong><em>Ostrogotharum</em></strong></span> <span class='ocrx_word' id='word_1_721' title='bbox 554 5134 699 5172; x_wconf 91' lang='lat' dir='ltr'><strong><em>arma</em></strong></span> <span class='ocrx_word' id='word_1_722' title='bbox 730 5117 1079 5185; x_wconf 81' lang='lat' dir='ltr'><strong><em>formidarent.</em></strong></span> <span class='ocrx_word' id='word_1_723' title='bbox 1114 5114 1218 5168; x_wconf 88' lang='lat' dir='ltr'><strong><em>Leo</em></strong></span> <span class='ocrx_word' id='word_1_724' title='bbox 1246 5120 1379 5167; x_wconf 87' lang='lat' dir='ltr'><strong><em>enim</em></strong></span> <span class='ocrx_word' id='word_1_725' title='bbox 1406 5114 1681 5185; x_wconf 88' lang='lat' dir='ltr'><strong><em>imperator</em></strong></span> 
     </span>
    </p>
   </div>
   <div class='ocr_carea' id='block_1_103' title="bbox 62 5184 1677 5259">
    <p class='ocr_par' dir='ltr' id='par_1_103' title="bbox 62 5184 1677 5259">
     <span class='ocr_line' id='line_1_103' title="bbox 62 5184 1677 5259; baseline -0.007 -12"><span class='ocrx_word' id='word_1_726' title='bbox 62 5209 189 5247; x_wconf 60' lang='lat' dir='ltr'><strong><em>cum</em></strong></span> <span class='ocrx_word' id='word_1_727' title='bbox 219 5184 567 5259; x_wconf 72' lang='lat' dir='ltr'><strong><em>Cottiis-post</em></strong></span> <span class='ocrx_word' id='word_1_728' title='bbox 594 5190 702 5242; x_wconf 78' lang='lat' dir='ltr'><strong><em>[nec</em></strong></span> <span class='ocrx_word' id='word_1_729' title='bbox 723 5186 995 5258; x_wconf 82' lang='lat' dir='ltr'><strong><em>Illyricum</em></strong></span> <span class='ocrx_word' id='word_1_730' title='bbox 1018 5187 1330 5259; x_wconf 64' lang='lat' dir='ltr'><strong><em>vastantibus</em></strong></span> <span class='ocrx_word' id='word_1_731' title='bbox 1361 5184 1523 5259; x_wconf 80' lang='lat' dir='ltr'><strong><em>foedus</em></strong></span> <span class='ocrx_word' id='word_1_732' title='bbox 1544 5184 1677 5248; x_wconf 89' lang='lat' dir='ltr'><strong><em>iniit,</em></strong></span> 
     </span>
    </p>
   </div>
   <div class='ocr_carea' id='block_1_104' title="bbox 64 5256 1682 5322">
    <p class='ocr_par' dir='ltr' id='par_1_104' title="bbox 64 5256 1682 5322">
     <span class='ocr_line' id='line_1_104' title="bbox 64 5256 1682 5322; baseline -0.01 -1"><span class='ocrx_word' id='word_1_733' title='bbox 64 5279 125 5321; x_wconf 72' lang='lat' dir='ltr'><strong><em>lc</em></strong></span> <span class='ocrx_word' id='word_1_734' title='bbox 163 5256 570 5316; x_wconf 78' lang='lat' dir='ltr'><strong><em>Theodericum</em></strong></span> <span class='ocrx_word' id='word_1_735' title='bbox 601 5256 949 5312; x_wconf 83' lang='lat' dir='ltr'><strong><em>Theodemiris</em></strong></span> <span class='ocrx_word' id='word_1_736' title='bbox 996 5257 1160 5322; x_wconf 84' lang='lat' dir='ltr'><strong><em>filium</em></strong></span> <span class='ocrx_word' id='word_1_737' title='bbox 1189 5272 1252 5310; x_wconf 79' lang='lat' dir='ltr'><strong><em>ea:</em></strong></span> <span class='ocrx_word' id='word_1_738' title='bbox 1278 5256 1511 5308; x_wconf 85' lang='lat' dir='ltr'><strong><em>Arilerva</em></strong></span> <span class='ocrx_word' id='word_1_739' title='bbox 1557 5270 1682 5307; x_wconf 87' lang='lat' dir='ltr'><strong><em>con-</em></strong></span> 
     </span>
    </p>
   </div>
   <div class='ocr_carea' id='block_1_105' title="bbox 65 5326 1682 5405">
    <p class='ocr_par' dir='ltr' id='par_1_105' title="bbox 65 5326 1682 5405">
     <span class='ocr_line' id='line_1_105' title="bbox 65 5326 1682 5405; baseline -0.011 -14"><span class='ocrx_word' id='word_1_740' title='bbox 65 5338 279 5391; x_wconf 66' lang='lat' dir='ltr'><strong><em>nubii“:</em></strong></span> <span class='ocrx_word' id='word_1_741' title='bbox 314 5334 569 5405; x_wconf 82' lang='lat' dir='ltr'><strong><em>genitum,</em></strong></span> <span class='ocrx_word' id='word_1_742' title='bbox 606 5330 885 5405; x_wconf 61' lang='lat' dir='ltr'><strong><em>Walanrire</em></strong></span> <span class='ocrx_word' id='word_1_743' title='bbox 911 5330 1251 5405; x_wconf 43' lang='lat' dir='ltr'><strong><em>ejus_.patruo</em></strong></span> <span class='ocrx_word' id='word_1_744' title='bbox 1274 5326 1498 5405; x_wconf 59' lang='lat' dir='ltr'><strong><em>obsidem</em></strong></span> <span class='ocrx_word' id='word_1_745' title='bbox 1535 5340 1682 5405; x_wconf 71' lang='lat' dir='ltr'><strong><em>uece-</em></strong></span> 
     </span>
    </p>
   </div>
   <div class='ocr_carea' id='block_1_106' title="bbox 66 5395 1685 5475">
    <p class='ocr_par' dir='ltr' id='par_1_106' title="bbox 66 5395 1685 5475">
     <span class='ocr_line' id='line_1_106' title="bbox 66 5395 1685 5475; baseline -0.006 -18"><span class='ocrx_word' id='word_1_746' title='bbox 66 5408 159 5475; x_wconf 65' lang='grc' dir='ltr'><strong><em>μετ.</em></strong></span> <span class='ocrx_word' id='word_1_747' title='bbox 231 5395 444 5457; x_wconf 73' lang='grc' dir='ltr'><strong><em>Οἱιέεο</em></strong></span> <span class='ocrx_word' id='word_1_748' title='bbox 485 5395 668 5475; x_wconf 86' lang='lat' dir='ltr'><strong><em>deinde</em></strong></span> <span class='ocrx_word' id='word_1_749' title='bbox 705 5418 736 5453; x_wconf 94' lang='lat' dir='ltr'><strong><em>a</em></strong></span> <span class='ocrx_word' id='word_1_750' title='bbox 761 5395 947 5475; x_wconf 63' lang='grc' dir='ltr'><strong><em>βείτῆ</em></strong></span> <span class='ocrx_word' id='word_1_751' title='bbox 996 5397 1335 5475; x_wconf 69' lang='lat' dir='ltr'><strong><em>Walamire,</em></strong></span> <span class='ocrx_word' id='word_1_752' title='bbox 1378 5395 1685 5475; x_wconf 80' lang='lat' dir='ltr'><strong><em>Theodemir</em></strong></span> 
     </span>
    </p>
   </div>
   <div class='ocr_carea' id='block_1_107' title="bbox 67 5466 1686 5551">
    <p class='ocr_par' dir='ltr' id='par_1_107' title="bbox 67 5466 1686 5551">
     <span class='ocr_line' id='line_1_107' title="bbox 67 5466 1686 5551; baseline -0.008 -21"><span class='ocrx_word' id='word_1_753' title='bbox 67 5466 183 5551; x_wconf 49' lang='grc' dir='ltr'><strong><em>ξιξ</em></strong></span> <span class='ocrx_word' id='word_1_754' title='bbox 211 5489 517 5551; x_wconf 48' lang='lat' dir='ltr'><strong><em>germanus</em></strong></span> <span class='ocrx_word' id='word_1_755' title='bbox 554 5474 721 5551; x_wconf 46' lang='lat' dir='ltr'><strong><em>regia“</em></strong></span> <span class='ocrx_word' id='word_1_756' title='bbox 743 5473 876 5551; x_wconf 73' lang='lat' dir='ltr'><strong><em>jura</em></strong></span> <span class='ocrx_word' id='word_1_757' title='bbox 918 5471 1159 5551; x_wconf 56' lang='lat' dir='ltr'><strong><em>sugcepit.</em></strong></span> <span class='ocrx_word' id='word_1_758' title='bbox 1194 5466 1394 5551; x_wconf 41' lang='lat' dir='ltr'><strong><em>.Diviso</em></strong></span> <span class='ocrx_word' id='word_1_759' title='bbox 1452 5467 1686 5551; x_wconf 75' lang='lat' dir='ltr'><strong><em>deinceps</em></strong></span> 
     </span>
    </p>
   </div>
   <div class='ocr_carea' id='block_1_108' title="bbox 69 5537 1689 5617">
    <p class='ocr_par' dir='ltr' id='par_1_108' title="bbox 69 5537 1689 5617">
     <span class='ocr_line' id='line_1_108' title="bbox 69 5537 1689 5617; baseline -0.007 -17"><span class='ocrx_word' id='word_1_760' title='bbox 69 5537 239 5617; x_wconf 57' lang='grc' dir='ltr'><strong><em>ᾔειηὸ</em></strong></span> <span class='ocrx_word' id='word_1_761' title='bbox 270 5537 654 5599; x_wconf 71' lang='lat' dir='ltr'><strong><em>Tlteodemirus</em></strong></span> <span class='ocrx_word' id='word_1_762' title='bbox 676 5537 921 5617; x_wconf 67' lang='lat' dir='ltr'><strong><em>Orientis,</em></strong></span> <span class='ocrx_word' id='word_1_763' title='bbox 956 5537 1297 5617; x_wconf 76' lang='lat' dir='ltr'><strong><em>Windimirus</em></strong></span> <span class='ocrx_word' id='word_1_764' title='bbox 1343 5553 1459 5592; x_wconf 89' lang='lat' dir='ltr'><strong><em>vero</em></strong></span> <span class='ocrx_word' id='word_1_765' title='bbox 1488 5537 1689 5617; x_wconf 74' lang='lat' dir='ltr'><strong><em>qccidui</em></strong></span> 
     </span>
    </p>
   </div>
   <div class='ocr_carea' id='block_1_109' title="bbox 72 5605 1689 5687">
    <p class='ocr_par' dir='ltr' id='par_1_109' title="bbox 72 5605 1689 5687">
     <span class='ocr_line' id='line_1_109' title="bbox 72 5605 1689 5687; baseline -0.008 -16"><span class='ocrx_word' id='word_1_766' title='bbox 72 5605 311 5687; x_wconf 51' lang='lat' dir='ltr'><strong><em>spctitur</em></strong></span> <span class='ocrx_word' id='word_1_767' title='bbox 354 5617 620 5686; x_wconf 86' lang='lat' dir='ltr'><strong><em>imperium</em></strong></span> <span class='ocrx_word' id='word_1_768' title='bbox 649 5615 1032 5687; x_wconf 84' lang='lat' dir='ltr'><strong><em>devastandum.</em></strong></span> <span class='ocrx_word' id='word_1_769' title='bbox 1072 5611 1177 5664; x_wconf 79' lang='lat' dir='ltr'><strong><em>Sed</em></strong></span> <span class='ocrx_word' id='word_1_770' title='bbox 1225 5626 1342 5662; x_wconf 70' lang='lat' dir='ltr'><strong><em>mox</em></strong></span> <span class='ocrx_word' id='word_1_771' title='bbox 1388 5618 1439 5661; x_wconf 89' lang='lat' dir='ltr'><strong><em>ut</em></strong></span> <span class='ocrx_word' id='word_1_772' title='bbox 1480 5605 1689 5687; x_wconf 78' lang='lat' dir='ltr'><strong><em>Italiam</em></strong></span> 
     </span>
    </p>
   </div>
   <div class='ocr_carea' id='block_1_110' title="bbox 74 5679 1691 5753">
    <p class='ocr_par' dir='ltr' id='par_1_110' title="bbox 74 5679 1691 5753">
     <span class='ocr_line' id='line_1_110' title="bbox 74 5679 1691 5753; baseline -0.008 -10"><span class='ocrx_word' id='word_1_773' title='bbox 74 5679 382 5753; x_wconf 72' lang='lat' dir='ltr'><strong><em>isgressus</em></strong></span> <span class='ocrx_word' id='word_1_774' title='bbox 408 5679 475 5741; x_wconf 76' lang='lat' dir='ltr'><strong><em>est</em></strong></span> <span class='ocrx_word' id='word_1_775' title='bbox 497 5687 643 5740; x_wconf 86' lang='lat' dir='ltr'><strong><em>rebus</em></strong></span> <span class='ocrx_word' id='word_1_776' title='bbox 669 5686 884 5739; x_wconf 69' lang='lat' dir='ltr'><strong><em>excessit</em></strong></span> <span class='ocrx_word' id='word_1_777' title='bbox 911 5684 1522 5753; x_wconf 76' lang='lat' dir='ltr'><strong><em>Itumanis,_successorem</em></strong></span> <span class='ocrx_word' id='word_1_778' title='bbox 1546 5679 1691 5748; x_wconf 86' lang='lat' dir='ltr'><strong><em>regni</em></strong></span> 
     </span>
    </p>
   </div>
   <div class='ocr_carea' id='block_1_111' title="bbox 73 5750 1689 5824">
    <p class='ocr_par' dir='ltr' id='par_1_111' title="bbox 73 5750 1689 5824">
     <span class='ocr_line' id='line_1_111' title="bbox 73 5750 1689 5824; baseline -0.009 -8"><span class='ocrx_word' id='word_1_779' title='bbox 73 5750 506 5817; x_wconf 23' lang='lat' dir='ltr'><strong><em>inndcmerum</em></strong></span> <span class='ocrx_word' id='word_1_780' title='bbox 555 5758 721 5824; x_wconf 78' lang='lat' dir='ltr'><strong><em>ﬁlium</em></strong></span> <span class='ocrx_word' id='word_1_781' title='bbox 770 5756 1080 5824; x_wconf 90' lang='lat' dir='ltr'><strong><em>relinquens.</em></strong></span> <span class='ocrx_word' id='word_1_782' title='bbox 1130 5751 1488 5824; x_wconf 85' lang='lat' dir='ltr'><strong><em>Windcmerus</em></strong></span> <span class='ocrx_word' id='word_1_783' title='bbox 1506 5766 1640 5824; x_wconf 80' lang='lat' dir='ltr'><strong><em>_vero</em></strong></span> <span class='ocrx_word' id='word_1_784' title='bbox 1673 5788 1689 5813; x_wconf 94' lang='lat'><strong><em>,</em></strong></span> 
     </span>
    </p>
   </div>
   <div class='ocr_carea' id='block_1_112' title="bbox 76 5818 1693 5901">
    <p class='ocr_par' dir='ltr' id='par_1_112' title="bbox 76 5818 1693 5901">
     <span class='ocr_line' id='line_1_112' title="bbox 76 5818 1693 5901; baseline -0.009 -14"><span class='ocrx_word' id='word_1_785' title='bbox 76 5832 367 5901; x_wconf 58' lang='lat' dir='ltr'><strong><em>Ineptis</em></strong></span> <span class='ocrx_word' id='word_1_786' title='bbox 400 5845 429 5881; x_wconf 91' lang='lat' dir='ltr'><strong><em>a</em></strong></span> <span class='ocrx_word' id='word_1_787' title='bbox 470 5818 669 5882; x_wconf 81' lang='lat' dir='ltr'><strong><em>Licerio</em></strong></span> <span class='ocrx_word' id='word_1_788' title='bbox 698 5837 815 5881; x_wconf 89' lang='lat' dir='ltr'><strong><em>tunc</em></strong></span> <span class='ocrx_word' id='word_1_789' title='bbox 841 5818 1076 5901; x_wconf 81' lang='lat' dir='ltr'><strong><em>imperat.</em></strong></span> <span class='ocrx_word' id='word_1_790' title='bbox 1114 5822 1403 5901; x_wconf 72' lang='lat' dir='ltr'><strong><em>muneribus</em></strong></span> <span class='ocrx_word' id='word_1_791' title='bbox 1431 5862 1470 5901; x_wconf 78' lang='lat'><strong><em>,_</em></strong></span> <span class='ocrx_word' id='word_1_792' title='bbox 1494 5818 1693 5874; x_wconf 86' lang='lat' dir='ltr'><strong><em>Gallias</em></strong></span> 
     </span>
    </p>
   </div>
   <div class='ocr_carea' id='block_1_113' title="bbox 77 5893 1692 5970">
    <p class='ocr_par' dir='ltr' id='par_1_113' title="bbox 77 5893 1692 5970">
     <span class='ocr_line' id='line_1_113' title="bbox 77 5893 1692 5970; baseline -0.009 -8"><span class='ocrx_word' id='word_1_793' title='bbox 77 5893 411 5969; x_wconf 54' lang='lat' dir='ltr'><strong><em>intendit,</em></strong></span> <span class='ocrx_word' id='word_1_794' title='bbox 433 5916 632 5970; x_wconf 85' lang='lat' dir='ltr'><strong><em>seseque</em></strong></span> <span class='ocrx_word' id='word_1_795' title='bbox 658 5914 775 5953; x_wconf 89' lang='lat' dir='ltr'><strong><em>cum</em></strong></span> <span class='ocrx_word' id='word_1_796' title='bbox 815 5893 1102 5968; x_wconf 82' lang='lat' dir='ltr'><strong><em>parentibus</em></strong></span> <span class='ocrx_word' id='word_1_797' title='bbox 1131 5893 1412 5967; x_wconf 86' lang='lat' dir='ltr'><strong><em>Visigothis</em></strong></span> <span class='ocrx_word' id='word_1_798' title='bbox 1449 5896 1692 5965; x_wconf 76' lang='lat' dir='ltr'><strong><em>iungens,</em></strong></span> 
     </span>
    </p>
   </div>
   <div class='ocr_carea' id='block_1_114' title="bbox 80 5991 975 6081">
    <p class='ocr_par' dir='ltr' id='par_1_114' title="bbox 80 5991 975 6081">
     <span class='ocr_line' id='line_1_114' title="bbox 80 5991 975 6081; baseline 0 -24"><span class='ocrx_word' id='word_1_799' title='bbox 80 6000 137 6057; x_wconf 49' lang='grc' dir='ltr'><strong><em>ἐπ’</em></strong></span> <span class='ocrx_word' id='word_1_800' title='bbox 168 6008 171 6011; x_wconf 79' lang='lat'><em>‘</em></span> <span class='ocrx_word' id='word_1_801' title='bbox 449 5995 764 6081; x_wconf 40' lang='lat' dir='ltr'><strong><em>Panos..-</em></strong></span> <span class='ocrx_word' id='word_1_802' title='bbox 782 5991 975 6078; x_wconf 69' lang='grc' dir='ltr'><strong><em>Χον,</em></strong></span> 
     </span>
    </p>
   </div>
   <div class='ocr_carea' id='block_1_115' title="bbox 1766 3340 3366 3413">
    <p class='ocr_par' dir='ltr' id='par_1_115' title="bbox 1766 3340 3366 3413">
     <span class='ocr_line' id='line_1_115' title="bbox 1766 3340 3366 3413; baseline 0.004 -18"><span class='ocrx_word' id='word_1_803' title='bbox 1766 3345 1936 3396; x_wconf 91' lang='lat' dir='ltr'><strong><em>berato</em></strong></span> <span class='ocrx_word' id='word_1_804' title='bbox 1963 3342 2195 3413; x_wconf 66' lang='lat' dir='ltr'><strong><em>consilio,</em></strong></span> <span class='ocrx_word' id='word_1_805' title='bbox 2221 3342 2350 3413; x_wconf 81' lang='lat' dir='ltr'><strong><em>reip.</em></strong></span> <span class='ocrx_word' id='word_1_806' title='bbox 2384 3340 2591 3413; x_wconf 84' lang='lat' dir='ltr'><strong><em>utilitati</em></strong></span> <span class='ocrx_word' id='word_1_807' title='bbox 2620 3341 2949 3410; x_wconf 89' lang='lat' dir='ltr'><strong><em>prospiciens,</em></strong></span> <span class='ocrx_word' id='word_1_808' title='bbox 2970 3343 3079 3413; x_wconf 90' lang='lat' dir='ltr'><strong><em>ejus</em></strong></span> <span class='ocrx_word' id='word_1_809' title='bbox 3107 3345 3366 3409; x_wconf 87' lang='lat' dir='ltr'><strong><em>petitioni-</em></strong></span> 
     </span>
    </p>
   </div>
   <div class='ocr_carea' id='block_1_116' title="bbox 1765 3410 3363 3485">
    <p class='ocr_par' dir='ltr' id='par_1_116' title="bbox 1765 3410 3363 3485">
     <span class='ocr_line' id='line_1_116' title="bbox 1765 3410 3363 3485; baseline 0.004 -20"><span class='ocrx_word' id='word_1_810' title='bbox 1765 3413 1855 3467; x_wconf 87' lang='lat' dir='ltr'><strong><em>bus</em></strong></span> <span class='ocrx_word' id='word_1_811' title='bbox 1890 3414 2091 3478; x_wconf 91' lang='lat' dir='ltr'><strong><em>annnit,</em></strong></span> <span class='ocrx_word' id='word_1_812' title='bbox 2122 3410 2435 3485; x_wconf 78' lang='lat' dir='ltr'><strong><em>Italiamque</em></strong></span> <span class='ocrx_word' id='word_1_813' title='bbox 2478 3412 2522 3463; x_wconf 89' lang='lat' dir='ltr'><strong><em>ei</em></strong></span> <span class='ocrx_word' id='word_1_814' title='bbox 2570 3410 3075 3485; x_wconf 20' lang='lat' dir='ltr'><strong><em>perrpragmatic&#39;um</em></strong></span> <span class='ocrx_word' id='word_1_815' title='bbox 3114 3415 3363 3485; x_wconf 85' lang='lat' dir='ltr'><strong><em>tribuens,</em></strong></span> 
     </span>
    </p>
   </div>
   <div class='ocr_carea' id='block_1_117' title="bbox 1763 3482 3365 3556">
    <p class='ocr_par' dir='ltr' id='par_1_117' title="bbox 1763 3482 3365 3556">
     <span class='ocr_line' id='line_1_117' title="bbox 1763 3482 3365 3556; baseline 0.003 -18"><span class='ocrx_word' id='word_1_816' title='bbox 1763 3487 1895 3538; x_wconf 84' lang='lat' dir='ltr'><strong><em>sacri</em></strong></span> <span class='ocrx_word' id='word_1_817' title='bbox 1927 3486 2077 3538; x_wconf 90' lang='lat' dir='ltr'><strong><em>etiam</em></strong></span> <span class='ocrx_word' id='word_1_818' title='bbox 2106 3484 2369 3556; x_wconf 78' lang='lat' dir='ltr'><strong><em>velaminis</em></strong></span> <span class='ocrx_word' id='word_1_819' title='bbox 2400 3484 2534 3535; x_wconf 92' lang='lat' dir='ltr'><strong><em>dono</em></strong></span> <span class='ocrx_word' id='word_1_820' title='bbox 2557 3482 2898 3556; x_wconf 78' lang='lat' dir='ltr'><strong><em>conﬁrmavit,</em></strong></span> <span class='ocrx_word' id='word_1_821' title='bbox 2932 3495 2977 3538; x_wconf 90' lang='lat' dir='ltr'><strong><em>et</em></strong></span> <span class='ocrx_word' id='word_1_822' title='bbox 2999 3496 3235 3556; x_wconf 83' lang='lat' dir='ltr'><strong><em>senatum</em></strong></span> <span class='ocrx_word' id='word_1_823' title='bbox 3264 3482 3365 3556; x_wconf 64' lang='lat' dir='ltr'><strong><em>illi,</em></strong></span> 
     </span>
    </p>
   </div>
   <div class='ocr_carea' id='block_1_118' title="bbox 1767 3554 3371 3627">
    <p class='ocr_par' dir='ltr' id='par_1_118' title="bbox 1767 3554 3371 3627">
     <span class='ocr_line' id='line_1_118' title="bbox 1767 3554 3371 3627; baseline -0.001 -19"><span class='ocrx_word' id='word_1_824' title='bbox 1767 3558 2112 3627; x_wconf 78' lang='lat' dir='ltr'><strong><em>pupulumque</em></strong></span> <span class='ocrx_word' id='word_1_825' title='bbox 2150 3554 2302 3607; x_wconf 76' lang='lat' dir='ltr'><strong><em>Ilom.</em></strong></span> <span class='ocrx_word' id='word_1_826' title='bbox 2322 3556 2710 3627; x_wconf 11' lang='lat' dir='ltr'><strong><em>rcommeudans</em></strong></span> <span class='ocrx_word' id='word_1_827' title='bbox 2734 3554 2874 3627; x_wconf 86' lang='lat' dir='ltr'><strong><em>abire</em></strong></span> <span class='ocrx_word' id='word_1_828' title='bbox 2900 3556 3149 3627; x_wconf 75' lang='lat' dir='ltr'><strong><em>permisit.</em></strong></span> <span class='ocrx_word' id='word_1_829' title='bbox 3180 3554 3371 3627; x_wconf 66' lang='lat' dir='ltr'><strong><em>Egres;</em></strong></span> 
     </span>
    </p>
   </div>
   <div class='ocr_carea' id='block_1_119' title="bbox 1765 3622 3370 3697">
    <p class='ocr_par' dir='ltr' id='par_1_119' title="bbox 1765 3622 3370 3697">
     <span class='ocr_line' id='line_1_119' title="bbox 1765 3622 3370 3697; baseline 0.002 -17"><span class='ocrx_word' id='word_1_830' title='bbox 1765 3643 1853 3681; x_wconf 92' lang='lat' dir='ltr'><strong><em>sus</em></strong></span> <span class='ocrx_word' id='word_1_831' title='bbox 1877 3622 2038 3697; x_wconf 74' lang='lat' dir='ltr'><strong><em>igitur</em></strong></span> <span class='ocrx_word' id='word_1_832' title='bbox 2062 3625 2505 3695; x_wconf 80' lang='lat' dir='ltr'><strong><em>ConstantinOpoli</em></strong></span> <span class='ocrx_word' id='word_1_833' title='bbox 2535 3622 2877 3679; x_wconf 87' lang='lat' dir='ltr'><strong><em>Theodericus</em></strong></span> <span class='ocrx_word' id='word_1_834' title='bbox 2902 3622 2985 3679; x_wconf 89' lang='lat' dir='ltr'><strong><em>ad</em></strong></span> <span class='ocrx_word' id='word_1_835' title='bbox 3028 3622 3370 3697; x_wconf 79' lang='lat' dir='ltr'><strong><em>Ostrogcthas</em></strong></span> 
     </span>
    </p>
   </div>
   <div class='ocr_carea' id='block_1_120' title="bbox 1766 3697 3369 3768">
    <p class='ocr_par' dir='ltr' id='par_1_120' title="bbox 1766 3697 3369 3768">
     <span class='ocr_line' id='line_1_120' title="bbox 1766 3697 3369 3768; baseline 0.004 -18"><span class='ocrx_word' id='word_1_836' title='bbox 1766 3699 2058 3766; x_wconf 87' lang='lat' dir='ltr'><strong><em>revertitur,</em></strong></span> <span class='ocrx_word' id='word_1_837' title='bbox 2091 3699 2423 3766; x_wconf 90' lang='lat' dir='ltr'><strong><em>hortaturque</em></strong></span> <span class='ocrx_word' id='word_1_838' title='bbox 2453 3697 2730 3768; x_wconf 74' lang='lat' dir='ltr'><strong><em>continuo,</em></strong></span> <span class='ocrx_word' id='word_1_839' title='bbox 2760 3706 2826 3768; x_wconf 90' lang='lat' dir='ltr'><strong><em>ut</em></strong></span> <span class='ocrx_word' id='word_1_840' title='bbox 2851 3699 3231 3767; x_wconf 89' lang='lat' dir='ltr'><strong><em>quamprimum</em></strong></span> <span class='ocrx_word' id='word_1_841' title='bbox 3271 3719 3369 3768; x_wconf 78' lang='lat' dir='ltr'><strong><em>pa-</em></strong></span> 
     </span>
    </p>
   </div>
   <div class='ocr_carea' id='block_1_121' title="bbox 1768 3764 3367 3839">
    <p class='ocr_par' dir='ltr' id='par_1_121' title="bbox 1768 3764 3367 3839">
     <span class='ocr_line' id='line_1_121' title="bbox 1768 3764 3367 3839; baseline 0.005 -19"><span class='ocrx_word' id='word_1_842' title='bbox 1768 3770 1869 3821; x_wconf 89' lang='lat' dir='ltr'><strong><em>rati</em></strong></span> <span class='ocrx_word' id='word_1_843' title='bbox 1909 3764 2052 3835; x_wconf 80' lang='lat' dir='ltr'><strong><em>sint,</em></strong></span> <span class='ocrx_word' id='word_1_844' title='bbox 2094 3764 2347 3838; x_wconf 80' lang='lat' dir='ltr'><strong><em>quatenus</em></strong></span> <span class='ocrx_word' id='word_1_845' title='bbox 2383 3768 2662 3839; x_wconf 72' lang='lat' dir='ltr'><strong><em>ppssessuri</em></strong></span> <span class='ocrx_word' id='word_1_846' title='bbox 2704 3764 2915 3839; x_wconf 83' lang='lat' dir='ltr'><strong><em>Italiam</em></strong></span> <span class='ocrx_word' id='word_1_847' title='bbox 2955 3764 3367 3839; x_wconf 75' lang='lat' dir='ltr'><strong><em>proficiscantur.</em></strong></span> 
     </span>
    </p>
   </div>
   <div class='ocr_carea' id='block_1_122' title="bbox 1768 3836 3374 3909">
    <p class='ocr_par' dir='ltr' id='par_1_122' title="bbox 1768 3836 3374 3909">
     <span class='ocr_line' id='line_1_122' title="bbox 1768 3836 3374 3909; baseline 0.003 -16"><span class='ocrx_word' id='word_1_848' title='bbox 1768 3839 2006 3909; x_wconf 79' lang='lat' dir='ltr'><strong><em>Attamen</em></strong></span> <span class='ocrx_word' id='word_1_849' title='bbox 2056 3836 2353 3906; x_wconf 84' lang='lat' dir='ltr'><strong><em>priusquam</em></strong></span> <span class='ocrx_word' id='word_1_850' title='bbox 2398 3836 2611 3891; x_wconf 88' lang='lat' dir='ltr'><strong><em>Italiam</em></strong></span> <span class='ocrx_word' id='word_1_851' title='bbox 2653 3836 2983 3902; x_wconf 64' lang='lat' dir='ltr'><strong><em>adventaret,</em></strong></span> <span class='ocrx_word' id='word_1_852' title='bbox 3038 3838 3374 3909; x_wconf 87' lang='lat' dir='ltr'><strong><em>Triopstilam</em></strong></span> 
     </span>
    </p>
   </div>
   <div class='ocr_carea' id='block_1_123' title="bbox 1770 3908 3371 3980">
    <p class='ocr_par' dir='ltr' id='par_1_123' title="bbox 1770 3908 3371 3980">
     <span class='ocr_line' id='line_1_123' title="bbox 1770 3908 3371 3980; baseline 0.002 -16"><span class='ocrx_word' id='word_1_853' title='bbox 1770 3908 2085 3977; x_wconf 79' lang='lat' dir='ltr'><strong><em>Gepidarum</em></strong></span> <span class='ocrx_word' id='word_1_854' title='bbox 2127 3925 2293 3980; x_wconf 82' lang='lat' dir='ltr'><strong><em>regem</em></strong></span> <span class='ocrx_word' id='word_1_855' title='bbox 2334 3910 2548 3963; x_wconf 86' lang='lat' dir='ltr'><strong><em>insidias</em></strong></span> <span class='ocrx_word' id='word_1_856' title='bbox 2592 3909 2688 3980; x_wconf 68' lang='lat' dir='ltr'><strong><em>sibi</em></strong></span> <span class='ocrx_word' id='word_1_857' title='bbox 2727 3908 3019 3980; x_wconf 84' lang='lat' dir='ltr'><strong><em>molientem</em></strong></span> <span class='ocrx_word' id='word_1_858' title='bbox 3052 3908 3184 3965; x_wconf 90' lang='lat' dir='ltr'><strong><em>bello</em></strong></span> <span class='ocrx_word' id='word_1_859' title='bbox 3212 3929 3371 3980; x_wconf 69' lang='lat' dir='ltr'><strong><em>sape»</em></strong></span> 
     </span>
    </p>
   </div>
   <div class='ocr_carea' id='block_1_124' title="bbox 1771 3977 3375 4054">
    <p class='ocr_par' dir='ltr' id='par_1_124' title="bbox 1771 3977 3375 4054">
     <span class='ocr_line' id='line_1_124' title="bbox 1771 3977 3375 4054; baseline 0.002 -20"><span class='ocrx_word' id='word_1_860' title='bbox 1771 3997 1890 4054; x_wconf 89' lang='lat' dir='ltr'><strong><em>rans</em></strong></span> <span class='ocrx_word' id='word_1_861' title='bbox 1911 3977 2393 4054; x_wconf 45' lang='lat' dir='ltr'><strong><em>exstinxit,&#39;Busam</em></strong></span> <span class='ocrx_word' id='word_1_862' title='bbox 2410 3995 2606 4054; x_wconf 87' lang='lat' dir='ltr'><strong><em>quoque</em></strong></span> <span class='ocrx_word' id='word_1_863' title='bbox 2629 3977 2981 4054; x_wconf 85' lang='lat' dir='ltr'><strong><em>Vulganorum</em></strong></span> <span class='ocrx_word' id='word_1_864' title='bbox 3002 3998 3172 4054; x_wconf 76' lang='lat' dir='ltr'><strong><em>regem</em></strong></span> <span class='ocrx_word' id='word_1_865' title='bbox 3187 3977 3375 4054; x_wconf 84' lang='lat' dir='ltr'><strong><em>magna</em></strong></span> 
     </span>
    </p>
   </div>
   <div class='ocr_carea' id='block_1_125' title="bbox 1771 4052 3375 4125">
    <p class='ocr_par' dir='ltr' id='par_1_125' title="bbox 1771 4052 3375 4125">
     <span class='ocr_line' id='line_1_125' title="bbox 1771 4052 3375 4125; baseline 0.004 -22"><span class='ocrx_word' id='word_1_866' title='bbox 1771 4053 1923 4125; x_wconf 81' lang='lat' dir='ltr'><strong><em>simul</em></strong></span> <span class='ocrx_word' id='word_1_867' title='bbox 1969 4068 2092 4125; x_wconf 66' lang='lat' dir='ltr'><strong><em>cuni</em></strong></span> <span class='ocrx_word' id='word_1_868' title='bbox 2129 4052 2235 4125; x_wconf 83' lang='lat' dir='ltr'><strong><em>suis</em></strong></span> <span class='ocrx_word' id='word_1_869' title='bbox 2281 4052 2745 4125; x_wconf 37' lang='lat' dir='ltr'><strong><em>agminibusncwde</em></strong></span> <span class='ocrx_word' id='word_1_870' title='bbox 2791 4053 3079 4125; x_wconf 79' lang='lat' dir='ltr'><strong><em>prostravit.</em></strong></span> <span class='ocrx_word' id='word_1_871' title='bbox 3124 4052 3375 4125; x_wconf 78' lang='lat' dir='ltr'><strong><em>Egressus</em></strong></span> 
     </span>
    </p>
   </div>
   <div class='ocr_carea' id='block_1_126' title="bbox 1773 4120 3370 4193">
    <p class='ocr_par' dir='ltr' id='par_1_126' title="bbox 1773 4120 3370 4193">
     <span class='ocr_line' id='line_1_126' title="bbox 1773 4120 3370 4193; baseline 0.004 -19"><span class='ocrx_word' id='word_1_872' title='bbox 1773 4123 1940 4185; x_wconf 88' lang='lat' dir='ltr'><strong><em>itaque</em></strong></span> <span class='ocrx_word' id='word_1_873' title='bbox 1976 4140 2007 4173; x_wconf 91' lang='lat' dir='ltr'><strong><em>a</em></strong></span> <span class='ocrx_word' id='word_1_874' title='bbox 2041 4121 2210 4191; x_wconf 81' lang='lat' dir='ltr'><strong><em>Mysia</em></strong></span> <span class='ocrx_word' id='word_1_875' title='bbox 2238 4138 2351 4175; x_wconf 92' lang='lat' dir='ltr'><strong><em>cum</em></strong></span> <span class='ocrx_word' id='word_1_876' title='bbox 2378 4123 2515 4193; x_wconf 91' lang='lat' dir='ltr'><strong><em>omni</em></strong></span> <span class='ocrx_word' id='word_1_877' title='bbox 2556 4120 2978 4193; x_wconf 72' lang='lat' dir='ltr'><strong><em>Qstrogotharum</em></strong></span> <span class='ocrx_word' id='word_1_878' title='bbox 3020 4120 3370 4193; x_wconf 80' lang='lat' dir='ltr'><strong><em>multitudine,</em></strong></span> 
     </span>
    </p>
   </div>
   <div class='ocr_carea' id='block_1_127' title="bbox 1773 4191 3373 4266">
    <p class='ocr_par' dir='ltr' id='par_1_127' title="bbox 1773 4191 3373 4266">
     <span class='ocr_line' id='line_1_127' title="bbox 1773 4191 3373 4266; baseline 0.003 -20"><span class='ocrx_word' id='word_1_879' title='bbox 1773 4195 2104 4266; x_wconf 85' lang='lat' dir='ltr'><strong><em>universaque</em></strong></span> <span class='ocrx_word' id='word_1_880' title='bbox 2126 4192 2426 4266; x_wconf 76' lang='lat' dir='ltr'><strong><em>supellectili</em></strong></span> <span class='ocrx_word' id='word_1_881' title='bbox 2449 4208 2538 4266; x_wconf 83' lang='lat' dir='ltr'><strong><em>per</em></strong></span> <span class='ocrx_word' id='word_1_882' title='bbox 2560 4191 2829 4266; x_wconf 87' lang='lat' dir='ltr'><strong><em>Sirmium,</em></strong></span> <span class='ocrx_word' id='word_1_883' title='bbox 2857 4191 3254 4266; x_wconf 85' lang='lat' dir='ltr'><strong><em>Pannoniusque</em></strong></span> <span class='ocrx_word' id='word_1_884' title='bbox 3275 4191 3373 4251; x_wconf 82' lang='lat' dir='ltr'><strong><em>iter</em></strong></span> 
     </span>
    </p>
   </div>
   <div class='ocr_carea' id='block_1_128' title="bbox 1776 4260 3374 4335">
    <p class='ocr_par' dir='ltr' id='par_1_128' title="bbox 1776 4260 3374 4335">
     <span class='ocr_line' id='line_1_128' title="bbox 1776 4260 3374 4335; baseline 0.004 -19"><span class='ocrx_word' id='word_1_885' title='bbox 1776 4266 1967 4335; x_wconf 86' lang='lat' dir='ltr'><strong><em>faciens</em></strong></span> <span class='ocrx_word' id='word_1_886' title='bbox 1987 4307 2002 4332; x_wconf 83' lang='grc'><strong><em>,</em></strong></span> <span class='ocrx_word' id='word_1_887' title='bbox 2024 4260 2101 4315; x_wconf 89' lang='lat' dir='ltr'><strong><em>ad</em></strong></span> <span class='ocrx_word' id='word_1_888' title='bbox 2135 4260 2349 4315; x_wconf 88' lang='lat' dir='ltr'><strong><em>Italiam</em></strong></span> <span class='ocrx_word' id='word_1_889' title='bbox 2380 4264 2545 4335; x_wconf 78' lang='lat' dir='ltr'><strong><em>venit.</em></strong></span> <span class='ocrx_word' id='word_1_890' title='bbox 2578 4265 2651 4335; x_wconf 63' lang='lat' dir='ltr'><strong><em>Ac</em></strong></span> <span class='ocrx_word' id='word_1_891' title='bbox 2679 4265 2901 4331; x_wconf 89' lang='lat' dir='ltr'><strong><em>primum</em></strong></span> <span class='ocrx_word' id='word_1_892' title='bbox 2927 4268 3082 4335; x_wconf 65' lang='lat' dir='ltr'><strong><em>juxta</em></strong></span> <span class='ocrx_word' id='word_1_893' title='bbox 3130 4260 3374 4323; x_wconf 78' lang='lat' dir='ltr'><strong><em>Sontium</em></strong></span> 
     </span>
    </p>
   </div>
   <div class='ocr_carea' id='block_1_129' title="bbox 1776 4333 3374 4406">
    <p class='ocr_par' dir='ltr' id='par_1_129' title="bbox 1776 4333 3374 4406">
     <span class='ocr_line' id='line_1_129' title="bbox 1776 4333 3374 4406; baseline 0.003 -18"><span class='ocrx_word' id='word_1_894' title='bbox 1776 4333 1997 4406; x_wconf 82' lang='lat' dir='ltr'><strong><em>fiumen,</em></strong></span> <span class='ocrx_word' id='word_1_895' title='bbox 2048 4335 2185 4406; x_wconf 85' lang='lat' dir='ltr'><strong><em>quod</em></strong></span> <span class='ocrx_word' id='word_1_896' title='bbox 2226 4333 2622 4406; x_wconf 16' lang='lat' dir='ltr'><strong><em>nonlongerab</em></strong></span> <span class='ocrx_word' id='word_1_897' title='bbox 2658 4334 2892 4398; x_wconf 72' lang='lat' dir='ltr'><strong><em>Aquileia</em></strong></span> <span class='ocrx_word' id='word_1_898' title='bbox 2928 4333 3159 4401; x_wconf 81' lang='lat' dir='ltr'><strong><em>labitur,</em></strong></span> <span class='ocrx_word' id='word_1_899' title='bbox 3202 4349 3374 4393; x_wconf 87' lang='lat' dir='ltr'><strong><em>castra</em></strong></span> 
     </span>
    </p>
   </div>
   <div class='ocr_carea' id='block_1_130' title="bbox 1777 4404 3377 4481">
    <p class='ocr_par' dir='ltr' id='par_1_130' title="bbox 1777 4404 3377 4481">
     <span class='ocr_line' id='line_1_130' title="bbox 1777 4404 3377 4481; baseline 0.003 -21"><span class='ocrx_word' id='word_1_900' title='bbox 1777 4404 2082 4481; x_wconf 83' lang='lat' dir='ltr'><strong><em>componens</em></strong></span> <span class='ocrx_word' id='word_1_901' title='bbox 2101 4446 2113 4469; x_wconf 92' lang='lat'><strong><em>,</em></strong></span> <span class='ocrx_word' id='word_1_902' title='bbox 2147 4405 2269 4481; x_wconf 74' lang='lat' dir='ltr'><strong><em>dum</em></strong></span> <span class='ocrx_word' id='word_1_903' title='bbox 2298 4404 2598 4481; x_wconf 75' lang='lat' dir='ltr'><strong><em>uberrimis,</em></strong></span> <span class='ocrx_word' id='word_1_904' title='bbox 2626 4418 2739 4481; x_wconf 73' lang='lat' dir='ltr'><strong><em>quae</em></strong></span> <span class='ocrx_word' id='word_1_905' title='bbox 2757 4420 2824 4481; x_wconf 81' lang='lat' dir='ltr'><strong><em>eo</em></strong></span> <span class='ocrx_word' id='word_1_906' title='bbox 2850 4407 2961 4481; x_wconf 73' lang='lat' dir='ltr'><strong><em>loco</em></strong></span> <span class='ocrx_word' id='word_1_907' title='bbox 2984 4406 3254 4481; x_wconf 87' lang='lat' dir='ltr'><strong><em>habentur,</em></strong></span> <span class='ocrx_word' id='word_1_908' title='bbox 3280 4427 3377 4481; x_wconf 87' lang='lat' dir='ltr'><strong><em>pa-</em></strong></span> 
     </span>
    </p>
   </div>
   <div class='ocr_carea' id='block_1_131' title="bbox 1778 4475 3380 4551">
    <p class='ocr_par' dir='ltr' id='par_1_131' title="bbox 1778 4475 3380 4551">
     <span class='ocr_line' id='line_1_131' title="bbox 1778 4475 3380 4551; baseline 0.002 -20"><span class='ocrx_word' id='word_1_909' title='bbox 1778 4479 1909 4532; x_wconf 88' lang='lat' dir='ltr'><strong><em>scuis</em></strong></span> <span class='ocrx_word' id='word_1_910' title='bbox 1938 4478 2157 4551; x_wconf 83' lang='lat' dir='ltr'><strong><em>fatigata</em></strong></span> <span class='ocrx_word' id='word_1_911' title='bbox 2192 4475 2568 4551; x_wconf 83' lang='lat' dir='ltr'><strong><em>aliquantulum</em></strong></span> <span class='ocrx_word' id='word_1_912' title='bbox 2612 4491 2674 4528; x_wconf 74' lang='lat' dir='ltr'><strong><em>ex</em></strong></span> <span class='ocrx_word' id='word_1_913' title='bbox 2708 4476 2903 4551; x_wconf 74' lang='lat' dir='ltr'><strong><em>itineris</em></strong></span> <span class='ocrx_word' id='word_1_914' title='bbox 2944 4478 3264 4546; x_wconf 84' lang='lat' dir='ltr'><strong><em>longitudine</em></strong></span> <span class='ocrx_word' id='word_1_915' title='bbox 3280 4475 3380 4551; x_wconf 48' lang='lat' dir='ltr'><strong><em>&#39;ju-</em></strong></span> 
     </span>
    </p>
   </div>
   <div class='ocr_carea' id='block_1_132' title="bbox 1779 4547 3379 4616">
    <p class='ocr_par' dir='ltr' id='par_1_132' title="bbox 1779 4547 3379 4616">
     <span class='ocr_line' id='line_1_132' title="bbox 1779 4547 3379 4616; baseline 0.004 -15"><span class='ocrx_word' id='word_1_916' title='bbox 1779 4558 1948 4602; x_wconf 88' lang='lat' dir='ltr'><strong><em>menta</em></strong></span> <span class='ocrx_word' id='word_1_917' title='bbox 1977 4549 2228 4615; x_wconf 84' lang='lat' dir='ltr'><strong><em>reficeret,</em></strong></span> <span class='ocrx_word' id='word_1_918' title='bbox 2252 4548 2321 4616; x_wconf 87' lang='lat' dir='ltr'><strong><em>ibi</em></strong></span> <span class='ocrx_word' id='word_1_919' title='bbox 2348 4561 2466 4599; x_wconf 72' lang='lat' dir='ltr'><strong><em>mox</em></strong></span> <span class='ocrx_word' id='word_1_920' title='bbox 2490 4547 2535 4599; x_wconf 88' lang='lat' dir='ltr'><strong><em>ei</em></strong></span> <span class='ocrx_word' id='word_1_921' title='bbox 2555 4562 2672 4599; x_wconf 89' lang='lat' dir='ltr'><strong><em>cum</em></strong></span> <span class='ocrx_word' id='word_1_922' title='bbox 2692 4547 2875 4616; x_wconf 89' lang='lat' dir='ltr'><strong><em>grandi</em></strong></span> <span class='ocrx_word' id='word_1_923' title='bbox 2907 4564 3115 4602; x_wconf 88' lang='lat' dir='ltr'><strong><em>suorum</em></strong></span> <span class='ocrx_word' id='word_1_924' title='bbox 3152 4547 3379 4607; x_wconf 78' lang='lat' dir='ltr'><strong><em>exercitu</em></strong></span> 
     </span>
    </p>
   </div>
   <div class='ocr_carea' id='block_1_133' title="bbox 429 4612 3376 4691">
    <p class='ocr_par' dir='ltr' id='par_1_133' title="bbox 429 4612 3376 4691">
     <span class='ocr_line' id='line_1_133' title="bbox 429 4612 3376 4691; baseline 0.001 -15"><span class='ocrx_word' id='word_1_925' title='bbox 429 4612 637 4688; x_wconf 73' lang='lat' dir='ltr'><strong><em>alantir,</em></strong></span> <span class='ocrx_word' id='word_1_926' title='bbox 672 4612 883 4691; x_wconf 76' lang='lat' dir='ltr'><strong><em>ejusque</em></strong></span> <span class='ocrx_word' id='word_1_927' title='bbox 909 4619 1206 4691; x_wconf 72' lang='lat' dir='ltr'><strong><em>exercitum,</em></strong></span> <span class='ocrx_word' id='word_1_928' title='bbox 1230 4633 1330 4670; x_wconf 91' lang='lat' dir='ltr'><strong><em>non</em></strong></span> <span class='ocrx_word' id='word_1_929' title='bbox 1360 4616 1524 4691; x_wconf 82' lang='lat' dir='ltr'><strong><em>solum</em></strong></span> <span class='ocrx_word' id='word_1_930' title='bbox 1560 4632 1612 4691; x_wconf 85' lang='lat' dir='ltr'><strong><em>se</em></strong></span> <span class='ocrx_word' id='word_1_931' title='bbox 1640 4633 1672 4669; x_wconf 90' lang='lat' dir='ltr'><strong><em>a</em></strong></span> <span class='ocrx_word' id='word_1_932' title='bbox 1702 4612 1753 4672; x_wconf 87' lang='lat' dir='ltr'><strong><em>D</em></strong></span> <span class='ocrx_word' id='word_1_933' title='bbox 1778 4621 1988 4690; x_wconf 87' lang='lat' dir='ltr'><strong><em>totisque</em></strong></span> <span class='ocrx_word' id='word_1_934' title='bbox 2018 4612 2250 4671; x_wconf 82' lang='lat' dir='ltr'><strong><em>Odoacer</em></strong></span> <span class='ocrx_word' id='word_1_935' title='bbox 2279 4615 2447 4691; x_wconf 81' lang='lat' dir='ltr'><strong><em>Italia:</em></strong></span> <span class='ocrx_word' id='word_1_936' title='bbox 2474 4618 2659 4671; x_wconf 88' lang='lat' dir='ltr'><strong><em>viribus</em></strong></span> <span class='ocrx_word' id='word_1_937' title='bbox 2693 4612 2935 4684; x_wconf 77' lang='lat' dir='ltr'><strong><em>occurrit,</em></strong></span> <span class='ocrx_word' id='word_1_938' title='bbox 2960 4637 3108 4686; x_wconf 87' lang='lat' dir='ltr'><strong><em>quem</em></strong></span> <span class='ocrx_word' id='word_1_939' title='bbox 3142 4621 3376 4679; x_wconf 85' lang='lat' dir='ltr'><strong><em>Theode-</em></strong></span> 
     </span>
    </p>
   </div>
   <div class='ocr_carea' id='block_1_134' title="bbox 1776 4690 3376 4762">
    <p class='ocr_par' dir='ltr' id='par_1_134' title="bbox 1776 4690 3376 4762">
     <span class='ocr_line' id='line_1_134' title="bbox 1776 4690 3376 4762; baseline 0.003 -17"><span class='ocrx_word' id='word_1_940' title='bbox 1776 4693 1915 4745; x_wconf 91' lang='lat' dir='ltr'><strong><em>ricus</em></strong></span> <span class='ocrx_word' id='word_1_941' title='bbox 1961 4690 2203 4742; x_wconf 90' lang='lat' dir='ltr'><strong><em>alacriter</em></strong></span> <span class='ocrx_word' id='word_1_942' title='bbox 2249 4690 2543 4755; x_wconf 75' lang='lat' dir='ltr'><strong><em>excipiens,</em></strong></span> <span class='ocrx_word' id='word_1_943' title='bbox 2582 4704 2775 4762; x_wconf 87' lang='lat' dir='ltr'><strong><em>magno</em></strong></span> <span class='ocrx_word' id='word_1_944' title='bbox 2822 4701 3117 4762; x_wconf 56' lang='lat' dir='ltr'><strong><em>superatum</em></strong></span> <span class='ocrx_word' id='word_1_945' title='bbox 3163 4697 3376 4762; x_wconf 79' lang='lat' dir='ltr'><strong><em>prcelio,</em></strong></span> 
     </span>
    </p>
   </div>
   <div class='ocr_carea' id='block_1_135' title="bbox 1778 4760 3378 4832">
    <p class='ocr_par' dir='ltr' id='par_1_135' title="bbox 1778 4760 3378 4832">
     <span class='ocr_line' id='line_1_135' title="bbox 1778 4760 3378 4832; baseline 0.003 -17"><span class='ocrx_word' id='word_1_946' title='bbox 1778 4770 2032 4832; x_wconf 88' lang='lat' dir='ltr'><strong><em>postremo</em></strong></span> <span class='ocrx_word' id='word_1_947' title='bbox 2069 4763 2121 4813; x_wconf 92' lang='lat' dir='ltr'><strong><em>in</em></strong></span> <span class='ocrx_word' id='word_1_948' title='bbox 2163 4764 2339 4830; x_wconf 88' lang='lat' dir='ltr'><strong><em>fugam</em></strong></span> <span class='ocrx_word' id='word_1_949' title='bbox 2370 4761 2634 4832; x_wconf 87' lang='lat' dir='ltr'><strong><em>convertit.</em></strong></span> <span class='ocrx_word' id='word_1_950' title='bbox 2667 4760 2869 4813; x_wconf 69' lang='lat' dir='ltr'><strong><em>Exinde</em></strong></span> <span class='ocrx_word' id='word_1_951' title='bbox 2900 4760 3239 4818; x_wconf 81' lang='lat' dir='ltr'><strong><em>Theodericus</em></strong></span> <span class='ocrx_word' id='word_1_952' title='bbox 3266 4760 3378 4819; x_wconf 56' lang='lat' dir='ltr'><strong><em>moé</em></strong></span> 
     </span>
    </p>
   </div>
   <div class='ocr_carea' id='block_1_136' title="bbox 1748 4831 3375 4894">
    <p class='ocr_par' dir='ltr' id='par_1_136' title="bbox 1748 4831 3375 4894">
     <span class='ocr_line' id='line_1_136' title="bbox 1748 4831 3375 4894; baseline 0.002 -8"><span class='ocrx_word' id='word_1_953' title='bbox 1748 4841 1753 4847; x_wconf 87' lang='lat'><strong>’</strong></span> <span class='ocrx_word' id='word_1_954' title='bbox 1778 4831 1893 4886; x_wconf 78' lang='lat' dir='ltr'><strong><em>rens</em></strong></span> <span class='ocrx_word' id='word_1_955' title='bbox 1914 4848 2028 4885; x_wconf 89' lang='lat' dir='ltr'><strong><em>cum</em></strong></span> <span class='ocrx_word' id='word_1_956' title='bbox 2062 4832 2311 4885; x_wconf 86' lang='lat' dir='ltr'><strong><em>Veronam</em></strong></span> <span class='ocrx_word' id='word_1_957' title='bbox 2331 4832 2563 4894; x_wconf 88' lang='lat' dir='ltr'><strong><em>venisset,</em></strong></span> <span class='ocrx_word' id='word_1_958' title='bbox 2588 4831 2771 4884; x_wconf 88' lang='lat' dir='ltr'><strong><em>iterum</em></strong></span> <span class='ocrx_word' id='word_1_959' title='bbox 2793 4832 3037 4886; x_wconf 87' lang='lat' dir='ltr'><strong><em>adversus</em></strong></span> <span class='ocrx_word' id='word_1_960' title='bbox 3058 4851 3170 4887; x_wconf 89' lang='lat' dir='ltr'><strong><em>eum</em></strong></span> <span class='ocrx_word' id='word_1_961' title='bbox 3197 4834 3375 4890; x_wconf 84' lang='lat' dir='ltr'><strong><em>Odoa-</em></strong></span> 
     </span>
    </p>
   </div>
   <div class='ocr_carea' id='block_1_137' title="bbox 1781 4901 3375 4973">
    <p class='ocr_par' dir='ltr' id='par_1_137' title="bbox 1781 4901 3375 4973">
     <span class='ocr_line' id='line_1_137' title="bbox 1781 4901 3375 4973; baseline 0.004 -18"><span class='ocrx_word' id='word_1_962' title='bbox 1781 4920 1862 4956; x_wconf 84' lang='lat' dir='ltr'><strong><em>cer</em></strong></span> <span class='ocrx_word' id='word_1_963' title='bbox 1885 4915 1985 4956; x_wconf 85' lang='lat' dir='ltr'><strong><em>non</em></strong></span> <span class='ocrx_word' id='word_1_964' title='bbox 2022 4903 2207 4973; x_wconf 60' lang='lat' dir='ltr'><strong><em>minorj</em></strong></span> <span class='ocrx_word' id='word_1_965' title='bbox 2226 4917 2381 4973; x_wconf 88' lang='lat' dir='ltr'><strong><em>quam</em></strong></span> <span class='ocrx_word' id='word_1_966' title='bbox 2410 4904 2552 4970; x_wconf 79' lang='lat' dir='ltr'><strong><em>prius</em></strong></span> <span class='ocrx_word' id='word_1_967' title='bbox 2584 4901 2701 4954; x_wconf 90' lang='lat' dir='ltr'><strong><em>belli</em></strong></span> <span class='ocrx_word' id='word_1_968' title='bbox 2727 4920 2832 4955; x_wconf 78' lang='lat' dir='ltr'><strong><em>sese</em></strong></span> <span class='ocrx_word' id='word_1_969' title='bbox 2860 4914 3115 4973; x_wconf 88' lang='lat' dir='ltr'><strong><em>apparatu</em></strong></span> <span class='ocrx_word' id='word_1_970' title='bbox 3145 4909 3375 4973; x_wconf 88' lang='lat' dir='ltr'><strong><em>opponit.</em></strong></span> 
     </span>
    </p>
   </div>
   <div class='ocr_carea' id='block_1_138' title="bbox 1783 4971 3381 5043">
    <p class='ocr_par' dir='ltr' id='par_1_138' title="bbox 1783 4971 3381 5043">
     <span class='ocr_line' id='line_1_138' title="bbox 1783 4971 3381 5043; baseline 0.001 -14"><span class='ocrx_word' id='word_1_971' title='bbox 1783 4973 1970 5029; x_wconf 86' lang='lat' dir='ltr'><strong><em>Contra</em></strong></span> <span class='ocrx_word' id='word_1_972' title='bbox 1990 4989 2141 5042; x_wconf 89' lang='lat' dir='ltr'><strong><em>quem</em></strong></span> <span class='ocrx_word' id='word_1_973' title='bbox 2169 4971 2509 5025; x_wconf 83' lang='lat' dir='ltr'><strong><em>Theodericus</em></strong></span> <span class='ocrx_word' id='word_1_974' title='bbox 2538 4973 2675 5024; x_wconf 86' lang='lat' dir='ltr'><strong><em>haud</em></strong></span> <span class='ocrx_word' id='word_1_975' title='bbox 2696 4975 2872 5043; x_wconf 88' lang='lat' dir='ltr'><strong><em>procul</em></strong></span> <span class='ocrx_word' id='word_1_976' title='bbox 2895 4971 2926 5025; x_wconf 74' lang='grc' dir='ltr'><em>α</em></span> <span class='ocrx_word' id='word_1_977' title='bbox 2966 4971 3235 5030; x_wconf 82' lang='lat' dir='ltr'><strong><em>Veronensi</em></strong></span> <span class='ocrx_word' id='word_1_978' title='bbox 3257 4979 3381 5031; x_wconf 89' lang='lat' dir='ltr'><strong><em>urbe</em></strong></span> 
     </span>
    </p>
   </div>
   <div class='ocr_carea' id='block_1_139' title="bbox 1782 5044 3378 5116">
    <p class='ocr_par' dir='ltr' id='par_1_139' title="bbox 1782 5044 3378 5116">
     <span class='ocr_line' id='line_1_139' title="bbox 1782 5044 3378 5116; baseline 0.001 -18"><span class='ocrx_word' id='word_1_979' title='bbox 1782 5047 2085 5115; x_wconf 82' lang='lat' dir='ltr'><strong><em>conﬂigens,</em></strong></span> <span class='ocrx_word' id='word_1_980' title='bbox 2110 5044 2269 5096; x_wconf 90' lang='lat' dir='ltr'><strong><em>nimia</em></strong></span> <span class='ocrx_word' id='word_1_981' title='bbox 2293 5047 2404 5113; x_wconf 84' lang='lat' dir='ltr'><strong><em>ejus</em></strong></span> <span class='ocrx_word' id='word_1_982' title='bbox 2434 5044 2708 5116; x_wconf 76' lang='lat' dir='ltr'><strong><em>exercitum</em></strong></span> <span class='ocrx_word' id='word_1_983' title='bbox 2732 5044 2869 5097; x_wconf 78' lang='lat' dir='ltr'><strong><em>ccede</em></strong></span> <span class='ocrx_word' id='word_1_984' title='bbox 2897 5048 3149 5111; x_wconf 90' lang='lat' dir='ltr'><strong><em>contrivit,</em></strong></span> <span class='ocrx_word' id='word_1_985' title='bbox 3181 5048 3378 5116; x_wconf 87' lang='lat' dir='ltr'><strong><em>ipsum—</em></strong></span> 
     </span>
    </p>
   </div>
   <div class='ocr_carea' id='block_1_140' title="bbox 1782 5114 3380 5185">
    <p class='ocr_par' dir='ltr' id='par_1_140' title="bbox 1782 5114 3380 5185">
     <span class='ocr_line' id='line_1_140' title="bbox 1782 5114 3380 5185; baseline 0.002 -17"><span class='ocrx_word' id='word_1_986' title='bbox 1782 5114 1885 5183; x_wconf 90' lang='lat' dir='ltr'><strong><em>que</em></strong></span> <span class='ocrx_word' id='word_1_987' title='bbox 1919 5114 2133 5185; x_wconf 76' lang='lat' dir='ltr'><strong><em>pariter,</em></strong></span> <span class='ocrx_word' id='word_1_988' title='bbox 2172 5124 2219 5166; x_wconf 89' lang='lat' dir='ltr'><strong><em>et</em></strong></span> <span class='ocrx_word' id='word_1_989' title='bbox 2256 5129 2451 5167; x_wconf 89' lang='lat' dir='ltr'><strong><em>omnem</em></strong></span> <span class='ocrx_word' id='word_1_990' title='bbox 2496 5114 2636 5167; x_wconf 89' lang='lat' dir='ltr'><strong><em>illius</em></strong></span> <span class='ocrx_word' id='word_1_991' title='bbox 2678 5116 3058 5170; x_wconf 90' lang='lat' dir='ltr'><strong><em>multitudinem</em></strong></span> <span class='ocrx_word' id='word_1_992' title='bbox 3085 5114 3208 5171; x_wconf 87' lang='lat' dir='ltr'><strong><em>dare</em></strong></span> <span class='ocrx_word' id='word_1_993' title='bbox 3235 5127 3380 5185; x_wconf 88' lang='lat' dir='ltr'><strong><em>terga</em></strong></span> 
     </span>
    </p>
   </div>
   <div class='ocr_carea' id='block_1_141' title="bbox 1783 5178 3382 5256">
    <p class='ocr_par' dir='ltr' id='par_1_141' title="bbox 1783 5178 3382 5256">
     <span class='ocr_line' id='line_1_141' title="bbox 1783 5178 3382 5256; baseline 0.002 -17"><span class='ocrx_word' id='word_1_994' title='bbox 1783 5178 1964 5256; x_wconf 82' lang='lat' dir='ltr'><strong><em>coegit.</em></strong></span> <span class='ocrx_word' id='word_1_995' title='bbox 2015 5178 2125 5252; x_wconf 79' lang='lat' dir='ltr'><strong><em>Qui</em></strong></span> <span class='ocrx_word' id='word_1_996' title='bbox 2159 5186 2280 5237; x_wconf 90' lang='lat' dir='ltr'><strong><em>dum</em></strong></span> <span class='ocrx_word' id='word_1_997' title='bbox 2326 5185 2461 5253; x_wconf 68' lang='lat' dir='ltr'><strong><em>fugin</em></strong></span> <span class='ocrx_word' id='word_1_998' title='bbox 2506 5194 2637 5237; x_wconf 88' lang='lat' dir='ltr'><strong><em>metu</em></strong></span> <span class='ocrx_word' id='word_1_999' title='bbox 2681 5201 2734 5236; x_wconf 89' lang='lat' dir='ltr'><strong><em>se</em></strong></span> <span class='ocrx_word' id='word_1_1000' title='bbox 2769 5187 3053 5253; x_wconf 67' lang='lat' dir='ltr'><strong><em>praecipites</em></strong></span> <span class='ocrx_word' id='word_1_1001' title='bbox 3092 5189 3144 5240; x_wconf 92' lang='lat' dir='ltr'><strong><em>in</em></strong></span> <span class='ocrx_word' id='word_1_1002' title='bbox 3172 5178 3382 5243; x_wconf 44' lang='lat' dir='ltr'><strong><em>Adesi&#39;m</em></strong></span> 
     </span>
    </p>
   </div>
   <div class='ocr_carea' id='block_1_142' title="bbox 1784 5258 3381 5329">
    <p class='ocr_par' dir='ltr' id='par_1_142' title="bbox 1784 5258 3381 5329">
     <span class='ocr_line' id='line_1_142' title="bbox 1784 5258 3381 5329; baseline 0.003 -20"><span class='ocrx_word' id='word_1_1003' title='bbox 1784 5258 1996 5325; x_wconf 81' lang='lat' dir='ltr'><strong><em>[luvium</em></strong></span> <span class='ocrx_word' id='word_1_1004' title='bbox 2042 5262 2309 5329; x_wconf 82' lang='lat' dir='ltr'><strong><em>mergunt,</em></strong></span> <span class='ocrx_word' id='word_1_1005' title='bbox 2335 5270 2413 5329; x_wconf 74' lang='lat' dir='ltr'><strong><em>ex</em></strong></span> <span class='ocrx_word' id='word_1_1006' title='bbox 2452 5271 2645 5329; x_wconf 67' lang='lat' dir='ltr'><strong><em>rnagna</em></strong></span> <span class='ocrx_word' id='word_1_1007' title='bbox 2694 5264 2838 5329; x_wconf 58' lang='lat' dir='ltr'><strong><em>parte</em></strong></span> <span class='ocrx_word' id='word_1_1008' title='bbox 2890 5259 3227 5325; x_wconf 88' lang='lat' dir='ltr'><strong><em>rapidissimis</em></strong></span> <span class='ocrx_word' id='word_1_1009' title='bbox 3268 5262 3381 5329; x_wconf 87' lang='lat' dir='ltr'><strong><em>ejus</em></strong></span> 
     </span>
    </p>
   </div>
   <div class='ocr_carea' id='block_1_143' title="bbox 1786 5324 3378 5399">
    <p class='ocr_par' dir='ltr' id='par_1_143' title="bbox 1786 5324 3378 5399">
     <span class='ocr_line' id='line_1_143' title="bbox 1786 5324 3378 5399; baseline 0.002 -20"><span class='ocrx_word' id='word_1_1010' title='bbox 1786 5328 2066 5399; x_wconf 87' lang='lat' dir='ltr'><strong><em>gurgitibus</em></strong></span> <span class='ocrx_word' id='word_1_1011' title='bbox 2096 5324 2345 5399; x_wconf 84' lang='lat' dir='ltr'><strong><em>implicati</em></strong></span> <span class='ocrx_word' id='word_1_1012' title='bbox 2369 5324 2712 5399; x_wconf 76' lang='lat' dir='ltr'><strong><em>suffocantur.</em></strong></span> <span class='ocrx_word' id='word_1_1013' title='bbox 2744 5324 3082 5399; x_wconf 68' lang='lat' dir='ltr'><strong><em>Theodericus</em></strong></span> <span class='ocrx_word' id='word_1_1014' title='bbox 3110 5346 3224 5383; x_wconf 89' lang='lat' dir='ltr'><strong><em>vero</em></strong></span> <span class='ocrx_word' id='word_1_1015' title='bbox 3254 5324 3378 5383; x_wconf 76' lang='lat' dir='ltr'><strong><em>dum</em></strong></span> 
     </span>
    </p>
   </div>
   <div class='ocr_carea' id='block_1_144' title="bbox 1787 5395 3378 5471">
    <p class='ocr_par' dir='ltr' id='par_1_144' title="bbox 1787 5395 3378 5471">
     <span class='ocr_line' id='line_1_144' title="bbox 1787 5395 3378 5471; baseline 0.003 -20"><span class='ocrx_word' id='word_1_1016' title='bbox 1787 5395 1902 5465; x_wconf 75' lang='lat' dir='ltr'><strong><em>ipsc</em></strong></span> <span class='ocrx_word' id='word_1_1017' title='bbox 1927 5400 2118 5471; x_wconf 81' lang='lat' dir='ltr'><strong><em>impetu</em></strong></span> <span class='ocrx_word' id='word_1_1018' title='bbox 2147 5395 2463 5464; x_wconf 88' lang='lat' dir='ltr'><strong><em>subsequitur</em></strong></span> <span class='ocrx_word' id='word_1_1019' title='bbox 2494 5395 2776 5471; x_wconf 78' lang='lat' dir='ltr'><strong><em>fugientes,</em></strong></span> <span class='ocrx_word' id='word_1_1020' title='bbox 2814 5396 3061 5471; x_wconf 63' lang='lat' dir='ltr'><strong><em>Veronam</em></strong></span> <span class='ocrx_word' id='word_1_1021' title='bbox 3089 5401 3250 5465; x_wconf 89' lang='lat' dir='ltr'><strong><em>illico,</em></strong></span> <span class='ocrx_word' id='word_1_1022' title='bbox 3282 5420 3378 5471; x_wconf 88' lang='lat' dir='ltr'><strong><em>pa-</em></strong></span> 
     </span>
    </p>
   </div>
   <div class='ocr_carea' id='block_1_145' title="bbox 1789 5468 3381 5527">
    <p class='ocr_par' dir='ltr' id='par_1_145' title="bbox 1789 5468 3381 5527">
     <span class='ocr_line' id='line_1_145' title="bbox 1789 5468 3381 5527; baseline 0.001 -5"><span class='ocrx_word' id='word_1_1023' title='bbox 1789 5484 1905 5522; x_wconf 86' lang='lat' dir='ltr'><strong><em>vore</em></strong></span> <span class='ocrx_word' id='word_1_1024' title='bbox 1935 5468 2122 5521; x_wconf 81' lang='lat' dir='ltr'><strong><em>civibus</em></strong></span> <span class='ocrx_word' id='word_1_1025' title='bbox 2164 5475 2494 5519; x_wconf 68' lang='lat' dir='ltr'><strong><em>conseruatis</em></strong></span> <span class='ocrx_word' id='word_1_1026' title='bbox 2515 5505 2527 5527; x_wconf 90' lang='lat'><strong><em>,</em></strong></span> <span class='ocrx_word' id='word_1_1027' title='bbox 2570 5468 2783 5519; x_wconf 83' lang='lat' dir='ltr'><strong><em>invadit.</em></strong></span> <span class='ocrx_word' id='word_1_1028' title='bbox 2819 5469 3049 5522; x_wconf 87' lang='lat' dir='ltr'><strong><em>Udoacer</em></strong></span> <span class='ocrx_word' id='word_1_1029' title='bbox 3073 5483 3237 5524; x_wconf 90' lang='lat' dir='ltr'><strong><em>autem</em></strong></span> <span class='ocrx_word' id='word_1_1030' title='bbox 3264 5468 3381 5524; x_wconf 86' lang='lat' dir='ltr'><strong><em>cum</em></strong></span> 
     </span>
    </p>
   </div>
   <div class='ocr_carea' id='block_1_146' title="bbox 1790 5537 3380 5608">
    <p class='ocr_par' dir='ltr' id='par_1_146' title="bbox 1790 5537 3380 5608">
     <span class='ocr_line' id='line_1_146' title="bbox 1790 5537 3380 5608; baseline 0.001 -15"><span class='ocrx_word' id='word_1_1031' title='bbox 1790 5541 1868 5593; x_wconf 90' lang='lat' dir='ltr'><strong><em>his</em></strong></span> <span class='ocrx_word' id='word_1_1032' title='bbox 1904 5540 1990 5608; x_wconf 87' lang='lat' dir='ltr'><strong><em>qui</em></strong></span> <span class='ocrx_word' id='word_1_1033' title='bbox 2026 5547 2282 5592; x_wconf 81' lang='lat' dir='ltr'><strong><em>evaserant</em></strong></span> <span class='ocrx_word' id='word_1_1034' title='bbox 2314 5539 2541 5606; x_wconf 87' lang='lat' dir='ltr'><strong><em>fugiens,</em></strong></span> <span class='ocrx_word' id='word_1_1035' title='bbox 2570 5537 2788 5591; x_wconf 84' lang='lat' dir='ltr'><strong><em>Romam</em></strong></span> <span class='ocrx_word' id='word_1_1036' title='bbox 2836 5543 3113 5594; x_wconf 87' lang='lat' dir='ltr'><strong><em>contendit.</em></strong></span> <span class='ocrx_word' id='word_1_1037' title='bbox 3153 5542 3260 5598; x_wconf 90' lang='lat' dir='ltr'><strong><em>Sed</em></strong></span> <span class='ocrx_word' id='word_1_1038' title='bbox 3290 5545 3380 5596; x_wconf 75' lang='lat' dir='ltr'><strong><em>ob-</em></strong></span> 
     </span>
    </p>
   </div>
   <div class='ocr_carea' id='block_1_147' title="bbox 1791 5609 3387 5680">
    <p class='ocr_par' dir='ltr' id='par_1_147' title="bbox 1791 5609 3387 5680">
     <span class='ocr_line' id='line_1_147' title="bbox 1791 5609 3387 5680; baseline 0.002 -15"><span class='ocrx_word' id='word_1_1039' title='bbox 1791 5613 1973 5665; x_wconf 87' lang='lat' dir='ltr'><strong><em>seratis</em></strong></span> <span class='ocrx_word' id='word_1_1040' title='bbox 2009 5610 2246 5662; x_wconf 82' lang='lat' dir='ltr'><strong><em>continuo</em></strong></span> <span class='ocrx_word' id='word_1_1041' title='bbox 2284 5620 2439 5676; x_wconf 82' lang='lat' dir='ltr'><strong><em>portis</em></strong></span> <span class='ocrx_word' id='word_1_1042' title='bbox 2461 5651 2475 5673; x_wconf 90' lang='lat'><strong><em>,</em></strong></span> <span class='ocrx_word' id='word_1_1043' title='bbox 2507 5609 2741 5663; x_wconf 75' lang='lat' dir='ltr'><strong><em>exclusus</em></strong></span> <span class='ocrx_word' id='word_1_1044' title='bbox 2772 5624 2841 5664; x_wconf 86' lang='lat' dir='ltr'><strong><em>est</em></strong></span> <span class='ocrx_word' id='word_1_1045' title='bbox 2867 5653 2880 5677; x_wconf 92' lang='lat'><strong><em>,</em></strong></span> <span class='ocrx_word' id='word_1_1046' title='bbox 2912 5612 2999 5680; x_wconf 81' lang='lat' dir='ltr'><strong><em>qui</em></strong></span> <span class='ocrx_word' id='word_1_1047' title='bbox 3030 5615 3150 5667; x_wconf 87' lang='lat' dir='ltr'><strong><em>dum</em></strong></span> <span class='ocrx_word' id='word_1_1048' title='bbox 3178 5614 3271 5669; x_wconf 88' lang='lat' dir='ltr'><strong><em>sibi</em></strong></span> <span class='ocrx_word' id='word_1_1049' title='bbox 3302 5619 3387 5668; x_wconf 84' lang='lat' dir='ltr'><strong><em>de-</em></strong></span> 
     </span>
    </p>
   </div>
   <div class='ocr_carea' id='block_1_148' title="bbox 1792 5681 3377 5756">
    <p class='ocr_par' dir='ltr' id='par_1_148' title="bbox 1792 5681 3377 5756">
     <span class='ocr_line' id='line_1_148' title="bbox 1792 5681 3377 5756; baseline -0.003 -20"><span class='ocrx_word' id='word_1_1050' title='bbox 1792 5683 1969 5752; x_wconf 84' lang='lat' dir='ltr'><strong><em>negari</em></strong></span> <span class='ocrx_word' id='word_1_1051' title='bbox 1998 5682 2533 5756; x_wconf 72' lang='lat' dir='ltr'><strong><em>introitum_cei&#39;ne_ret,</em></strong></span> <span class='ocrx_word' id='word_1_1052' title='bbox 2566 5681 2734 5732; x_wconf 88' lang='lat' dir='ltr'><strong><em>omnia</em></strong></span> <span class='ocrx_word' id='word_1_1053' title='bbox 2764 5698 2972 5751; x_wconf 77' lang='lat' dir='ltr'><strong><em>quaque</em></strong></span> <span class='ocrx_word' id='word_1_1054' title='bbox 3006 5688 3256 5756; x_wconf 72' lang='lat' dir='ltr'><strong><em>attingere</em></strong></span> <span class='ocrx_word' id='word_1_1055' title='bbox 3287 5704 3377 5752; x_wconf 83' lang='lat' dir='ltr'><strong><em>po.</em></strong></span> 
     </span>
    </p>
   </div>
   <div class='ocr_carea' id='block_1_149' title="bbox 1796 5752 3386 5828">
    <p class='ocr_par' dir='ltr' id='par_1_149' title="bbox 1796 5752 3386 5828">
     <span class='ocr_line' id='line_1_149' title="bbox 1796 5752 3386 5828; baseline 0 -21"><span class='ocrx_word' id='word_1_1056' title='bbox 1796 5753 2189 5828; x_wconf 26' lang='lat' dir='ltr'><strong><em>tuit,_‘gladig,</em></strong></span> <span class='ocrx_word' id='word_1_1057' title='bbox 2247 5752 2565 5828; x_wconf 78' lang='lat' dir='ltr'><strong><em>flammisque</em></strong></span> <span class='ocrx_word' id='word_1_1058' title='bbox 2618 5758 2950 5828; x_wconf 75' lang='lat' dir='ltr'><strong><em>consumpsit.</em></strong></span> <span class='ocrx_word' id='word_1_1059' title='bbox 3007 5752 3157 5811; x_wconf 35' lang='lat' dir='ltr'><strong><em>Inde.</em></strong></span> <span class='ocrx_word' id='word_1_1060' title='bbox 3191 5774 3386 5828; x_wconf 88' lang='lat' dir='ltr'><strong><em>quoque</em></strong></span> 
     </span>
    </p>
   </div>
   <div class='ocr_carea' id='block_1_150' title="bbox 1770 5823 3388 5898">
    <p class='ocr_par' dir='ltr' id='par_1_150' title="bbox 1770 5823 3388 5898">
     <span class='ocr_line' id='line_1_150' title="bbox 1770 5823 3388 5898; baseline 0.003 -22"><span class='ocrx_word' id='word_1_1061' title='bbox 1770 5824 2055 5898; x_wconf 67' lang='lat' dir='ltr'><strong><em>egrediens</em></strong></span> <span class='ocrx_word' id='word_1_1062' title='bbox 2105 5823 2396 5898; x_wconf 84' lang='lat' dir='ltr'><strong><em>Ravennam</em></strong></span> <span class='ocrx_word' id='word_1_1063' title='bbox 2440 5824 2693 5891; x_wconf 85' lang='lat' dir='ltr'><strong><em>ingressus</em></strong></span> <span class='ocrx_word' id='word_1_1064' title='bbox 2739 5833 2833 5877; x_wconf 85' lang='lat' dir='ltr'><strong><em>est.</em></strong></span> <span class='ocrx_word' id='word_1_1065' title='bbox 2879 5824 3087 5895; x_wconf 85' lang='lat' dir='ltr'><strong><em>Ibique,</em></strong></span> <span class='ocrx_word' id='word_1_1066' title='bbox 3117 5823 3310 5898; x_wconf 78' lang='lat' dir='ltr'><strong><em>quibus</em></strong></span> <span class='ocrx_word' id='word_1_1067' title='bbox 3333 5846 3388 5880; x_wconf 86' lang='lat' dir='ltr'><strong><em>se</em></strong></span> 
     </span>
    </p>
   </div>
   <div class='ocr_carea' id='block_1_151' title="bbox 1786 5894 3387 5980">
    <p class='ocr_par' dir='ltr' id='par_1_151' title="bbox 1786 5894 3387 5980">
     <span class='ocr_line' id='line_1_151' title="bbox 1786 5894 3387 5980; baseline -0.002 -25"><span class='ocrx_word' id='word_1_1068' title='bbox 1786 5894 1928 5980; x_wconf 83' lang='lat' dir='ltr'><strong><em>tueri</em></strong></span> <span class='ocrx_word' id='word_1_1069' title='bbox 1971 5894 2420 5979; x_wconf 68' lang='lat' dir='ltr'><strong><em>adversushostcs</em></strong></span> <span class='ocrx_word' id='word_1_1070' title='bbox 2464 5903 2670 5967; x_wconf 83' lang='lat' dir='ltr'><strong><em>posset,</em></strong></span> <span class='ocrx_word' id='word_1_1071' title='bbox 2721 5894 3387 5972; x_wconf 30' lang='lat' dir='ltr'><strong><em>munitionum’prwpararc</em></strong></span> 
     </span>
    </p>
   </div>
   <div class='ocr_carea' id='block_1_152' title="bbox 2822 5986 2907 6100">
    <p class='ocr_par' dir='ltr' id='par_1_152' title="bbox 2822 5986 2907 6100">
     <span class='ocr_line' id='line_1_152' title="bbox 2822 5986 2907 6100; baseline 0 -22"><span class='ocrx_word' id='word_1_1072' title='bbox 2822 5986 2907 6100; x_wconf 60' lang='grc' dir='ltr'><strong><em>,ξι</em></strong></span> 
     </span>
    </p>
   </div>
  </div>
