3918 6344
502 340 609 400 975
674 343 680 351 ”

1359 334 1367 344 ’
1407 336 1611 392 PAULI
1648 332 1923 390 DIACONI
1959 328 2079 385 OPP

2183 326 2329 382 ἈΒΘ
2370 333 2411 382 Ι.
2451 358 2519 368 -
2561 318 2943 385 ΗΙΞΤΟΚΙΟᾹ.
3631 316 3712 372 9ἶ6

502 458 754 519 Simultas
779 458 932 513 etiam
957 460 1093 526 facta
1118 463 1191 508 est
1219 453 1400 518 multa,
1426 460 1472 504 et
1497 450 1788 505 incendium
1814 448 2079 501 domorum
2107 444 2159 501 A
2182 452 2362 512 portas
2384 485 2399 510 ,
2457 445 2749 498 Armeniam
2773 483 2789 509 ,
2840 452 2887 497 et
2931 439 3317 510 Cappadociam
3344 477 3360 503 ,
3409 434 3642 491 Galatiam
3682 449 3718 491 ct

499 552 800 612 multarum,
833 566 893 602 ac
921 547 1196 600 homicidia
1226 546 1356 597 dena
1387 544 1572 609 millia,
1601 543 1749 596 turba
1776 542 2082 609 vociferante
2115 569 2119 573 ’

497 646 743 700 adversus
770 642 1128 706 Anastasium,
1174 647 1219 693 et
1254 637 1569 691 Vitalianum
1600 637 1959 704 imperatorem
1988 648 2080 701 pe-

498 750 653 805 tente,
677 742 747 793 ita
779 748 829 792 ut
861 743 1054 807 fugeret
1079 735 1395 799 Anastasius,
1429 742 1474 786 et
1505 734 1749 795 latitaret,
1780 732 1845 784 ab
1874 733 2083 800 ipsaque

497 830 727 888 Ariadne
758 829 1071 882 laceraretur
1097 825 1326 892 injuriis,
1375 832 1429 877 ut
1462 832 1585 892 puta
1617 822 1894 875 multorum
1924 835 2082 873 causa

494 922 751 977 malorum
772 917 1079 974 Christianis
1110 916 1335 984 effectus.
1366 915 1720 969 Alantundaro
1746 923 1915 967 autem
1941 913 2081 981 prin-

494 1016 608 1084 cipe
662 1012 1045 1069 Saracenorum
1096 1012 1256 1080 gentis
1310 1009 1609 1073 baptizato',
1677 1006 1896 1061 Severus
1951 1004 2081 1056 duos

497 1106 764 1177 episcopos
792 1104 992 1156 macula
1022 1117 1128 1155 sua:
1160 1100 1422 1167 pravitatis
1453 1100 1666 1167 infectos
1711 1098 1897 1151 direxit
1923 1111 2081 1149 causa

494 1197 932 1252 communicandi.
987 1195 1080 1248 Dei
1115 1208 1285 1247 autem
1317 1194 1634 1262 providentia
1670 1194 1760 1245 ille
1797 1191 2081 1261 baptizatus

494 1301 603 1345 erat
633 1292 695 1343 ab
725 1289 1037 1343 Urthodoxis
1066 1288 1153 1358 qui
1190 1288 1499 1356 recipiebant
1528 1287 1822 1340 concilium.
1857 1283 2081 1353 Cumque

494 1381 671 1438 Severi
719 1382 947 1452 episcOpi
992 1381 1275 1435 subvertere
1322 1382 1663 1451 principema
1692 1396 1807 1433 vero
1844 1381 2081 1451 dogmate

493 1476 812 1546 festinarent,
844 1474 1143 1527 mirabiliter
1172 1490 1255 1528 eos
1284 1475 1450 1545 arguit
1480 1476 1863 1527 Alamundarus
1895 1474 2078 1546 hujus-

492 1572 690 1626 cemodi
736 1570 949 1638 fabula;
1001 1571 1071 1623 ait
1118 1572 1252 1624 enim
1305 1571 1372 1623 ad
1418 1571 1576 1624 illos:
1629 1569 1853 1623 Litteras
1903 1570 2078 1635 accepi

490 1664 663 1729 hodie,
706 1666 823 1733 quia
856 1664 1079 1718 Michael
1124 1663 1463 1735 archangelus
1508 1676 1758 1719 mortuus.
1812 1663 1933 1718 Illis
1962 1679 2077 1718 vero

490 1755 797 1819 dicentibus,
849 1756 943 1809 hoc
990 1756 1304 1826 impossibile
1353 1758 1465 1827 fore
1494 1797 1507 1819 ,
1557 1758 1629 1810 ait
1682 1757 1958 1827 princeps:
2010 1755 2076 1810 Et

488 1850 746 1920 quomodo
779 1848 917 1902 Deus
944 1852 1221 1903 secundum
1265 1865 1351 1904 vos
1394 1848 1564 1902 nudus
1608 1849 1883 1917 crucifixus
1916 1890 1930 1913 ,
1976 1850 2078 1902 nisi

489 1952 792 1996 naturarum
822 1954 947 1996 esset
978 1943 1199 1996 duarum
1230 1941 1461 1996 Christus
1481 1983 1496 2007 ,
1545 1943 1956 2011 quandoquidem
1985 1960 2077 1997 nec

487 2035 702 2105 angelus
732 2043 808 2088 est
837 2035 1114 2088 moriturus
1141 2036 1164 2086 ?
1214 2033 1281 2087 Et
1309 2034 1384 2088 ita
1412 2050 1529 2087 cum
1573 2034 1870 2103 confusione
1898 2034 2076 2089 Severi

486 2135 801 2181 recesserunt
836 2128 1080 2198 episcOpi.
1118 2124 1300 2196 Itaque
1334 2124 1651 2192 Vitalianus,
1683 2144 1829 2196 quem
1858 2130 2078 2197 populus

484 2220 845 2287 imperatorem
875 2219 1172 2283 expetierat,
1205 2224 1414 2285 excepta
1442 2226 1547 2270 tota
1572 2215 1815 2281 Thracia,
1852 2216 2077 2287 Scythia
2114 2230 2115 2233 ‘

485 2319 532 2363 et
564 2308 737 2379 Mysia
761 2350 776 2372 ,
834 2307 1087 2379 Bulgaros
1118 2310 1303 2361 habens
1341 2325 1508 2362 secum
1532 2352 1547 2375 ,
1603 2321 1649 2362 et
1699 2309 2078 2365 multitudinem

486 2400 823 2466 Hunnorum,
856 2401 983 2467 cepit
1015 2400 1320 2455 Anchialum
1350 2410 1395 2455 et
1421 2398 1805 2470 Odyssopolim.
1838 2401 2079 2473 Compre-

485 2490 667 2546 hendit
692 2500 862 2545 autem
890 2500 935 2544 et
961 2488 1216 2562 Cyrillum
1241 2493 1539 2561 magistrum
1569 2494 1789 2546 militum
1810 2493 2069 2561 Thracias,
2106 2532 2107 2537 η

486 2594 541 2639 et‘
562 2586 785 2643 pervenit
817 2585 1019 2654 praedas
1058 2585 1279 2652 gerendo
1307 2582 1634 2654 Byzantium.
1690 2584 1917 2640 Parcens
1960 2602 2105 2643 vero.

484 2674 698 2743 civitati,
729 2677 867 2745 apud
901 2674 1197 2731 Sostenium
1223 2686 1608 2731 castrametatus
1637 2688 1734 2732 est.
1770 2679 2076 2733 Anastasius

484 2776 656 2823 autem
678 2768 1032 2840 desperatione
1056 2778 1430 2835 consternatus,
1455 2771 1609 2825 mittit
1630 2787 1694 2825 ea:
1717 2780 1897 2826 senatu
1919 2788 2076 2842 quos-

483 2862 624 2928 dam,
656 2878 845 2933 royans
874 2879 990 2916 eum
1019 2863 1247 2933 pacisci,
1300 2874 1347 2918 et
1386 2865 1574 2932 jurare
1620 2882 1725 2920 una
1752 2882 1868 2919 cum
1898 2876 2076 2920 senatu

481 2954 621 3023 quod
672 2954 736 3008 ab
784 2955 969 3010 exsilio
1016 2966 1272 3011 revocaret
1300 2957 1560 3026 episcOpos
1597 2962 1734 3028 apud
1766 2958 2077 3013 Heracleam

482 3044 743 3101 Thraciae.
804 3045 972 3102 Porro
1018 3046 1312 3103 Vitalianus
1362 3050 1565 3102 addidit
1616 3059 1671 3103 ut
1720 3059 1767 3104 et
1816 3053 2075 3121 principes

2189 536 2414 591 Pontum
2435 578 2451 602 ,
2500 538 2792 610 depopulati
2829 545 2990 602 sunt,
3038 536 3109 589 ita
3138 544 3201 588 ut
3222 532 3530 587 Euchaitam
3553 547 3716 603 quoque

2188 649 2315 703 pene
2333 635 2675 698 pervaderent.
2698 632 2843 687 Unde
2859 642 2906 686 et
2924 631 3127 702 fugiens
3146 628 3485 683 Macedonius
3499 626 3724 694 episcopus

2186 730 2548 801 propemodum
2573 728 2911 799 periclitatus,
2941 726 3164 779 salvatus
3198 733 3271 777 est
3299 722 3438 792 apud
3460 720 3489 760 δ
3508 717 3725 790 Gangras.

2191 824 2304 891 Quo
2330 836 2607 896 comperto,
2639 825 2940 878 Anastasius
2985 822 3096 876 illic
3141 839 3259 877 eum
3304 837 3478 875 amare
3517 817 3728 873 custodiri

2187 917 2443 986 prlecepit,
2474 917 2696 981 mittens,
2730 925 2784 969 ut
2813 919 2977 979 aiunt,
3025 914 3112 983 qui
3155 930 3270 968 eum
3316 913 3605 967 occiderent.
3647 911 3729 963 De.

2190 1010 2390 1079 functus
2419 1019 2589 1063 autem
2619 1010 2761 1077 apud
2788 1009 3021 1080 Gangras
3046 1046 3061 1071 ,
3114 1008 3311 1074 positus
3350 1014 3425 1060 est
3463 1007 3510 1059 in
3548 1004 3729 1057 ecclesia

2188 1102 2351 1155 sancti
2379 1102 2619 1170 martyris
2646 1100 2886 1155 Caliinici
2924 1103 3080 1173 juxta
3110 1099 3354 1167 reliquias
3384 1099 3494 1168 ejus
3518 1138 3530 1162 ,
3574 1098 3733 1149 multas

2187 1194 2425 1247 sanitates
2456 1193 2690 1263 efﬁciens.
2746 1192 2847 1258 Qui
2889 1207 3007 1245 cum
3052 1190 3299 1245 exanimis
3334 1193 3559 1261 jaceret,
3602 1206 3732 1242 manu

2188 1292 2349 1360 fertur
2371 1306 2425 1345 se
2453 1290 2717 1361 signaculo
2759 1290 2923 1344 crucis
2965 1289 3217 1361 signasse.
3268 1286 3567 1341 Theodorus
3594 1297 3733 1339 autem

2134 1424 2135 1427 η
2185 1396 2316 1435 unus
2345 1397 2409 1435 ea:
2434 1382 2511 1461 his
2536 1382 2625 1452 qui
2661 1398 2778 1435 cum
2815 1397 2874 1435 eo
2912 1392 3058 1435 eram
3085 1380 3209 1434 vidit
3243 1397 3357 1434 eum
3386 1381 3439 1433 in
3466 1379 3641 1433 somnis
3667 1380 3733 1431 di-

2186 1486 2380 1530 centem
2410 1477 2543 1531 sibi:
2576 1475 2791 1548 Excipe,
2821 1477 2993 1530 abiens
3040 1477 3169 1544 lege,
3224 1485 3269 1530 et
3320 1475 3403 1527 dic
3449 1472 3736 1529 Anastasio:

2187 1568 2299 1640 Ego
2330 1570 2534 1638 quidem
2563 1570 2630 1624 ad
2677 1579 2846 1640 patres
2876 1587 3012 1624 meos
3041 1571 3191 1637 vado,
3241 1584 3457 1637 quorum
3481 1568 3625 1636 ﬁdem
3647 1583 3736 1621 ser-

2183 1662 2333 1715 vavi:
2363 1678 2466 1716 non
2495 1662 2699 1715 cessabo
2728 1671 2894 1715 autem
2929 1663 3211 1716 increscens
3242 1659 3478 1727 Domino,
3512 1676 3740 1728 usquequo

2186 1754 2380 1818 venias,
2408 1761 2454 1806 et
2478 1754 2827 1823 ingrediamur
2845 1754 3122 1825 judicium.
3154 1750 3359 1806 Eodem
3386 1769 3520 1806 anno
3544 1754 3741 1806 Alexan-

2109 1811 2159 1871 Β
2187 1845 2313 1898 dria:
2340 1844 2495 1897 multi
2521 1844 2651 1908 viri,
2696 1861 2756 1897 ac
2798 1844 3036 1898 mulieres
3059 1885 3073 1909 ,
3125 1852 3172 1896 et
3220 1843 3405 1914 pueri,
3458 1843 3683 1897 atrociter
3717 1858 3743 1895 α

2183 1937 2499 1992 dwmonibus
2532 1937 2723 1991 obsessi
2750 1948 2955 2009 repente
2984 1938 3264 1991 latrabant.
3294 1935 3359 1990 In
3387 1938 3573 1991 somnis
3598 1946 3741 1991 autem

2181 2030 2389 2101 quidam
2421 2030 2546 2083 vidit
2572 2030 2845 2099 quemdam
2871 2030 3119 2083 dicentem
3155 2030 3277 2096 quia
3318 2038 3523 2096 propter
3550 2027 3743 2081 anathe-

2181 2124 2441 2176 matismos
2482 2121 2667 2191 synodi
2696 2118 3124 2175 Chalcedonensis
3168 2120 3435 2191 patiuntur
3462 2120 3565 2173 isti.
3618 2118 3743 2174 Vice-

2181 2217 2308 2268 simo
2338 2214 2521 2268 deinde
2560 2223 2606 2267 et
2637 2214 2853 2285 septimo
2882 2214 3086 2282 imperii
3116 2210 3373 2266 Anastasii
3416 2228 3553 2266 anno
3576 2253 3593 2281 ,
3638 2213 3744 2265 vidit

2180 2308 2316 2362 idem
2362 2307 2641 2379 imperator
2684 2308 2739 2359 in
2786 2309 2896 2361 visu
2942 2308 3106 2360 virum
3156 2306 3433 2360 terribilem
3484 2313 3747 2375 portantem

2182 2402 2445 2468 Codicem,
2476 2404 2563 2473 qui
2593 2403 2731 2457 hunc
2760 2402 3032 2472 aperiens,
3081 2409 3126 2454 et
3168 2400 3427 2454 inveniens
3458 2414 3637 2452 nomen
3664 2398 3746 2451 im-

2179 2498 2432 2566 peratoris
2456 2537 2472 2563 ,
2523 2496 2649 2551 dicit
2684 2498 2729 2551 ei
2754 2510 2774 2550 :
2818 2495 2948 2549 Ecce
2987 2505 3195 2565 propter
3222 2495 3411 2549 malam
3441 2494 3595 2562 fidem
3623 2502 3745 2546 tuam

2180 2587 2321 2641 deleo
2347 2588 2518 2642 decem
2547 2597 2595 2640 et
2626 2596 2861 2657 quatuor,
2904 2597 2950 2640 et
2976 2571 3155 2639 delevit
3205 2602 3309 2641 eos.
3362 2582 3743 2655 Expergefactus

2179 2688 2349 2733 autem
2376 2720 2390 2743 ,
2439 2689 2486 2733 et
2533 2680 2778 2734 advocato
2831 2682 3072 2749 praefecto
3121 2679 3428 2733 Adamantio
3456 2720 3473 2746 ,
3539 2678 3662 2731 dixit
3706 2676 3745 2730 ei

2178 2773 2444 2827 visionem.
2495 2770 2568 2826 Et
2610 2789 2723 2842 ego,
2762 2772 2835 2826 ait
2866 2771 2974 2836 ille,
3005 2770 3112 2825 vidi
3150 2771 3257 2825 htec
3282 2772 3381 2825 ista
3410 2779 3554 2823 nocte
3578 2812 3591 2831 ,
3638 2768 3744 2837 quia

2180 2865 2440 2919 assistenti
2468 2863 2596 2917 mihi
2626 2865 2841 2931 imperio
2871 2873 2956 2918 tuo
2988 2880 3169 2933 porcus
3209 2879 3427 2932 magnus
3459 2861 3743 2929 veniensﬁ'et

2179 2955 2545 3026 comprehensa
2572 2964 2821 3025 prwtexta
2848 2971 2979 3019 mea,
3010 2956 3229 3027 projecit
3268 2970 3348 3009 me
3375 2955 3430 3007 in
3459 2964 3661 3016 terram,
3700 2960 3741 3005 et

2178 3051 2453 3105 interemit.
2486 3048 2772 3104 Convocato
2799 3065 2920 3121 ergo
2948 3047 3174 3103 Proculo
3202 3049 3517 3117 conjectare,
3551 3047 3678 3099 dixit
3703 3045 3740 3097 ei

483 3138 887 3208 uniuscujusque
910 3140 1101 3193 scholae
1120 3140 1303 3209 jurent
1332 3140 1489 3205 istud,
1520 3141 1608 3194 sed
1639 3151 1686 3195 et
1711 3139 2070 3209 Macedonius,
2104 3182 2152 3246 Ο
2181 3161 2293 3215 qua:
2317 3148 2424 3200 visa
2453 3146 2678 3216 fuerant,
2708 3146 2795 3215 qui
2820 3145 2958 3216 quod
2988 3144 3136 3197 ambo
3163 3143 3327 3213 forent
3358 3150 3473 3210 post
3494 3140 3741 3212 paululum

485 3238 532 3285 et
564 3229 871 3297 Flavianus,
914 3232 1003 3301 qui
1042 3234 1276 3303 nequiter
1309 3234 1444 3301 pulsi
1475 3234 1701 3303 fuerant,
1740 3252 1857 3289 suos
1885 3238 2074 3306 recipe-

485 3335 598 3379 rent
624 3324 857 3393 thronos,
894 3326 1132 3380 similiter
1162 3336 1209 3381 et
1249 3328 1433 3399 reliqui
1460 3344 1631 3383 omnes
1662 3330 1903 3401 episcOpi,
1933 3342 1979 3385 et
2004 3332 2076 3387 ita

484 3417 823 3473 celebraretur
871 3419 1096 3489 synodus
1147 3416 1386 3473 Romana
1419 3462 1434 3483 ,
1491 3431 1535 3474 et
1587 3423 1778 3476 cunctis
1826 3423 2076 3493 episcopis

483 3510 925 3575 convenientibus,
972 3510 1229 3565 communi
1280 3512 1479 3577 iudicio
1511 3512 1904 3582 reprobarentur
1963 3531 2077 3583 qua:

484 3603 730 3656 adversus
760 3601 1087 3658 Orthodoxos
1112 3614 1227 3657 sunt
1252 3617 1587 3675 prwsumpta.
1614 3604 1801 3676 Itaque
1826 3623 1943 3660 cum
1970 3607 2077 3661 luec

483 3695 784 3761 imperator,
834 3704 1042 3750 senatus
1092 3707 1136 3750 et
1184 3697 1369 3767 reliqui
1422 3699 1716 3766 principes,
1770 3699 2074 3769 populique,

481 3788 751 3858 jurassent
780 3798 828 3843 et
857 3790 1247 3861 conﬁrmassent
1279 3792 1350 3845 ita
1378 3793 1634 3860 ﬂendum,
1682 3794 1820 3863 facta
1849 3807 1921 3849 est
1953 3814 2075 3866 pax,

485 3891 535 3935 et
562 3882 630 3935 ad
658 3884 871 3954 propria
900 3883 1075 3937 rediit.
1131 3883 1418 3937 Hormisda
1444 3901 1561 3938 vero
1592 3884 1745 3939 Rom.
1772 3890 2041 3959 episcopus
2061 3932 2076 3958 ,

484 3974 735 4044 fatigatus
777 3992 809 4028 a
835 3972 1175 4039 Theoderico,
1215 3974 1480 4029 Vita’liano
1521 3978 1741 4045 favente,
1769 3987 1793 4014 ει
1819 3978 2078 4035 Evodium

484 4068 781 4140 episcopum
830 4070 1005 4134 misit,
1060 4080 1106 4123 et
1160 4068 1480 4125 Vitalianum
1528 4074 1951 4131 archidiaconum
2008 4081 2077 4135 ad

484 4161 742 4229 synodum
774 4161 1129 4215 celebrandam
1156 4163 1296 4233 apud
1328 4162 1653 4221 Heracleam.
1698 4165 1959 4223 Venerunt
1987 4188 2078 4224 au-

491 4257 591 4303 tem
619 4260 669 4303 et
695 4253 919 4321 episcopi
951 4268 1013 4305 ex
1039 4253 1249 4306 diversis
1279 4253 1406 4309 locis
1437 4256 1542 4324 fere
1568 4258 1790 4325 ducenti,
1824 4264 1911 4328 qui
1936 4260 2078 4315 illusi

486 4341 550 4394 ab
582 4343 907 4414 imperatore,
961 4354 1007 4397 et
1038 4343 1305 4400 Timotheo
1336 4349 1571 4417 episcOpo
1602 4348 2077 4421 ConstantinOpoli-

488 4443 627 4500 tano,
653 4448 966 4491 recesserunt
991 4439 1288 4507 inefﬁcaces.
1329 4439 1529 4514 Impius
1555 4445 1743 4514 quippe
1771 4446 2072 4517 imperator,

486 4532 643 4594 pacta
672 4528 1050 4595 transgrediens
1069 4571 1082 4593 ,
1123 4531 1257 4584 clam
1283 4532 1536 4617 intimavit
1560 4534 1801 4613 Romano
1830 4556 1979 4608 papa:
2011 4558 2071 4595 ne
2099 4554 2155 4617 Ι)

486 4616 700 4669 veniret.
754 4618 971 4673 Miserat
1008 4621 1143 4674 enim
1176 4620 1440 4677 Vitaliano
1466 4613 1669 4679 sacram
1691 4669 1705 4693 ,
1755 4647 1857 4699 quo
1906 4642 2076 4688 trans-

487 4705 709 4761 mitteret
737 4724 847 4761 eam
880 4709 1118 4779 Romam,
1158 4722 1213 4765 ut
1242 4731 1379 4784 papa
1406 4716 1819 4785 proﬁcisceretur
1844 4722 1911 4775 ad
1942 4724 2074 4779 cele-

490 4798 737 4852 brandam
786 4802 1038 4870 synodum
1090 4805 1229 4872 apud
1277 4804 1605 4862 Heracleam.
1676 4810 1859 4866 Omnis
1908 4826 2076 4870 autem

488 4894 713 4961 papulas
743 4903 895 4964 atque
921 4905 1128 4951 senatus
1162 4898 1218 4953 in
1260 4903 1532 4968 prasentia
1565 4904 1896 4960 maledicebat
1933 4910 2076 4965 Ana-

490 4985 649 5037 stasio
681 4996 923 5055 tanquam
951 4993 1184 5061 perjuro.
1236 4990 1405 5047 Porro
1438 4994 1727 5052 Vitalianus
1772 5001 2075 5072 indignatus
2164 5044 2165 5047 η

490 5073 731 5131 adversus
762 5078 1096 5133 Anastasium
1126 5082 1186 5135 ob
1215 5086 1528 5155 perjurium,
1566 5091 1730 5143 multa
1758 5092 1896 5147 mala
1926 5112 2074 5151 exer-

491 5167 672 5220 citibus
703 5169 965 5224 Anastasii
1006 5183 1053 5227 et
1090 5174 1300 5246 reliquae
1342 5180 1472 5248 reip.
1505 5181 1900 5254 demonstravit,
1947 5192 2081 5243 occi-

491 5257 635 5323 dens,
668 5262 895 5328 rapiens,
929 5266 1085 5319 armis
1115 5282 1303 5324 exuens
1323 5310 1337 5335 ,
1381 5281 1428 5324 et
1468 5275 1724 5341 postremo
1754 5280 1824 5332 ad
1861 5282 2080 5353 injurias

490 5350 603 5414 eius
631 5366 1037 5424 unumquemque
1065 5359 1284 5412 militum
1315 5378 1418 5416 uno
1443 5379 1574 5418 tereo
1602 5384 1805 5423 nummo
1834 5350 2074 5430 vendens.

492 5434 698 5495 Interea
716 5441 924 5511 Hunni,
946 5447 1034 5515 qui
1055 5448 1297 5504 dicuntur
1317 5451 1502 5524 Saber,
1525 5465 1843 5517 transeuntes
1863 5462 2080 5535 Caspias

566 5601 592 5675 ς
627 5595 713 5675 ᾼ.,
746 5593 1059 5675 ζξηηοάίαηι,
1086 5618 1320 5675 semper.

562 5660 592 5699 δ
620 5667 713 5740 ᾼ.,
742 5666 991 5740 Crangas.

566 5743 592 5776 θ
619 5734 711 5805 Δ.,
742 5734 1241 5817 Constantinopolim
1270 5751 1482 5823 legatos,
1513 5768 1621 5816 etc.

2182 3239 2417 3292 morituri
2446 3238 2706 3309 praedixit.
2761 3236 3076 3292 Anastasius
3108 3234 3287 3305 itaque
3313 3248 3434 3288 cum
3480 3234 3532 3287 in
3574 3230 3743 3286 haeresi

2190 3329 2246 3385 in
2279 3344 2436 3395 quam
2468 3328 2718 3397 delapsus
2747 3328 2921 3383 fuerat
2968 3334 3373 3397 perseveraret,
3421 3327 3659 3393 duasque
3698 3322 3744 3375 in

2185 3421 2401 3478 Christo
2448 3430 2685 3489 naturas,
2739 3421 2953 3476 deitalis
2999 3420 3247 3476 videlicet
3287 3429 3343 3475 et
3391 3418 3744 3482 humanitatis,

2183 3513 2502 3583 Eutychium
2535 3512 2945 3569 haeresiarcham
2976 3527 3227 3581 sequens,
3266 3510 3581 3580 denegaret,
3622 3509 3745 3564 lior-

2190 3605 2362 3659 misda
2412 3620 2585 3674 papa,
2639 3603 2730 3672 qui
2780 3602 3101 3673 Symmacho
3146 3613 3525 3670 successerat,
3576 3600 3749 3656 direxit

2178 3698 2433 3753 Evodium
2465 3697 2807 3752 Ticinensem
2849 3697 3157 3765 episcopum
3183 3737 3198 3761 ,
3249 3696 3495 3765 aliosque
3538 3710 3654 3749 cum
3691 3705 3748 3746 eo

2183 3800 2205 3828 ε
2234 3789 2748 3858 Constantinopolim
2777 3803 2900 3843 cum
2927 3788 3207 3843 catholica:
3233 3788 3358 3843 ﬁdei
3385 3788 3613 3856 scripto,
3636 3799 3750 3857 qua—

2181 3891 2336 3937 tenus
2365 3883 2706 3938 Anastasium
2738 3882 2802 3937 ad
2840 3884 3095 3939 Ecclesia:
3121 3886 3388 3953 gremium
3418 3883 3747 3941 reducerent.

2181 3978 2268 4045 qui
2298 3992 2404 4032 non
2433 3978 2607 4033 solum
2640 3977 2883 4032 salubria
2920 3992 3109 4032 eorum
3144 3976 3345 4031 monita
3372 3977 3624 4046 sprevit,
3672 3971 3754 4025 sed

2180 4069 2396 4139 insuper
2424 4071 2584 4125 etiam
2615 4087 2645 4125 a
2675 4070 2788 4127 suis
2833 4073 3218 4140 conspectibus
3270 4087 3378 4126 non
3412 4073 3535 4125 sine
3581 4079 3756 4123 contu-

2180 4161 2338 4215 melia
2367 4164 2599 4232 expulit,
2634 4164 2862 4234 navique
2892 4164 3066 4234 fragili
3096 4164 3402 4234 impositis,
3451 4162 3671 4218 mandat
3697 4174 3752 4212 ne

2180 4254 2386 4321 uspiam
2442 4271 2538 4324 per
2584 4265 2747 4310 totam
2792 4258 3054 4312 Graeciam
3106 4256 3172 4311 ad
3207 4256 3442 4326 aliquam
3500 4259 3755 4311 civitatem

2181 4346 2515 4402 accederent.
2570 4348 2743 4415 Quam
2791 4349 2909 4417 ejus
2943 4350 3160 4418 impiam
3197 4350 3562 4405 temeritatem
3597 4346 3755 4400 divina

2181 4438 2314 4492 ultio
2342 4440 2595 4494 continuo
2638 4442 2927 4497 subsecuta
2968 4451 3071 4497 est.
3126 4442 3260 4498 Nam
3289 4459 3415 4497 cum
3452 4442 3757 4496 vicesimum

2182 4538 2237 4584 et
2264 4532 2545 4598 septimum
2576 4548 2775 4588 annum
2812 4535 3026 4603 imperii
3057 4542 3085 4580 d
3108 4545 3307 4603 ageret,
3339 4549 3585 4591 mortuus
3613 4546 3704 4595 est,
3725 4537 3765 4583 ει

2179 4624 2446 4692 imperavit
2473 4642 2567 4695 pro
2596 4642 2655 4680 eo
2685 4627 2799 4697 pius
2826 4626 3087 4693 Justinus,
3117 4628 3195 4682 vir
3223 4630 3417 4693 senior,
3473 4640 3522 4683 et
3558 4628 3763 4680 multum

2181 4718 2373 4785 peritus
2394 4762 2409 4786 ,
2460 4719 2547 4787 qui
2592 4735 2623 4771 a
2670 4719 2914 4773 militibus
2942 4721 3212 4791 incipiens,
3244 4737 3405 4789 usque
3434 4723 3509 4774 ad
3542 4729 3767 4776 senatum

2180 4810 2412 4879 profecit.
2467 4810 2691 4877 Quidam
2737 4820 2906 4866 autem
2954 4813 3102 4866 aiunt
3151 4813 3286 4883 quod
3333 4814 3512 4869 divino
3565 4810 3769 4884 fulrninc

2179 4902 2483 4956 Anastasius
2512 4916 2784 4971 percussus
2813 4904 3046 4973 perierit.

2802 4995 3146 5053 JUSTINUS.

2252 5088 2407 5143 Anno
2435 5089 2502 5143 ab
2532 5090 2904 5145 Incarnatione
2944 5090 3155 5145 Domini
3184 5099 3209 5127 ε
3234 5090 3363 5160 5H,
3394 5092 3653 5148 Justinus
3681 5088 3776 5143 Cs-

2179 5192 2475 5250 rOpazates,
2518 5181 2768 5254 Illyricus
2797 5200 2997 5254 genere,
3028 5185 3109 5239 vir
3136 5187 3461 5257 catholicus,
3490 5182 3777 5259 Augustali

2182 5275 2384 5342 politus
2413 5284 2495 5330 est
2521 5277 2678 5331 solio.
2710 5278 2790 5331 Ad
2822 5278 2962 5332 hunc
2988 5279 3059 5333 ob
3086 5293 3301 5335 causam
3335 5279 3776 5352 redintegranda:

2181 5367 2307 5422 tidei
2340 5369 2584 5424 directus
2615 5369 2682 5425 ab
2714 5370 2992 5426 llormisda
3024 5374 3280 5442 pontiﬁce
3304 5417 3319 5441 ,
3370 5379 3453 5432 vir
3488 5375 3775 5430 sanetitate

2181 5463 2525 5533 praecipuus,
2578 5464 2877 5521 Germanus
2932 5464 3203 5537 Capuanae
3250 5469 3763 5540 nrbisepiscopﬂso

2217 5615 2284 5744 ιδ
2311 5617 2401 5687 Au
2430 5628 2619 5690 αθενειτ
2652 5629 2753 5676 ποια
2792 5634 3024 5690 ιαιηιιηιε
3049 5639 3315 5694 percussus
3340 5630 3551 5678 interiit.
3593 5623 3761 5671 Anno,

2238 5703 2286 5744 c.

2182 5703 2401 5887 iis;
2431 5761 2555 5887 ili
3109 5768 3364 5839 ιταταιοο,
3395 5762 3639 5821 ut...
3665 5763 3756 5805 ςε-

2223 5848 2422 5902 toncus,
2450 5848 2552 5888 etc.
2738 5856 2741 5857 ν
