3918 6344
192 453 290 511 977

192 662 289 715 ﬁde
312 661 572 716 solidavit.
629 665 703 717 Eo
752 674 990 732 tempore
1021 672 1158 738 apud
1192 673 1455 744 Africam,
1491 679 1747 736 defuncto

190 755 212 781 ⁸
236 752 582 807 Transmundo
610 754 970 814 Vandalorum
1023 778 1147 831 rege
1179 810 1193 832 ,
1247 768 1456 823 Arianae
1488 770 1747 840 perﬁdiae,

186 843 213 882 δ
235 843 563 912 Cltildericus,
596 846 711 915 ejus
742 848 882 903 ﬁlius
919 866 984 906 ex
1014 850 1263 908 Eudoxio
1291 860 1524 927 captiva,
1561 862 1752 917 Valen-

187 937 360 991 tiniani
410 939 662 1008 principis
711 940 819 996 ﬁlia
847 985 861 1009 ,
912 955 1061 1000 ortus
1084 986 1099 1011 ,
1137 948 1494 1007 Vandalorum
1527 970 1748 1022 regnum

183 1030 396 1098 adeptus
424 1041 529 1096 est,
562 1033 650 1100 qui
686 1050 790 1087 non
824 1046 1029 1104 patrem
1064 1042 1403 1107 hmreticum,
1439 1046 1530 1101 sed
1565 1050 1750 1103 matris

179 1121 453 1176 catholicae
483 1126 685 1179 monita
712 1142 963 1195 sequens,
987 1132 1164 1187 cultor
1195 1144 1357 1189 rectae
1384 1135 1502 1192 ﬁdei
1533 1140 1748 1195 enituit.

174 1217 322 1273 Hunc
354 1231 507 1286 pater
535 1221 943 1279 Transmundus
969 1227 1034 1280 ad
1066 1238 1289 1284 mortem
1322 1234 1577 1299 veniens,
1626 1235 1750 1302 quia

175 1312 419 1367 ctenebat
464 1330 585 1369 eum
631 1317 909 1373 catholicae
964 1324 1097 1387 parti
1153 1322 1369 1391 favere,
1425 1329 1748 1382 sacramenti

168 1405 323 1459 nodis
361 1406 657 1477 astringere
699 1411 948 1476 curavit,
1004 1429 1071 1469 ne
1108 1430 1341 1482 unquam
1374 1418 1424 1471 in
1456 1433 1554 1473 suo
1581 1434 1748 1490 regno

164 1496 454 1551 Catholicis
482 1503 693 1569 faveret,
718 1510 869 1565 atque
891 1504 1212 1561 consuleret.
1247 1506 1346 1573 Qui
1379 1523 1503 1563 mox
1535 1520 1592 1563 nt
1617 1525 1748 1565 suus

160 1593 374 1659 genitor
401 1593 509 1646 vita
538 1595 727 1658 caruit,
762 1596 1067 1666 priusquam
1100 1600 1259 1654 etiam
1290 1601 1439 1670 regni
1488 1600 1607 1671 jura
1662 1619 1748 1658 as-

158 1691 435 1747 sumeret,
470 1685 750 1741 universos
781 1690 1062 1760 episcopos
1088 1733 1103 1755 ,
1157 1708 1291 1761 quos
1342 1695 1747 1752 Transmundus

156 1771 209 1826 in
262 1774 513 1829 exsilium
567 1786 856 1847 coegerat,
934 1782 1140 1849 regredi
1196 1782 1360 1849 fecit,
1426 1787 1610 1857 eisque
1659 1803 1747 1843 ec-

154 1864 353 1918 clesias
417 1865 696 1923 reformari
756 1875 1050 1941 praecepit,
1113 1876 1449 1945 septuaginta
1511 1877 1621 1948 jam
1690 1888 1745 1934 et

152 1967 393 2024 quatuor
422 1960 577 2013 annis
602 1962 859 2029 evolutis,
896 1979 961 2018 ex
992 1980 1097 2034 quo
1136 1982 1164 2020 a
1197 1966 1489 2024 Gensericn
1518 1986 1610 2024 avo
1650 1988 1743 2026 suo

152 2048 411 2115 primitus
460 2052 597 2119 apud
644 2053 879 2108 Africam
930 2058 1170 2112 ecclesia:
1220 2060 1369 2116 fuere
1437 2062 1740 2119 destructas.

152 2141 331 2197 Tertio
384 2145 580 2199 Justini
626 2149 872 2218 principis
923 2167 1058 2204 anno
1102 2164 1239 2207 moto
1285 2155 1415 2208 bello
1464 2157 1599 2210 inter
1637 2157 1745 2212 Ro.

153 2250 337 2288 manas
370 2244 419 2288 et
448 2235 667 2302 Persas,
712 2240 849 2293 misit
880 2242 1012 2295 idem
1064 2242 1303 2299 Justinus
1334 2247 1527 2317 legatos
1556 2259 1601 2301 et
1630 2266 1743 2304 mu-

152 2343 274 2380 nera
318 2329 391 2380 ad
419 2334 443 2373 d
467 2327 710 2384 Zelioben
757 2349 924 2403 regem
952 2333 1269 2389 Hunnorum
1294 2378 1307 2403 ,
1362 2349 1409 2391 et
1458 2343 1744 2406 repromisit

149 2420 227 2473 ille
253 2436 377 2472 cum
400 2424 715 2489 juramento,
749 2441 802 2477 se
826 2424 1121 2492 imperatori
1150 2438 1328 2481 contra
1369 2427 1556 2484 Persas
1587 2433 1743 2485 auxi-

149 2514 269 2565 lium
294 2515 664 2582 pnestiturum.
691 2515 979 2571 Mittentem
1002 2528 1169 2572 autem
1190 2522 1371 2575 deinde
1391 2525 1459 2575 ad
1487 2541 1542 2577 se
1571 2542 1738 2597 regem

147 2603 440 2660 Persarum
468 2609 694 2674 admisit,
729 2621 774 2665 et
796 2613 1032 2666 suadenti
1061 2616 1313 2681 promisit,
1336 2619 1489 2670 etiam
1519 2620 1618 2689 ipsi
1645 2619 1741 2673 hoc

150 2701 504 2769 praestiturum
545 2712 724 2756 contra
758 2704 1033 2758 Romanos.
1077 2706 1216 2761 Sane
1243 2706 1482 2762 Justinus
1503 2710 1609 2763 hate
1630 2712 1742 2766 edi-

145 2809 289 2848 scens
350 2796 578 2849 tristatus
629 2805 703 2851 est
748 2798 915 2852 valde.
976 2799 1145 2853 Porro
1190 2803 1374 2855 direxit
1419 2803 1646 2859 Zeliobes
1675 2808 1743 2861 ad

146 2886 336 2941 Persas
385 2889 565 2959 viginti
609 2890 773 2944 millia
821 2893 887 2945 ad
933 2895 1305 2964 expugnandos
1360 2895 1642 2953 Romanos.
1676 2902 1743 2954 At

144 2993 255 3032 vero
284 2979 533 3034 Justinus
561 2981 828 3035 destinavit
868 2982 1071 3037 C/tuadi
1116 2988 1225 3056 regi
1275 2988 1551 3044 Persarum
1594 2993 1739 3063 lega-

144 3071 336 3125 tionem
356 3089 454 3142 pro
492 3090 632 3141 pace,
675 3083 722 3127 et
758 3076 903 3141 quasi
935 3094 1087 3144 super
1116 3081 1221 3133 alio
1246 3081 1470 3150 quodam
1491 3084 1737 3150 scribens,

143 3163 295 3216 etiam
323 3171 388 3217 de
418 3164 623 3220 Zeliobe
661 3169 988 3237 signiﬁcavit,
1021 3173 1143 3242 quia
1188 3174 1544 3241 opitulationis
1588 3182 1737 3249 iura-

144 3265 320 3309 menta
356 3273 475 3310 cum
526 3258 773 3313 Romanis
820 3261 990 3325 habet,
1033 3274 1081 3317 et
1123 3266 1245 3335 quia
1282 3284 1492 3322 munera
1540 3274 1737 3341 accepit

143 3350 333 3419 multa,
362 3361 410 3405 et
440 3352 545 3405 vult
572 3354 801 3421 proditor
840 3354 1122 3410 Persarum
1153 3359 1265 3426 fieri
1318 3370 1364 3414 et
1393 3362 1513 3429 quia
1540 3375 1737 3434 oportet

144 3458 229 3496 nos
255 3460 378 3496 cum
419 3447 575 3499 simus
607 3450 812 3515 fratres,
857 3451 925 3501 ad
954 3452 1233 3505 amicitiam
1287 3456 1476 3521 venire,
1528 3468 1576 3510 et
1632 3476 1735 3512 non

146 3552 175 3586 a
200 3537 417 3591 canibus
447 3540 556 3592 istis
594 3540 767 3593 illudi.
799 3541 940 3595 Tunc
964 3543 1202 3599 Cbuades
1248 3563 1511 3602 accersens
1541 3560 1734 3605 secreto

146 3626 409 3695 Zelioben,
441 3632 727 3685 sciscitatus
754 3642 850 3700 est,
886 3639 929 3688 si
970 3639 1243 3708 accepisset
1273 3656 1304 3691 a
1351 3639 1596 3695 Romanis
1623 3660 1736 3695 mu-

148 3737 282 3779 nera.
316 3724 552 3778 hortatus
575 3742 658 3780 eos
679 3727 943 3781 adversum
968 3728 1177 3784 Persas.
1210 3731 1311 3795 Qui
1331 3732 1460 3786 dixit
1484 3748 1503 3786 :
1538 3735 1731 3791 Etiam.

151 3814 213 3868 Et
241 3818 406 3870 iratus
434 3816 673 3873 Cltuades
699 3822 886 3874 occidit
931 3839 1069 3887 eum,
1115 3833 1163 3878 et
1214 3841 1303 3895 per
1335 3838 1530 3881 noctem
1580 3831 1737 3884 missa

150 3910 467 3963 multitudine
496 3910 800 3979 Persarum,
841 3914 1095 3983 interfecit
1128 3916 1376 3986 papulunt
1404 3922 1535 3990 ejus,
1570 3922 1737 3991 suspi-

151 4012 285 4057 catus
322 4005 459 4071 quod
494 4004 614 4058 dolo
641 4007 709 4059 ad
744 4007 891 4060 illum
937 4010 1210 4063 venissent.
1261 4010 1523 4081 Quotquot
1567 4024 1737 4069 autem

154 4102 416 4160 potuerunt
442 4099 641 4165 fugere,
690 4099 953 4151 redierunt
1002 4101 1070 4152 ad
1113 4103 1341 4169 propria.
1381 4102 1571 4167 Quinto
1600 4122 1737 4160 anno

158 4183 341 4252 imperii
365 4187 561 4240 Justini
592 4187 754 4241 Zatus
778 4204 868 4242 rex
913 4189 1172 4244 Lazarum
1201 4194 1450 4247 recedens
1498 4212 1530 4249 a
1581 4213 1737 4267 regno

163 4274 444 4347 Persarum,
486 4291 732 4352 regnante
761 4281 983 4350 Cabade,
1034 4294 1082 4338 et
1129 4285 1323 4339 Zatum
1369 4292 1619 4355 amante,‘
1648 4291 1738 4361 qui

163 4370 295 4424 etiam
325 4373 472 4426 illum
498 4374 552 4427 in
580 4390 749 4444 regem
796 4388 1093 4446 provexerat
1144 4377 1425 4444 Lazarum,
1469 4384 1603 4436 venit
1634 4384 1737 4455 By-

164 4463 367 4515 zantium
395 4460 773 4532 ad‘Justinum,
809 4477 853 4520 et
897 4469 1096 4539 rogavit
1127 4485 1265 4535 eum,
1300 4480 1353 4524 ut
1393 4472 1538 4542 ﬁeret
1578 4473 1739 4530 Chri-

165 4553 360 4620 stianus,
392 4566 441 4610 et
467 4559 529 4611 ab
571 4559 687 4627 ipso
735 4562 1087 4629 appellaretur
1136 4563 1414 4632 imperator
1456 4567 1734 4623 Lazarum.

718 522 721 527 ,
1227 464 1543 525 HISTORIA
1582 432 2375 568 ΜιεοειιᾸζίίιιΒθνί
2416 492 2425 493 ί

190 569 337 637 digne
362 579 638 640 susceptus
665 582 783 640 est,
838 574 1231 648 multorumque
1274 584 1437 639 dubia
1480 588 1646 642 corda
1692 587 1742 641 in
1770 586 1823 647 Δ
1848 598 2108 668 vertimus,

1767 3308 1814 3369 C

3339 516 3441 573 978

2139 607 2229 660 sed
2249 608 2528 664 ascendens
2547 610 2706 667 Zatus
2728 616 2797 668 ad
2837 619 3055 688 imperia
3083 638 3283 696 nostra,
3313 650 3441 702 pro-

1856 684 2026 739 cideus
2074 691 2367 760 deprecatus
2416 711 2511 765 est,
2553 712 2610 756 ut
2635 706 2695 758 ab
2734 684 2967 777 scelesto,
3000 725 3045 768 et
3090 684 3293 789 pagano
3313 684 3436 781 rdo-

1856 784 2042 845 gmate,
2086 779 2353 853 impiisque
2398 794 2683 864 sacriﬁciis,
2717 808 2764 851 et
2793 816 2966 857 errore
2990 798 3281 867 daemonum
3312 818 3435 872 libe-

1855 877 2073 937 raretur,
2102 882 2148 924 et
2173 879 2431 935 accederet
2457 886 2525 937 ad
2551 898 2828 946 creatorem
2857 899 3085 954 omnium
3131 903 3431 983 Dominum,

1856 966 1901 983 Α,
1941 961 2071 983 μη,
2100 964 2158 983 ρ,
2206 970 2218 981 .
2258 972 2285 983 Α.
2475 976 2519 983 .-

1852 966 1902 1010 et
1932 961 2072 1026 ﬁeret
2096 964 2433 1029 Christianus.
2465 976 2624 1033 Hunc
2664 999 2759 1037 nos
2790 987 3104 1058 baptizantes
3131 961 3435 1057 absolvimu;

1854 1053 1923 1106 ad
1951 1061 2211 1128 propriam
2238 1067 2516 1132 regionem.
2550 1071 2634 1128 Ex
2661 1085 2779 1131 tunc
2805 1096 2923 1150 ergo
2957 1088 3093 1152 facta
3136 1101 3210 1143 est
3256 1093 3437 1147 amici-

1853 1146 1925 1199 tia
1947 1149 2076 1204 inter
2106 1153 2365 1213 Romanos
2396 1171 2441 1215 et
2471 1162 2677 1221 Persas.
2733 1172 2801 1223 At
2830 1189 2957 1229 vero
2984 1178 3031 1228 in
3056 1180 3286 1238 Orientis
3313 1201 3434 1253 par-

1856 1239 2017 1306 tibus,
2048 1258 2169 1299 cum
2199 1248 2374 1303 adhuc
2408 1267 2473 1306 eo
2502 1242 2746 1324 tempore
2777 1279 2871 1329 per
2899 1268 3103 1335 singula
3137 1273 3271 1328 .loca
3314 1239 3431 1333 ha:-

1852 1332 1987 1387 resis
2022 1336 2213 1393 Ariana
2246 1342 2469 1411 vigeret,
2494 1346 2744 1406 Justinus
2773 1364 2915 1410 sexto
2952 1362 3152 1429 imperii
3182 1369 3433 1440 suianno,

1853 1426 2163 1483 orthodoxae
2212 1432 2335 1487 ﬁdei
2378 1439 2556 1492 studio
2604 1446 2925 1501 omnimodis
2955 1426 3198 1523 satagere
3246 1426 3432 1534 coepit;

1851 1528 1908 1571 ut
1940 1520 2314 1580 haereticorum
2360 1544 2554 1585 nomen
2607 1539 2991 1608 exstingueret,
3042 1552 3330 1621 statuitque
3376 1520 3440 1611 ut

1850 1606 2047 1675 ubique
2078 1626 2261 1669 eorum
2308 1620 2565 1675 ecclesias
2619 1606 2883 1684 catholica
2929 1636 3189 1703 religione
3235 1606 3432 1701 conse-

1851 1709 2046 1755 craret.
2075 1702 2229 1770 Quod
2259 1708 2384 1762 dum
2429 1711 2481 1765 in
2528 1714 2676 1770 Italia
2706 1735 2800 1774 rex
2833 1702 3204 1785 Tlteodoricus
3238 1723 3432 1791 Ariana

1850 1791 1935 1847 lue
1965 1795 2198 1863 pollutus
2254 1803 2510 1871 audisset,
2571 1810 2857 1869 Joannemw
2905 1834 3117 1888 papam,
3170 1825 3433 1897 simulque

1854 1898 1972 1938 cum
2014 1902 2079 1941 eo
2122 1890 2460 1950 Theodorum
2494 1897 2535 1979 ’τ
2584 1901 2898 1972 Hypatium,
2934 1919 3093 1980 atque
3146 1890 3431 1986 Agapitum

1852 1979 2160 2035 consulares
2181 1983 2341 2049 viros,
2363 1998 2510 2055 atque
2532 1994 2838 2063 KAgapitum
2868 1979 3148 2069 patricium
3172 1979 3435 2068 dorustan-

1847 2066 2121 2137 tinopolim
2153 2074 2217 2127 ad
2244 2074 2507 2134 Justinum
2545 2085 2834 2155 principem
2860 2066 3024 2149 misit.
3057 2097 3268 2154 Mandat
3298 2066 3436 2169 quod

1843 2173 1946 2227 que
2002 2176 2096 2229 per
2153 2178 2267 2231 eos,
2327 2168 2701 2242 interminans,
2756 2183 2895 2248 quod
2942 2185 3043 2239 nisi
3112 2168 3429 2258 quantocius

1844 2250 2110 2306 hzereticis
2154 2270 2282 2311 suas
2323 2261 2579 2318 ecclesias
2627 2268 2920 2338 redderet,
2970 2250 3173 2347 eosque
3211 2282 3262 2335 in
3295 2299 3429 2353 pace

1843 2337 2039 2408 degere
2069 2344 2290 2413 sineret,
2321 2351 2605 2408 universos
2638 2357 2803 2413 ltalire
2834 2337 3057 2431 populos
3085 2337 3219 2436 .ipse
3250 2337 3430 2440 glradio

1842 2432 2223 2501 exstingueret.
2276 2438 2375 2504 Qui
2419 2446 2786 2509 pervenientes
2811 2452 2878 2504 ad
2926 2432 3279 2527 Augustum:
3301 2476 3423 2517 cum

1842 2523 1907 2577 ab
1936 2539 2023 2591 eo,
2058 2538 2111 2580 ut
2137 2529 2352 2599 dignum
2386 2548 2522 2601 erat,
2555 2543 2787 2609 suscepti
2819 2523 3030 2609 essent,
3069 2554 3277 2621 magnis
3304 2569 3431 2610 eum

1843 2614 1908 2670 de
1938 2632 2031 2671 sua
2058 2618 2380 2693 suorumque
2403 2629 2574 2685 salute
2603 2633 2841 2706 solliciti,
2882 2637 3095 2696 ﬂetibus
3125 2649 3419 2717 postulant,

1843 2714 1902 2759 ut
1928 2722 2039 2762 sua:
2069 2710 2347 2781 legationis
2394 2721 2612 2787 seriem,
2645 2739 2948 2794 quanquam
3000 2710 3146 2787 esset
3201 2739 3416 2806 iniusta,

1845 2796 2068 2853 libenter
2121 2805 2423 2872 exciperet,
2476 2809 2743 2882 ltaliaaque
2798 2820 3049 2885 peritura:
3094 2828 3423 2884 consuleret.

1843 2891 2077 2959 Quorum
2120 2896 2333 2954 ﬂetibus
2360 2901 2601 2958 Justinus
2641 2918 2938 2977 permotus,
2980 2917 3057 2968 eis
3096 2919 3236 2985 quod
3271 2929 3428 2988 pete-

1843 2986 1969 3040 bant
1997 2993 2281 3057 concessit,
2326 2995 2656 3067 Arianosque
2684 3002 2765 3055 sui
2806 3003 2942 3071 juris
2992 3008 3229 3079 reliquit.
3271 2986 3422 3067 iDunt

1843 3078 1896 3133 hi
1934 3080 1984 3135 in
2018 3082 2207 3138 itinere
2256 3086 2621 3155 demorantur,
2680 3091 3065 3165 Theodoricus,
3112 3102 3260 3157 rabie
3314 3118 3425 3158 suae

1845 3175 2136 3245 iniquitatis
2163 3179 2496 3248 stimulatus,
2544 3184 2924 3254 Symmachum
2956 3194 3321 3263 exconsulem,
3362 3211 3425 3251 ac

1843 3266 2141 3334 patricium,
2171 3278 2223 3323 et
2254 3270 2497 3325 Boetium
2525 3286 2828 3331 senatorem
2861 3289 2915 3333 et
2940 3284 3281 3338 exconsulem
3326 3285 3428 3340 Ca-

1846 3357 2068 3413 tholicos
2101 3362 2263 3428 viros,
2311 3364 2487 3431 gladio
2518 3368 2819 3425 trucidavit.
2857 3373 2947 3426 llis
2987 3374 3175 3430 diebus
3216 3381 3424 3432 exstin-

1836 3459 1924 3505 cto
1950 3468 1977 3503 a
2013 3451 2234 3507 Francis
2284 3454 2496 3510 Alarico
2528 3456 2929 3529 Visigothorum
2982 3481 3133 3536 rege,
3180 3467 3429 3524 Theodo-

1836 3540 1979 3595 ricus
2010 3557 2099 3609 per
2124 3541 2153 3578 ιι
2184 3543 2428 3614 Ilyppant
2454 3564 2606 3601 suum
2630 3546 2877 3606 co'mitem
2906 3555 3182 3624 plusquam
3211 3562 3423 3630 triginta

1837 3632 1999 3686 millia
2026 3633 2349 3690 Francorum
2391 3640 2624 3706 czedens,
2664 3641 2678 3678 ί
2718 3643 2969 3701 'l‘ltiodem
2998 3663 3154 3704 suum
3186 3654 3423 3722 armige-

1837 3742 1953 3781 rum
1985 3738 2105 3797 post
2134 3742 2358 3785 mortem
2389 3733 2590 3789 Alarici
2621 3739 2637 3785 t
2695 3742 2891 3806 generi,
2938 3751 3156 3797 tutorem
3208 3747 3423 3801 Athala-

1836 3820 1929 3872 rici
1979 3821 2276 3875 constituit.
2333 3822 2568 3879 Joannes
2605 3842 2735 3881 vero
2789 3831 3021 3897 pontifex
3077 3848 3350 3891 revertens
3396 3853 3430 3893 a

1837 3906 2319 3980 Consmntinopoli,
2350 3912 2474 3967 dum
2504 3931 2624 3969 cum
2653 3916 2737 3971 bis
2760 3920 2914 3986 ierat,
2948 3937 3068 3976 cum
3096 3927 3286 3994 quibus
3318 3938 3429 3984 erat

1826 4002 2107 4068 profectus
2164 4003 2231 4058 ad
2298 4004 2694 4064 Theodorlcum
2768 4012 3081 4070 Ravennam
3159 4022 3421 4090 venisset,

1839 4095 2202 4151 Thcodoricus
2253 4097 2453 4153 malitia
2498 4112 2821 4169 commotus,
2854 4108 2996 4175 quod
3028 4124 3151 4164 eum
3181 4110 3423 4168 Justinus

1839 4191 2115 4245 catholicae
2171 4193 2383 4261 pietatis
2439 4196 2688 4253 delensor
2717 4199 3017 4257 honoriﬁce
3066 4208 3413 4277 suscepisset,

1838 4296 1963 4335 eum
1988 4283 2147 4337 simul
2176 4299 2297 4339 cum
2325 4286 2487 4340 sociis
2536 4290 2774 4344 carceris
2823 4291 3114 4351 afﬂictione
3165 4301 3416 4367 peremit.

1838 4372 1947 4427 Sed
2002 4373 2140 4428 hanc
2192 4375 2309 4445 ejus
2360 4378 2803 4437 immanissimam
2854 4387 3229 4445 crudelitatem
3298 4407 3425 4448 mox

1839 4466 2232 4523 animadversio
2262 4469 2441 4525 divina
2471 4483 2653 4530 secuta
2683 4484 2785 4530 est.
2818 4477 2949 4533 Nam
2995 4490 3115 4550 post
3157 4485 3261 4539 hoc
3292 4486 3423 4541 laci-

1842 4576 1940 4614 nus
1966 4563 1991 4596 ιε
2026 4563 2373 4631 nonagesimo
2404 4580 2547 4619 nono
2576 4566 2662 4622 die
2690 4570 2963 4625 subitanea
3006 4584 3178 4630 morte
3198 4642 3203 4643 γ
3224 4577 3421 4634 delun-

164 4643 217 4695 At
240 4647 507 4714 imperator
532 4650 719 4720 grandi
746 4668 862 4703 cum
900 4654 1088 4722 gaudio
1119 4655 1210 4706 illo
1249 4667 1505 4725 suscepto,
1535 4648 1735 4713 illumi-A
1763 4670 1815 4728 ι)
1838 4662 1956 4709 (illis
1984 4662 2081 4708 εει·
2130 4655 2293 4724 (ῙυῙιιδ
2320 4658 2549 4713 “limam
2581 4662 2851 4717 δοιίῑῖπίυε
2881 4665 3097 4729 αυίάθηι
3145 4670 3285 4738 apud
3333 4671 3424 4727 Li'

162 4741 281 4791 navit
309 4756 445 4804 eum,
485 4749 532 4794 et
563 4742 729 4809 [ilium
768 4745 1065 4812 appellavit.
1127 4745 1396 4816 Profectus
1428 4758 1601 4803 autem
1630 4750 1734 4805 La-

162 4845 319 4885 zarum
380 4836 660 4904 imperator
703 4854 736 4891 α
783 4837 990 4892 Justino
1018 4882 1033 4906 ,
1086 4842 1309 4909 portavit
1356 4858 1619 4907 coronam,
1688 4854 1735 4899 et

164 4925 492 4997 echlamydem
520 4932 901 5001 imperatoriam
928 4934 1116 4989 albam.
1137 4939 1252 5001 Quo
1282 4947 1539 5004 comperto
1571 4937 1735 4991 Caba-

159 5018 232 5071 des
262 5017 539 5075 Persarum
569 5040 678 5091 rex,
722 5026 1028 5095 significavit
1071 5026 1275 5082 Justino
1323 5030 1497 5084 dicens
1524 5046 1543 5083 :
1598 5029 1734 5095 Quia

156 5124 260 5162 cum
277 5113 522 5181 amicitia,
557 5124 604 5168 et
645 5132 749 5183 pax
793 5119 858 5170 sit
903 5118 1036 5171 inter
1087 5135 1196 5183 nos,
1250 5137 1363 5189 quia
1407 5122 1734 5176 inimicorum

152 5211 257 5256 sunt
285 5206 416 5276 agis,
451 5216 498 5259 et
545 5224 632 5261 eos
661 5210 750 5275 qui
778 5210 868 5263 sub
920 5220 1166 5279 potestate
1208 5212 1485 5266 Persarum
1526 5223 1672 5267 erant
1702 5231 1735 5267 a

145 5298 348 5361 sreculo,
380 5300 617 5354 assumis.
655 5301 755 5365 Qui
784 5303 978 5356 remisit
1006 5304 1092 5358 ei:
1139 5303 1248 5357 Nos
1280 5320 1580 5372 quemquam
1615 5306 1735 5358 sub-

144 5390 389 5445 iectorum
416 5392 628 5461 imperio
659 5402 747 5447 tuo
793 5410 954 5464 neque
982 5400 1383 5467 assumpsimus,
1429 5413 1587 5465 neque
1615 5398 1734 5451 sub-

208 5536 235 5563 ι
266 5527 361 5589 A.,
395 5524 773 5582 Trasamundo.

202 5600 232 5637 ιν
266 5602 362 5660 A.,
396 5596 718 5651 Hildericus.

204 5675 229 5702 ε
267 5670 363 5731 A.,
394 5668 650 5720 cernebat.

198 5738 229 5778 ἆ
266 5739 397 5795 Ms"
430 5737 693 5794 Zelioche.

206 5823 237 5851 ο
266 5808 506 5892 mauide:
531 5811 794 5881 βασιλικήν
816 5812 1039 5892 impun.

202 5884 228 5924 f
263 5885 364 5944 A.,
382 5877 777 5943 importunum.

203 5962 233 6000 ε
267 5950 369 6015 A.,
396 5950 679 6016 aliumque.

1841 4760 2025 4815 param
2058 4747 2309 4814 insulam,
2340 4748 2420 4802 vir
2482 4765 2689 4820 magna:
2742 4754 2974 4825 virtutis,
3027 4762 3234 4829 aspexit
3288 4766 3427 4821 inter

1836 4837 2093 4893 Joannem
2128 4855 2341 4908 papam,
2389 4851 2441 4896 et
2477 4842 2857 4913 Symmachum
2891 4850 3172 4916 patricium
3205 4853 3419 4919 deduci,

1837 4941 1890 4985 et
1913 4933 1961 4985 in
1991 4932 2152 4986 ollam
2179 4932 2421 4996 Vulcani,
2452 4950 2571 5003 quae
2616 4936 2665 4990 ei
2711 4937 2832 4993 loco
2858 4941 3100 5007 proxima
3133 4938 3153 4979 ι
3184 4952 3277 5012 est,
3326 4944 3421 4999 de-

1835 5026 2024 5096 met-gi.
2060 5024 2223 5093 Igitur
2272 5026 2604 5083 Theodorico
2661 5030 2751 5084 tali
2802 5033 2960 5089 modo
3012 5035 3213 5103 punito,
3260 5037 3423 5094 Gothi

1835 5116 1932 5169 sibi
1964 5116 2345 5183 Athalaricum,
2379 5117 2445 5171 de
2475 5134 2581 5186 quo
2629 5122 2963 5188 praemissum
3009 5135 3112 5191 est,
3144 5143 3208 5182 ex
3241 5130 3417 5186 ’Πιθο-

1836 5208 2004 5263 dorici
2037 5210 2175 5277 regis
2222 5210 2323 5263 ﬁlia
2375 5222 2733 5280 procreatum,
2791 5230 2911 5270 cum
2969 5220 3155 5274 eadem
3207 5223 3424 5277 Amala-

1836 5300 2009 5354 suinta
2040 5311 2209 5354 matre
2236 5316 2331 5355 sua
2380 5301 2431 5356 in
2487 5318 2705 5373 regnum
2762 5315 2799 5342 ω
2848 5308 3163 5375 pra-ﬁciunt.
3215 5313 3422 5372 Interea

1836 5390 2064 5445 Cabades
2096 5408 2185 5446 rex
2235 5392 2537 5459 Persarum,
2593 5396 2733 5459 ﬁlius
2783 5396 2987 5465 Perozi,
3037 5404 3198 5457 multa
3252 5407 3419 5462 millia
3466 5468 3471 5471 χ

1906 5523 1938 5565 ιι
1967 5530 2055 5592 A.,
2081 5526 2283 5585 Ibbam.

1911 5598 1930 5637 ¹
1970 5600 2060 5664 Α.,
2094 5599 2371 5653 Theodem.

1909 5672 1927 5722 l
1967 5670 2060 5737 A.,
2086 5673 2302 5735 nepotis.

1907 5739 1937 5813 ξι
1966 5743 2058 5808 A.,
2083 5741 2409 5813 nonagesimo
2439 5751 2637 5802 octavo.

1913 5810 1933 5851 Ῑ
1969 5815 2058 5879 A.,
2090 5827 2217 5867 erat.

1897 5892 1948 5956 ,ω
1976 5885 2066 5957 A.,
2100 5883 2411 5953 praeﬁciunt.
2440 5886 2507 5941 At
2535 5904 2650 5943 vero
2676 5888 2919 5950 Justinus
2946 5913 3082 5963 cum,
3123 5907 3231 5956 etc.
