3918 6344
584 368 693 428 985

2380 254 2460 291 Α..)

1437 365 1642 425 PAULI
1679 359 1952 422 DIACONI
1989 358 2146 417 OPP.
2184 356 2363 419 PARS
2402 362 2444 421 1.
2484 394 2555 408 --
2592 363 2972 426 HISTORICA.
3655 386 3730 445 93;

586 489 739 544 meris
764 487 897 545 solio
916 468 1076 545 sedit:
1089 466 1172 545 Ad
1378 487 1715 560 negotiatores
1744 483 2173 557 Carthaginisoe-
2197 478 2248 541 Δ
2274 481 2441 551 misit,
2499 485 2877 559 quibuscunque
2931 486 3150 544 Gelimer
3185 490 3364 562 egebat.
3415 493 3625 555 Praterea
3652 520 3731 561 cum

587 590 794 651 nerunt,
834 591 883 637 et
921 593 1164 654 quotquot
1184 587 1342 655 juxta
1379 598 1520 637 mare
1546 581 1836 645 manebant,
1865 579 2172 649 queritantes

582 691 640 729 se
664 681 901 745 rapinam
929 692 962 730 a
987 677 1235 731 classibus
1262 675 1549 747 pertulisse.
1599 675 1666 728 At
1698 691 1815 729 vero
1866 673 2171 728 Caloninum

580 769 791 821 navium
838 769 1119 840 prhcipem
1176 772 1467 839 iuramento
1528 768 1859 834 constrinxit,
1924 775 2173 837 quatenus

581 862 758 914 omnia
797 877 909 930 quw
946 872 1096 934 rapta
1134 864 1332 933 fuerant
1369 872 1693 934 apportaret,
1725 870 1774 917 et
1816 862 2038 933 prapriis
2078 860 2172 914 do-

580 954 739 1007 minis
767 954 1019 1009 redderet.
1062 954 1162 1022 Qui
1200 955 1513 1026 defraudans
1553 971 1616 1010 ex
1653 956 1753 1018 eis,
1787 963 1835 1007 et
1862 957 2163 1025 perjurans,

581 1062 685 1099 non
714 1056 827 1111 post
848 1046 1063 1100 multum
1087 1047 1357 1101 vindictam
1378 1048 1609 1103 exsolvit.
1646 1047 1783 1101 Nam
1798 1055 1942 1101 extra
1969 1061 2169 1101 sensum

576 1137 809 1206 effectus,
843 1156 989 1192 suam
1016 1122 1172 1207 ipsius
1215 1141 1443 1210 linguam
1471 1140 1736 1194 comedens
1765 1140 1906 1194 obiit.
1938 1138 2026 1192 Ita
2051 1153 2167 1193 vero

578 1240 770 1297 prtetor
799 1231 907 1284 sine
933 1234 1153 1285 tumultu
1178 1232 1351 1287 urbem
1393 1234 1702 1301 possidebat,
1730 1241 1783 1286 ut
1812 1249 1901 1286 nec
1923 1233 2168 1302 injuriam

575 1324 815 1392 cuiquam
837 1326 1045 1394 inferret
1076 1326 1299 1391 homini,
1337 1343 1427 1380 nec
1455 1328 1508 1380 in
1534 1329 1646 1397 foro
1671 1343 1972 1397 quemquam
2001 1325 2169 1379 obser-

576 1433 700 1470 vare
724 1419 929 1471 domum
954 1420 1288 1489 contingeret,
1335 1421 1423 1473 sed
1472 1429 1689 1473 ementes
1736 1420 1919 1473 milites
1954 1419 2167 1472 mandu-

572 1512 776 1565 cabant.
823 1510 928 1565 Eos
952 1528 1069 1565 vero
1097 1510 1383 1575 Vandalos,
1420 1512 1507 1582 qui
1532 1513 1599 1566 ad
1628 1528 1775 1566 sacra
1806 1512 2161 1582 confugerant,

572 1601 679 1670 ﬁde
720 1604 945 1669 prtestita
981 1592 1245 1657 educebat.
1292 1601 1569 1658 Murorum
1608 1619 1725 1657 vero
1771 1603 1990 1656 civitatis
2043 1601 2163 1655 dili-

567 1696 792 1766 gentiam
841 1696 1130 1762 exhibebat,
1171 1713 1285 1750 cum
1331 1707 1481 1751 antea
1518 1714 1608 1767 per
1648 1698 2013 1768 negligentiam
2056 1711 2163 1749 rue-

567 1798 701 1841 rent.
763 1786 933 1842 Porro
1003 1789 1233 1843 dicebant
1311 1798 1358 1843 et
1411 1799 1550 1844 vetus
1605 1790 1805 1843 verbum
1860 1789 2166 1859 Carthagine

2276 573 2433 630 hiems
2481 580 2763 647 transisset,
2818 590 3043 635 metuens
3074 580 3286 637 Gelimer
3310 585 3574 644 obsidionem
3601 593 3731 653 Rom.

2274 682 2457 723 norum
2482 679 2531 724 et
2557 682 2892 745 cognatorum
2913 675 3145 729 misertus
3172 676 3402 745 filiorum,
3439 683 3513 749 qui
3531 700 3674 743 vermes
3696 692 3733 746 in

2273 762 2537 817 obsidione
2563 774 2610 820 et
2636 767 2841 822 miseria
2872 767 3121 837 fecerant,
3165 768 3422 824 dissolutus
3446 783 3506 827 est
3542 785 3677 842 mente,
3703 791 3734 837 tt

2272 854 2474 925 scripsit
2495 855 2566 909 ad
2589 854 2825 925 Pharan,
2849 860 2985 928 quod
3007 859 3127 928 fidei
3147 859 3287 914 verbo
3306 864 3498 934 recepto,
3525 865 3610 931 ipse
3630 877 3663 919 et
3678 870 3734 937 qui

2271 962 2443 1001 secum
2470 957 2653 1017 essent,
2684 951 2754 1004 ad
2775 948 3075 1004 Bilisarium
3112 963 3443 1023 properarent.
3470 954 3565 1021 Quo
3582 956 3654 1009 hoc
3667 975 3735 1011 ctr-

2273 1049 2378 1095 tum
2393 1044 2736 1115 jureiurando
2765 1044 3030 1111 reddente,
3058 1047 3323 1113 assumptis
3351 1046 3570 1112 omnibus,
3590 1047 3737 1103 Cartha-

2269 1134 2436 1203 ginem
2475 1136 2605 1189 venit
2636 1152 2654 1189 :
2693 1134 2969 1191 Bilisarius
2996 1146 3166 1191 autem
3197 1137 3322 1191 hunc
3348 1148 3572 1208 gratanter
3590 1144 3735 1209 accepit.

2271 1226 2337 1280 At
2359 1243 2474 1282 vero
2502 1227 2958 1283 Gelimerridendo
2986 1230 3054 1283 ad
3091 1228 3377 1283 Bilisarium
3402 1230 3607 1284 introivit.
3632 1231 3738 1298 Quen

2270 1321 2360 1374 alii
2390 1299 2595 1392 quidem
2625 1324 2982 1395 superfluitate
3002 1324 3255 1394 passionis
3282 1324 3538 1388 excessisse,
3564 1341 3649 1388 qua
3664 1336 3739 1378 sunt

2272 1425 2491 1483 natura,
2524 1417 2842 1489 delirumque
2866 1420 3257 1490 suspicabantur
3276 1419 3506 1488 effectum.
3528 1420 3653 1474 Amici
3666 1436 3739 1473 vero

2270 1507 2448 1577 hujus,
2491 1517 2540 1563 et
2580 1527 2813 1579 sagacem
2855 1512 3111 1565 hominem
3152 1512 3283 1565 hunc
3326 1528 3425 1566 esse
3456 1513 3692 1582 cogitabant,
3711 1522 3740 1566 et

2268 1618 2384 1657 cum
2432 1603 2582 1674 fuerit
2626 1620 2738 1672 rex,
2774 1614 2822 1659 et
2850 1606 2977 1676 regii
3005 1607 3223 1677 generis,
3262 1614 3308 1660 et
3345 1607 3551 1661 virtutem
3570 1607 3740 1671 validam,

2268 1697 2607 1767 pecuniasque
2659 1713 2874 1768 magnas
2925 1697 3198 1766 habuerit,
3264 1699 3497 1768 quomodo
3544 1700 3587 1752 in
3626 1700 3743 1767 fugam

2268 1802 2442 1841 versus
2464 1797 2556 1853 est,
2588 1797 2634 1843 et
2660 1790 2821 1842 multa
2868 1788 3007 1842 mala
3048 1788 3275 1857 pertulit,
3306 1797 3351 1843 et
3387 1806 3509 1843 nunc
3528 1799 3568 1842 ut
3589 1790 3744 1855 captivus

570 1882 798 1948 dictum,
837 1884 1098 1949 videlicet,
1144 1882 1361 1938 Gamma
1406 1884 1793 1955 persequebatur
1832 1882 1997 1953 Beta,
2029 1849 2165 1938 riunc
2190 1849 2241 1912 Β
2269 1880 2449 1934 ductus
2493 1891 2585 1950 est,
2643 1880 2869 1951 nihilque
2916 1889 3100 1949 prazter
3130 1882 3343 1935 multum
3372 1882 3535 1949 risum,
3571 1882 3745 1952 dignaque

567 1972 697 2026 Beta
723 1973 961 2039 Gamma,
990 1975 1129 2045 quod
1166 1976 1362 2029 videtur
1391 1991 1496 2031 esse
1516 1980 1813 2045 perfectum.
1844 1974 1999 2029 Prius
2027 1976 2160 2029 enim

570 2063 867 2119 Gensericus
904 2065 1231 2137 Bonifacium
1266 2068 1521 2122 insecutus
1555 2078 1656 2134 est,
1695 2085 1829 2122 nunc
1867 2086 1985 2122 vero
2030 2069 2161 2124 Beli»

563 2159 734 2211 sarius
781 2156 1104 2213 Gelimerem.
1152 2158 1411 2215 Praeterea
1466 2170 1537 2214 tot
1590 2162 1834 2231 pecunias
1884 2162 2159 2215 multitudo

560 2252 783 2320 reperit,
832 2262 954 2321 quot
999 2255 1053 2306 in
1094 2253 1237 2307 nullo
1286 2254 1397 2309 loco
1434 2271 1663 2325 unquam
1704 2271 1812 2309 esse
1856 2257 2155 2324 contigerat.

575 2339 803 2410 Denique
860 2342 1215 2398 Romanorum
1262 2345 1607 2417 principatum
1658 2345 2030 2415 depopulantes
2084 2365 2165 2418 pe-

564 2435 741 2486 cunias
771 2434 959 2488 multas
1002 2437 1056 2488 in
1096 2434 1310 2506 Libyam
1350 2440 1733 2492 transtulerunt.
1785 2438 1853 2492 Et
1894 2456 2007 2493 cum
2048 2441 2159 2509 ipsa

562 2525 764 2591 civitas,
817 2537 865 2580 et
898 2530 1038 2599 regio
1065 2530 1277 2599 Optima,
1324 2540 1373 2584 et
1403 2533 1622 2601 fecunda
1649 2542 1797 2599 esset,
1825 2534 2158 2602 pecuniarum

564 2617 760 2671 reditus
804 2620 876 2672 eis
923 2619 1091 2683 effecti
1142 2631 1258 2675 sunt
1302 2623 1469 2677 multi.
1530 2623 1833 2695 Nonaginta
1878 2628 2065 2697 quippe
2112 2636 2159 2681 et

560 2710 785 2776 quinque
838 2712 988 2764 annis
1036 2712 1262 2769 Vandali
1320 2713 1537 2785 Libyam
1588 2725 1877 2770 tenuerunt.
1920 2719 1984 2771 At
2040 2735 2157 2772 cum

558 2803 745 2855 multas
775 2802 979 2857 divitias
1009 2806 1351 2873 collegissent,
1375 2806 1429 2859 in
1457 2808 1550 2860 illa
1573 2807 1657 2861 die
1683 2809 1737 2861 in
1761 2824 1941 2863 manus
1967 2809 2159 2863 Roma-

555 2913 741 2949 norum
792 2912 964 2951 ontnes
1002 2898 1191 2951 divitia:
1224 2900 1507 2953 redierunt.
1549 2899 1617 2953 In
1660 2901 1818 2955 tribus
1858 2903 1991 2955 enim
2029 2919 2158 2957 men-

553 2992 723 3056 sibus,
758 3008 873 3045 cum
926 3002 1202 3064 pugnasset
1244 2992 1551 3058 Bilisarius,
1598 2996 1653 3048 id
1692 3004 1793 3061 est,
1833 3012 1865 3049 a
1903 2995 2155 3051 Kalendis

554 3085 937 3149 Septembribus
978 3104 1137 3157 usque
1170 3088 1238 3139 ad
1278 3087 1544 3142 Kalendas
1594 3087 1954 3157 Decembrias,
1997 3101 2156 3145 totam

553 3178 777 3247 Libyam
824 3178 1066 3231 subdidit.
1123 3178 1266 3231 Misit
1317 3191 1488 3233 autem
1535 3180 1787 3236 Joannem
1851 3184 2152 3238 Armenium

491 3267 495 3270 ’
554 3286 669 3321 cum
710 3270 939 3323 ducentis
978 3271 1147 3323 electis
1182 3273 1413 3339 persequi
1454 3270 1758 3326 Gelimerem
1782 3314 1798 3341 ,
1839 3275 1998 3327 donec
2036 3292 2152 3331 eum

551 3365 721 3414 vivum
778 3372 867 3414 aut
926 3371 1185 3414 mortuum
1237 3362 1744 3432 comprehenderent.
1801 3364 1902 3431 Qui
1967 3381 2150 3435 praeoc-

557 3468 753 3520 cupans
789 3452 1089 3506 Gelimerem
1118 3455 1573 3523 comprehensurus
1602 3465 1731 3519 erat,
1755 3456 1855 3509 nisi
1890 3473 1971 3510 res
2001 3459 2152 3511 conti-

549 3545 705 3612 gisset
744 3543 1064 3606 huiusmodi.
1114 3542 1319 3598 Uliares
1354 3546 1562 3613 quidam
1599 3561 1661 3599 ex
1698 3544 1931 3600 Bilisarii
1993 3548 2153 3601 armi-

554 3637 691 3703 geris
720 3644 826 3688 erat
849 3652 964 3688 cum
984 3634 1207 3701 Joanne,
1235 3637 1322 3707 qui
1363 3638 1480 3691 vino
1502 3638 1777 3692 inebriatus
1797 3641 1850 3692 in
1877 3645 2150 3710 reprobum

550 3746 756 3783 sensum
786 3731 934 3784 venit.
972 3729 1164 3785 Videas
1193 3740 1357 3784 autem
1382 3747 1524 3785 avent
1542 3748 1691 3801 super
1711 3734 1942 3786 arborem
1970 3735 2150 3787 seden-

522 3846 525 3847 ν
556 3831 678 3887 tem,
710 3830 851 3875 tenso
886 3839 1009 3875 arcu
1041 3825 1168 3894 jecit
1208 3826 1474 3879 adversum
1502 3841 1666 3889 avem,
1697 3835 1744 3880 et
1772 3842 1911 3879 avem
1942 3827 2147 3896 quidem

549 3925 849 3969 consecutus
906 3933 1006 3970 non
1049 3925 1158 3981 est,
1191 3916 1443 3971 Joannem
1477 3934 1594 3972 vero
1638 3928 1772 3971 retro
1812 3921 1865 3972 in
1905 3920 2147 3975 cervicem

549 4008 821 4075 percussit,
860 4008 947 4077 qui
970 4008 1203 4077 plagatus
1229 4019 1459 4064 mortuus
1481 4020 1575 4077 est,
1595 4012 1805 4064 multum
1831 4012 2022 4066 luctum
2038 4021 2143 4066 tam

548 4098 847 4167 imperatori
892 4098 1207 4165 Justiniano,
1235 4117 1393 4171 quam
1419 4100 1692 4171 Belisario,
1735 4112 1781 4157 et
1812 4107 2006 4158 cunctis
2037 4103 2146 4158 Ro-

450 4194 453 4197 ’
543 4193 733 4258 manis,
765 4202 813 4245 et
838 4191 1321 4263 Carthaginensibus
1357 4194 1729 4265 derelinquens.
1777 4194 1971 4251 Taliter
2002 4196 2144 4250 Geli-

545 4300 708 4337 meres
732 4284 1005 4354 aufugiens
1023 4284 1117 4337 illa
1135 4285 1218 4337 die
1241 4285 1308 4339 ad
1333 4286 1626 4341 Maurusios
1653 4290 1961 4358 properavit.
1979 4289 2141 4354 Quem

548 4373 825 4430 Bilisarius
859 4387 1180 4446 persecutus,
1228 4378 1281 4431 in
1313 4383 1340 4411 ⁸
1372 4395 1531 4449 parvo
1565 4390 1735 4433 monte
1768 4382 1821 4433 in
1852 4382 2141 4435 novissimis

550 4468 818 4522 Numidica
845 4468 1210 4533 circumclusit,
1252 4468 1388 4521 hunc
1414 4469 1647 4523 obsidens
1668 4488 1759 4539 per
1787 4472 2023 4541 hiemem,
2049 4473 2141 4526 de-

2266 1972 2527 2026 hominum
2553 1974 2800 2028 arbitratu
2830 1976 2967 2029 circa
2986 1991 3099 2029 eum
3130 1992 3238 2030 esse
3263 1974 3624 2046 perhibebantur.
3650 1972 3742 2025 Beli-

2265 2067 2433 2119 sarius
2476 2075 2645 2121 autem
2690 2083 2805 2120 eum
2860 2084 2972 2122 cum
3012 2068 3329 2140 principibus
3363 2069 3567 2121 omnibus
3603 2066 3746 2119 Vanda-

2266 2156 2434 2211 lorum
2464 2175 2564 2214 non
2590 2161 2643 2212 in
2684 2160 3081 2215 dehonoratione
3105 2160 3429 2226 custodiebat,
3455 2169 3503 2213 ut
3519 2160 3575 2213 ad
3594 2158 3743 2229 impeta-

2264 2260 2423 2308 torem
2470 2253 2820 2310 Justinianum
2871 2255 3166 2310 Bizantium
3220 2256 3438 2308 duceret.
3488 2251 3641 2323 Cyrillo
3673 2265 3747 2304 ras

2264 2346 2436 2399 statim
2476 2345 2751 2402 Bilisarius
2789 2364 2907 2401 cum
2946 2350 3113 2417 capite
3157 2346 3184 2386 δ
3212 2346 3468 2402 Zatinonis
3496 2346 3637 2417 fratris
3656 2342 3745 2397 Geli-

2264 2444 2414 2495 meris
2441 2443 2495 2496 in
2528 2443 2752 2499 Sardum
2779 2445 3002 2499 insulam
3018 2446 3326 2516 misso,quaz
3340 2446 3385 2500 K
3392 2447 3521 2499 irnns
3537 2443 3746 2507 vocabatur,

2263 2535 2396 2588 hanc
2438 2537 2660 2605 primum
2710 2537 2957 2593 Romanis
3001 2539 3222 2610 subegit.
3259 2539 3327 2593 In
3375 2537 3621 2593 Casaream
3647 2550 3745 2595 vero,

2262 2644 2379 2699 qua:
2400 2639 2473 2683 est
2495 2630 2547 2682 in
2574 2628 2916 2699 Mauritania,
2943 2630 3203 2686 Joannem
3231 2632 3386 2685 alium
3416 2630 3654 2691 destinavit,
3676 2640 3749 2695 qua

2264 2721 2473 2791 triginta
2524 2723 2719 2777 dierum
2774 2724 2956 2779 itinere
2998 2741 3029 2777 a
3066 2725 3373 2795 Carthagine
3413 2724 3612 2786 distans,
3651 2732 3747 2790 pett“

2262 2812 2459 2867 Gadira
2506 2823 2551 2867 et
2602 2814 2725 2869 solis
2777 2822 3012 2870 aceasum
3051 2820 3243 2889 jacet,
3288 2814 3530 2883 aliumque
3573 2810 3749 2863 Joannem

2259 2920 2324 2959 ex
2355 2906 2720 2972 protectoribus
2750 2923 2907 2960 unum
2933 2908 2985 2960 in
3015 2905 3229 2975 (return.
3269 2907 3402 2979 quod
3424 2914 3489 2961 est
3524 2904 3567 2956 in
3590 2899 3747 2957 Gadirit,

2261 3005 2308 3050 et
2356 2996 2410 3050 in
2436 2997 2701 3051 castellum
2743 3000 2879 3067 quod
2910 2997 3125 3069 Septum
3153 3009 3335 3054 vocant
3368 2997 3554 3051 direxit.
3580 2991 3701 3046 Porro
3719 2990 3751 3043 in

2258 3090 2454 3145 insulas
2503 3106 2617 3161 qua:
2656 3093 2813 3163 juxta
2846 3092 3107 3148 Oceanum
3135 3103 3278 3158 sunt,
3313 3092 3589 3165 Majoricam
3621 3085 3750 3140 scilicet
3842 3090 3843 3145 ὲ

2261 3193 2310 3236 et
2349 3182 2680 3251 Minoricam,
2711 3184 3090 3255 Apollinarium
3117 3187 3389 3241 destinavit
3430 3186 3575 3239 virum
3610 3182 3752 3235 bonum.

2257 3275 2405 3330 Misit
2456 3288 2626 3333 autem
2676 3289 2723 3334 et
2770 3281 2821 3333 in
2873 3280 3110 3336 Siciliam
3168 3282 3421 3350 quosdam
3457 3280 3687 3348 Afrorum,
3721 3278 3751 3323 ει
3842 3274 3843 3319 ἓ

2258 3379 2483 3423 castrum
2549 3370 2907 3425 Vandalorum
2976 3372 3408 3442 comprehendere
3446 3370 3597 3438 jussit.
3651 3361 3754 3419 Galli

2254 3478 2485 3532 quoque,
2530 3464 2617 3532 qui
2658 3465 2753 3516 hoc
2795 3464 3178 3531 custodiebant,
3214 3466 3367 3517 matri
3406 3459 3650 3517 Athalarici
3684 3456 3755 3508 hac

2252 3566 2373 3615 nota
2416 3557 2662 3626 fecerunt.
2720 3555 2847 3621 Qua:
2885 3557 3089 3625 scripsit
3135 3562 3207 3611 ad
3253 3556 3559 3619 Bilisarium,
3595 3568 3643 3605 ne
3670 3548 3757 3601 idem

2255 3658 2484 3703 castrum
2539 3650 2808 3721 tyrannice
2878 3650 3183 3721 obsideret,
3252 3668 3503 3720 quousque
3557 3650 3755 3713 imperitior

2251 3741 2580 3797 Justinianus
2608 3743 2779 3809 sciret,
2808 3748 2856 3796 et
2879 3744 3017 3814 quod
3041 3744 3136 3798 sibi
3163 3745 3332 3799 visum
3373 3752 3494 3798 esset
3516 3742 3694 3812 eﬁiceret.
3714 3730 3756 3785 1η

2250 3833 2331 3888 Itis
2356 3850 2475 3905 ergo
2503 3833 2844 3889 Vandalicum
2888 3837 3075 3891 bellum
3099 3839 3261 3907 ﬁnem
3289 3836 3497 3906 accepit.
3539 3831 3685 3886 Verum
3702 3826 3755 3875 in-

2249 3929 2409 3993 vidia,
2440 3938 2497 3981 ut
2524 3929 2577 3982 in
2602 3946 2788 3999 magna
2809 3931 3052 4001 felicitate
3077 3932 3190 3999 ﬁeri
3210 3931 3443 4004 contigit,
3470 3931 3600 3982 etiam
3633 3923 3672 3977 in
3700 3916 3756 3970 Βι·

2251 4020 2487 4075 lisarium
2531 4022 2735 4077 cecidit.
2783 4024 3009 4088 Quidam
3048 4024 3185 4079 enim
3216 4018 3626 4095 derogaveruntei
3653 4024 3754 4084 pet!“

2248 4114 2631 4184 imperatorem,
2660 4115 2799 4185 quod
2840 4116 3162 4186 tyrannidem
3206 4118 3550 4172 meditaretur.
3575 4113 3626 4165 At
3648 4110 3757 4173 ἐπιρί-

2250 4216 2389 4260 rator
2405 4207 2557 4261 misso
2579 4205 2856 4263 Salomone
2880 4218 3035 4263 tentat
3062 4207 3299 4264 Bilisarii
3334 4208 3752 4267 voluntatemth

2249 4312 2363 4351 cum
2395 4295 2647 4352 Gelimere
2676 4308 2723 4352 et
2758 4298 3013 4354 Vandalis
3039 4303 3251 4370 veniret,
3297 4319 3365 4356 an
3392 4314 3583 4355 manens
3600 4309 3662 4348 eos
3677 4289 3756 4342 illic

2248 4390 2631 4445 transmitteret.
2687 4390 2958 4446 Bilisarius
3014 4403 3185 4447 autem
3240 4394 3537 4465 Byzantium
3576 4384 3755 4456 prolfc‘”

2250 4490 2345 4547 est,
2382 4481 2659 4537 Salomone
2685 4493 2902 4554 prwtore
2926 4485 3063 4555 apud
3086 4484 3311 4559 Libyam
3334 4485 3580 4541 derelicto.
3600 4477 3756 4539 CW9

547 4559 834 4627 ﬁcientibus
887 4562 935 4614 ei
972 4561 1206 4614 omnibus
1253 4563 1569 4617 necessariis.
1617 4562 1776 4617 Panis
1821 4567 1959 4619 enim
2000 4568 2140 4636 apud
2168 4571 2523 4656 DBilisarius
2563 4591 2667 4629 una
2704 4592 2820 4629 cum
2862 4575 3113 4632 Gelimere
3137 4588 3187 4634 et
3232 4580 3479 4633 Vandalis
3512 4568 3752 4647 pentme

543 4650 848 4706 Maurusios
886 4669 987 4706 non
1018 4652 1099 4720 fit,
1140 4669 1297 4723 neque
1321 4655 1513 4720 vinum,
1539 4671 1699 4725 neque
1729 4658 1914 4724 oleum,
1938 4659 2025 4713 sed
2053 4661 2137 4729 far

542 4754 593 4799 et
616 4747 863 4800 hordeum
884 4747 1230 4811 immaturum,
1274 4758 1327 4800 ut
1351 4750 1721 4803 irrationabilia
1760 4751 2007 4805 animalia
2045 4769 2135 4808 co-

512 4838 773 4892 ‘medunt.
819 4836 931 4891 Hos
964 4837 1193 4891 incidens
1231 4834 1539 4905 Gelimerus,
1579 4841 1749 4894 scribit
1791 4844 1858 4895 ad
1897 4841 2134 4912 Pharan,

506 4922 509 4929 ”
542 4942 691 4999 quem
732 4926 1008 4983 Bilisarius
1047 4931 1115 4982 ad
1149 4932 1538 4986 custodiendum
1558 4948 1673 4986 eum
1700 4933 2053 5003 dereliquerat,
2078 4947 2134 4990 ut

542 5023 760 5075 mitteret
807 5021 902 5075 sibi
930 5021 1202 5089 citharam,
1240 5032 1286 5077 et
1324 5041 1506 5095 partem
1550 5041 1727 5094 unum,
1757 5035 1806 5079 et
1844 5029 2129 5097 spongiam.

540 5113 745 5168 Pharas
775 5124 945 5167 autem
987 5115 1253 5169 hesitabat
1272 5118 1517 5185 quidnam
1540 5126 1667 5170 esset
1710 5118 1824 5181 hoc,
1854 5118 2018 5174 donec
2039 5121 2131 5189 qui

504 5212 505 5215 ‘
541 5207 793 5261 detulerat
830 5207 1100 5274 epistolam
1129 5207 1259 5262 dixit
1287 5210 1408 5278 quia
1449 5225 1636 5278 panem
1664 5209 1915 5263 desiderat
1962 5212 2131 5267 videre

504 5362 509 5369 ,
546 5302 789 5366 Gelimer,
813 5318 914 5354 non
940 5303 1113 5356 videns
1134 5318 1315 5372 panem
1336 5319 1397 5357 ex
1420 5319 1522 5371 quo
1546 5304 1772 5357 ascendit
1796 5306 1847 5357 in
1873 5316 2128 5373 montem;

537 5394 809 5464 spongiam
855 5404 1024 5448 autem
1067 5404 1275 5466 propter
1299 5397 1473 5451 oculos
1510 5416 1611 5451 non
1639 5400 1789 5468 lotos,
1817 5419 1880 5456 ac
1916 5420 2005 5473 per
2032 5404 2129 5458 hoc

538 5488 711 5552 lazsos,
750 5495 996 5555 quatenus
1022 5487 1113 5541 hos
1142 5489 1363 5544 sinceras
1383 5491 1595 5559 spongia
1616 5493 1798 5547 reddat
1819 5511 1838 5561 ;
1863 5512 2015 5566 porro
2044 5497 2129 5551 ci-

540 5580 765 5645 tharam,
797 5590 853 5632 ut
882 5581 1215 5637 calamitatem
1263 5584 1562 5639 lamentetur
1597 5596 1641 5639 et
1673 5573 1878 5656 deﬂeat:
1905 5590 2003 5644 His
2031 5608 2127 5645 au-

539 5676 680 5738 ditis,
742 5672 943 5727 Pharas
986 5678 1291 5743 condolens,
1331 5688 1374 5731 et
1417 5680 1672 5749 fortunam
1723 5683 2000 5739 humanam
2039 5686 2127 5740 de-

540 5766 770 5836 plorans,
800 5773 1098 5843 secundum
1145 5773 1256 5840 ejus
1294 5775 1481 5844 scripta
1533 5778 1773 5848 faciebat,
1819 5786 1866 5833 et
1894 5781 2054 5835 multa
2081 5782 2127 5835 ei

613 5895 636 5921 *ι
666 5885 761 5939 Ms.
794 5884 959 5949 Pilh.,
992 5885 1228 5956 Pappua.

2226 4681 2436 4737 magna
2463 4669 2674 4736 prtemia
2698 4670 2956 4739 percipere
2983 4672 3189 4739 meruit,
3221 4672 3413 4743 quibus
3441 4668 3649 4724 nimirum
3677 4669 3756 4743 trav

2246 4758 2459 4825 poribus
2482 4759 2665 4828 priscis
2701 4759 3050 4814 Romanorum
3090 4763 3144 4815 in
3173 4763 3419 4817 maximis
3451 4756 3638 4813 victoriis
3662 4750 3753 4816 dig“

2241 4849 2605 4918 efﬁciebantur.
2652 4850 2914 4907 Sexcentis
2957 4856 3093 4907 enim
3130 4856 3285 4909 annis
3309 4852 3566 4909 transactis
3591 4835 3754 4901 nemo“

2242 4945 2395 5000 talem
2426 4944 2649 5015 pervenit
2678 4943 2943 5011 honorem,
2992 4947 3092 5000 nisi
3142 4946 3316 5015 Titus,
3365 4946 3617 5015 Trajanus,
3648 4944 3681 4989 et
3697 4928 3755 4983 alii

2237 5038 2606 5108 imperatores,
2657 5037 2745 5107 qui
2798 5039 3128 5109 magistratus
3181 5050 3368 5093 contra
3409 5034 3658 5093 barbaricas
3692 5039 3755 5077 πα·

2239 5129 2397 5184 tiones
2408 5130 2708 5197 obtinentes,
2724 5129 3028 5185 mirabiliter
3042 5132 3505 5202 triumphaverunt.
3518 5122 3755 5186 Exstruit“

2236 5221 2472 5285 ostensis,
2499 5231 2547 5275 et
2575 5238 2638 5275 ex
2686 5221 2817 5276 bello
2844 5224 3132 5292 mancipiis,
3190 5225 3247 5279 in
3272 5225 3442 5279 media
3468 5222 3579 5277 urbe
3614 5208 3755 5287 ῃοπιρίδ

2235 5314 2343 5367 hac
2372 5313 2663 5383 publicavit,
2696 5316 2833 5385 quod
2874 5317 3182 5385 triumphum
3234 5316 3463 5371 Romani
3484 5318 3652 5371 vocant,
3688 5302 3750 5359 εῖτ,

2233 5409 2387 5462 veteri
2415 5409 2617 5478 quidem
2654 5410 2824 5472 modo,
2856 5410 2944 5463 sed
2993 5412 3217 5479 pedestri
3243 5410 3500 5473 incedens,
3535 5407 3582 5459 in
3604 5402 3751 5455 άοπιηπι

2233 5516 2397 5565 suam,
2454 5517 2607 5571 usque
2639 5501 2709 5554 ad
2741 5500 3176 5570 Hippodromum.
3232 5502 3404 5557 Erant
3440 5509 3589 5555 autem
3616 5489 3751 5547 end!

2231 5594 2481 5664 quidquid
2518 5594 2954 5650 administratorio
2984 5598 3234 5668 principis
3288 5597 3455 5651 ordini
3487 5585 3748 5660 compeltbmv

2231 5687 2287 5741 id
2333 5698 2402 5742 est
2446 5687 2616 5742 throni
2653 5690 2825 5754 aurei,
2879 5700 2927 5744 et
2964 5692 3180 5757 essedis,
3215 5692 3401 5762 quibus
3429 5702 3587 5758 regunt
3616 5688 3747 5733 utor"

2194 5776 2195 5779 “
2230 5779 2561 5847 vehebantur,
2593 5792 2802 5836 ornatus
2831 5782 2981 5837 etiam
3008 5785 3074 5839 de
3094 5784 3353 5855 lapidibus
3374 5778 3747 5839 pretiosiscltmi’"

2298 5896 2328 5937 ι)
2349 5896 2449 5956 Ms.
2472 5896 2639 5967 Pith.,
2667 5899 2911 5958 Laconis.
