3918 6344
204 444 315 506 985

209 565 360 626 situs,
381 559 581 632 argenti
605 573 801 631 quoque
824 555 988 612 multa
1016 555 1179 611 millia
1204 554 1532 621 talentorum,
1556 557 1602 605 et
1630 546 1795 602 diver-
1819 546 1871 603 Δ

210 672 382 714 sarum
406 653 748 720 imperialium
774 668 1028 717 vasorum,
1052 667 1167 720 qua:
1191 650 1496 705 Gensericus
1517 651 1800 719 despoliato

208 749 447 804 Romano
504 746 693 815 palatio
737 745 793 799 in
840 745 1069 815 Africam
1120 745 1253 807 tulit,
1286 743 1417 798 inter
1442 759 1556 811 quae
1584 751 1727 797 erant
1755 750 1802 797 et

205 840 512 895 Judteorum
550 854 713 905 vasa,
759 852 874 907 qua:
928 836 1074 890 Titus
1133 835 1438 904 Vespasiani
1503 834 1641 906 ﬁlius
1688 844 1800 908 post

205 945 407 1001 captam
426 932 841 1003 Hierosolymam
867 932 1085 986 Romam
1112 932 1381 984 detulerat.
1409 928 1670 999 Mancipia
1683 945 1799 983 vero

204 1036 352 1079 erant
401 1041 465 1078 ex
517 1022 772 1091 triumpho
805 1066 819 1087 ,
873 1032 976 1076 tam
1020 1023 1127 1093 ipse
1183 1019 1407 1075 Gelimer
1456 1021 1801 1074 vestimentum

203 1119 473 1189 quoddam
500 1126 709 1185 portans
730 1121 1063 1188 purpureum,
1081 1123 1128 1169 et
1148 1113 1383 1184 cognatio
1408 1115 1520 1185 ejus
1542 1113 1796 1166 universa.

211 1210 572 1265 Vandalorum
599 1226 793 1280 quoque
816 1218 1057 1279 quotquot
1082 1206 1230 1260 valde
1251 1206 1462 1275 prolixa:
1491 1214 1704 1259 statura:
1733 1221 1793 1257 ac

201 1305 323 1359 boni
354 1307 582 1374 corporis
603 1310 768 1358 erant.
796 1303 1018 1371 Cumque
1049 1301 1269 1356 Gelimer
1298 1299 1348 1353 in
1380 1298 1429 1352 Η
1438 1298 1795 1368 ippodromum

200 1399 529 1469 perrenisset,
547 1406 596 1450 et
621 1407 721 1449 tam
742 1396 1097 1463 imperatorem
1110 1409 1265 1463 supra
1281 1392 1501 1446 tribunal
1517 1393 1792 1456 sedentem,

198 1506 359 1558 quam
409 1504 473 1543 ex
524 1498 735 1557 utraque
780 1496 921 1557 parte
962 1486 1145 1553 vulgus
1192 1493 1367 1538 astans
1407 1484 1652 1548 vidisset,
1699 1498 1798 1536 non

194 1578 488 1653 quiescebat
525 1581 785 1634 clamans:
841 1597 861 1630 ‹
918 1576 1132 1631 Vanitas
1165 1577 1481 1642 ranitatum,
1523 1584 1569 1629 et
1626 1576 1797 1629 omnia

195 1676 424 1729 vanitas.
462 1692 481 1726 ι
520 1672 896 1742 Pertingentem
921 1680 1097 1726 autem
1143 1686 1258 1723 eum
1295 1670 1450 1740 juxta
1479 1668 1797 1740 imperatoris

193 1768 444 1831 tribunal,
470 1782 698 1838 purpura
727 1769 839 1838 ejus
868 1765 1041 1819 ablata
1064 1780 1279 1834 pronum
1308 1762 1492 1816 cadere
1506 1771 1552 1815 et
1575 1763 1795 1815 adorare

190 1861 561 1928 imperatorem
612 1865 904 1930 coegerunt.
957 1857 1023 1911 At
1077 1872 1192 1910 vero
1238 1856 1514 1923 imperator
1553 1853 1792 1909 Gelimeri

187 1954 402 2024 prtedia
448 1955 501 2007 in
549 1951 758 2007 Galatia
800 1952 965 2006 multa
994 1950 1232 2015 contulit,
1272 1960 1320 2005 et
1347 1968 1564 2015 amoena,
1599 1962 1789 2006 etcum

189 2046 435 2101 omnibus
459 2047 564 2101 suis
589 2046 820 2118 cognatis
841 2047 896 2099 in
921 2045 998 2099 his
1019 2044 1247 2099 habitare
1266 2045 1509 2113 permisit.
1536 2044 1722 2098 Verum
1739 2045 1792 2099 in

187 2141 435 2195 ordinem
477 2140 679 2212 patricii
729 2155 832 2192 non
878 2138 1127 2208 provexit,
1166 2154 1227 2191 eo
1255 2136 1390 2206 quod
1416 2137 1479 2190 ab
1506 2136 1616 2190 Arii
1658 2145 1792 2190 secta

186 2232 460 2286 discedere
480 2230 687 2284 minime
708 2232 1032 2285 consentiret.
1056 2228 1334 2284 Salomone
1364 2236 1607 2297 praeterea
1627 2245 1788 2297 remp.

187 2326 522 2389 moderante,
552 2322 603 2375 Μ
611 2324 791 2377 aurusi
810 2324 1049 2394 prtulium
1069 2323 1309 2378 adversus
1330 2324 1485 2394 Afros
1510 2333 1789 2379 moverunt.

186 2415 372 2470 Porro
427 2415 685 2469 Maurusii
735 2432 797 2470 ea:
847 2416 1074 2487 gentibus
1116 2418 1449 2481 descendunt,
1478 2435 1604 2488 quas
1644 2416 1793 2473 Jesus

187 2507 350 2562 Nave
394 2524 460 2562 eo:
492 2510 698 2577 regione
741 2506 1044 2562 Phoenicum
1070 2525 1102 2561 a
1152 2508 1347 2562 Sidone
1384 2509 1451 2561 ad
1482 2507 1791 2581 Egyptum,

184 2618 361 2671 usque
383 2601 672 2657 habitantes
702 2602 888 2675 abegit.
923 2602 1023 2669 Qui
1054 2603 1395 2672 pervenientes
1413 2602 1723 2674 Egyptum,
1749 2614 1795 2658 et

183 2714 296 2752 non
324 2698 517 2766 recepti
548 2698 611 2750 ab
651 2698 742 2764 eis,
774 2699 841 2750 ad
865 2696 1077 2769 Libyam
1098 2698 1323 2763 veniunt,
1367 2706 1413 2750 et
1442 2698 1571 2751 hanc
1595 2697 1796 2753 inhabi-

185 2790 425 2845 tantibus
467 2790 559 2856 eis,
594 2790 864 2845 novissimo
887 2800 1111 2861 tempore
1134 2791 1469 2857 imperatores
1517 2788 1666 2845 Rom.
1696 2800 1794 2845 ter-

181 2898 307 2935 ram
352 2882 636 2935 obtinentes
687 2880 842 2943 hanc,
898 2880 1045 2935 Hoen
1075 2881 1490 2945 nominaverunt,
1520 2889 1797 2938 statuentes

183 2975 376 3027 titulos
434 2972 562 3025 duos
614 2989 770 3041 supra
800 2988 1044 3045 magnum
1076 2975 1268 3043 fontem
1297 2989 1360 3026 ea:
1390 2973 1647 3044 lapidibus
1673 2991 1797 3029 can-

183 3067 281 3121 did
287 3068 329 3121 is
353 3080 602 3119 concavas
621 3066 856 3120 habentes
878 3066 1070 3119 litteras
1094 3064 1393 3120 Phoeniceas
1408 3067 1632 3120 dicentes
1652 3067 1761 3122 hac
1777 3083 1797 3123 :

185 3158 310 3213 Nos
356 3175 533 3213 sumus
582 3158 670 3228 qui
726 3158 954 3231 fugimus
1011 3176 1042 3210 a
1082 3160 1212 3227 [acie
1250 3156 1374 3235 Jesu
1419 3159 1670 3223 latronis,
1701 3159 1799 3229 ﬁlii

1229 428 1544 488 HISTORIA
1589 424 1951 487 MISCELLA.
1989 456 2062 469 —
2097 426 2227 484 LIB.
2270 427 2408 484 XVI.

1818 1915 1873 1979 B

1899 515 2111 614 fuiisent
2155 546 2352 615 penitus
2393 544 2681 602 redderent.
2736 545 3035 604 Ceciderunt
3077 556 3245 607 autem
3268 552 3485 625 quidam

1903 654 2098 704 eorum,
2131 639 2349 692 maxime
2374 637 2653 693 Gothorum
2678 642 2733 695 in
2762 641 2873 696 Arii
2900 651 3110 708 sectam,
3150 660 3275 713 quos
3314 664 3486 702 sacer-

1902 731 2041 785 dotes
2071 729 2317 785 Ecclesia:
2349 734 2764 804 segregabant,et
2794 751 2884 789 nec
2906 735 3090 790 liberos
3120 753 3291 792 eorum
3316 739 3488 811 bapti-

1900 841 2017 880 zare
2042 826 2294 881 volebant.
2339 825 2488 882 Unde
2516 836 2563 882 et
2590 829 2645 882 in
2674 828 2757 881 die
2785 833 2912 899 festo
2941 831 3175 885 simultas
3221 834 3357 900 facta
3385 844 3477 889 est.

1902 917 2171 973 Consiliati
2222 926 2343 973 sunt
2388 935 2503 973 vero
2554 920 2737 975 milites
2806 921 3137 977 Salomonem
3188 924 3241 976 in
3302 928 3486 994 tempto

1900 1013 2164 1084 perimere.
2207 1013 2324 1079 Qui,
2358 1013 2454 1066 hoc
2480 1014 2678 1080 audito,
2706 1014 2947 1068 suadebat
2967 1016 3038 1069 eis
3068 1033 3100 1068 a
3129 1015 3379 1070 seditione
3405 1033 3487 1070 re-

1900 1106 2098 1159 cedere.
2153 1105 2302 1172 Quod
2356 1123 2457 1161 non
2505 1116 2617 1177 post
2661 1124 2826 1175 pauca
2869 1108 3103 1162 obtinuit.
3148 1107 3310 1163 Porro
3360 1109 3485 1164 dum

1900 1197 2155 1268 Agapitus
2189 1199 2446 1253 Romanus
2471 1200 2729 1269 pontifex,
2759 1201 2848 1270 qui
2877 1216 2907 1255 a
2929 1200 3226 1256 Justiniano
3248 1204 3484 1273 principe

1901 1308 2085 1364 pacem
2114 1294 2392 1350 Theodato
2426 1296 2758 1362 postularat,
2802 1295 2938 1364 apud
2968 1293 3485 1367 Constantinopolim

1900 1390 2142 1455 obiissel,
2174 1389 2505 1446 Justinianus
2534 1391 2834 1445 Bilisarium
2870 1392 3148 1459 patricium
3173 1392 3357 1447 multis
3378 1393 3484 1461 jam

1898 1482 2101 1553 praeliis
2152 1481 2443 1554 gloriosum
2495 1482 2749 1537 adversus
2803 1482 3132 1538 Theodatum
3176 1483 3389 1553 dirigit,
3432 1492 3490 1539 ut

1897 1578 2059 1634 etiam
2102 1576 2306 1632 Italiam
2358 1593 2386 1631 a
2426 1576 2719 1632 Gothorum
2770 1577 2988 1631 servitio
3040 1576 3312 1631 liberaret.
3361 1575 3489 1630 Bili-

1896 1670 2070 1726 sarius
2115 1670 2313 1740 itaque,
2343 1671 2467 1726 dum
2497 1670 2821 1740 aliquantum
2864 1669 3119 1740 temporis
3168 1669 3303 1739 apud
3346 1671 3488 1727 Sici-

1897 1770 2022 1827 liam
2078 1785 2281 1826 moram
2349 1771 2590 1831 laceret,
2656 1783 2749 1823 rex
2814 1766 3107 1822 Gothorum
3176 1767 3486 1823 'l‘heodatus

1896 1866 2193 1923 exstinctus
2218 1872 2321 1920 est.
2353 1863 2520 1934 Hujus
2548 1864 2600 1918 in
2646 1862 2819 1918 locum
2864 1862 2891 1901 ι)
2928 1862 3156 1935 Vithegis
3208 1863 3485 1931 successit,

1895 1961 1987 2031 qui
2044 1976 2169 2015 mox
2214 1968 2274 2014 ut
2329 1974 2547 2029 regnum
2597 1957 2822 2024 invasit,
2867 1957 3174 2012 Ravennam
3218 1958 3490 2027 profectus

1894 2051 2276 2109 Amalasuintae
2302 2053 2499 2121 reginas
2527 2051 2686 2105 filiam
2718 2065 2815 2121 per
2842 2050 2951 2105 vim
2996 2048 3245 2104 auferens
3288 2049 3388 2103 sibi
3432 2049 3487 2104 in

1895 2145 2295 2200 matrimonium
2346 2143 2541 2212 jnnxit.
2594 2143 2892 2210 Conceptas
2944 2155 3072 2209 ergo
3101 2149 3285 2195 contra
3314 2139 3490 2195 Theo-

1895 2236 2079 2292 datum
2114 2235 2392 2291 Bilisarius
2436 2235 2557 2289 belli
2605 2235 2749 2289 vires
2795 2234 2847 2288 in
2887 2233 3153 2303 Vithegim
3204 2236 3487 2303 convertit,

1895 2331 2254 2399 egressusque
2276 2328 2345 2382 de
2370 2327 2546 2382 Sicilia
2566 2327 2631 2381 ad
2652 2327 3019 2396 Campaniam,
3043 2327 3315 2395 Neapolim
3337 2328 3489 2385 adiit.

1895 2420 2065 2488 Quem
2097 2420 2430 2490 Neapolitani
2478 2420 2623 2475 cives
2652 2421 2934 2475 noluerunt
2976 2422 3243 2490 excipere.
3276 2423 3377 2489 Qui
3409 2424 3488 2477 in-

1895 2512 2149 2583 dignatus
2202 2512 2402 2566 acriter
2454 2510 2519 2564 ad
2570 2512 2811 2575 ejusdem
2859 2510 3003 2565 urbis
3038 2511 3489 2581 expugnationem

1898 2605 2025 2659 totis
2068 2618 2127 2658 se
2186 2603 2385 2657 viribus
2433 2602 2646 2666 erexit,
2702 2602 3093 2673 aliquantisque
3146 2603 3353 2658 fortiter
3393 2604 3493 2659 im-

1899 2707 2188 2767 pugnatam
2212 2695 2423 2761 diebus,
2459 2698 2676 2750 tandem
2711 2712 2805 2764 per
2834 2698 2940 2751 vim
2970 2696 3191 2765 capiens
3220 2697 3494 2767 ingressus

1897 2800 2002 2857 est,
2036 2798 2287 2857 tantaque
2318 2804 2425 2843 non
2473 2789 2643 2843 solum
2695 2789 2748 2843 in
2788 2788 3023 2853 Gothos,
3070 2791 3157 2859 qui
3209 2790 3280 2844 ibi
3321 2806 3496 2845 mora-

1896 2883 2116 2948 bantur,
2144 2882 2237 2938 sed
2260 2883 2419 2938 etiam
2453 2883 2505 2936 in
2536 2883 2679 2936 cives
2705 2882 2781 2936 ira
2807 2882 3067 2950 desarviit,
3103 2890 3160 2937 ut
3190 2897 3294 2937 non
3326 2884 3494 2951 astati,

1901 2991 2011 3031 non
2040 2976 2219 3042 sexui,
2252 2986 2527 3043 postremo
2568 2990 2673 3030 non
2696 2976 3215 3043 sanctimonialibus,
3248 2976 3331 3030 vel
3364 2977 3495 3046 ipsis

1900 3070 2066 3125 etiam
2099 3068 2469 3123 sacerdotibus
2494 3077 2760 3139 parceret.
2791 3069 2944 3123 Viros
2973 3069 3023 3123 in
3060 3076 3347 3137 conspectu
3366 3084 3495 3125 con-

1901 3165 2114 3235 iugum,
2142 3163 2450 3218 miserabile
2479 3165 2615 3229 visu,
2640 3161 2932 3230 perimens,
2950 3164 3263 3231 superstites
3292 3171 3495 3219 matres

186 3253 365 3348 Nave.
416 3252 579 3307 Erant
619 3263 789 3306 autem
830 3262 879 3307 et
912 3253 1030 3306 alia
1062 3261 1233 3322 gentes
1267 3252 1320 3305 in
1363 3251 1539 3323 Africa
1578 3254 1801 3322 primum
1831 3284 1879 3349 ο
1907 3269 1970 3311 ac
1998 3256 2193 3310 liberos
2222 3256 2544 3326 captivitatis
2570 3253 2698 3325 iugo
2740 3266 2762 3295 ε
2795 3255 3032 3319 abduxit,
3062 3263 3252 3311 cuncta
3292 3255 3496 3325 rapinis

181 3338 477 3418 indigenae,
508 3345 745 3400 habentes
773 3362 941 3415 regem
980 3345 1294 3415 Asclepium,
1323 3346 1408 3413 qui
1439 3344 1655 3399 Herculi
1676 3361 1799 3400 con-

180 3440 449 3511 regnavit,
501 3454 650 3506 quem
696 3447 843 3492 terra:
889 3438 1068 3505 ﬁlium'
1090 3452 1198 3491 esse
1235 3447 1667 3502 asseveraveram,
1708 3440 1797 3508 qui

178 3530 564 3601 Carthaginem
586 3529 948 3581 condiderunt.
976 3526 1225 3582 Salomon
1249 3537 1419 3581 autem
1440 3544 1472 3581 a
1488 3527 1799 3600 Carthagine

177 3626 417 3697 sumptis
440 3623 746 3678 exercitibus
775 3632 955 3676 contra
979 3620 1272 3677 Maurusios
1291 3623 1603 3691 properavit.
1631 3623 1730 3687 Qui
1744 3624 1799 3675 in

180 3723 375 3793 {ngam
423 3716 575 3780 rersi,
623 3725 669 3769 et
723 3716 777 3769 in
805 3714 1089 3785 prtecipitia
1127 3730 1181 3767 se
1208 3713 1579 3783 demergentes,
1613 3723 1795 3768 semet-

176 3816 329 3885 ipsos
360 3810 706 3880 interﬁciunt.
743 3806 943 3861 Μονοιαὶ
989 3822 1105 3860 vero
1134 3807 1187 3860 in
1218 3806 1311 3859 hoc
1341 3805 1469 3859 bello
1497 3815 1615 3859 sunt
1638 3804 1795 3859 Mau-

177 3906 459 3960 rusiorum
518 3910 544 3938 δ
604 3900 978 3972 quinquaginta
1025 3899 1226 3967 millia,
1282 3896 1637 3952 Romanorum
1681 3914 1797 3952 vero

179 3997 378 4052 nullus
401 3995 622 4066 penitus.
656 3992 796 4058 Quin
828 4008 919 4045 nec
942 3992 1100 4045 ictum
1127 3991 1395 4062 quisquam
1426 4006 1600 4044 eorum
1628 3990 1796 4044 ullum

179 4089 415 4159 accepit,
446 4087 537 4140 sed
567 4101 782 4155 prorsus
811 4101 984 4139 omnes
1028 4085 1305 4139 incolumes
1331 4084 1591 4138 victoriam
1619 4099 1794 4137 conse-

178 4183 299 4238 cuti
326 4189 471 4236 sunt.
524 4177 752 4232 Plurimi
792 4193 906 4231 vero
953 4177 1242 4248 principum
1275 4176 1506 4245 ipsorum
1550 4173 1797 4228 Romanis

178 4275 439 4350 adjuncti
500 4280 639 4328 sunt.
696 4269 961 4337 Virorum,
1016 4269 1308 4336 mulierum,
1339 4278 1492 4338 atque
1522 4285 1796 4336 puerorum

179 4380 397 4424 tantam
426 4365 810 4421 multitudinem
838 4362 1061 4418 Romani
1106 4370 1370 4432 ceperunt,
1416 4370 1471 4414 ut
1512 4361 1617 4415 ovis
1646 4360 1797 4415 unius

182 4466 360 4537 pretio
411 4477 611 4517 servum
679 4459 1008 4515 Maurusium
1060 4474 1225 4513 emere
1278 4457 1561 4512 volentibus
1608 4471 1798 4510 renun-

182 4559 404 4612 darent.
437 4553 507 4608 Et
538 4566 655 4609 tunc
681 4554 753 4607 eis
794 4561 936 4606 vetus
989 4550 1249 4622 eloquium
1291 4549 1566 4619 cujusdam
1612 4548 1796 4602 dit-ina:

1904 3349 2184 3418 diripiens,
2237 3363 2337 3404 nec
2373 3364 2403 3403 a
2451 3348 2806 3403 sacrosanctis
2848 3347 3091 3403 ecclesiis
3136 3347 3494 3417 exspoliandis

1907 3443 2191 3498 abstinuit.
2217 3442 2451 3511 Indeque
2475 3441 2755 3509 egrediens
2784 3441 3006 3496 Romam
3041 3443 3494 3509 proneravit.QuO

1900 3536 2131 3593 Romam
2176 3536 2441 3606 ingresso,
2492 3533 2673 3599 Gothi,
2717 3534 2804 3603 qui
2855 3535 2908 3587 in
2953 3532 3094 3590 Urbe
3127 3532 3491 3599 morabantur,

1901 3639 2067 3686 noctu
2094 3628 2318 3699 egressi,
2349 3625 2552 3681 relictis
2585 3624 2886 3695 patentibus
2937 3624 3128 3694 portis,
3186 3624 3492 3678 RaVennam

1901 3720 2234 3791 confugiunt.
2261 3718 2526 3787 Vithcgis,
2556 3728 2614 3772 ut
2644 3719 2765 3771 talia
2805 3718 3087 3787 comperit,
3136 3731 3260 3771 mox
3300 3715 3493 3772 adver-

1899 3832 2021 3872 sum
2052 3815 2348 3870 Bilisarium
2396 3814 2618 3868 Romam
2656 3826 2776 3866 cum
2828 3811 3029 3878 ingenti
3060 3809 3299 3865 exercitu
3326 3809 3495 3867 venit.

1901 3907 2179 3964 Bilisarius
2226 3914 2399 3959 autem
2445 3919 2550 3958 non
2602 3912 2785 3972 aptum
2840 3900 2943 3956 sibi
2992 3900 3222 3956 bellandi
3282 3909 3491 3967 tempus

1899 4000 2231 4069 conjiciens,
2285 3998 2422 4054 intra
2463 3995 2622 4052 Urbis
2669 3993 2866 4049 moenia
2906 4006 2964 4046 se
3003 3992 3229 4056 clausit,
3270 4006 3495 4061 eantque

1902 4092 2290 4149 munitionibus
2326 4090 2718 4158 circumsepsit.
2752 4085 2910 4141 Gothi
2940 4101 3056 4140 vero
3106 4084 3301 4140 Urbem
3350 4085 3496 4140 obsi-

1899 4186 2093 4241 dentes
2171 4184 2419 4239 universa
2489 4196 2587 4251 per
2654 4178 2935 4235 circuitum
2999 4176 3385 4246 direptionibus
3441 4184 3499 4232 et

1901 4277 2163 4333 incendiis
2223 4277 2529 4331 absumunt.
2594 4273 2947 4340 Quoscunque
3011 4270 3283 4324 Romanos
3337 4284 3492 4338 repe-

1899 4372 2079 4434 riunt,
2132 4369 2312 4440 gladio
2361 4368 2737 4434 exstinguunt,
2794 4374 2984 4418 cuncta
3039 4363 3153 4417 loca
3203 4376 3352 4417 sacra
3409 4362 3499 4419 de-

1902 4460 2166 4517 nudantes
2200 4501 2215 4524 ,
2294 4460 2427 4528 ipsis
2506 4458 2666 4512 etiam
2749 4453 3135 4510 venerabilium
3205 4462 3499 4525 martyrum

1902 4553 2124 4609 tumulis
2187 4566 2376 4606 manus
2439 4550 2634 4619 impias
2704 4546 2939 4601 inferunt
2971 4585 2997 4609 ,,
3062 4546 3316 4602 continue
3390 4544 3496 4601 Ur-

183 4649 404 4720 {emintz
425 4647 659 4716 contigit,
685 4658 802 4715 quas
818 4641 1129 4697 maledicens
1168 4641 1239 4695 eis
1268 4642 1338 4693 sic
1368 4639 1474 4693 ait:
1517 4637 1793 4692 Multitudo
1820 4646 2021 4710 Dbem
2066 4644 2399 4713 impugnat",
2448 4640 2541 4694 sed
2595 4647 2747 4693 cauta
2809 4637 3038 4691 Bilisarii
3096 4636 3355 4691 industria
3406 4635 3503 4691 de-

180 4759 372 4799 eorum
413 4758 446 4794 a
482 4740 593 4792 viro
633 4740 745 4793 sine
782 4735 937 4790 barba
990 4733 1191 4804 peribit.
1252 4731 1502 4788 Salomon
1538 4732 1726 4802 quippe
1766 4747 1799 4784 a

176 4852 354 4910 puero
404 4831 668 4887 eunuchus
719 4838 903 4899 prater
947 4828 1257 4882 voluntatem
1302 4837 1375 4881 est
1415 4824 1652 4893 e/fectus,
1694 4839 1802 4892 pra:

181 4933 439 5008 passione
472 4928 722 4999 genitales
766 4933 939 4996 partes
982 4923 1238 4977 amittens.
1283 4918 1454 4974 Porro
1495 4928 1598 4975 tota
1639 4918 1802 4987 Libya

182 5035 423 5095 recepta.
456 5019 819 5091 Carthaginem
860 5015 1037 5071 rediit.
1088 5012 1348 5067 Praeterea
1382 5028 1496 5067 vere
1528 5011 1802 5080 incipiente

183 5124 388 5177 missus
436 5127 509 5173 est
552 5114 828 5169 Bilisarius
871 5111 1110 5166 Siciliam
1143 5108 1390 5162 Romanis
1438 5106 1602 5177 facere
1647 5104 1805 5159 tribu-
1884 5170 1885 5173 η

182 5216 406 5272 tariam.
446 5210 546 5265 Ubi
576 5224 633 5262 eo
660 5207 934 5270 hiemante,
979 5202 1199 5258 Romani
1228 5200 1405 5270 Libya:
1432 5207 1607 5253 contra
1650 5196 1806 5252 Salo-

184 5320 401 5362 mortem
441 5302 727 5357 simultates
772 5302 1002 5369 fecerunt
1046 5296 1141 5350 hoc
1188 5293 1364 5349 modo.
1395 5291 1627 5360 Acceptis
1670 5291 1805 5344 enim

184 5404 630 5467 interemptorum
650 5391 894 5447 uxoribus
914 5387 1299 5453 Vandalorum,
1316 5384 1567 5439 habebant
1584 5392 1631 5437 et
1652 5399 1804 5454 agros

187 5508 380 5550 eorum
405 5499 460 5544 ut
482 5505 622 5552 suos,
649 5497 699 5540 et
727 5482 922 5539 solvere
950 5498 1045 5552 pro
1068 5482 1139 5534 eis
1162 5480 1354 5533 tributa
1382 5477 1619 5531 nolebant
1646 5476 1806 5544 impe-

186 5586 385 5642 ratori.
418 5586 481 5637 At
510 5596 628 5635 vero
652 5578 904 5634 Salomon
923 5573 1270 5629 commonebat
1292 5588 1376 5627 eos
1397 5571 1568 5625 dicens
1599 5584 1662 5622 ne
1685 5584 1806 5621 con-

190 5680 517 5739 tradicerent
544 5673 866 5745 imperatori,
898 5669 987 5725 sed
1018 5668 1138 5723 huic
1167 5667 1339 5723 omnia
1385 5680 1500 5740 quw
1528 5663 1808 5719 deliberata

276 5826 307 5854 ⁸
339 5815 437 5871 Ms.
460 5815 626 5879 Pith.,
650 5813 945 5883 quingenta.

278 5895 317 5937 ι»
346 5891 431 5966 ᾼ.,
462 5884 679 5966 Vitigis,
705 5888 883 5954 itaque
900 5891 1139 5948 semper.

289 5974 316 6002 ο
340 5960 429 6027 A.,
458 5957 680 6011 addixit.

1900 4740 2162 4793 fensatur.
2196 4736 2399 4790 Prmter
2429 4732 2552 4787 belli
2585 4729 2892 4784 instantiam
2944 4728 3237 4800 angebatur
3280 4730 3500 4793 insuper

1906 4832 2074 4887 Roma
2108 4829 2262 4884 famis
2294 4827 2537 4897 penuria.
2562 4824 2731 4879 Tanta
2764 4822 3027 4892 siquidem
3072 4837 3165 4891 per
3188 4822 3496 4875 universum

1904 4922 2162 4978 mundum
2194 4935 2259 4976 eo
2289 4933 2453 4983 anno,
2484 4915 2812 4985 maximeque
2840 4913 2978 4981 apud
3008 4912 3299 4979 Liguriam,
3333 4910 3502 4965 fames

1904 5023 2241 5079 excreverat,
2273 5021 2337 5066 ut'
2359 5002 2501 5066 Sicut
2532 5009 2615 5063 vir
2638 5008 2824 5063 beatus
2868 5005 3062 5060 Dacius
3093 5002 3502 5057 Mediolanensis

1904 5108 2132 5162 antistes
2162 5105 2364 5169 retulit,
2396 5103 2664 5171 pleneque
2697 5082 2893 5152 matres
2921 5095 3209 5150 infelicium
3253 5103 3500 5147 natorum

1905 5199 2250 5255 comederent
2289 5195 2546 5250 membra.
2578 5192 2822 5259 Cumque
2848 5205 2943 5259 per
2974 5203 3169 5242 annum
3200 5186 3499 5240 continuum

1906 5291 2069 5347 Gothi
2093 5291 2315 5344 Romam
2343 5287 2701 5349 obsedissent,
2744 5282 2960 5337 demum
2988 5280 3156 5337 territi
3186 5281 3495 5335 Ravennam

1908 5385 2136 5439 rediere.
2181 5380 2455 5436 Bilisarius
2506 5378 2531 5417 ἀ
2586 5392 2718 5433 vero
2767 5375 2944 5430 sedule
2997 5390 3028 5426 a
3084 5390 3219 5442 papa
3284 5372 3505 5429 Silverio

1908 5479 2095 5531 acriter
2115 5478 2427 5543 increpatus,
2447 5488 2539 5526 cur
2563 5478 2728 5535 tanta,
2745 5485 2805 5522 ac
2828 5468 2953 5521 talia
2976 5465 3252 5521 homicidia
3279 5463 3509 5531 Neapoli

1884 5556 2278 5643 Aperpetrasset,
2334 5566 2540 5619 tandem
2586 5571 2877 5635 correptus,
2929 5571 2975 5616 et
3012 5561 3289 5630 ptenitens,
3328 5573 3507 5613 rursus

1909 5666 2232 5738 proﬁciscens
2264 5660 2561 5731 Neapolim,
2610 5669 2657 5713 et
2683 5658 2857 5712 videns
2887 5658 3066 5711 domus
3107 5654 3322 5710 civitatis
3350 5653 3507 5724 depo-

1982 5807 2013 5847 d
2047 5800 2149 5858 A.:
2220 5797 2351 5853 Vero
2408 5795 2733 5866 proﬁciscens
2803 5792 3115 5866 Neapolim,
3162 5808 3405 5863 eumque,
3448 5796 3505 5842 ut

1915 5871 2247 5945 competebat,
2270 5870 2585 5935 ordinatam,
2607 5877 2714 5923 etc.
