3918 6344
200 407 313 473 989

1211 402 1525 464 1118τοιὶῐῆ
1566 398 1922 461 MISCELLA.
1963 432 2033 445 —
2072 400 2202 463 LIB.
2241 403 2383 473 ΧΥΙ.

3371 402 3479 479 990

204 530 436 595 terfecit,
461 534 511 584 et
526 527 823 584 vestimenta
846 526 959 596 ejus
981 533 1192 580 cruenta
1208 541 1324 579 cum
1369 539 1557 578 corona
1598 521 1786 591 lapidi-
1809 520 1865 585 Δ
1892 522 2160 593 Hesperiis
2196 525 2434 591 veniens,
2487 524 2753 599 sapientia
2797 539 2892 589 sua
2935 526 3261 591 inefﬁcacem
3301 528 3478 593 redire

204 632 295 684 bus
329 626 570 696 pretiosis
592 633 836 679 exornata
879 620 1021 675 misit
1066 621 1119 677 iu
1144 621 1340 691 regiam
1365 619 1562 675 urbem.
1580 627 1627 671 et
1643 619 1787 687 jacta

202 731 320 776 sunt
349 720 419 773 ad
450 718 602 786 pedes
626 714 947 787 imperatoris
992 729 1165 767 coram
1193 722 1388 766 senatu.
1420 711 1613 765 Deinde
1644 710 1788 763 urbes

202 830 382 868 eorum
437 812 663 865 munitas
693 810 820 862 duas
849 807 1075 877 capiens,
1114 805 1366 861 Veronam
1411 814 1457 859 et
1481 802 1713 865 Brixiam
1745 811 1791 857 et

207 908 497 961 Romanam
547 903 820 967 civitatem,
865 899 1267 967 universamque
1316 897 1517 951 Italiam
1556 897 1619 949 ad
1657 898 1791 963 reip.

199 998 321 1083 jura
353 998 379 1027 ⁸
405 997 636 1058 reduxit.
667 1002 722 1049 et
742 992 1123 1061 Longobardos
1153 991 1445 1051 honoratos
1474 989 1652 1042 multis
1682 1003 1795 1041 mu-

1891 617 2063 684 coegit
2090 616 2157 673 ad
2191 618 2425 686 propria.
2459 620 2613 679 Anno
2640 620 2848 685 decimo
2864 620 3049 689 quinto
3074 621 3281 689 imperii
3307 618 3472 685 lusti-
3554 638 3571 646 ·

1892 711 2059 775 niani,
2091 725 2274 773 mense
2302 712 2555 780 Octobre,
2588 711 2724 769 facta
2764 721 2847 777 est
2888 712 3184 781 mortalitas
3213 712 3476 785 Byzantii.

1896 804 1962 863 Et
1989 803 2177 861 eodem
2209 818 2349 863 anno
2367 801 2393 841 δ
2422 805 2731 875 llypapante
2753 805 2964 861 Domini
2983 804 3209 875 sumpsit
3241 788 3485 875 initium,

1895 905 1955 957 ιιι
1999 895 2362 955 celebraretur
2401 895 2540 964 apud
2584 897 2894 965 Byzantium
2925 936 2941 959 ,
2984 895 3215 961 secunda
3257 894 3346 953 die
3386 893 3485 965 Fe-

1899 988 2094 1051 hruarii
2139 986 2357 1051 mensis.
2406 989 2559 1057 Anno
2612 988 2818 1049 decimo
2860 996 3012 1055 sexto
3067 983 3276 1059 imperii
3319 984 3491 1061 Justi-

206 1076 427 1145 neribus
468 1088 533 1143 ad
588 1086 803 1157 propria
850 1082 1076 1149 remisit,
1124 1082 1374 1152 omnique
1403 1090 1660 1148 tempore,
1692 1095 1798 1148 quo
1898 1079 2071 1143 niani,
2115 1080 2337 1150 contigit
2389 1080 2661 1137 debellare
2710 1079 2941 1143 invicem
2989 1093 3145 1149 reges
3185 1076 3493 1151 Azumiten-

203 1180 543 1252 Longobardi
576 1178 925 1247 possederunt
956 1176 1276 1241 Pannonias,
1305 1174 1559 1228 Romanae
1582 1171 1794 1243 reipub.

206 1269 472 1331 adversus
504 1274 723 1329 aemulos
752 1270 1022 1340 adjutores
1051 1267 1282 1325 fuerunt.
1308 1265 1515 1322 Interea
1546 1265 1798 1322 Salomon

203 1352 391 1441 Libyas
440 1378 801 1432 commorans,
847 1365 1122 1418 universos
1165 1376 1348 1417 muros
1385 1361 1613 1417 civitatis
1660 1360 1802 1415 illius

204 1462 432 1526 muniit,
455 1458 784 1528 etquoniam
840 1456 1085 1511 Maurusii
1116 1456 1481 1510 discesserunt
1509 1471 1538 1509 a
1578 1452 1800 1513 Numida

201 1556 359 1621 victi,
389 1553 571 1610 Zaben
602 1553 898 1621 regionem,
927 1560 1084 1620 atque
1109 1550 1499 1612 Mauritaniam,
1530 1556 1583 1602 et
1613 1546 1641 1587 δ
1668 1545 1800 1605 Siti-

200 1650 358 1721 phim
391 1647 755 1716 metropolim,
796 1645 897 1699 sub
935 1643 1133 1697 tributo
1173 1643 1428 1695 Romanis
1467 1640 1663 1696 elfecit.
1711 1640 1801 1693 Al-

199 1736 379 1799 terius
405 1730 547 1796 enim
579 1738 905 1795 Mauritania:
928 1736 1170 1791 Caesarea
1192 1735 1360 1805 prima
1380 1734 1680 1802 Metropolis
1698 1741 1802 1790 est.

202 1838 419 1893 Interea
452 1836 660 1892 Iberum
682 1849 799 1899 rex,
832 1830 1196 1885 Zamanardus
1219 1830 1453 1893 nomine,
1485 1827 1800 1887 Constanti-

1899 1171 2055 1239 sium,
2100 1170 2368 1241 ludorum,
2401 1181 2454 1233 et
2480 1171 2811 1239 Iudaeorum,
2854 1187 2919 1239 ex
2965 1185 3124 1231 causa
3159 1169 3488 1243 hujusqui.

1902 1269 2323 1333 Azumitensium
2390 1282 2482 1325 rex
2543 1269 2675 1324 ultra
2730 1267 3025 1339 Egyptnm
3077 1276 3156 1333 est
3222 1267 3491 1337 judicans.

1902 1360 2261 1429 Romanorum
2311 1371 2493 1425 autem
2542 1362 2896 1432 negotiatores
2945 1378 3037 1431 per
3066 1361 3492 1425 Homeritensem

1904 1455 2272 1525 ingrediuntur
2318 1454 2747 1521 Azumitenscm,
2788 1466 2842 1512 et
2882 1457 2948 1515 ad
3000 1457 3282 1519 interiores
3313 1466 3492 1525 partes

1904 1551 2154 1611 Indorum
2178 1559 2336 1620 atque
2363 1549 2696 1617 EtltiOpum.
2719 1550 3089 1620 Negotiatores
3111 1557 3289 1609 autem
3313 1563 3499 1611 secun-

1905 1644 2033 1701 dum
2058 1643 2497 1699 consuetudinem
2544 1644 2769 1711 ingressi
2802 1651 2926 1703 sunt
2969 1644 3224 1709 terminos
3255 1641 3499 1701 llomeri-

1906 1747 2102 1795 tarum.
2170 1737 2457 1795 Damianus
2521 1751 2706 1795 eorum
2772 1751 2864 1795 rex
2932 1735 3127 1791 occidit
3196 1734 3365 1800 illos,
3445 1738 3502 1789 et

1907 1833 2124 1891 abstulit
2179 1833 2356 1888 omnia
2422 1845 2605 1887 eorum
2665 1833 2902 1888 dicens:
2945 1831 3204 1894 Quoniam
3270 1825 3501 1887 Romani

202 1929 450 2000 nopolim
491 1926 733 1983 ascendit
776 1925 839 1977 ad
884 1925 1238 1979 Justinianum
1270 1924 1642 1992 imperatorem
1682 1936 1800 1974 cum
1909 1922 2251 1983 malefaciunt
2304 1922 2533 1983 .ludazis.
2584 1922 2672 1993 qui
2729 1922 2780 1977 in
2828 1920 3047 1991 regione
3090 1935 3185 1975 sua
3233 1929 3356 1991 sunt
3383 1958 3398 1981 ,
3448 1922 3506 1972 et

206 2035 386 2077 uxore
441 2034 505 2073 ac
566 2016 903 2073 senatoribus
957 2016 1068 2070 suis
1101 2059 1115 2081 ,
1167 2029 1360 2085 rogans
1398 2030 1517 2077 cum
1567 2023 1622 2067 ut
1666 2024 1808 2069 esset

205 2106 581 2168 Romanorum
631 2118 1001 2175 concertator,
1044 2118 1099 2163 et
1144 2123 1430 2178 germanus
1469 2108 1690 2161 amicus.
1746 2113 1811 2161 At

213 2207 517 2275 imperator
549 2202 852 2271 liujusmodi
887 2202 1163 2271 proposito
1202 2203 1316 2270 ejus
1347 2210 1587 2270 accepto,
1623 2202 1802 2256 multis

206 2312 341 2354 eum
368 2306 422 2351 et
451 2304 727 2351 senatores
752 2294 871 2362 ejus
914 2293 1293 2347 munitieentiis
1320 2293 1622 2347 honoravit.
1656 2292 1813 2347 Simi-

208 2390 344 2444 liter
396 2396 452 2442 et
491 2388 727 2456 Augusta
775 2386 925 2439 uxori
976 2384 1092 2453 ejus
1147 2384 1346 2438 variata
1387 2388 1611 2454 gemmis
1658 2401 1813 2439 orna-

211 2487 405 2536 menta
428 2478 665 2544 donavit,
689 2486 745 2532 et
772 2476 1093 2531 dimiserunt
1115 2491 1210 2537 eos
1238 2477 1456 2546 paciﬁce
1486 2478 1551 2531 ad
1594 2492 1813 2546 regnum

210 2589 402 2629 suum.
434 2573 636 2629 Octavo
656 2560 797 2626 anno
825 2572 1032 2641 imperii
1063 2572 1369 2637 Justiniani,
1404 2587 1554 2643 passa
1583 2588 1610 2626 a
1636 2572 1814 2628 divina

204 2668 586 2738 indignatione
614 2666 1009 2735 PompeiOpolis
1036 2666 1236 2736 Mysiae,
1287 2668 1454 2721 scissa
1503 2677 1584 2722 est
1626 2678 1764 2723 terra
1788 2682 1820 2723 a

204 2771 552 2826 terruimotu,
585 2769 641 2815 ct
666 2761 912 2813 obrutum
940 2760 1169 2814 medium
1200 2759 1431 2815 civitatis
1459 2775 1579 2815 cum
1613 2761 1821 2816 habita-

226 2855 468 2920 toribus,
493 2842 551 2909 et'
592 2861 744 2908 erant
773 2853 961 2909 subtus
991 2864 1211 2917 terram,
1242 2861 1296 2907 et
1320 2866 1481 2907 voces
1510 2868 1693 2907 eorum
1727 2870 1819 2906 au-

210 2947 511 3002 diebantur
545 2944 887 3001 clamantium
931 2953 989 2998 ut
1033 2944 1131 2998 sibi
1182 2944 1547 3000 misericordia
1599 2953 1822 3014 praesta-

214 3046 401 3094 retur.
448 3035 515 3091 Et
562 3036 726 3091 multa
766 3036 982 3090 donavit
1028 3037 1315 3106 imperator
1344 3035 1410 3091 ad
1437 3038 1743 3092 educendos
1770 3047 1823 3092 et

215 3128 562 3199 adjuvandos
597 3168 614 3195 ,
672 3128 1015 3197 viventesque
1070 3127 1361 3183 liberaliter
1407 3128 1563 3197 juvit.
1624 3129 1822 3185 Eodem

222 3238 376 3279 anno
423 3221 996 3277 tradiditJustiniauus
1038 3221 1104 3276 ad
1145 3222 1477 3291 psallendum
1516 3223 1566 3276 in
1596 3223 1820 3279 ecclesia

211 3318 355 3375 illud
379 3318 520 3388 quod
565 3318 800 3372 canitur:
844 3316 1146 3389 Unigeuitus
1178 3318 1338 3385 ﬁlius,
1371 3328 1416 3372 et
1449 3317 1668 3373 Verbum
1703 3319 1818 3374 Dei.

211 3413 388 3466 Anno
434 3410 641 3477 imperii
673 3408 955 3464 Justiniani
1002 3409 1340 3476 duodecimo,
1368 3413 1496 3464 moti
1527 3422 1650 3467 sunt
1691 3413 1823 3465 ltui-

209 3522 415 3578 garum
454 3507 558 3563 duo
600 3523 776 3578 reges,
824 3507 1039 3575 Vulger,
1074 3516 1129 3561 et
1155 3507 1386 3578 Droggo,
1418 3524 1537 3563 cum
1586 3508 1824 3562 multitu-

210 3596 356 3655 dine
410 3599 460 3652 in
513 3598 789 3669 Scythiam
838 3605 892 3651 et
930 3599 1170 3668 Mysiam,
1213 3615 1330 3653 cum
1374 3609 1517 3653 esset
1572 3600 1824 3667 magismr

218 3689 465 3769 militum
501 3688 680 3759 Ilysize
704 3689 961 3754 Justinus,
994 3700 1047 3743 et
1067 3690 1299 3760 Scythia:
1336 3676 1672 3743 Blandarius.
1722 3690 1823 3757 Qui

217 3790 518 3847 exeuntes,
536 3790 719 3836 contra
741 3781 993 3851 Bulgares
1018 3782 1245 3835 inierunt
1268 3782 1524 3849 przclinm,
1549 3791 1601 3835 et
1618 3785 1824 3837 occisus

216 3874 595 3942 estmagister
627 3873 855 3927 militum
889 3872 1125 3928 Jusunus
1155 3874 1206 3926 in
1238 3873 1398 3934 bello,
1443 3884 1495 3925 et
1538 3874 1704 3926 tactus
1746 3882 1827 3927 est

218 3984 338 4039 pro
372 3982 437 4021 eo
481 3966 866 4021 Constantinus
900 3968 1177 4032 Florentii,
1209 3976 1261 4020 et
1288 3974 1544 4021 venerunt
1574 3966 1827 4036 Bnlgares

216 4064 407 4127 usque
436 4057 502 4112 ad
532 4069 713 4127 partes
740 4058 1008 4124 Thraciae,
1037 4066 1091 4111 et
1117 4072 1361 4127 egressus
1405 4066 1486 4110 est
1514 4067 1699 4111 contra
1733 4071 1827 4111 eos

217 4155 492 4223 magister
547 4154 770 4207 militum
815 4154 838 4181 θ
882 4152 1158 4207 Williriaci
1204 4167 1324 4206 cum
1367 4152 1610 4218 llunnis,
1668 4165 1828 4221 quem

214 4247 473 4316 suscepit
504 4246 795 4315 imperator
810 4260 874 4300 ex
893 4259 1049 4301 sacro
1077 4245 1418 4313 baptismate,
1442 4253 1494 4297 et
1515 4245 1567 4297 in
1594 4242 1826 4298 medium

219 4342 421 4397 missis
450 4340 766 4410 Bulgaribus
792 4338 1140 4394 conciderunt
1164 4352 1279 4406 eos,
1292 4345 1347 4392 et
1367 4336 1674 4391 occiderunt
1690 4336 1830 4391 mul-

219 4436 501 4491 titudines
522 4434 789 4503 c0piosas,
821 4441 876 4488 et
900 4438 1217 4500 receperunt
1245 4444 1459 4485 omnem
1487 4430 1743 4499 praedam,
1775 4438 1832 4484 et

221 4532 491 4583 vicerunt
528 4535 809 4597 potenter,
850 4526 1044 4581 occisis
1092 4525 1300 4580 duobus
1353 4525 1565 4593 regibus
1620 4538 1823 4578 eorum.

1907 2022 2155 2079 occidunt
2179 2036 2294 2083 eos,
2321 2028 2374 2075 et
2400 2034 2466 2073 ex
2495 2017 2594 2079 hoc
2622 2016 2896 2075 solverunt
2923 2013 3339 2082 negotiationem
3369 2011 3506 2067 inte.

1912 2113 2080 2167 riores
2111 2111 2358 2166 ludorum
2398 2112 2679 2165 Azumitec.
2729 2109 2789 2165 Et
2846 2107 3149 2183 indignatus
3175 2112 3258 2161 est
3287 2103 3506 2165 Aztuni-

1914 2210 2141 2265 teusium
2169 2222 2260 2262 rex
2296 2206 2465 2271 Adad,
2492 2207 2706 2261 mittens
2731 2204 3085 2261 llomeritensi
3114 2221 3125 2257 :
3155 2202 3287 2270 Quia
3318 2198 3504 2261 laesisti

1912 2318 2133 2372 regnum
2192 2315 2403 2367 meum,
2459 2307 2513 2354 et
2553 2300 2863 2354 interiorem
2915 2296 3157 2360 Indiam,
3218 2292 3507 2363 prohibens

1914 2404 2241 2450 mercatores
2293 2394 2361 2448 ad
2412 2407 2510 2448 nos
2562 2393 2783 2459 ingredi.
2829 2391 2892 2446 Et
2933 2396 3199 2447 venerunt
3236 2387 3291 2443 in
3331 2384 3510 2449 inimi-

1915 2488 2091 2544 citiam
2122 2500 2389 2554 magnam,
2420 2496 2473 2539 et
2491 2485 2721 2539 inierunt
2754 2482 2951 2545 bellum
2981 2482 3033 2539 in
3086 2481 3419 2537 alterutrum.
3446 2476 3514 2532 Et

1917 2598 2038 2637 cum
2066 2580 2348 2649 pugnaturi
2372 2588 2570 2643 essent,
2590 2578 2741 2643 Adad
2766 2575 3186 2631 Aznmitensium
3211 2589 3303 2629 rex
3325 2581 3513 2629 votum

1918 2674 2086 2738 vovit,
2139 2673 2350 2727 dicens:
2378 2672 2511 2739 Quia
2553 2672 2599 2726 si
2640 2672 2817 2725 vicero
2870 2669 3326 2734 llomeritensem,
3353 2666 3515 2723 Chri-

1920 2769 2125 2825 stianus
2156 2764 2380 2827 elﬁciar,
2426 2763 2546 2834 quia
2598 2778 2693 2831 pro
2738 2762 3054 2817 Christianis
3084 2776 3282 2831 pugno.
3312 2760 3514 2829 Deique

1921 2860 2231 2929 operatione
2283 2856 2411 2911 vicit
2468 2856 2837 2926 potentissime
2870 2896 2884 2920 ,
2948 2864 3002 2907 et
3049 2853 3255 2920 accepit
3302 2858 3515 2921 captum

1921 2954 2099 3005 vivum
2129 2950 2438 3005 Damianum
2463 2964 2640 3017 regem
2664 2962 2868 3009 eorum,
2885 2956 2938 3000 et
2953 2945 3225 3016 regionem
3253 2945 3511 3013 ipsorum,

1922 3054 1976 3098 et
2019 3058 2198 3112 regna.
2230 3041 2545 3111 Gratiasque
2577 3039 2817 3096 referens
2860 3037 3010 3092 Adad
3057 3053 3152 3091 rex
3207 3036 3517 3091 Aznmiten-

1924 3137 2081 3201 sium,
2102 3134 2248 3189 misit
2268 3133 2337 3188 ad
2363 3131 2721 3188 lustinianum
2749 3132 3149 3200 imperatorem,
3172 3137 3229 3182 ut
3248 3127 3519 3197 acciperet

1927 3231 2256 3301 episcopum,
2289 3236 2342 3281 et
2389 3226 2630 3289 clericos,
2679 3235 2731 3279 et
2762 3223 3067 3286 doceretur,
3098 3231 3150 3276 et
3182 3221 3333 3276 ﬁeret
3362 3217 3519 3274 Chri-

1888 3311 2151 3389 5stianus.
2196 3321 2259 3376 Et
2296 3321 2510 3390 gavisus
2554 3326 2637 3373 est
2678 3332 2841 3387 super
2886 3315 2989 3370 hoc
3031 3314 3365 3369 .lnstiuianus
3405 3311 3520 3382 plu-

1928 3422 2144 3485 rituum,
2177 3426 2232 3473 et
2257 3417 2418 3488 jussit
2448 3415 2527 3469 eis
2551 3414 2681 3469 dare
2706 3425 3081 3482 quemcunque
3101 3408 3418 3463 voluissent.
3452 3405 3522 3460 Et
3586 3472 3589 3473 ν

1926 3513 2202 3583 elegerunt
2261 3510 2420 3564 iidem
2475 3507 2672 3577 legati,
2730 3519 2850 3559 cum
2915 3502 3126 3557 curiose
3174 3501 3520 3571 quaesissent,

1929 3605 2347 3665 mansionarium
2396 3600 2567 3655 sancti
2611 3598 2831 3653 Joannis
2886 3611 3091 3666 magna:
3146 3591 3520 3659 Alexandriae,

1927 3699 2099 3753 virum
2134 3692 2497 3749 venerabilem
2521 3731 2535 3755 ,
2567 3699 2621 3744 et
2650 3689 2940 3759 virginem,
2978 3687 3194 3740 nomine
3220 3680 3517 3745 Joannem,

1928 3796 2018 3865 qui
2043 3791 2310 3858 sexaginta
2332 3796 2386 3841 et
2407 3788 2630 3849 duorum
2672 3794 2786 3839 erat
2807 3798 3069 3837 annorum
3092 3799 3103 3834 :
3133 3796 3240 3850 quo
3266 3785 3521 3845 suscepto

1929 3887 2173 3942 abierunt
2199 3885 2250 3936 in
2276 3882 2543 3951 pr0priam
2566 3879 2842 3949 regionem
2869 3875 2937 3929 ad
2961 3873 3107 3929 Adad
3140 3887 3318 3941 regem
3337 3883 3515 3924 suum.

1932 3981 2001 4035 Et
2033 3980 2102 4033 ita
2136 3977 2482 4032 crediderunt
2526 3973 2761 4035 Christo.
2806 3978 2859 4025 et
2887 3966 3169 4023 tlluminati
3195 3973 3336 4018 sunt.
3366 3960 3522 4015 Anno

1930 4073 2144 4127 decimo
2174 4070 2404 4139 septimo
2444 4064 2655 4135 imperii
2684 4061 2991 4123 .lustiniani,
3038 4058 3207 4112 factus
3232 4064 3316 4109 est
3338 4064 3522 4108 terra:-

1932 4174 2109 4221 motus
2148 4176 2373 4233 magnus
2415 4159 2465 4213 in
2498 4158 2744 4212 universo
2782 4153 3000 4209 mundo.
3031 4149 3341 4217 Eodemque
3378 4159 3521 4201 anno

1935 4255 2180 4328 apparuit
2227 4253 2445 4323 quidam
2503 4265 2567 4305 ex
2612 4249 2831 4317 regione
2884 4244 3171 4304 ltalorum,
3226 4253 3319 4309 per
3369 4236 3525 4291 villas

1934 4348 2263 4409 discurrens,
2304 4343 2523 4399 nomine
2553 4341 2825 4404 Andreas,
2873 4337 3075 4391 habens
3113 4346 3295 4389 secum
3332 4344 3523 4385 cantem

1934 4439 2133 4504 rufum,
2162 4445 2215 4491 et
2241 4450 2466 4499 caecum,
2496 4432 2587 4503 qui
2608 4431 2790 4501 jussus
2815 4429 2881 4483 ab
2908 4443 2974 4483 eo
3005 4425 3226 4482 faciebat
3246 4422 3518 4481 miracula.

1934 4532 2066 4587 Cum
2108 4531 2248 4584 enim
2278 4537 2443 4582 staret
2472 4526 2587 4593 ipse
2626 4524 2677 4577 in
2710 4522 2859 4587 foro,
2908 4528 2962 4576 et
3012 4517 3167 4574 turba
3203 4519 3257 4577 iu
3298 4516 3525 4579 circuitu

226 4626 452 4711 E‘odem
482 4637 622 4677 anno
649 4623 792 4691 cepit
818 4622 1122 4676 Chosdroes
1151 4636 1242 4701 rex
1273 4619 1556 4674 Persarum
1583 4633 1829 4689 magnam
1854 4639 1912 4705 ι)
1936 4624 2178 4687 adesset,
2227 4621 2362 4675 clam
2410 4617 2600 4673 eodem
2638 4630 2771 4670 cane
2809 4611 3189 4667 deferebantur
3238 4608 3524 4669 astantium

225 4700 581 4803 A'iniocltiam
607 4715 797 4787 Syriae.
823 4715 978 4769 Anno
1008 4700 1213 4769 decimo
1237 4712 1394 4767 tertio
1419 4710 1625 4791 imperii
1655 4710 1832 4766 Justi-
1854 4700 1903 4729 —‘
1938 4718 2121 4775 annuli
2155 4714 2321 4779 aurei,
2349 4722 2402 4768 et
2431 4712 2687 4779 argentei,
2721 4716 2775 4762 ct
2805 4707 2986 4773 ferrei,
3027 4713 3081 4760 et
3110 4701 3443 4773 ponebantur
3472 4700 3526 4754 in

232 4811 419 4875 niani,
453 4811 687 4864 sociatus
717 4817 799 4863 est
822 4807 1074 4862 Romanis
1102 4806 1326 4861 Mundus
1357 4821 1421 4861 ex
1449 4819 1644 4875 genere
1674 4804 1830 4873 Gepi-

223 4907 366 4961 dum
429 4906 721 4960 derivatus.
784 4905 939 4958 Anno
1000 4902 1207 4971 imperii
1274 4901 1556 4955 Justiniani
1621 4900 1831 4954 decimo

224 5010 435 5071 quarto
500 4998 800 5075 Chosdroes
855 5014 946 5053 rex
1006 4999 1281 5075 Persarum
1350 4997 1403 5050 in
1469 4997 1830 5051 Romanorum

229 5104 418 5150 terras
469 5101 715 5162 quartum
750 5091 870 5146 fecit
904 5096 1223 5161 ingressum,
1257 5104 1414 5158 quem
1458 5089 1730 5143 llilisarius
1766 5091 1833 5145 ab

314 5216 340 5244 “
382 5216 478 5281 A_.:
530 5208 767 5262 Redua‘t't.
811 5207 946 5281 Quia
1007 5221 1127 5281 vero
1173 5210 1366 5281 restant
1410 5203 1573 5255 adhuc
1621 5203 1835 5281 (Intende

224 5270 526 5339 Iustiniani
571 5286 704 5352 Aug.
750 5270 991 5352 felicitate
1032 5270 1297 5352 dicantur,
1339 5276 1389 5328 in
1439 5273 1692 5352 sequenti,
1718 5270 1835 5352 pen

228 5354 482 5422 prtesulé,
518 5343 688 5405 libello
720 5343 997 5419 promendo
1024 5356 1163 5422 sunt.
1199 5346 1394 5422 [iisque
1417 5343 1599 5422 verbis
1618 5344 1834 5422 explicit

228 5415 295 5483 in
322 5431 385 5483 Δ.
418 5425 552 5487 liber
577 5415 791 5481 ultimus
821 5419 1080 5487 Eutropii.
1117 5416 1265 5475 Uade
1293 5432 1388 5487 nos
1434 5417 1591 5487 varia:
1622 5415 1832 5487 lectioni

230 5503 407 5577 tinem
439 5484 709 5577 ponimus.
755 5492 957 5577 xerunt
988 5484 1127 5577 ltitia
1153 5490 1212 5577 in
1256 5484 1606 5577 ambrosiam
1642 5486 1837 5539 Biblio-

233 5556 405 5635 t'li'ec'a
435 5556 567 5621 alter
597 5562 771 5619 exstat
801 5556 957 5631 hujus
985 5560 1236 5614 Miscellze
1279 5556 1457 5635 Codex
1486 5572 1835 5627 purgamentis

146 5652 149 5653 '
230 5629 570 5695 féééit‘tlbi‘is
602 5637 796 5699 aetatis,
826 5629 1053 5687 fortasse
1075 5645 1147 5683 xv
1175 5630 1376 5692 saeculi,
1420 5629 1473 5681 in
1500 5644 1605 5697 quo
1634 5644 1694 5683 ea
1717 5643 1836 5695 quae

232 5712 449 5765 désunt
474 5711 527 5763 in
560 5709 729 5765 altera
758 5704 1064 5773 antiquiori,
1090 5716 1251 5770 quem
1275 5701 1544 5768 dedimus.
1570 5700 1834 5773 descripta

232 5783 594 5848 reperiuntur
622 5771 951 5832 concinniori
982 5773 1142 5842 stylo,
1171 5773 1508 5848 multumque
1557 5788 1584 5848 a
1636 5771 1835 5848 Cmtisii

238 5843 490 5909 Miscella
515 5850 744 5916 diverso,
774 5848 970 5916 quippe
1009 5849 1158 5913 plura
1188 5844 1239 5896 in
1260 5850 1321 5897 ea
1348 5844 1475 5916 sunt
1496 5843 1832 5916 interpolata,

241 5931 616 5992 opportunum
660 5913 919 5975 duximus
944 5919 1179 5985 integras
1214 5913 1444 5984 pagellas
1473 5915 1541 5969 ab
1579 5918 1679 5970 hoc
1717 5913 1835 5968 loco

1936 4812 2274 4882 pavimento,
2332 4818 2468 4874 quos
2521 4802 2608 4856 ille
2657 4799 3027 4869 cooperiebat,
3087 4806 3140 4850 et
3186 4792 3527 4863 precipiebat

1933 4888 2049 4960 cani
2079 4944 2094 4969 ,
2121 4911 2170 4956 et
2198 4900 2415 4953 tollebat
2441 4938 2456 4961 ,
2486 4904 2539 4950 et
2562 4894 2719 4948 dabat
2745 4892 3029 4960 unicuique
3058 4903 3237 4945 suum.
3266 4882 3527 4955 Similiter

1933 5009 1987 5055 et
2015 4999 2344 5053 diverSorum
2385 4994 2766 5061 imperatorum
2795 4985 3116 5040 nomismata
3163 4980 3320 5041 mista
3352 4974 3526 5045 porri-

1934 5093 2091 5165 gebat
2120 5104 2214 5160 per
2243 5087 2477 5142 nomina.
2523 5082 2628 5138 Sed
2673 5088 2725 5136 et
2751 5086 2944 5148 przesto
2970 5076 3122 5130 turba
3163 5079 3390 5137 astante,
3446 5068 3528 5122 vi-

1936 5207 2007 5287 aq
2052 5204 2250 5259 calcem
2311 5198 2474 5287 hujus,
2528 5193 2814 5287 Ed‘itionis.
2847 5196 3249 5287 διώξας-,θλιβξὲ

1935 5258 2034 5347 p330
2064 5258 2178 5328 suo
2218 5258 2660 5343 genio'Miscellas
2708 5274 2909 5319 sortem
2963 5276 3056 5329 per
3104 5258 3247 5315 varia
3282 5265 3520 5325 tempora

1936 5353 2244 5415 cognoscat.

2010 5421 2039 5473 b.
2070 5418 2157 5483 Fr.
2185 5414 2345 5476 Pitlt.,
2368 5410 2579 5481 lup/tiu,

2013 5478 2825 5550 CAl,llliricia'cmuHunnis.
2933 5543 2965 5550 ᾳ
3042 5542 3090 5550 m
3190 5542 3199 5550 _
3281 5538 3293 5550 ο

2011 5556 2037 5594 ἀ
2068 5539 2315 5612 Ecclesiae
2341 5554 2590 5607 Romanae
2610 5552 2724 5604 dies
2751 5548 2915 5602 festus
2933 5539 3324 5598 Puriticationis
3348 5539 3519 5612 beatre

1941 5611 2121 5687 Marias
2148 5627 2385 5695 virginis.
2417 5625 2637 5695 Graece.
2672 5636 2759 5695 ac
2782 5617 3147 5695 Ambrosinus;
3191 5612 3317 5695 dies
3357 5611 3522 5695 festus

1940 5682 2171 5771 Homini.
2229 5682 2503 5771 Educatio
2546 5682 2709 5764 ipsius
2750 5687 3085 5771 institutione
3127 5682 3521 5771 eruditissimus

2229 5746 2639 5823 stitajdissertzit.
2654 5746 3183 5833 a'polog.'slanCLoruni
3202 5746 3443 5810 'C'crvasii
3466 5759 3522 5805 et

1942 5843 2190 5908 Protasii,
2222 5855 2371 5897 num.
2404 5839 2491 5895 14.
