3918 6344
216 403 327 468 989

1224 399 1538 461 msceres
1579 395 1935 457 MISCELLA.
1977 428 2047 442 --
2085 397 2216 467 Lts.
2255 401 2397 470 xvi.

3384 400 3493 479 990

220 526 450 589 terfecit,
474 522 837 580 etvestimettta
859 523 972 593 ejus
994 529 1203 576 cruenta
1222 537 1337 575 cum
1383 536 1570 574 corona
1611 517 1878 587 tapidi—A
1904 519 2173 589 Hesperiis
2210 521 2448 588 veniens,
2500 521 2766 597 sapientia
2810 537 2905 587 sua
2948 524 3274 589 inefﬁcacem
3314 526 3492 593 redire

220 627 311 679 bus
342 621 583 691 pretiosis
605 629 849 675 exornata
892 616 1034 671 misit
1078 617 1131 671 in
1158 618 1353 687 regiam
1378 616 1639 673 θεώρημα
1656 616 1800 684 jacta

218 726 335 771 sunt
363 715 432 769 ad
463 713 617 782 pedes
639 711 960 783 imperatoris
1004 726 1177 764 coram
1206 719 1400 763 senatu.
1432 708 1626 763 Deinde
1656 708 1801 761 urbes

218 826 396 864 eorum
451 807 676 861 munitas
706 805 833 857 duos
863 804 1087 873 capiens,
1126 802 1379 857 Veronam
1423 811 1469 856 et
1493 800 1726 861 Brixiam
1758 808 1804 855 et

224 903 510 957 Romanam
559 899 832 963 civitatem,
878 896 1279 964 universamque
1329 894 1529 947 Italiam
1569 894 1632 946 ad
1668 895 1803 960 reip.

216 994 334 1063 jura
366 994 391 1023 ⁸
418 993 648 1055 reduxit,
680 999 735 1045 et
756 989 1136 1059 Longobardos
1166 988 1457 1045 honoratos
1486 986 1664 1039 multis
1694 1000 1808 1039 mu-

222 1068 440 1140 neribus
480 1084 545 1138 ad
600 1083 816 1153 propria
862 1080 1088 1145 remisit,
1136 1078 1385 1149 omnique
1415 1087 1672 1146 tempore,
1704 1092 1810 1145 quo

221 1176 556 1248 Langobardi
589 1175 938 1243 possederunt
968 1173 1288 1238 Pannonias,
1317 1171 1572 1226 Romanas
1593 1168 1806 1240 reipub.

223 1265 485 1327 adversus
516 1270 736 1323 ramulos
765 1266 1034 1337 adjutores
1062 1264 1294 1321 fuerunt.
1320 1261 1527 1319 Interea
1558 1262 1809 1320 Salomon

222 1348 404 1436 Libyae
453 1361 1134 1427 commorans,unlversos
1177 1372 1359 1413 muros
1396 1358 1625 1414 civitatis
1672 1357 1814 1413 illius

222 1457 444 1521 muniit,
468 1465 522 1511 et
545 1454 796 1523 quoniam
852 1452 1097 1507 Maurusii
1128 1453 1493 1507 discesserunt
1521 1468 1549 1506 a
1589 1450 1812 1511 Numida

221 1551 371 1617 victi,
401 1548 583 1605 Zabcn
614 1548 910 1617 regionem,
939 1556 1096 1616 atque
1121 1546 1510 1609 Mauritaniam,
1541 1553 1595 1599 et
1625 1544 1652 1583 ιι
1679 1542 1812 1603 Siti-

220 1645 369 1717 pbim
402 1642 767 1711 metropolim,
809 1641 908 1695 sub
948 1639 1144 1693 tributo
1185 1639 1440 1692 Romanis
1478 1637 1674 1693 effecit.
1722 1637 1812 1690 AI-

220 1730 390 1794 Ierius
417 1724 559 1791 enim
590 1734 917 1791 Mauritania:
940 1732 1182 1787 Cmsarea
1204 1731 1371 1801 prima
1392 1731 1691 1799 Metropolis
1710 1739 1813 1787 est.

222 1812 431 1889 Interea
464 1832 671 1887 Iberum
695 1845 811 1895 rex,
843 1826 1207 1880 Zantanardus
1231 1825 1464 1891 noroinc,
1496 1824 1811 1885 Cottstanti-

1903 614 2076 681 coegit
2103 613 2169 671 ad
2204 615 2438 683 propria.
2472 617 2626 681 Anno
2653 617 2860 683 decimo
2877 618 3062 687 quinto
3087 619 3294 687 imperii
3320 617 3486 689 Justi-
3566 638 3583 645 “

1904 708 2072 772 niani,
2104 722 2287 771 mense
2315 710 2568 777 Octobre,
2601 709 2737 769 facta
2776 719 2859 775 est
2900 710 3197 781 mortalitas
3225 711 3489 791 Byzantii.

1908 801 1975 859 Et
2002 800 2189 859 eodem
2222 816 2361 859 anno
2380 799 2406 839 ἀ
2435 803 2744 873 llypapante
2766 803 2977 859 Domini
2996 803 3222 875 sumpsit
3254 804 3497 874 initium,

1908 902 1967 953 ut
2011 892 2374 953 celebraretur
2414 892 2552 962 apud
2596 894 2907 963 Byzantium
2938 934 2954 958 ,
2997 894 3228 959 secunda
3271 893 3359 949 die
3398 892 3497 967 Fc.

1912 985 2106 1047 bruarii
2152 984 2369 1047 mensis.
2418 986 2571 1039 Anno
2625 985 2831 1049 decimo
2872 994 3025 1053 sexto
3080 982 3289 1057 imperii
3331 983 3503 1061 ,Ιιῃςὶε

1909 1077 2084 1140 niani,
2127 1078 2349 1147 contigit
2401 1077 2673 1133 debellare
2723 1078 2953 1139 invicem
3002 1092 3159 1147 reges
3197 1076 3506 1149 Auumiteit-

1911 1169 2067 1237 simu,
2112 1168 2380 1239 ludorum,
2413 1179 2466 1229 ct
2491 1169 2823 1237 Iudaeorum,
2867 1185 2931 1225 ex
2977 1183 3137 1229 causa
3171 1168 3500 1241 hujusqui.

1913 1266 2335 1331 Asitmitensium
2402 1281 2493 1322 rex
2555 1267 2688 1329 ultra
2742 1264 3036 1338 Egyptum
3089 1275 3169 1331 est
3234 1266 3503 1335 judicans.

1913 1358 2273 1427 Romanorum
2322 1369 2504 1423 autem
2553 1360 2908 1429 negotiatores
2957 1376 3049 1430 per
3078 1360 3504 1425 Ilomeritensem

1915 1453 2283 1522 ingrediuntur
2329 1453 2759 1519 Azumitcnscm,
2799 1464 2853 1511 et
2893 1455 2960 1515 ad
3012 1456 3295 1517 interiores
3326 1465 3504 1524 partes

1914 1549 2165 1609 Indorum
2189 1557 2347 1618 atque
2375 1547 2708 1615 EthiOpnm.
2731 1548 3102 1618 Negotiatores
3123 1557 3301 1609 autem
3325 1562 3511 1609 secun-

1916 1642 2043 1699 dum
2069 1641 2508 1699 consuetudinem
2555 1642 2781 1710 ingressi
2813 1649 2938 1701 sunt
2982 1643 3236 1709 terminos
3267 1640 3510 1701 llomeri-

1917 1744 2113 1793 tarum.
2180 1734 2468 1793 Damianus
2532 1749 2718 1797 eorum
2784 1750 2875 1795 rex
2945 1733 3139 1789 occidit
3208 1733 3376 1799 illos,
3457 1737 3513 1789 ct

1918 1830 2134 1887 abstulit
2190 1831 2367 1885 omnia
2433 1844 2616 1885 eorum
2676 1831 2913 1887 dicens:
2956 1829 3215 1893 Quoniam
3282 1823 3513 1885 Romani

222 1925 461 1995 nopolim
502 1921 745 1978 ascendit
787 1920 851 1973 ad
895 1920 1249 1975 Justinianum
1282 1920 1653 1988 imperatorem
1692 1933 1811 1971 cum
1843 1898 1892 1959 Β
1920 1920 2261 1981 malefaciunt
2315 1920 2544 1981 Iudaeis,
2595 1921 2683 1991 qui
2739 1920 2792 1975 in
2839 1919 3059 1989 regione
3101 1934 3196 1975 sua
3245 1927 3367 1987 sunt
3395 1957 3408 1979 .
3459 1921 3518 1971 et

226 2031 396 2072 uxore
452 2029 515 2069 ac
578 2012 914 2069 senatoribus
968 2012 1079 2066 suis
1112 2055 1126 2078 ,
1178 2026 1370 2081 rogans
1409 2026 1528 2073 eum
1578 2019 1632 2063 ut
1677 2021 1819 2065 esset

225 2110 593 2164 Romanorum
642 2115 1012 2171 concertator,
1055 2114 1110 2158 ct
1154 2119 1441 2175 germanus
1480 2104 1701 2157 anticus.
1756 2109 1821 2157 At

233 2203 529 2270 imperator
561 2197 863 2267 hujusmodi
898 2199 1174 2267 proposito
1213 2199 1327 2265 ejus
1357 2207 1598 2266 accepto,
1634 2198 1813 2253 multis

227 2307 350 2349 eum
378 2301 432 2346 et
461 2299 738 2346 senatores
762 2289 881 2357 ejus
925 2289 1303 2343 muniticcutiis
1331 2289 1632 2343 honoravit.
1666 2288 1823 2344 Simi-

230 2385 354 2439 liter
406 2392 463 2437 et
502 2383 738 2451 Augusta
786 2381 936 2434 uxori
987 2380 1103 2449 ejus
1157 2380 1357 2434 variata
1397 2384 1622 2449 gemmis
1668 2397 1824 2435 orna.

232 2483 414 2531 menta
438 2474 676 2539 donavit,
700 2482 756 2527 et
783 2471 1103 2526 dimiserunt
1125 2487 1221 2533 eos
1248 2473 1467 2542 paciﬁee
1497 2474 1563 2527 ad
1605 2488 1823 2543 regnum

231 2585 411 2624 suum.
444 2568 646 2624 Octavo
666 2556 807 2622 anno
834 2568 1043 2636 imperii
1074 2568 1379 2633 Iustiniani,
1414 2583 1564 2639 passa
1594 2585 1620 2622 a
1646 2569 1824 2625 divina

227 2663 596 2734 indignatione
624 2662 1019 2731 Pompeiopolis
1046 2662 1245 2732 Mysiae,
1296 2663 1464 2717 scissa
1513 2673 1594 2719 est
1635 2674 1774 2719 terra
1798 2679 1829 2719 a

228 2766 563 2821 terraemotu,
596 2765 651 2810 et
676 2757 922 2809 obrutum
950 2756 1178 2809 medium
1209 2755 1440 2810 civitatis
1469 2770 1589 2810 cum
1623 2757 1831 2812 habita-

244 2850 478 2915 toribus,
503 2840 561 2904 et‘
602 2856 755 2903 erant
782 2849 970 2905 subtus
1000 2860 1220 2913 terram,
1251 2857 1305 2902 et
1330 2861 1491 2903 voces
1520 2863 1703 2903 eorum
1737 2866 1829 2903 au-

231 2941 522 2997 diebantur
555 2939 896 2995 clamantium
941 2948 998 2994 ut
1042 2939 1141 2994 sibi
1191 2940 1557 2995 misericordia
1609 2949 1832 3010 prrcsta-

234 3041 411 3089 retur.
458 3030 525 3086 Et
572 3031 736 3086 multa
775 3032 991 3086 donavit
1037 3033 1324 3101 imperator
1353 3032 1420 3087 ad
1446 3034 1753 3089 educendos
1779 3044 1833 3089 et

235 3124 572 3193 adjuvandos
607 3164 623 3191 ,
681 3123 1023 3193 viventesque
1079 3123 1370 3179 liberaliter
1416 3125 1573 3194 juvit.
1634 3126 1831 3181 Eodem

240 3233 386 3274 anno
433 3217 649 3272 tradidit
674 3216 1005 3272 Iustinianus
1047 3217 1112 3271 ad
1153 3218 1486 3286 psallendum
1524 3220 1575 3274 in
1605 3220 1830 3276 ecclesia

232 3313 364 3369 illud
391 3313 530 3382 quod
574 3313 808 3367 canitur:
853 3312 1155 3385 Unigenitus
1187 3314 1347 3381 ﬁlius,
1380 3325 1426 3368 et
1458 3314 1676 3369 Verbum
1712 3316 1827 3371 Dei.

232 3408 398 3461 Anno
443 3404 651 3472 imperii
682 3404 964 3459 Iustiniani
1010 3406 1349 3473 duodecimo,
1378 3410 1505 3461 moti
1536 3418 1658 3464 sunt
1700 3410 1832 3463 llul-

229 3516 425 3573 garum
463 3502 568 3557 duo
608 3518 784 3573 rcges,
832 3503 1048 3571 Vulger,
1083 3512 1139 3557 et
1164 3503 1395 3574 Droggo,
1426 3520 1546 3560 cum
1594 3505 1833 3559 multitu-

230 3592 365 3649 dine
420 3594 470 3647 in
523 3594 798 3664 Scythiam
847 3601 901 3647 et
939 3595 1178 3665 Mysiam,
1222 3612 1339 3649 cum
1383 3605 1526 3649 esset
1580 3596 1832 3664 magism

238 3684 475 3765 militum
510 3683 689 3755 Mysia:
713 3684 970 3749 Justinus,
1003 3696 1056 3739 et
1076 3685 1308 3755 Scythia:
1344 3672 1681 3740 Blandarius.
1731 3686 1832 3754 Qui

237 3786 528 3842 exeuntes,
545 3785 728 3831 contra
750 3776 1001 3847 Bulgarcs
1027 3778 1255 3831 inierunt
1277 3779 1533 3846 praelium,
1557 3788 1610 3832 et
1627 3782 1833 3833 occisus

235 3878 326 3923 est
347 3868 604 3937 magister
636 3868 863 3922 militum
897 3867 1134 3923 JuSIinus
1164 3870 1215 3923 in
1247 3870 1407 3931 bello,
1452 3880 1503 3923 ct
1546 3870 1713 3923 iactus
1755 3878 1835 3924 est

236 3979 346 4033 pro
380 3977 445 4016 eo
490 3961 874 4017 Constantinus
909 3964 1186 4028 Florentii,
1218 3972 1270 4017 et
1297 3972 1552 4018 venerunt
1582 3963 1836 4033 Bulgares

235 4058 415 4123 usque
444 4052 511 4107 ad
540 4064 721 4123 partes
749 4054 1016 4120 Thraciae,
1046 4063 1099 4108 et
1125 4068 1369 4123 egressus
1413 4063 1495 4107 est
1522 4064 1708 4109 contra
1741 4068 1836 4108 eos

235 4151 499 4219 magister
555 4149 778 4204 militum
824 4149 846 4178 °
891 4136 1167 4203 Williriaci
1213 4163 1332 4203 cum
1375 4148 1618 4215 IIunnis,
1676 4163 1836 4218 quem

233 4243 481 4311 suscepit
511 4242 803 4311 imperator
818 4255 883 4295 ex
901 4255 1056 4296 sacro
1085 4241 1427 4309 baptismate,
1450 4242 1575 4295 etin
1602 4240 1834 4295 medium

237 4337 429 4391 missis
458 4336 774 4407 Bulgaribus
800 4334 1148 4390 conciderunt
1173 4348 1288 4402 eos,
1300 4342 1355 4388 et
1375 4333 1683 4389 occiderunt
1699 4334 1838 4389 mul-

236 4431 507 4486 titudines
528 4430 797 4499 copiosas,
828 4436 884 4484 et
908 4435 1225 4496 receperunt
1253 4441 1468 4483 onmem
1496 4427 1751 4495 praedam,
1784 4435 1841 4481 et

238 4527 498 4579 vicerunt
535 4530 816 4593 potenter,
858 4523 1052 4577 occisis
1100 4521 1309 4577 duobus
1362 4522 1574 4590 regibus
1629 4536 1832 4575 eorum.

1918 2018 2166 2077 occidunt
2190 2033 2305 2080 eos,
2331 2026 2385 2073 et
2412 2032 2477 2071 ex
2505 2016 2605 2077 hoc
2633 2015 2908 2073 solverunt
2935 2011 3349 2079 negotiationem
3380 2010 3516 2067 iutev

1922 2110 2091 2164 riores
2121 2108 2369 2163 Indorum
2410 2110 2690 2163 Azumitae.
2740 2107 2799 2164 Et
2856 2105 3159 2179 indignatus
3187 2110 3269 2157 est
3298 2102 3517 2163 Amani-

1924 2207 2151 2261 tensium
2180 2219 2271 2260 rex
2307 2204 2476 2268 Adad,
2503 2205 2717 2259 mittens
2742 2203 3096 2259 Ilomeritcnsi
3125 2219 3137 2256 :
3165 2201 3297 2268 Quia
3329 2197 3515 2259 laesisti

1922 2315 2143 2369 regnum
2202 2313 2414 2363 meum,
2469 2305 2524 2352 et
2564 2297 2873 2352 interiorem
2925 2294 3168 2359 Indiam,
3228 2291 3518 2361 prohibens

1925 2401 2252 2447 mercatores
2304 2391 2371 2445 ad
2422 2404 2521 2446 nos
2572 2390 2794 2457 ingredi.
2840 2389 2902 2443 Et
2944 2395 3209 2445 venerunt
3248 2385 3302 2443 in
3341 2383 3520 2447 inimi-

1925 2485 2102 2541 citiam
2132 2497 2399 2551 magnam,
2430 2482 2731 2537 etinicruut
2765 2480 2961 2543 bellum
2992 2481 3044 2537 itt
3096 2479 3429 2537 alterutrum.
3456 2475 3524 2530 Et

1928 2594 2049 2633 cum
2077 2578 2359 2646 pugnaturi
2382 2586 2580 2641 essent,
2601 2575 2751 2641 Adad
2776 2574 3196 2629 Azumitensium
3221 2587 3313 2627 rex
3335 2580 3523 2629 votum

1928 2670 2096 2735 vovit,
2149 2670 2360 2724 dicens:
2389 2669 2521 2737 Quia
2564 2669 2610 2724 si
2650 2670 2828 2723 vicero
2880 2668 3336 2733 llomeritcnscm,
3364 2665 3524 2731 Citri-

1931 2765 2136 2819 stianus
2166 2762 2390 2824 elliciar.
2436 2761 2557 2831 quia
2609 2776 2704 2829 pro
2749 2761 3065 2816 Christianis
3094 2775 3292 2830 pugno.
3322 2759 3524 2828 Deique

1931 2858 2241 2926 Operatione
2293 2854 2421 2908 vicit
2478 2854 2847 2923 potentissime
2880 2894 2895 2918 ,
2959 2862 3012 2906 et
3059 2852 3264 2920 accepit
3312 2859 3525 2920 captum

1932 2951 2109 3002 vivum
2139 2946 2448 3001 Damianum
2473 2961 2651 3015 regem
2674 2961 2879 3008 eorum,
2895 2955 2949 2999 et
2963 2944 3235 3014 regionem
3262 2944 3522 3013 ipsorum,

1932 3050 1986 3094 et
2029 3054 2208 3109 regna.
2240 3038 2555 3108 Gratiasque
2587 3037 2828 3093 referens
2871 3035 3020 3091 Adad
3067 3052 3163 3090 rex
3217 3036 3527 3091 Azumiten-

1933 3134 2091 3199 sium,
2112 3131 2257 3186 misit
2278 3131 2347 3185 ad
2373 3129 2731 3185 Iustinianum
2759 3130 3159 3198 imperatorem,
3182 3136 3239 3181 ut
3259 3126 3529 3196 acciperet

1936 3228 2265 3298 episcopum,
2299 3234 2352 3278 et
2399 3224 2640 3287 clericos,
2689 3233 2741 3277 et
2772 3221 3077 3283 doceretur,
3109 3230 3160 3275 et
3191 3220 3343 3275 ﬁeret
3372 3216 3528 3273 Chri-

1896 3310 2161 3385 fstianus.
2206 3319 2269 3374 Et
2306 3319 2519 3388 gavisus
2564 3324 2647 3371 est
2688 3330 2851 3384 super
2896 3313 2999 3369 hoc
3041 3312 3374 3368 Iustiuianus
3414 3310 3529 3381 pln-

1938 3419 2153 3483 ritnum,
2187 3424 2242 3471 et
2266 3415 2428 3485 jussit
2458 3414 2536 3468 eis
2561 3412 2690 3467 dare
2716 3424 3091 3480 quemcunque
3111 3407 3428 3462 voluissent.
3462 3404 3532 3459 Et

1935 3511 2213 3580 elegerunt
2272 3509 2431 3561 iidem
2484 3505 2681 3575 legati,
2740 3518 2861 3558 cum
2926 3501 3137 3556 curiose
3184 3500 3530 3569 quaesissent,

1938 3602 2356 3662 mansionarium
2406 3598 2577 3653 sancti
2621 3597 2842 3652 Joannis
2896 3610 3100 3665 magna:
3156 3590 3529 3658 Alexandriae,

1937 3696 2108 3751 virum
2143 3690 2506 3747 venerabilem
2531 3729 2545 3754 ,
2576 3697 2630 3742 et
2660 3688 2950 3757 virginem,
2988 3686 3203 3740 nomine
3230 3683 3489 3739 Joannem
3509 3680 3529 3745 ,‘

1937 3794 2027 3863 qui
2053 3789 2320 3856 sexaginta
2342 3794 2396 3840 et
2416 3786 2639 3847 duorum
2682 3793 2796 3838 erat
2817 3797 3079 3836 annorum
3102 3799 3113 3833 :
3143 3795 3249 3849 quo
3276 3785 3530 3845 suscepto

1938 3885 2182 3939 abierunt
2209 3883 2260 3934 in
2286 3880 2552 3949 propriam
2575 3878 2851 3948 regionem
2879 3874 2945 3928 ad
2971 3872 3117 3928 Adad
3149 3886 3327 3939 regem
3346 3882 3523 3925 suum.

1942 3978 2010 4033 Et
2042 3977 2112 4030 ita
2146 3975 2492 4030 crediderunt
2536 3971 2771 4034 Christo,
2816 3978 2868 4024 et
2897 3966 3179 4021 Illuminati
3204 3972 3345 4017 sunt.
3375 3959 3530 4015 Anno

1939 4070 2153 4125 decimo
2184 4068 2414 4136 septimo
2454 4062 2664 4133 imperii
2694 4060 3001 4122 Iustiniani,
3048 4057 3217 4111 factus
3241 4063 3325 4108 est
3346 4064 3530 4107 terra:-

1941 4171 2118 4217 motus
2156 4174 2382 4230 magnus
2424 4157 2474 4210 in
2507 4156 2754 4209 universo
2792 4151 3009 4207 mundo.
3041 4148 3350 4216 Eodemque
3387 4158 3529 4199 anno

1944 4253 2189 4325 apparuit
2236 4251 2454 4321 quidam
2511 4263 2575 4302 ex
2621 4248 2841 4314 regione
2893 4242 3180 4303 Italorum,
3235 4252 3328 4307 per
3378 4234 3532 4289 villas

1943 4346 2272 4407 discurrens,
2313 4341 2533 4396 nomine
2562 4339 2834 4402 Andreas,
2883 4335 3085 4389 habens
3121 4344 3303 4387 secum
3340 4342 3531 4383 canem

1942 4436 2141 4501 rufum,
2170 4443 2223 4489 et
2250 4448 2475 4497 caecum,
2505 4430 2595 4501 qui
2616 4429 2800 4500 jussus
2824 4427 2890 4481 ab
2918 4442 2983 4481 eo
3014 4423 3234 4481 faciebat
3254 4419 3527 4479 miracula.

1943 4528 2074 4584 Cum
2116 4528 2256 4582 enim
2287 4534 2452 4580 staret
2482 4523 2596 4590 ipse
2636 4522 2685 4575 in
2720 4520 2868 4586 foro,
2918 4527 2971 4574 et
3021 4516 3176 4575 turba
3211 4516 3267 4577 iu
3306 4514 3533 4579 circuitu

244 4620 459 4707 E‘odem
490 4633 629 4673 anno
656 4619 799 4688 cepit
825 4617 1130 4672 Chosdroes
1159 4632 1250 4697 rex
1282 4616 1564 4671 Persarum
1591 4630 1837 4686 magnam
1862 4636 1920 4702 ι)
1944 4622 2186 4684 adesset,
2236 4619 2371 4672 clam
2420 4615 2609 4671 eodem
2647 4628 2779 4668 cane
2818 4610 3198 4666 deferebantur
3245 4606 3532 4667 astantium

240 4698 588 4799 A'tuiocbiatn
613 4711 805 4783 Syriae.
831 4711 985 4766 Anno
1015 4711 1222 4765 decimo
1244 4708 1403 4764 tertio
1427 4707 1633 4789 imperii
1664 4707 1841 4763 Justi-
1863 4698 1901 4702 Ρ
1946 4716 2128 4772 τηιῃωὶ
2163 4712 2329 4777 aurei,
2358 4720 2411 4766 et
2439 4710 2697 4777 argentei,
2730 4715 2784 4760 ct
2814 4706 2995 4771 ferrei,
3036 4712 3090 4758 et
3119 4698 3451 4771 ponebantur
3481 4699 3535 4752 in

246 4807 425 4871 niani,
459 4807 694 4859 sociatus
724 4813 807 4859 est
831 4804 1082 4858 Romanis
1109 4802 1333 4857 Mundus
1365 4818 1430 4856 ex
1457 4816 1653 4871 genere
1682 4800 1838 4869 Gepi-

236 4902 374 4957 dum
436 4902 728 4956 derivatos.
792 4900 946 4954 Anno
1008 4898 1214 4967 imperii
1282 4896 1564 4952 .lustiniani
1630 4897 1839 4951 decimo

237 5005 442 5067 quarto
506 4995 807 5071 Chosdroes
862 5009 953 5049 rex
1013 4995 1288 5071 Persarum
1356 4993 1410 5047 in
1477 4993 1838 5067 Romanorum

240 5100 425 5145 terras
474 5098 722 5159 quartum
756 5087 877 5142 fecit
910 5092 1231 5157 ingressum,
1264 5101 1422 5155 quem
1466 5086 1738 5140 Bilisarius
1774 5087 1841 5142 ab

322 5212 348 5240 ⁸
391 5212 484 5273 A_.:
535 5204 773 5259 Reduxt't.
818 5204 952 5271 Quia
1014 5218 1135 5273 vero!
1181 5208 1373 5253 restant
1417 5200 1580 5252 adhuc
1628 5199 1843 5273 qttq,’_de

234 5266 533 5349 Iustiniani
576 5282 710 5349 Aug.
756 5266 997 5349 felicitate
1039 5266 1304 5349 dicuntur,
1346 5273 1397 5324 in
1446 5269 1699 5349 sequenti,
1734 5268 1841 5349 pce

240 5344 488 5418 prtexiute,
522 5339 694 5401 libello
727 5339 1004 5415 promenda
1032 5352 1170 5418 sunt.
1206 5343 1402 5418 [lisque
1424 5339 1607 5418 verbis
1626 5340 1841 5418 exulicit

238 5411 303 5481 in
328 5428 393 5481 Δ.
423 5421 558 5481 liber
583 5411 797 5479 ultimus
827 5416 1087 5484 Eutropii.
1124 5412 1271 5473 Unde
1300 5428 1395 5484 nos
1441 5413 1597 5484 variae
1629 5411 1838 5484 lectioni

240 5478 413 5573 ignem
445 5478 715 5573 periimus.
761 5489 964 5573 ﬁlerunt
994 5478 1134 5573 lquia
1160 5485 1229 5573 ligni
1263 5478 1613 5573 ambrosiam!
1648 5483 1844 5573 Biblio:

244 5550 410 5631 t'l‘iecft't
441 5550 573 5617 alter
603 5570 778 5616 exstat
807 5550 963 5628 hujus
993 5550 1243 5611 Miscellac
1286 5550 1465 5631 (iudex
1494 5552 1842 5623 pergamenus

156 5648 157 5651 ‘
240 5625 576 5691 ΐέέὲὴιίοίυίε
608 5633 803 5695 (etatis,
833 5625 1060 5683 tortasse
1081 5642 1153 5680 xv
1182 5626 1383 5687 saeculi,
1425 5625 1479 5677 in
1507 5641 1612 5693 quo
1641 5640 1702 5679 ea
1725 5639 1843 5692 quae

162 5752 189 5767 ν
242 5708 454 5762 desunt
480 5707 532 5758 in
565 5705 736 5761 altero
764 5700 1258 5769 antiquiori,quem
1276 5697 1551 5769 dedimus,
1576 5696 1842 5769 descripta

242 5779 600 5845 reperiuntur
628 5767 957 5845 concinniori
988 5768 1148 5838 stylo,
1178 5768 1514 5845 multumque
1564 5784 1591 5845 a
1644 5767 1842 5845 Canisii

247 5838 497 5905 Mt'scella
520 5846 751 5911 diverso,
780 5844 977 5912 quippe
1016 5844 1164 5908 plura
1194 5840 1246 5892 in
1266 5846 1327 5893 ea
1354 5838 1481 5912 sunt
1503 5838 1840 5912 interpolata,

250 5926 623 5990 opportunum
666 5908 925 5972 duximus
950 5915 1186 5981 integras
1221 5908 1451 5981 pagellas
1480 5910 1548 5964 ab
1585 5914 1686 5966 hoc
1724 5908 1843 5963 loco

1944 4809 2282 4879 pavimento,
2341 4817 2476 4872 quos
2530 4800 2617 4855 ille
2666 4798 3035 4868 cooperiebat,
3094 4804 3147 4847 et
3194 4790 3536 4861 praecipiebat

1942 4884 2057 4956 cani
2086 4941 2102 4966 ,
2128 4907 2179 4953 ct
2206 4897 2424 4951 tollebat
2450 4936 2464 4959 ,
2495 4903 2547 4947 et
2570 4893 2727 4946 dabat
2754 4890 3036 4958 unicuique
3065 4900 3245 4943 suum.
3274 4880 3535 4953 Similiter

1941 5005 1996 5052 et
2023 4996 2353 5050 diversorum
2393 4991 2774 5058 imperatorum
2803 4983 3124 5038 numismata
3171 4978 3327 5039 mista
3360 4972 3534 5042 porri-

1942 5090 2099 5160 gebat
2129 5101 2222 5157 per
2251 5084 2485 5139 nomina.
2531 5080 2637 5135 Sed
2680 5086 2733 5133 et
2759 5084 2950 5146 prresto
2977 5073 3129 5128 turba
3171 5076 3398 5133 astante,
3455 5066 3535 5119 vi-

1943 5203 2015 5283 aq
2059 5200 2258 5256 calcem
2319 5196 2482 5283 hujus.
2537 5191 2821 5283 Editionis‘
2854 5199 3094 5243 attexere
3120 5194 3256 5283 ,Λιξιὲ
3289 5182 3529 5283 quisque

1943 5263 2042 5343 pr'o
2088 5287 2186 5325 suo
2226 5263 2667 5340 geniu'MiscelIat
2716 5272 2915 5317 sortem
2970 5274 3063 5328 per
3110 5263 3255 5315 varia
3289 5263 3528 5323 tempore

1943 5351 2251 5412 cognoscat.

2016 5418 2047 5471 Ι),
2079 5415 2165 5479 Fr.
2193 5413 2352 5479 Pitlt.,
2376 5408 2587 5479 lup/tiri.

2021 5486 2040 5511 θ
2077 5476 2177 5548 Al,
2214 5476 2572 5536 It‘liricia‘cunt
2610 5476 2832 5548 Hunnis.

2019 5553 2045 5591 ἀ
2074 5537 2323 5609 Ecclesiae
2348 5551 2597 5604 Romanae
2617 5550 2731 5602 dies
2759 5547 2922 5621 festus
2940 5537 3331 5621 Purilicationis
3354 5537 3527 5621 beata:

1948 5628 2127 5684 Mariae
2156 5625 2392 5693 virginis.
2424 5623 2644 5693 Graecae,
2679 5635 2765 5693 ac
2790 5615 3153 5693 Ambrosiam:
3197 5610 3324 5693 dies.
3363 5609 3529 5693 festus

1947 5681 2177 5767 Homini.
2236 5681 2391 5767 illum
2436 5692 2509 5767 de
2552 5681 2715 5762 ipsius
2757 5686 3091 5767 institutione~
3133 5681 3529 5767 eruiil‘itisjimns

1948 5744 2217 5825 s'iiiiE’in
2236 5744 2645 5820 Qua‘ﬁassé‘mii.
2660 5744 2870 5829 apolog.
2886 5744 3189 5812 sanctorum
3214 5744 3451 5808 C'ervasii
3473 5758 3530 5803 et

1949 5840 2197 5904 Protasii,
2229 5851 2378 5893 nutu.
2412 5836 2497 5891 14.
