3918 6344
536 369 639 428 991

1424 371 1628 435 PAULI
1664 369 1938 430 DiACONl
1977 366 2125 423 Ol‘l’.
2168 362 2343 424 PARS
2383 367 2424 422 1.
2449 365 2921 424 —HISTORICA.

3611 370 3689 439 999

536 501 719 545 rerum
747 486 953 542 scilicet
994 495 1049 542 et
1076 488 1378 558 mulierum,
1409 494 1724 549 ostendebat
1751 494 1805 547 in
1848 500 1997 545 utero
2024 490 2115 542 ha-
2145 489 2195 547 Δ
2222 483 2388 538 factus
2416 494 2494 540 est
2530 485 2689 539 timor
2719 499 2941 553 magnus
2968 482 3019 539 in
3047 482 3285 541 omnibus
3321 488 3523 557 partibus
3552 494 3689 554 Orien-

535 580 757 646 bentes,
790 590 843 636 et
872 580 1215 647 fornicarios,
1261 592 1317 637 et
1355 584 1659 651 adulteros,
1707 595 1761 640 et
1800 600 2019 647 avaros,
2062 593 2118 637 et

537 674 902 742 magnanimos
931 715 946 740 ,
976 675 1283 730 ostendebat
1314 692 1497 731 omnes
1539 694 1658 732 cum
1688 678 1935 733 veritate.
1967 678 2116 733 Unde

538 764 834 832 dicebant,
900 766 1019 834 quia
1083 769 1325 836 spiritum
1392 768 1550 824 habet
1615 771 1885 841 Pythonis.
1961 774 2115 827 Anno

534 855 748 925 imperii
792 857 1073 914 Justiniani
1103 860 1309 915 decimo
1349 871 1535 915 octavo
1565 862 1812 917 diffusum
1858 872 1941 920 est
1971 881 2114 921 mare

536 963 636 1023 per
668 950 928 1007 Thracem
972 952 1229 1009 milliariis
1272 964 1534 1022 quatuor,
1578 965 1633 1011 et
1675 958 1949 1025 cooperuit
1996 974 2113 1014 eam

532 1049 735 1098 terram
784 1043 925 1098 circa
963 1054 1134 1111 partes
1167 1044 1423 1115 Otlyssei,
1457 1054 1510 1100 et
1552 1047 2015 1119 Dionysiopoleos,
2061 1059 2116 1106 et

535 1135 689 1192 multi
717 1138 886 1191 necati
918 1148 1039 1192 sunt
1070 1137 1122 1192 in
1155 1142 1324 1208 aquis,
1356 1151 1411 1196 et
1435 1141 1624 1197 iterum
1657 1155 1925 1214 praecepto
1954 1148 2109 1201 resti-

530 1232 703 1281 tutum
726 1237 806 1282 est
835 1243 980 1283 mare
1008 1228 1145 1283 idern
1170 1230 1223 1283 iu
1253 1233 1364 1287 loca
1390 1248 1505 1287 sua.
1534 1236 1684 1288 Anno
1711 1237 1918 1305 imperii
1947 1239 2106 1294 Justi-

530 1319 679 1375 niani
718 1320 925 1376 decimo
954 1336 1096 1376 nono
1126 1323 1256 1378 facta
1289 1335 1371 1378 est
1401 1325 1575 1393 inopia
1609 1328 1879 1395 frumenti,
1903 1332 2031 1399 vini,
2060 1342 2114 1390 et

532 1412 664 1478 olei,
707 1429 768 1467 ac
797 1415 976 1482 pluvia
999 1431 1207 1485 magna.
1242 1416 1306 1471 Et
1336 1417 1503 1472 factus
1526 1430 1607 1473 est
1631 1433 1959 1477 terraemotus
2002 1442 2112 1481 ma-

530 1521 668 1575 gnus
698 1505 1185 1577 Constantinopoli,
1212 1518 1269 1565 et
1295 1512 1521 1578 eversio,
1543 1511 1629 1567 die
1659 1524 1841 1569 sancto
1872 1516 2110 1584 Paschre,

494 1618 497 1619 '
530 1610 586 1655 et
611 1600 773 1669 coepit
792 1602 978 1670 vulgus
1000 1602 1266 1658 abstinere
1283 1620 1309 1656 a
1326 1604 1574 1658 carnibus
1592 1622 1773 1662 mense
1798 1608 2109 1680 Februario,

525 1690 612 1744 die
626 1698 844 1759 quarto;
874 1692 1160 1760 imperator
1178 1704 1354 1750 autem
1373 1697 1623 1764 przecepit
1648 1698 1748 1751 alia
1779 1698 2110 1757 behdomada

520 1796 737 1836 carnem
769 1786 994 1853 apponi,
1038 1796 1092 1840 et
1127 1802 1312 1842 omnes
1350 1790 1584 1843 carnium
1617 1792 1921 1849 venditores
1964 1797 2109 1851 occi-

2221 577 2432 631 talibus.
2481 577 2774 633 Tricesimo
2806 577 3010 646 imperii
3058 577 3326 633 Justiniani
3369 597 3489 638 anno
3512 595 3690 653 apparuit

2215 669 2271 724 in
2319 671 2456 726 coelo
2503 681 2711 726 cometa
2769 671 2984 738 ardens,
3039 672 3189 741 quasi
3235 674 3419 742 species
3456 677 3638 747 lanceae,
3671 700 3691 737 a

2215 764 2612 833 Septentrione,
2639 779 2806 835 usque
2830 766 2897 818 ad
2918 764 3276 819 Occidentem.
3300 765 3550 823 Tricesimo
3571 775 3692 839 primo

2213 855 2421 925 imperii
2462 855 2742 911 Iustiniani
2782 871 2943 921 anno,
2979 856 3146 911 factus
3175 865 3254 911 est
3294 866 3578 915 terrtemotus
3601 864 3691 918 hor-

2215 950 2383 1003 ribilis
2415 950 2597 1016 valde,
2632 949 2849 1018 qualem
2879 949 3056 1004 nullus
3085 947 3346 1005 hominum
3371 953 3640 1006 memorabat
3659 955 3693 1009 in

2214 1043 2561 1110 generatione
2592 1043 2676 1096 illa
2721 1058 2883 1113 super
2927 1053 3122 1098 terram
3149 1043 3399 1099 effectum.
3426 1045 3696 1101 Concutieba-

2216 1144 2305 1188 tur
2332 1138 2473 1190 enim
2504 1147 2644 1191 terra
2676 1148 2832 1193 nocte
2872 1153 2935 1191 ac
2963 1139 3080 1203 die,
3139 1137 3319 1193 diebus
3342 1140 3534 1205 decem,
3565 1150 3696 1208 postea

2215 1230 2461 1283 cessavit.
2514 1230 2582 1284 At
2611 1244 2737 1285 vero
2789 1232 3075 1299 imperator
3121 1246 3223 1285 non
3268 1233 3470 1303 gestavit
3510 1248 3697 1287 coronam

2216 1335 2310 1389 per
2360 1322 2475 1377 dies
2520 1323 2725 1377 decem.
2777 1322 2880 1379 Sed
2927 1332 2981 1378 et
3028 1332 3207 1377 sancta
3252 1323 3431 1377 Christi
3474 1325 3697 1387 nativitate,

2214 1414 2418 1480 absque
2464 1414 2548 1470 illa
2591 1416 2848 1484 processit
2895 1415 2946 1470 in
2994 1415 3303 1481 ecclesiam,
3350 1418 3412 1469 ita
3456 1424 3505 1469 ut
3542 1415 3697 1471 etiamb

2217 1506 2472 1575 prandia,
2504 1523 2620 1577 quae
2649 1523 2717 1562 ex
2753 1523 2903 1562 more
2932 1509 3062 1562 fiunt
3103 1508 3156 1563 in
3185 1509 3363 1562 decem
3388 1516 3438 1562 et
3470 1524 3620 1562 novem
3642 1523 3701 1562 ac-

2215 1600 2460 1661 cubitus,
2505 1614 2718 1654 cessure
2758 1600 2986 1668 faceret,
3034 1609 3089 1654 et
3119 1615 3298 1655 eorum
3327 1614 3553 1667 expensas
3574 1600 3701 1669 egenis

2215 1688 2497 1745 tribueret.
2543 1688 2740 1744 Eodem
2771 1706 2910 1745 anno
2942 1694 3181 1760 ingressa
3207 1702 3289 1747 est
3326 1705 3447 1762 gens
3472 1688 3701 1761 Byaantiurn

2218 1782 2507 1853 inopinata,
2538 1800 2723 1839 eorum
2749 1785 2837 1854 qui
2868 1785 3116 1840 dicuntur
3145 1788 3362 1849 Avares,
3386 1794 3436 1839 et
3459 1792 3548 1838 tota
3572 1783 3702 1835 civitas

524 1874 738 1944 derunt,
765 1887 817 1932 et
843 1889 1226 1947 apposuerunt,
1254 1893 1306 1936 et
1337 1898 1495 1937 nemo
1521 1887 1752 1950 emebat,
1781 1898 1873 1941 aut
1896 1889 2107 1946 edebat.

2216 1878 2449 1931 cucurrit
2480 1876 2543 1931 ad
2578 1877 2837 1932 visionem
2868 1892 3082 1943 eorum,
3118 1887 3362 1947 tanquam
3402 1878 3478 1945 qui
3507 1887 3702 1942 nunquam

526 1965 696 2021 Porro
725 1967 927 2025 Pascha
960 1971 1156 2026 factum
1186 1984 1266 2028 est
1296 1986 1352 2028 ut
1395 1977 1679 2043 imperator
1717 1979 1906 2047 jussit,
1949 1991 2004 2036 et
2033 1982 2113 2036 in-

522 2070 713 2115 ventus
744 2074 827 2117 est
872 2065 1098 2133 pepulus
1144 2067 1389 2136 jejunans
1440 2069 1769 2123 hebdomada
1818 2072 2105 2141 superflua.

522 2153 679 2207 Anno
708 2154 962 2210 vicesimo
1000 2158 1174 2227 primo
1213 2159 1419 2228 imperii
1449 2159 1564 2230 ejus
1605 2160 1726 2216 facti
1767 2174 1889 2218 sunt
1929 2174 2110 2221 terrae-

524 2256 697 2301 tuotus
742 2251 940 2318 magni,
988 2262 1041 2304 et
1087 2252 1296 2320 pluviae,
1345 2263 1657 2322 mortuaque
1705 2266 1787 2311 est
1828 2258 2107 2315 Theodera

522 2340 781 2412 Augusta.
828 2342 1081 2399 Similiter
1124 2355 1177 2399 et
1224 2347 1464 2415 sequenti
1506 2362 1647 2402 anno
1689 2349 1823 2404 facta
1853 2362 1977 2407 sunt
2007 2353 2109 2407 ful-

514 2444 670 2499 gura,
726 2440 780 2487 et
822 2435 1075 2500 tonitrua,
1110 2436 1176 2488 ita
1214 2445 1270 2489 ut
1294 2436 1623 2493 dormientes
1652 2455 1717 2494 ex
1748 2442 1982 2498 tonitruo
2013 2446 2107 2499 lte-

522 2521 792 2586 derentur,
823 2532 979 2592 atque
1005 2525 1245 2580 incendia
1272 2542 1433 2596 penes
1461 2528 1794 2599 Byzantium.
1824 2536 1980 2589 Auno
2008 2536 2108 2589 im-

521 2613 656 2681 perii
683 2612 966 2669 Justiuiani
992 2616 1245 2686 vigesimo
1275 2620 1430 2674 tertio
1456 2619 1658 2687 legatus
1685 2622 1931 2680 Indorum
1964 2627 2109 2681 venit

515 2703 1026 2777 Constantinopolim
1077 2709 1277 2764 ducens
1322 2711 1680 2781 elephantem,
1729 2725 1783 2770 et
1834 2717 2105 2787 ingressus

517 2808 599 2851 est
628 2797 1069 2868 Hippodromum.
1119 2803 1301 2857 Mense
1344 2812 1518 2859 autem
1549 2805 1734 2861 Martio
1771 2810 1967 2864 exsiliit
1997 2812 2106 2865 ele-

516 2888 650 2960 pbas
675 2906 706 2946 e
735 2892 943 2946 stabulo
971 2903 1154 2960 noctu,
1184 2905 1240 2949 et
1267 2894 1531 2953 interfecit
1562 2900 1781 2967 multos,
1814 2904 1947 2958 alios
1980 2920 2105 2960 vero

519 2983 832 3039 debilitavit.
881 2984 1047 3041 Porro
1089 2987 1249 3042 Junio
1294 3004 1476 3045 mense
1521 2991 1656 3046 facta
1698 3004 1821 3048 sunt
1867 2999 2100 3052 cncrenia

516 3085 822 3132 sanctorum
870 3082 1230 3149 apostolorum
1274 3082 1414 3152 apud
1462 3082 1995 3157 Constantinopolim,
2047 3100 2101 3147 et

517 3171 792 3225 recondita
821 3181 944 3225 sunt
981 3173 1190 3244 λείψανα
1236 3175 1485 3238 Audrete,
1533 3184 1587 3230 et
1628 3178 1783 3232 Lucae
1829 3183 2097 3248 apostolo-
2128 3212 2174 3275 ο

514 3277 655 3329 rum,
679 3272 732 3317 et
757 3265 967 3319 transiit
992 3266 1168 3320 Menas
1190 3268 1470 3336 episcopus
1493 3284 1612 3325 cum
1636 3275 1833 3329 sanctis
1852 3276 2099 3348 λειψάνοις

515 3355 707 3408 sedens
738 3356 789 3409 in
820 3370 1036 3410 carruca
1075 3372 1231 3412 aurea
1281 3357 1622 3428 imperatoria
1669 3364 1929 3432 lapidibus
1975 3372 2102 3423 insi-

513 3444 683 3513 gnita,
716 3454 903 3501 tenens
943 3459 1049 3502 tres
1094 3447 1273 3504 thecas
1315 3460 1619 3507 sanctorum
1651 3458 2012 3521 apostolorum
2044 3462 2097 3517 in

511 3537 733 3608 genibus
764 3540 891 3606 suis,
941 3549 995 3593 et
1042 3540 1110 3593 ita
1160 3543 1393 3596 encaenia
1422 3543 1731 3601 celebravit.
1778 3548 1931 3604 Auno
1958 3553 2100 3622 vige-

512 3631 650 3686 simo
676 3630 901 3701 septimo
930 3632 1137 3702 imperii
1165 3632 1481 3702 Justiniani,
1514 3637 1682 3693 factus
1724 3650 1806 3694 est
1848 3643 2101 3699 terribilis

514 3735 852 3781 terrremotus
880 3727 1358 3799 Constantinopoli,
1391 3742 1444 3788 et
1492 3749 1587 3804 per
1622 3735 1751 3790 alias
1797 3738 1975 3804 urbes,
2008 3740 2097 3808 qui

514 3820 683 3873 tenuit
711 3820 825 3874 dies
852 3822 1216 3891 quadraginta.
1267 3826 1333 3878 Et
1371 3826 1625 3895 paulatim
1676 3828 1919 3885 homines
1945 3846 2096 3885 corn-

511 3913 691 3981 puucli
734 3926 874 3979 sunt,
921 3916 1155 3970 litaniam
1202 3928 1440 3987 agentes,
1471 3931 1525 3975 et
1555 3921 1969 3991 frequentantes,
2011 3934 2095 3978 at-

511 4022 616 4077 que
659 4009 708 4059 iu
740 4008 981 4062 ecclesiis
1006 4018 1425 4066 commanentes.
1469 4012 1706 4082 Cumque
1736 4016 1895 4070 multa
1929 4017 2095 4072 mise-

510 4096 735 4151 ricordia
768 4097 858 4153 Dei
891 4096 1025 4152 facta
1058 4099 1279 4163 fuisset,
1313 4101 1557 4157 homines
1584 4104 1649 4158 ad
1680 4107 1858 4172 peiora
1889 4108 2093 4177 delapsi

509 4199 651 4245 sunt.
687 4191 771 4246 Fit
797 4200 977 4247 autem
1004 4194 1259 4249 memoria
1294 4204 1627 4252 terrmmotus
1658 4196 1816 4268 hujus
1849 4216 1940 4269 per
1975 4202 2093 4256 sin-

507 4283 657 4352 gulos
686 4300 876 4351 annos,
911 4288 959 4340 in
987 4302 1176 4357 campo
1205 4289 1442 4343 litaniam
1478 4292 1671 4361 populo
1698 4303 1905 4362 agente.
1938 4294 2093 4350 Vice-

507 4376 647 4429 simo
673 4387 860 4431 octavo
886 4378 1094 4447 imperii
1135 4381 1420 4435 Justiniani
1448 4398 1609 4449 anno,
1643 4384 1775 4439 facta
1805 4396 1927 4439 sunt
1954 4387 2092 4441 toni-

509 4477 649 4532 trua,
686 4482 740 4524 et
770 4470 972 4537 fulgura
1003 4472 1287 4536 horrenda,
1332 4481 1387 4526 et
1425 4484 1614 4529 vetitus
1644 4477 1851 4531 Africus
1880 4478 2089 4532 terribi-

2218 1969 2452 2024 viderint
2496 1969 2797 2041 hujusmodi
2838 1978 3073 2039 gentem.
3122 1970 3386 2024 llabebant
3412 1967 3533 2021 enim
3566 1975 3711 2049 retror-~

2213 2076 2329 2116 sum
2363 2076 2542 2115 comas
2576 2061 2808 2129 prolixas
2840 2061 2989 2115 valde
3011 2103 3025 2127 ,
3069 2070 3228 2129 atque
3259 2061 3526 2130 perplexas,
3558 2057 3707 2125 junctas

2216 2154 2484 2223 prandeis,
2517 2154 2753 2225 reliquus
2794 2171 2919 2210 vero
2964 2156 3192 2210 vestitus
3221 2169 3397 2209 eorum
3442 2152 3597 2206 similis
3628 2157 3706 2202 erat

2211 2257 2526 2302 ca-terorum
2561 2248 2894 2303 Hunnorum.
2928 2249 3016 2303 lsti
3050 2249 3312 2318 fugientes
3353 2262 3418 2302 ex
3454 2244 3626 2313 regione
3645 2254 3706 2293 sua

2212 2347 2472 2395 venerunt
2498 2341 2550 2395 in
2583 2350 2761 2411 partes
2793 2341 3049 2412 Scythiae,
3079 2356 3143 2396 ac
3175 2341 3372 2411 Mysiae,
3401 2349 3449 2393 et
3474 2338 3707 2391 direxerant

2212 2434 2277 2487 ad
2332 2434 2689 2489 Justinianum
2745 2435 2947 2506 legatos
3004 2444 3247 2504 petentes
3303 2444 3357 2487 ut
3408 2431 3706 2499 reciperentur.

2212 2524 2507 2579 Tricesimo
2561 2540 2687 2582 vero
2740 2526 2977 2580 secundo
3031 2524 3247 2595 imperii
3300 2522 3551 2579 Justiniani
3597 2532 3706 2577 anno,

2209 2618 2504 2673 redificatus
2534 2630 2616 2673 εει
2648 2620 2837 2674 trullus
2881 2635 3105 2685 magnus
3144 2619 3381 2675 ecclesiae
3419 2612 3709 2670 Constantino-

2211 2710 2364 2778 polis,
2399 2719 2455 2764 et
2480 2712 2748 2765 exaltatus
2776 2711 3054 2780 plusquam
3086 2712 3270 2781 viginti
3300 2709 3503 2779 pedibus
3539 2706 3580 2758 iu
3603 2716 3710 2768 supe-

2208 2801 2439 2856 rioribus
2459 2842 2473 2865 ,
2518 2816 2677 2871 supra
2707 2804 3025 2869 aedificium,
3054 2805 3197 2875 quod
3230 2812 3379 2859 antea
3417 2801 3579 2856 fuerat.
3605 2798 3711 2851 Anno

2212 2893 2483 2948 tricesimo
2529 2895 2686 2948 tertio
2737 2896 2943 2964 imperii
2993 2898 3073 2950 sui
3124 2898 3291 2965 erepit
3338 2898 3591 2964 imperator
3627 2886 3711 2941 redi-

2207 2982 2369 3039 ficare
2396 2993 2606 3053 pontem
2638 2996 2661 3023 “-
2693 2989 2932 3055 Agoreos
2980 2987 3242 3054 fluminis,
3292 2995 3578 3042 convertens
3611 2994 3712 3035 eum-

2206 3077 2326 3133 dem
2356 3094 2564 3133 amnem
2596 3080 2647 3134 in
2678 3081 2840 3135 alium
2874 3082 3083 3137 alveum
3105 3123 3122 3150 ,
3161 3083 3425 3148 volvitque
3450 3092 3582 3133 arcus
3604 3074 3711 3129 mira-

2204 3170 2337 3226 biles
2386 3173 2644 3241 quinque,
2677 3182 2731 3228 et
2776 3172 2905 3230 fecit
2949 3192 3069 3229 eum
3122 3175 3422 3237 meabilem,
3467 3188 3568 3225 cum
3606 3173 3712 3219 antea

2206 3262 2413 3331 ligneus
2454 3264 2630 3318 fuerit.
2671 3268 2826 3321 Anno
2870 3268 3145 3323 tricesimo
3173 3277 3362 3337 quarto
3399 3257 3713 3334 imperiiJusti-

2204 3354 2346 3410 niani
2392 3357 2720 3413 diffamatum
2771 3368 2856 3414 est
2902 3361 3041 3429 apud
3073 3357 3578 3428 Constantinopolim,
3617 3348 3712 3419 quod

2203 3458 2445 3503 mortuus
2474 3458 2619 3503 esset
2649 3451 2958 3518 imperator.
2996 3452 3231 3507 Verterat
3260 3455 3397 3506 enim
3424 3466 3451 3503 a
3478 3449 3655 3503 Thrace,
3678 3447 3714 3492 el

2202 3539 2471 3593 neminem
2504 3541 2737 3595 videbat.
2787 3542 2928 3613 Ergo
2967 3545 3156 3612 plebes
3186 3551 3472 3616 rapuerunt
3502 3540 3638 3595 subito
3657 3547 3713 3602 pa-

2200 3645 2297 3686 nes
2343 3646 2409 3685 ex
2442 3630 2575 3687 locis
2623 3634 2675 3687 in
2721 3634 2914 3704 quibus
2960 3636 3183 3703 fiebant,
3234 3647 3289 3692 et
3333 3636 3657 3691 vendebantur,
3677 3633 3713 3677 et

2200 3724 2344 3778 circa
2374 3723 2561 3779 horam
2591 3728 2800 3781 tertiam
2844 3742 2947 3783 non
2990 3729 3371 3785 inveniebatur
3409 3728 3541 3798 panis
3572 3724 3612 3777 iit
3642 3727 3711 3773 tota

2202 3813 2351 3868 urbe.
2394 3814 2585 3871 Clausa
2630 3834 2841 3888 quoque
2876 3830 3001 3875 sunt
3040 3824 3357 3891 ergasteria,
3397 3831 3445 3875 et
3482 3813 3711 3873 susurrabat

2201 3907 2476 3974 palatium,
2506 3908 2626 3979 quia
2656 3926 2815 3965 nemo
2840 3929 2904 3967 ex
2932 3924 3122 3969 senatu
3149 3914 3366 3970 videbat
3395 3915 3710 3983 imperatorem.

2198 4011 2265 4052 eo
2294 3999 2433 4065 quod
2461 4001 2701 4058 dolorem
2730 4003 2918 4073 capitis
2958 4017 3249 4075 pateretur.
3299 4008 3365 4060 Et
3400 4021 3459 4060 ex
3497 4006 3579 4057 hoc
3598 3996 3713 4053 credi-

2198 4090 2418 4155 derunt,
2480 4093 2618 4161 quod
2674 4105 2822 4150 esset
2877 4096 3163 4153 defunctus
3221 4100 3518 4167 imperator.
3567 4093 3710 4146 Interea

2196 4182 2340 4238 circa
2372 4185 2554 4239 horam
2586 4190 2796 4257 vesperi
2830 4188 2957 4244 fecit
2982 4201 3204 4246 senatus
3231 4193 3518 4255 consilium,
3542 4197 3584 4242 et
3606 4182 3711 4236 mise'

2197 4286 2321 4331 runt
2349 4280 2680 4348 przefectum,
2714 4291 2768 4336 et
2795 4283 2919 4338 fecit
2948 4284 3233 4342 luminaria
3266 4288 3318 4342 in
3352 4296 3454 4342 tota
3481 4282 3710 4347 urbe.‘l“°'

2196 4369 2337 4423 niam
2367 4385 2526 4426 sanus
2560 4376 2728 4428 factus
2754 4384 2837 4429 est
2870 4377 3179 4447 imperator,
3216 4391 3270 4435 et
3302 4382 3400 4434 hoc
3426 4377 3563 4432 modo
3584 4376 3708 4435 ereP”

2194 4475 2276 4519 est
2298 4465 2343 4518 ci
2353 4466 2488 4519 vitas
2509 4481 2538 4519 a
2565 4469 2887 4525 turbatione.
2917 4471 3205 4541 Postquam
3229 4483 3410 4529 autem
3432 4483 3572 4525 sanus
3592 4465 3709 4519 factus

508 4561 596 4626 hs,
626 4561 651 4587 “
683 4560 751 4612 ita
781 4571 839 4613 ut
881 4562 1097 4616 caderet
1137 4578 1264 4617 crux
1310 4580 1427 4633 qua:
1476 4565 1650 4619 stabat
1699 4565 1832 4621 intra
1884 4579 2089 4635 portam

2205 4567 2279 4611 est
2316 4558 2627 4626 imperator,
2672 4561 2963 4630 Eugenius,
3003 4567 3089 4632 qui
3133 4566 3311 4620 fuerat
3351 4564 3614 4635 praefectus,
3644 4555 3708 4607 de-

440 4668 441 4675 η
506 4649 717 4705 Rhesii.
767 4650 922 4704 Anno
953 4653 1209 4721 vigesimo
1239 4670 1375 4707 nono
1410 4655 1612 4723 itnperii
1642 4655 1961 4723 Justiniani,
2004 4674 2092 4713 se-

505 4742 760 4795 ditionem
791 4741 1195 4797 concitaverunt
1222 4743 1423 4808 Judaei,
1452 4756 1506 4799 et
1529 4746 1803 4801 Samaritae
1834 4748 2092 4805 Cresarete

504 4833 821 4903 Palaestinas,
870 4842 924 4886 et
970 4834 1095 4890 facti
1125 4837 1273 4903 quasi
1324 4838 1375 4891 in
1417 4837 1606 4892 ordine
1640 4839 1877 4910 Prasiuo,
1907 4851 1961 4895 et
1992 4841 2091 4896 Ve-

498 4937 645 4995 neto,
694 4928 963 4983 irruerunt
1011 4928 1063 4983 irt
1111 4929 1440 4985 Christianos
1483 4931 1721 4999 ejusdem
1750 4932 2003 4999 civitatis,
2037 4944 2091 4989 et

500 5021 698 5075 multos
729 5020 1142 5083 interfecerunt,
1176 5032 1231 5076 et
1259 5022 1515 5077 ecclesias
1556 5023 2003 5092 combusserunt,
2036 5035 2089 5080 et

500 5113 831 5182 Stephanum
884 5115 1048 5183 ipsius
1095 5117 1326 5171 civitatis
1376 5116 1686 5185 praefectum
1736 5118 1788 5171 in
1841 5118 2090 5184 praetorio

500 5218 862 5278 peremerunt,
906 5217 962 5263 et
1003 5210 1356 5279 substantiam
1386 5209 1502 5281 ejus
1542 5211 1895 5280 diripuerunt.
1943 5211 2087 5268 Uxor

499 5315 628 5357 vero
654 5300 793 5356 illius
820 5301 1023 5370 fugiens
1062 5304 1117 5357 in
1145 5304 1329 5358 urbem
1350 5344 1366 5370 ,
1396 5303 1527 5357 adiit
1556 5304 1965 5373 imperatorem,
1998 5306 2086 5376 qui

497 5393 655 5461 jussit
700 5392 1016 5447 Adamantio
1073 5396 1326 5466 magistro
1379 5395 1605 5449 militum
1654 5395 1984 5450 descendere
2033 5397 2086 5449 in

498 5468 869 5553 Palaestinam,
902 5498 957 5543 et
984 5489 1306 5545 occisionem
1336 5491 1617 5559 exquirere
1661 5491 1940 5560 Stephani.
1986 5490 2088 5559 Qui

495 5576 715 5631 veniens
766 5591 952 5631 eorum
1002 5594 1135 5647 quos
1185 5582 1383 5649 reperit
1428 5582 1561 5637 alios
1608 5584 1904 5650 suspendit,
1954 5583 2088 5638 alios

495 5666 803 5734 decollavit,
854 5670 989 5725 alios
1028 5688 1156 5727 vero
1202 5672 1517 5740 debilitavit,
1565 5686 1620 5730 et
1666 5676 1971 5744 publicavit.
2020 5675 2088 5730 Et

567 5781 593 5866 ξ
630 5781 883 5866 gestirem,
902 5784 1105 5866 ξσῳθεν
1126 5799 1218 5851 τῆς
1244 5799 1454 5866 χρυσῆς
1481 5792 1696 5865 πόρτηςο

563 5849 592 5890 λ’
631 5853 845 5921 Suidas,
876 5856 1143 5935 κλητῶριοι.

2197 4654 2363 4703 traxit
2391 4650 2621 4720 Georgio
2658 4662 2712 4708 et
2751 4654 2969 4710 Etherio
3009 4660 3371 4726 curatoribus,
3413 4654 3546 4726 quasi
3573 4646 3709 4706 voluis-

2194 4750 2315 4795 sent
2360 4741 2701 4797 Tlteodorum
2753 4746 2928 4802 facere
2977 4748 3384 4817 imperatorem,
3431 4750 3574 4803 filium
3611 4733 3708 4794 Petri

2195 4835 2451 4901 magistri.
2476 4836 2709 4905 Cumque
2738 4838 2919 4894 fuisset
2943 4856 3100 4896 causa
3128 4844 3377 4912 quaesita,
3406 4849 3457 4897 et
3482 4837 3708 4894 nullateuus

2194 4933 2559 5000 comprobata,
2591 4935 2642 4988 in
2675 4935 2803 4988 iram
2840 4938 3020 4992 incidit
3047 4938 3392 5004 imperatoris
3426 4931 3709 5005 liugenius.el

2192 5021 2382 5075 domus
2411 5022 2528 5094 ejus
2560 5024 2767 5094 publico
2794 5029 2923 5083 fisco
2951 5030 3144 5085 collata
3174 5042 3280 5087 est.
3312 5032 3465 5086 Facta
3492 5033 3563 5082 est
3584 5029 3707 5076 autem

2193 5125 2245 5168 et
2274 5119 2567 5171 mortalitas
2600 5130 2745 5173 vasta
2778 5123 2830 5174 in
2863 5124 3066 5189 Cilicia,
3099 5135 3156 5180 et
3187 5127 3483 5191 Anazarbo,
3509 5130 3554 5175 et
3577 5112 3708 5171 Antio-

2192 5207 2309 5261 chia
2357 5224 2567 5279 magna,
2619 5227 2719 5267 nec
2770 5228 2872 5267 non
2924 5226 2977 5269 et
3027 5228 3391 5285 terraemotus,
3421 5225 3469 5271 et
3500 5198 3709 5278 οοηατθδδί

2191 5309 2318 5355 sunt
2346 5301 2603 5358 adversus
2631 5305 2942 5360 alterutrum
2975 5308 3298 5374 Orthodoxi,
3327 5319 3380 5364 et
3406 5296 3706 5390 Severianit

2193 5391 2353 5446 multa
2404 5394 2685 5449 homicidia
2718 5396 2851 5452 facta
2882 5410 3024 5453 sunt.
3079 5402 3144 5456 Et
3190 5402 3359 5457 misso
3387 5380 3707 5467 imperator”

2192 5489 2411 5544 marcho
2438 5492 2635 5547 comite
2663 5492 2891 5547 Orientis
2921 5495 3147 5551 inhibuit
3176 5497 3512 5555 inordinatos,
3537 5496 3583 5543 cf
3608 5473 3705 5537 ωυί*

2192 5590 2275 5637 tos
2304 5583 2356 5637 in
2387 5583 2633 5638 exsilium
2665 5585 2840 5650 misit,
2870 5595 2924 5641 et
2956 5588 3278 5656 publicavit,
3308 5603 3370 5644 ac
3408 5567 3709 5663 membris

2192 5675 2438 5731 bilitavit.
2484 5679 2641 5732 Anno
2673 5653 3172 5750 tricesimoﬁquinto
3222 5653 3425 5750 imperii
3461 5653 3708 5730 Justioilﬂir:

2262 5791 2285 5819 ο
2325 5793 2437 5860 AL,
2465 5793 2773 5863 Sangarm.

3716 5764 3745 5817 ‘f
