3918 6344
194 382 300 444 993

1185 376 1508 439 HISTORIA
1547 378 1914 439 MISCELLA.
1954 412 2024 425 —-
2061 376 2191 441 LIB.
2234 380 2377 440 XVI.

3346 380 3452 439 ΟΜ

192 507 445 561 vicesimo
471 503 657 573 quinto
681 501 767 557 die
793 500 1109 579 Novembris
1144 503 1366 572 mensis,
1396 518 1517 558 sero
1545 503 1767 559 insidias
1791 512 1847 569 Α
1869 508 2003 562 suis.
2069 507 2271 563 Eodem
2324 522 2464 561 anno
2518 515 2781 561 venerunt
2839 506 2995 575 legati
3052 506 3252 561 Ascelti
3307 507 3454 577 regis
3484 544 3487 547 -

192 595 429 652 meditati
476 603 595 648 sunt
628 592 868 662 quidam,
918 601 973 646 ut
1017 593 1328 648 occiderent
1371 594 1770 661 imperatorem.

192 692 353 744 Erant
380 699 559 745 autem
589 689 843 745 Ablavius
867 698 920 744 et
946 688 1244 754 Marcellus,
1276 691 1619 759 pecuniarum
1646 707 1775 746 ven-

186 782 406 847 ditores,
440 791 494 835 et
522 782 759 850 Sergius.
809 781 1078 835 Meditatio
1106 794 1281 836 autem
1308 796 1494 837 eorum
1521 791 1637 837 erat
1666 782 1777 838 hu-

180 880 437 948 jusmodi.
484 880 613 934 Cum
662 878 859 933 sederit
905 878 957 933 in
1008 878 1238 934 triclinio
1283 895 1425 948 sero,
1471 879 1776 949 priusquam

186 970 399 1025 licentia
429 971 607 1036 detur,
636 969 881 1023 occidant
916 984 1038 1023 eum
1069 969 1353 1023 habentem
1384 969 1627 1024 homines
1653 984 1777 1023 suos

183 1062 282 1116 sibi
314 1069 341 1098 ι
378 1070 731 1129 cooperantes
761 1061 900 1113 intus
927 1059 1266 1114 absconditos
1296 1061 1346 1113 in
1377 1060 1690 1125 silentiario,
1724 1068 1780 1113 et

183 1153 379 1221 angulo
408 1151 631 1218 incurii,
663 1162 719 1205 ut
744 1166 863 1205 cum
894 1150 1029 1206 facta
1058 1152 1209 1205 fuerit
1240 1151 1560 1205 machinatio
1590 1152 1780 1205 turba-

184 1245 386 1299 tionetn
427 1243 644 1299 faciant.
687 1243 856 1297 Porro
884 1243 1134 1298 Ablavins
1161 1243 1321 1299 etiam
1353 1260 1541 1298 aurum
1572 1242 1780 1313 accepit

180 1353 207 1391 a
239 1337 495 1392 Marcello
519 1336 723 1406 argenti
751 1335 1050 1403 venditore,
1085 1336 1248 1390 libras
1278 1336 1654 1408 quinquaginta
1675 1378 1688 1400 ,
1722 1344 1780 1391 ut

179 1428 281 1483 sibi
311 1436 718 1498 cooperaretur.
748 1429 852 1483 Sed
880 1429 988 1501 Deo
1018 1429 1229 1483 volente
1256 1428 1383 1483 fisus
1411 1437 1495 1484 est
1522 1428 1777 1484 Ablavius

179 1520 416 1577 Eusebio
445 1520 741 1587 exconsuli,
774 1521 862 1590 qui
905 1530 1021 1576 erat
1057 1534 1238 1575 comes
1278 1520 1655 1575 ftederatorum
1676 1564 1691 1587 ,
1725 1528 1781 1577 et

175 1612 368 1668 Joanni
399 1613 729 1683 Logothetae,
762 1612 945 1667 dicens
982 1631 993 1666 :
1024 1612 1157 1679 Quia
1197 1611 1353 1666 hodie
1384 1612 1590 1680 vesperi
1628 1611 1780 1665 volu-

176 1718 299 1758 mus
330 1705 720 1772 imperatorem
750 1704 989 1772 aggredi.
1020 1702 1122 1770 Qui
1154 1718 1274 1756 cum
1306 1702 1408 1758 hoc
1443 1703 1780 1757 nuntiassent

174 1797 513 1865 imperatori,
567 1797 735 1852 tenuit
778 1812 894 1863 eos,
934 1806 986 1851 ct
1027 1796 1232 1851 invenit
1272 1811 1365 1851 eos
1397 1795 1626 1851 ferentes
1653 1796 1776 1851 abs-

1878 602 1903 640 ε
1930 599 2394 653 llormetionorum
2417 643 2431 665 ,
2462 598 2550 668 qui
2592 598 2794 666 positus
2822 606 2907 651 est
2934 597 3070 650 intra
3100 597 3451 653 Barbarorum

1877 701 2085 761 gentem
2117 693 2264 760 juxta
2292 691 2559 745 Oceanum
2579 730 2595 757 ,
2628 689 3161 757 Constantinopolim.
3190 690 3453 744 Justinia-

1876 797 1976 836 nus
2033 782 2243 850 imperii
2296 782 2377 836 sui
2430 797 2570 836 anno
2622 782 2893 850 trigesimo
2944 782 3172 850 septimo
3227 783 3457 850 perrexit

1875 888 2032 928 causa
2058 876 2312 931 orationis
2338 875 2403 930 ad
2432 872 2460 912 ιι
2488 874 2837 945 Mirangulos,
2873 874 2924 928 id
2952 882 3066 940 est,
3096 874 3458 929 Germanicias

1877 966 2061 1021 urbem
2092 966 2332 1022 Galatiae.
2372 967 2655 1021 Novembri
2708 981 2836 1021 vero
2883 981 3067 1020 mense
3096 965 3328 1019 introivit
3356 964 3458 1034 By-

1876 1060 2105 1114 zantium
2158 1061 2386 1115 Aretbas
2432 1060 2705 1130 patricius,
2735 1070 2789 1115 et
2824 1059 2841 1096 ί
2876 1060 3122 1128 princeps
3165 1058 3461 1113 Saraceno-

1878 1165 2016 1215 rum,
2061 1150 2238 1205 debita
2281 1148 2491 1206 deferre
2524 1151 2834 1221 imperatori
2862 1151 3093 1205 filiorum
3140 1164 3377 1215 suorum,
3408 1156 3462 1201 et

1876 1243 2039 1299 debiti
2083 1245 2273 1314 gratia,
2306 1256 2362 1297 ut
2392 1244 2595 1298 scilicet
2627 1254 2744 1313 post
2796 1244 2999 1298 obitum
3029 1258 3182 1297 suum
3216 1250 3462 1298 tenerent

1879 1335 2229 1406 principatum
2292 1335 2460 1389 tribus
2500 1350 2630 1389 suae.
2681 1335 2976 1390 Tricesiino
3020 1346 3207 1390 octavo
3254 1333 3463 1403 imperii

1878 1429 1959 1483 sui
1985 1443 2123 1482 anno
2153 1427 2480 1482 Justinianus
2510 1428 2577 1482 de
2605 1427 2932 1497 corruptibili
2975 1436 3029 1480 et
3074 1424 3465 1494 incorruptibili

1878 1521 2125 1590 dogmate
2151 1535 2521 1585 commoneas,
2555 1520 2731 1575 edicto
2760 1520 2953 1589 ubique
2982 1518 3154 1571 alieno
3196 1532 3225 1569 a
3269 1517 3466 1584 pietate

1880 1613 2213 1679 transmisso,
2260 1613 2371 1668 Deo
2418 1621 2828 1682 praeoccupante
2875 1610 3154 1665 defunctus
3202 1618 3302 1675 cst,
3343 1623 3465 1662 cum

1879 1706 2192 1776 imperasset
2222 1708 2435 1778 triginta
2466 1718 2587 1762 octo
2617 1707 2792 1772 annis,
2838 1707 3111 1761 mensibus
3155 1712 3381 1773 septem,
3412 1710 3471 1757 et

1878 1799 2065 1854 diebus
2108 1800 2317 1865 decem,
2366 1809 2415 1854 et
2457 1799 2685 1855 efficitur
2723 1796 2772 1854 ei
2823 1796 3127 1868 bujusmodi
3166 1805 3467 1861 successor,

170 1890 424 1945 conditos
468 1890 694 1960 gladios.
741 1891 807 1945 Et
836 1891 1114 1945 Marcellus
1148 1890 1362 1960 quidem
1407 1892 1609 1959 argenti
1641 1905 1774 1944 ven-
1806 1877 1854 1938 Β
1880 1893 2118 1950 Justinus
2141 1892 2507 1964 Curopalates.

169 1979 318 2035 ditor
369 1996 466 2050 spe
514 1981 819 2048 frustratus,
871 1990 1120 2050 exempto
1170 1981 1367 2051 gladio,
1415 1996 1570 2050 quem
1601 1992 1774 2050 porta:

170 2069 285 2135 bat,
322 2078 352 2116 δ
383 2072 530 2126 dedit
553 2073 653 2129 sibi
685 2085 792 2127 tres
823 2074 957 2127 ictus
988 2074 1040 2126 in
1069 2073 1298 2127 triclinio
1326 2072 1773 2141 comprehensus,

170 2175 221 2217 et
255 2165 511 2220 moritur.
553 2167 772 2234 Sergius
814 2177 990 2221 autem
1022 2165 1154 2236 fugit
1193 2166 1259 2221 ad
1291 2166 1632 2222 Blachernas.
1663 2168 1779 2234 Quo

172 2267 194 2295 ε
224 2258 453 2324 educto,
503 2269 557 2315 et
607 2260 956 2330 interrogato,
990 2274 1301 2329 persuasum
1332 2268 1416 2315 est
1459 2261 1506 2315 ei
1537 2260 1779 2316 confiteri

168 2352 317 2420 quod
347 2363 403 2406 et
429 2357 459 2397 ἀ
489 2351 685 2408 lsacius
714 2354 921 2423 argenti
958 2352 1222 2419 venditor,
1254 2358 1309 2408 et
1358 2352 1632 2408 Bilisarius
1666 2353 1781 2422 glo-

167 2444 509 2499 riosissimus
560 2446 837 2515 patricius,
871 2445 1071 2502 conscii
1104 2444 1303 2501 fuerint
1332 2445 1637 2516 bujusmodi
1669 2461 1780 2499 ma-

168 2538 529 2604 chinamenti,
561 2548 617 2594 et
650 2530 801 2595 Vitus
828 2540 1171 2609 pecuniarum
1199 2540 1464 2606 venditor,
1498 2548 1552 2595 et
1583 2539 1778 2594 Paulus

166 2639 413 2697 curator,
459 2632 699 2700 ejusdem
748 2632 981 2688 Bilisarii
1021 2633 1303 2689 consilium
1351 2634 1625 2689 sciverint.
1677 2632 1778 2701 Qui

166 2725 557 2793 comprehensi
606 2733 662 2779 et
711 2724 890 2780 traditi
941 2724 1200 2795 Procopio
1234 2723 1509 2794 praefecto,
1542 2722 1776 2779 confessi

166 2826 322 2882 sunt,
373 2825 428 2872 et
455 2816 706 2873 dixerunt
752 2817 821 2873 de
872 2818 1140 2885 Bilisario,
1186 2819 1277 2889 qui
1323 2834 1446 2873 mox
1495 2818 1665 2872 factus
1694 2824 1778 2871 est

166 2905 518 2975 imperatoris
548 2909 648 2964 sub
688 2909 789 2966 ira.
825 2909 974 2965 Multi
1006 2926 1134 2965 vero
1164 2920 1219 2966 et
1247 2911 1367 2981 fuga
1397 2912 1479 2967 usi
1510 2921 1654 2965 sunt.
1685 2910 1775 2966 In-

167 3010 323 3057 terea
364 3002 547 3072 quinta
592 3003 680 3058 die
723 3005 922 3059 mensis
964 3004 1274 3061 Decembris
1314 3007 1441 3060 fecit
1484 3006 1777 3075 imperator

165 3096 447 3151 silentium
470 3139 484 3163 ,
523 3097 795 3153 adducens
825 3099 1144 3169 Eutychium
1188 3100 1573 3170 patriarcham,
1606 3109 1660 3155 et
1685 3101 1774 3168 ju-

166 3190 311 3246 hens
335 3205 523 3246 eorum
565 3192 780 3247 recitari
826 3192 1209 3248 confessiones.
1255 3194 1371 3261 Quo
1409 3193 1609 3257 audito,
1647 3192 1773 3247 Bili-

162 3282 346 3339 sarius
379 3282 585 3353 ingenti
608 3293 691 3339 est
736 3298 967 3339 maerore
995 3293 1265 3355 gravatus.
1300 3286 1363 3340 Et
1388 3285 1641 3341 emittens
1671 3287 1772 3339 im-

163 3389 393 3449 perator
422 3379 831 3449 comprehendit
859 3394 1049 3435 omnes
1076 3379 1321 3435 homines
1347 3379 1484 3450 ejus,
1516 3386 1573 3435 et
1604 3380 1774 3449 ipsum

163 3472 322 3527 domi
370 3472 563 3528 sedere
595 3473 847 3542 praecepit
894 3472 1325 3528 custodiendum.
1377 3474 1582 3527 Interea
1632 3471 1774 3526 vice-

160 3566 310 3620 sima
371 3565 463 3620 die
519 3565 721 3620 mensis
777 3565 1089 3620 Decembris
1146 3575 1301 3634 capta
1351 3573 1477 3618 sunt
1533 3564 1774 3633 qutedam

161 3657 372 3713 Africa:
400 3673 429 3711 a
462 3657 771 3713 Mauritanis
802 3658 1203 3727 insurgentibus
1231 3658 1487 3713 adversus
1514 3654 1771 3727 Africam,

161 3752 241 3805 ita
267 3768 282 3803 :
315 3758 339 3786 ε
369 3749 630 3805 Cbutinas
659 3751 872 3821 quidam
900 3751 1139 3815 nomine,
1170 3764 1235 3803 ex
1277 3748 1387 3816 ipsa
1426 3755 1584 3817 gente
1623 3761 1775 3802 exar-

158 3846 309 3899 chus
359 3843 814 3911 Mauritanorum,
869 3844 1101 3899 habebat
1145 3841 1587 3897 consuetudinem
1637 3840 1775 3895 acci-

159 3935 360 4006 piendi
390 3951 421 3990 a
451 3934 471 3973 ί
505 3937 745 4007 principe
781 3935 975 3990 Africae
1015 3945 1218 3990 certam
1252 3934 1598 4004 quantitatem
1639 3932 1775 3997 auri,

160 4028 264 4096 qui
311 4041 407 4096 per
448 4036 657 4097 tempus
688 4035 832 4089 erat;
878 4040 1106 4095 cumque
1134 4025 1371 4080 venisset
1415 4033 1471 4078 ut
1514 4024 1779 4091 acciperet

161 4119 307 4175 illud
328 4161 343 4185 ,
374 4119 611 4175 Joannes
642 4120 891 4188 princeps
934 4117 1127 4172 Africa:
1157 4117 1351 4171 occidit
1394 4118 1565 4170 illum.
1610 4114 1777 4169 Porro

163 4214 591 4269 insurrexerunt
620 4210 713 4264 filii
740 4210 984 4265 Chutince
1010 4209 1349 4265 vindicantes
1381 4220 1656 4278 paternum
1689 4220 1779 4259 ac-

164 4318 414 4376 ceptum,
453 4316 507 4359 et
535 4304 701 4359 erecti
733 4314 921 4358 contra
948 4303 1128 4370 illam,
1158 4311 1437 4371 cmperunt
1462 4301 1576 4369 ejus
1602 4309 1779 4369 partes

163 4400 389 4469 aliquas
436 4396 767 4467 depraedare.
822 4395 1119 4465 Imperator
1165 4395 1379 4465 itaque,
1430 4393 1531 4448 hoc
1578 4393 1776 4463 agnito,

164 4493 326 4550 misit
376 4492 431 4546 in
482 4491 739 4546 auxilium
785 4490 1101 4544 Martianum
1151 4489 1463 4559 magistrum
1513 4487 1777 4554 militum,

2457 1986 2783 2043 JUSTINUS
2820 1986 2883 2042 ll.

1951 2084 2106 2136 Anno
2134 2080 2200 2135 ab
2229 2079 2597 2135 lncarnatione
2626 2079 2838 2134 Domini
2866 2077 2992 2144 558,
3023 2076 3263 2132 Justinus
3290 2077 3463 2145 impe-

1880 2184 2050 2239 rator,
2079 2189 2245 2243 nepos
2276 2172 2585 2238 Justiniani,
2615 2174 2631 2223 ι
2670 2182 2959 2227 coronatur
2989 2171 3054 2225 ab
3084 2168 3345 2240 Eutychio
3379 2183 3473 2237 pa-

1881 2267 2133 2321 triarcha.
2183 2266 2310 2320 Erat
2341 2275 2516 2320 autem
2562 2265 2778 2321 natione
2822 2265 3024 2332 Thrax,
3073 2262 3466 2331 magnanimus,

1878 2361 1945 2415 ad
1974 2360 2150 2415 omnia
2197 2375 2442 2433 prosper.
2496 2359 2736 2414 llabebat
2783 2367 2960 2413 autem
3006 2366 3061 2413 et
3101 2370 3319 2411 uxorem
3370 2354 3472 2410 So-

1878 2454 2057 2525 phiam
2087 2455 2323 2522 nomine,
2356 2469 2511 2524 quam
2555 2464 2609 2508 et
2651 2454 2926 2508 coronavit
2969 2454 3282 2521 Augustam.
3335 2446 3472 2502 Cum

1878 2561 2055 2604 autem
2087 2560 2229 2604 esset
2260 2550 2399 2617 pius,
2433 2549 2713 2603 adornavit
2752 2547 3029 2614 ecclesias,
3064 2560 3197 2616 quas
3224 2543 3475 2600 Iustinia-

1879 2654 1980 2694 nus
2010 2639 2398 2705 mdilieaverat,
2446 2649 2552 2694 tam
2585 2639 2838 2695 videlicet
2878 2653 3123 2710 magnam
3164 2634 3471 2700 ecclesiam,

1877 2741 1933 2787 et
1977 2733 2205 2787 Sanctos
2246 2735 2552 2803 Apostolos,
2595 2748 2752 2802 quam
2800 2732 2930 2788 altas
2972 2730 3225 2787 ecclesias
3264 2737 3318 2784 et
3356 2742 3473 2782 mo-

1876 2829 2127 2892 nasteria,
2160 2828 2364 2882 donans
2403 2829 2481 2883 eis
2521 2829 2820 2893 thesauros,
2864 2837 2917 2882 et
2955 2840 3168 2881 omnem
3210 2824 3465 2879 reditum.

1876 2916 2110 2988 Eratque
2134 2916 2473 2972 orthodoxus
2510 2917 2684 2987 valde,
2715 2929 2769 2972 et
2796 2916 2943 2971 misit
2972 2914 3255 2970 Photinmn
3284 2926 3468 2966 mona-

1876 3012 2057 3077 chum,
2091 3012 2394 3083 privignum
2437 3011 2662 3066 Bilisarii
2708 3008 2943 3074 Patricii,
2972 3010 3105 3063 dans
3142 3008 3192 3062 ei
3233 3012 3471 3075 potesta-

1877 3111 1980 3156 tem
2010 3113 2197 3157 contra
2226 3118 2440 3157 omnem
2470 3116 2684 3156 causam
2731 3108 2785 3155 et
2829 3113 3137 3169 personam,
3181 3094 3474 3164 pacificans

1878 3194 2146 3251 Ecclesias
2197 3197 2478 3250 universas
2530 3193 2749 3264 ZEgypti
2800 3202 2853 3247 et
2904 3189 3257 3246 Alexandrim.
3319 3187 3473 3241 Anno

1882 3302 2007 3341 vero
2035 3287 2270 3342 secundo
2298 3285 2506 3355 imperii
2536 3284 2748 3350 Justini,
2778 3282 3025 3338 Etherius
3050 3291 3103 3337 et
3123 3278 3151 3317 ι
3176 3280 3382 3344 Avitus,
3412 3289 3474 3332 ac

1879 3380 2117 3434 medicus
2148 3378 2235 3449 qui
2265 3394 2384 3434 cum
2418 3380 2548 3448 ipsis
2576 3389 2710 3442 erat,
2746 3376 2978 3431 insidiati
3016 3384 3140 3430 sunt
3167 3374 3338 3429 cidem
3367 3371 3473 3425 im-

1878 3472 2112 3543 peratori
2140 3472 2375 3536 .lustino,
2406 3472 2495 3540 qui
2527 3470 2746 3541 cogniti,
2795 3469 3061 3525 interfecti
3106 3477 3230 3522 sunt
3273 3462 3475 3536 gladio.

1877 3564 2061 3621 Tertio
2101 3564 2311 3634 imperii
2351 3562 2543 3618 Justini
2574 3577 2745 3627 .anno,
2789 3560 3059 3616 accersitis
3101 3556 3297 3627 Sophia
3347 3553 3474 3624 piis-

1878 3658 2012 3713 sima
2044 3658 2281 3727 Augusta
2324 3655 2666 3724 pecuniarum
2704 3653 3088 3717 venditoribus,
3131 3660 3186 3706 et
3226 3647 3474 3717 notariis,

1873 3750 2033 3819 jussit
2054 3748 2249 3805 deferri
2276 3752 2553 3806 cautiones
2577 3748 2903 3815 debitorum,
2933 3754 2987 3800 et
3013 3745 3225 3810 breves,
3253 3752 3305 3797 et
3334 3755 3475 3811 prae-

1878 3843 1994 3898 buit
2020 3858 2113 3899 eos
2142 3842 2496 3912 debitoribus,
2520 3853 2573 3897 et
2604 3840 2831 3897 reddidit
2858 3839 3086 3894 dominis
3112 3836 3243 3903 suis,
3276 3844 3332 3891 et
3359 3834 3477 3889 Iau-

1879 3934 2006 3989 data
2045 3945 2128 3990 est
2157 3950 2319 4005 super
2349 3936 2450 3990 hoc
2490 3947 2813 4004 magnopere
2852 3931 2919 3985 ab
2950 3931 3200 3985 universa
3240 3927 3475 3981 civitate.

1880 4030 2035 4082 Anno
2058 4043 2185 4084 vero
2210 4027 2424 4097 imperii
2448 4027 2641 4083 Justini
2673 4026 2924 4095 septimo,
2954 4022 3177 4078 Romani
3209 4034 3272 4074 ac
3297 4018 3477 4073 Persa:

1880 4136 2065 4191 pacein
2097 4131 2471 4191 corruperunt,
2504 4130 2558 4175 et
2610 4122 2798 4173 iterum
2844 4116 3117 4172 Persicum
3164 4118 3476 4167 renovatum

1880 4222 1964 4267 est
2014 4212 2245 4277 bellum,
2296 4226 2361 4267 eo
2409 4211 2547 4279 quod
2598 4210 2887 4265 Homeritze
2926 4205 2941 4245 ι
2976 4207 3027 4261 in
3077 4204 3362 4260 dilectione
3408 4199 3477 4254 ad

1883 4305 2153 4359 Romanos
2204 4304 2466 4370 miserint,
2500 4313 2552 4358 et
2599 4303 2888 4369 imperator
2933 4298 3201 4353 Julianum
3231 4306 3271 4352 tll
3300 4290 3472 4361 magi-

1882 4407 2051 4454 strum
2096 4412 2213 4451 cum
2263 4411 2416 4452 sacra
2455 4394 2804 4451 destinaverit
2851 4392 2915 4446 ad
2960 4391 3245 4445 Archetetn
3294 4398 3477 4457 regem

1884 4489 2196 4559 AithiOpum
2245 4504 2335 4558 per
2374 4487 2549 4542 Nilum
2594 4484 2811 4539 ﬂuvium
2852 4484 2917 4538 ab
2948 4479 3269 4538 Alexandria
3298 4487 3353 4534 et
3391 4476 3479 4535 ln-.

164 4594 434 4656 nepotem
457 4599 636 4650 suum,
664 4599 786 4639 cum
809 4583 1045 4637 exercitu
1069 4582 1136 4635 ad
1164 4580 1521 4650 pacificandos
1544 4580 1776 4647 Mauros,
1810 4613 1861 4675 Β
1885 4584 2003 4639 dico
2035 4585 2188 4638 mari.
2223 4583 2322 4651 Qui
2354 4592 2598 4651 receptus
2639 4591 2723 4637 est
2756 4580 2824 4635 ab
2854 4578 3083 4634 Archeta
3116 4591 3240 4647 rege
3265 4572 3480 4674 Aithio-

168 4688 232 4734 et
292 4676 673 4731 conﬂuxerunt
726 4673 792 4727 ad
850 4688 996 4729 eum.
1052 4671 1245 4741 Sicque
1298 4686 1425 4741 pace
1479 4671 1643 4741 potita
1700 4681 1783 4725 est

171 4773 383 4829 Africa.
418 4770 621 4826 Eodem
649 4783 791 4824 anno
830 4770 1122 4839 imperator
1147 4765 1463 4837 quibusdam
1504 4766 1782 4834 perturbas

174 4866 391 4923 toribus
430 4861 952 4933 Constantinopolim
996 4859 1386 4915 concitantibus
1417 4857 1634 4928 pollices
1663 4856 1783 4911 abs-

172 4959 333 5026 cidit,
363 4971 552 5013 eorum
597 4956 881 5021 duntaxat,
919 4952 1008 5023 qui
1036 4967 1154 5006 cum
1178 4950 1369 5021 gladiis
1395 4957 1781 5020 pugnaverunt.

170 5049 335 5107 Nona
365 5048 576 5104 decima
609 5061 735 5101 vero
763 5044 855 5101 die
902 5043 1102 5099 mensis
1150 5041 1357 5105 Martii,
1407 5040 1658 5095 dimissus
1705 5049 1786 5093 est

176 5142 467 5199 Bilisarius
513 5138 810 5206 Patricius,
859 5136 1094 5206 receptis
1145 5134 1395 5190 omnibus
1442 5132 1785 5204 dignitatibus

162 5342 169 5352 '
255 5337 287 5367 ι
324 5327 438 5393 AL,
466 5332 792 5398 coeperantes
825 5322 1143 5378 absconditos
1176 5321 1233 5374 in
1268 5318 1603 5391 archangulo,
1643 5327 1690 5372 et
1731 5317 1785 5371 in

179 5418 362 5458 curru.

256 5474 286 5514 δ
325 5471 436 5537 AL,
466 5469 576 5523 dati
602 5478 739 5524 sunt.

261 5547 285 5609 (ξ
329 5544 438 5609 AL,
468 5543 645 5596 educto
673 5540 737 5593 ab
761 5539 991 5595 ecclesia.

257 5606 288 5683 ἢ
325 5606 438 5683 AL,
474 5612 775 5683 Hisaucius.

259 5681 287 5751 ξ
326 5680 441 5751 AL,
473 5681 734 5737 Cuatinas.
765 5680 874 5750 AL,
904 5680 1169 5737 Cutsinus.

264 5741 283 5781 ί
327 5741 440 5822 AL,
472 5756 793 5822 proconsule.

261 5833 288 5893 β
331 5829 442 5893 AL,
476 5824 953 5880 Erntecltionorum.

260 5890 293 5987 ξι
314 5890 441 5987 1531.,
471 5895 799 5969 Mirianglos,
820 5895 876 5954 id
899 5905 972 5953 eu
991 5891 1315 5955 Germanias.
1339 5891 1613 5962 Francisc.
1642 5890 1785 5953 Pith.

1886 4693 2008 4747 pum
2040 4691 2159 4730 cum
2191 4673 2385 4745 gaudio
2414 4687 2628 4742 magno,
2660 4679 2948 4741 appetente
2993 4668 3245 4724 nimirum
3294 4662 3479 4719 amici«

1885 4768 2010 4821 tiam
2068 4765 2429 4819 Romanorum
2487 4761 2843 4833 imperatoris.
2905 4758 3201 4815 Enarrabat
3253 4763 3473 4825 autem,

1884 4874 2004 4915 cum
2038 4859 2283 4913 rediisset
2313 4857 2449 4912 idem
2478 4855 2739 4923 Julianus,
2786 4853 2927 4924 quod
2959 4851 3171 4923 quando
3211 4844 3478 4914 receperit

1884 4968 2004 5007 eum
2036 4968 2127 5006 rex
2158 4950 2407 5016 Archeta,
2442 4950 2613 5005 nudus
2640 4959 2803 5017 esset,
2838 4947 3041 5001 habens
3070 4942 3477 4999 circumcinctu-

1885 5062 2021 5112 ram,
2070 5055 2121 5101 et
2164 5046 2218 5100 in
2268 5044 2464 5101 lumbis
2511 5046 2648 5099 linea
2678 5041 2981 5097 vestimenti
3029 5052 3158 5093 auro
3205 5044 3473 5090 contexta.

1885 5143 2038 5198 Circa
2072 5152 2308 5197 ventrem
2352 5156 2479 5197 vero
2528 5138 2756 5209 portavit
2795 5134 3103 5190 indumenta
3149 5128 3311 5183 scissa
3355 5140 3475 5180 cum

1886 5320 2254 5445 Μαιὲαηῃςίοσ,
2282 5319 2338 5372 id
2364 5327 2435 5371 est
2463 5315 2717 5373 Germias.
2747 5310 2808 5367 P.
2832 5308 2998 5376 Pith.,
3034 5302 3395 5373 Mariangelos,
3428 5296 3479 5351 id

1886 5404 1957 5445 est
2038 5408 2223 5445 ermas.

1886 5404 1957 5447 est
1989 5404 2223 5445 hermas.

1962 5465 1980 5504 1
2026 5464 2133 5535 AL,
2174 5464 2407 5535 princeps
2438 5460 2615 5535 tribes.

1962 5537 1975 5588 i
2027 5521 2136 5604 AL,
2166 5521 2437 5587 coronatus
2461 5550 2493 5585 α
2520 5525 2854 5604 Joanne,__lta
2883 5533 2935 5579 et
2961 5521 3175 5603 (lenient

1861 5586 1864 5590 ’
1959 5586 1984 5647 lt
2167 5586 2382 5659 Andius.
2414 5604 2690 5671 Evagrius,
2722 5598 2815 5663 lib.
2848 5612 2901 5663 ν,
2931 5608 3049 5663 cap.
3084 5590 3137 5645 5.
3167 5590 3393 5645 Addeus.

1964 5679 1984 5719 1
2028 5680 2136 5745 AL,
2169 5677 2292 5732 Indi
2322 5677 2588 5744 legionem.

1960 5763 1998 5790 ιη
2031 5752 2137 5821 AL,
2189 5748 2586 5821 Magistrianum
2643 5760 2757 5799 cum

1892 5830 2115 5888 Ανρᾼρηι·

2816 5742 2982 5799 Sacra
3034 5734 3357 5793 destinaverit
3406 5727 3478 5788 ad

2973 5956 3061 5980 .-λ
