3918 6344
511 346 622 409 995

1413 334 1616 394 PAULI
1656 332 1929 391 DIACUNI
1960 326 2111 389 OPP.
2152 332 2327 389 PARS
2367 330 2410 386 Ι.
2447 359 2518 372 --
2546 325 2925 386 lllSTORlCA.
3590 334 3664 395 ωδ

504 455 806 531 margaritis
828 454 1093 525 pretiosis,
1117 462 1171 509 et
1199 454 1251 508 in
1279 450 1510 507 brachiis
1538 451 1727 521 quinos
1753 448 2004 514 circulos,
2027 455 2082 502 et
2108 453 2161 512 Α
2187 446 2405 503 fratrem
2437 455 2581 499 tuum
2613 445 2863 527 primum,
2890 452 2944 498 et
2972 442 3355 531 imperatorem,
3379 444 3446 501 Ex
3472 449 3663 510 diabolica

505 569 696 613 aureas
737 548 968 607 armillas
1015 548 1068 602 in
1119 547 1361 601 manibus
1405 546 1551 609 suis;
1597 544 1651 598 in
1703 542 1872 612 capite
1917 549 2092 595 autem

514 662 747 720 pannum
776 649 1123 713 geminatum,
1156 639 1436 694 habentem
1466 624 1531 691 ex
1559 646 1783 702 utroque
1812 633 2096 702 ligamento

508 740 710 811 plectas
739 745 986 805 quatuor,
1018 742 1071 788 et
1102 743 1343 802 torquem
1373 744 1591 783 aureum
1640 729 1691 782 in
1721 725 1863 781 collo
1894 740 2011 790 suo,
2045 731 2098 779 et

506 831 684 888 stabat
712 842 874 897 super
905 834 1132 894 quatuor
1160 822 1472 891 elephantes
1503 827 1727 884 stantes,
1758 825 1813 872 et
1845 816 2099 871 habentes

506 921 715 992 jugum,
759 930 813 974 et
850 927 996 972 rotas
1022 925 1267 986 quatuor,
1296 923 1351 968 et
1379 911 1626 976 superius
1658 918 1681 945 ⁸
1712 924 1924 963 currum
1956 908 2100 961 vela-

510 1022 624 1068 tum
669 1012 853 1082 petalis
891 1012 1088 1074 aureis,
1137 1016 1193 1062 ut
1236 1003 1409 1061 suntb
1446 1005 1740 1074 principum
1790 1016 1999 1065 currus,
2050 1009 2103 1056 et

508 1117 660 1166 stans
690 1121 851 1175 supra
882 1105 1000 1158 illos
1030 1101 1233 1157 ferebat
1263 1110 1470 1155 scutum
1516 1098 1888 1167 parvissimum
1918 1103 2103 1148 rotun-

510 1201 663 1266 dunt,
693 1206 747 1253 et
774 1198 907 1251 duas
939 1194 1204 1249 lanceolas
1230 1206 1437 1258 aureas,
1464 1201 1516 1244 et
1544 1201 1756 1244 senatus
1784 1192 1958 1243 omnis
1988 1186 2103 1255 ejus

507 1303 772 1349 eratcum
806 1290 967 1345 armis
1007 1294 1262 1342 canentes
1294 1285 1686 1339 modulationes
1725 1284 1979 1338 musicas.
2023 1281 2104 1335 ln-

508 1385 785 1441 troductus
813 1392 989 1435 autem
1024 1379 1226 1449 legatus
1256 1378 1650 1442 Romanorum,
1679 1390 1799 1429 cum
1832 1373 2106 1428 adoravis-

508 1487 610 1538 set,
656 1476 834 1544 jussus
862 1481 944 1528 est
972 1472 1124 1539 erigi,
1169 1480 1224 1525 et
1272 1470 1459 1522 adduci
1505 1468 1570 1521 ad
1619 1484 1695 1521 se.
1745 1468 1875 1521 Cum
1924 1475 2101 1520 autem

509 1567 835 1633 Suscepisset
866 1564 1202 1630 imperatoris
1231 1576 1467 1627 sacram,
1519 1561 1786 1613 osculatus
1816 1568 1900 1614 est
1927 1559 2107 1628 signa-

511 1656 690 1712 culum
712 1695 727 1721 ,
760 1654 899 1723 quod
933 1653 1161 1707 habebat
1192 1652 1552 1720 pectusculmn
1584 1649 1940 1719 imperatoris.
1979 1652 2108 1705 Sus-

514 1751 683 1819 ceptis
716 1758 893 1803 autem
934 1757 986 1801 et
1027 1746 1362 1813 muneribus,
1391 1745 1599 1816 gavisus
1629 1756 1708 1799 est
1736 1744 1906 1801 valde.
1941 1744 2109 1799 Porro

2197 540 2335 593 enim
2368 539 2677 608 operatione
2710 526 2829 592 novi
2860 520 3001 606 quod
3036 534 3229 591 factum
3259 522 3319 590 sit
3346 520 3446 593 hoc.
3472 534 3549 608 Qui
3573 532 3669 602 θερί.

2197 632 2281 707 ιΙίι⁵
2317 633 2381 685 ad
2429 633 2588 699 pedes
2620 630 2757 700 ejus,
2786 639 2840 685 et
2877 628 3010 683 ﬂens
3055 630 3167 683 ait:
3205 610 3458 700 l’era‘citer,
3499 626 3671 707 doniine,

2199 704 2514 791 potestatem
2547 722 2749 776 habens
2780 710 3145 799 verumtamen
3176 710 3224 772 in
3255 710 3499 788 pascuus
3523 704 3677 784 Seiiatus

2199 802 2505 869 deformasti
2536 829 2747 868 servum
2790 822 2973 879 tuum;
3004 800 3187 879 utodo,
3219 802 3437 881 domine,
3467 810 3532 870 his
3563 820 3677 875 ratio-

2203 922 2322 961 nem
2355 890 2537 968 redde,
2564 902 2616 961 et
2646 906 2876 961 ostendit
2906 907 2954 961 ei
2998 921 3182 975 equos.
3234 878 3295 960 Ᾱι
3339 924 3448 962 Vero
3475 910 3682 979 imperator

2202 999 2407 1067 rogavit
2436 1015 2556 1054 eum
2587 1015 2767 1053 secum
2797 1000 3139 1063 manducare,
3173 1009 3225 1053 et
3256 994 3484 1068 pacillcati
3509 1002 3615 1058 sunt.

2234 1156 2241 1159 Α
2281 1092 2483 1146 Eodem
2516 1108 2642 1145 vero
2674 1106 2814 1146 anno
2841 1092 3035 1146 laetum
3068 1102 3151 1146 est
3179 1092 3365 1146 bellant
3395 1094 3516 1149 circa
3548 1097 3682 1168 Sagar-

2208 1184 2335 1237 thon
2368 1168 2727 1238 ltouianorum
2757 1194 2917 1252 atque
2946 1186 3228 1239 Persarum
3262 1201 3507 1255 magnum,
3533 1200 3573 1244 et
3594 1192 3686 1247 rice-

2208 1287 2333 1329 runt
2380 1264 2626 1328 liott’tani.
2674 1275 2827 1328 Nono
2871 1290 3012 1331 anno
3040 1264 3247 1346 imperii
3274 1262 3448 1333 Justiui
3484 1272 3689 1337 llormisda

2207 1383 2300 1422 rex
2350 1352 2628 1423 Persarum
2674 1368 3079 1425 Arimardanem
3107 1370 3293 1426 ducem
3326 1354 3689 1445 Persaruntotdi-

2209 1476 2343 1516 nans
2370 1463 2513 1516 misit
2543 1462 2595 1516 in
2626 1462 2994 1519 Romanorum
3024 1467 3297 1534 regionem
3325 1450 3611 1535 depOpulari,
3636 1456 3694 1543 qui

2213 1557 2390 1625 prtrda
2440 1559 2602 1612 multa
2648 1571 2797 1629 capta
2829 1576 3075 1616 reversus
3107 1571 3212 1616 est.
3257 1545 3365 1628 Quo
3388 1550 3693 1632 compertdlu-

2209 1646 2383 1701 stinus
2414 1657 2790 1705 consternatus
2832 1648 2972 1705 mole
3016 1652 3375 1720 calamitatis,
3415 1640 3534 1735 capti
3566 1670 3698 1709 sensus

2212 1738 2525 1809 languorem
2578 1740 2832 1807 incurrit,
2870 1752 2919 1797 et
2974 1751 3187 1811 pactum
3239 1743 3403 1799 facere
3447 1745 3696 1800 llormisdam

510 1855 633 1895 cum
682 1840 900 1909 legisset
950 1854 1181 1904 sacram,
1233 1838 1439 1891 invenit
1487 1847 1544 1890 ut
1592 1852 1650 1892 se
1697 1846 1878 1892 contra
1926 1852 2105 1907 regem
2137 1816 2186 1876 Β
2215 1835 2496 1904 petit,qui
2522 1834 2639 1889 ﬁeri
2671 1852 2906 1891 annuum
2928 1838 3217 1911 consentit.
3245 1837 3468 1893 Justinus
3495 1839 3703 1909 imperator

516 1930 810 1989 Persarum
854 1938 1117 1997 armaret,
1167 1938 1221 1983 et
1269 1929 1627 1997 proximorum
1676 1928 1776 1982 sibi
1826 1928 2107 1983 Persarum

514 2022 768 2092 perderet
817 2022 1108 2089 regionem,
1158 2027 1213 2075 et
1259 2020 1479 2074 ulterius
1510 2034 1629 2073 cum
1685 2019 1857 2075 Persis
1905 2020 2105 2075 foedera

511 2127 620 2173 non
664 2112 841 2168 iniret.
890 2113 1135 2168 Protinus
1167 2127 1294 2179 ergo
1325 2112 1551 2165 collecto
1582 2116 1817 2165 exercitu
1868 2126 1959 2164 rex
2002 2112 2106 2165 Ar-

511 2209 699 2262 chetas
746 2222 922 2260 coram
974 2207 1149 2275 legato
1200 2205 1562 2257 [tertianorum
1613 2203 1870 2257 adversus
1918 2190 2109 2258 Persas

512 2303 751 2374 praelium
779 2303 964 2367 movit,
995 2301 1268 2371 subjectos
1296 2300 1396 2355 sibi
1428 2302 1726 2355 Saracenos
1758 2301 2105 2370 prmtnittens.

514 2391 794 2450 Profectus
822 2402 996 2446 autem
1024 2402 1076 2445 et
1121 2392 1233 2459 ipse
1264 2391 1330 2444 ad
1364 2391 1632 2460 regionem
1668 2392 1944 2448 Persarum
1964 2434 1977 2457 ,
2012 2392 2109 2446 den

511 2485 797 2557 populatus
823 2494 906 2539 est
934 2485 1108 2537 omnia
1138 2499 1257 2553 quas
1301 2485 1350 2536 in
1394 2484 1501 2537 illis
1533 2484 1661 2538 locis
1692 2494 1863 2539 erant.
1898 2484 2109 2539 Tenens

509 2588 691 2635 autem
725 2595 815 2633 rex
850 2558 1107 2632 Arclietas
1138 2586 1293 2647 caput
1336 2577 1564 2641 Juliani,
1610 2587 1664 2632 et
1705 2577 1838 2631 dans
1878 2577 1925 2632 ei
1965 2580 2109 2645 pacis

511 2672 779 2737 osculum,
814 2669 1015 2722 dimisit
1043 2684 1163 2743 eum
1199 2670 1248 2721 in
1286 2670 1446 2721 multa
1479 2667 1866 2733 benevolentia,
1898 2669 2107 2723 multis-

511 2776 616 2833 que
662 2760 990 2815 muneribus.
1044 2759 1210 2835 Porro
1241 2758 1376 2812 facta
1408 2767 1489 2812 est
1531 2770 1582 2815 et
1612 2760 1712 2815 alia
1762 2776 1941 2827 causa,
1993 2776 2112 2830 qua:

514 2853 751 2910 turbavit
776 2852 1119 2916 Cbosdroen;
1152 2847 1331 2905 llunni
1358 2852 1552 2921 quippe
1585 2867 1677 2921 per
1715 2852 1842 2906 illud
1878 2861 2106 2921 tempus,

519 2961 654 3018 quos
674 2946 877 3001 Turcos
903 2944 1080 3001 dicere
1104 2944 1504 3007 consuevimus,
1528 2946 1846 3016 legationem
1877 2945 2113 3014 dirigunt

516 3041 585 3095 ad
607 3040 897 3107 Justinnm,
931 3055 1022 3105 per
1050 3038 1343 3092 Alanorum
1374 3038 1645 3107 regionem
1676 3037 1965 3092 mittentes.
2000 3035 2112 3094 lloc

514 3135 710 3189 timens
742 3132 1064 3201 Chosdroes,
1097 3131 1492 3185 excusationem
1539 3130 1900 3199 pruriendebat
1940 3133 2114 3188 rebel-

516 3224 718 3283 lionem
748 3224 1121 3279 Armeniorum
1155 3224 1205 3277 in
1236 3237 1295 3277 se
1325 3222 1515 3275 lactant
1547 3237 1640 3290 per
1668 3239 1971 3288 accessum,
2002 3240 2107 3294 quo

515 3317 727 3377 Justino
756 3317 1114 3385 adhaeserant.
1157 3315 1265 3371 Sed
1304 3324 1357 3369 et
1402 3315 1652 3386 profugos
1683 3317 1970 3384 repetebat.
2008 3318 2111 3372 lm-

520 3408 788 3479 pendebat
818 3408 956 3462 enim
998 3407 1356 3460 Romanorum
1403 3408 1691 3475 imperator
1741 3424 1833 3477 per
1879 3410 2115 3477 singulos

522 3514 695 3556 annos
738 3501 1050 3569 quingentas
1096 3499 1261 3552 libras
1308 3500 1454 3565 auri,
1488 3508 1543 3554 ut
1585 3511 1791 3565 castra,
1835 3518 1950 3569 qum
1998 3498 2115 3557 loco

519 3593 763 3663 proxima
793 3604 940 3647 erant
961 3633 976 3660 ,
1009 3592 1183 3646 Persae
1213 3591 1570 3660 custodirent,
1607 3610 1672 3649 ne
1704 3595 1956 3664 ingressa:
1986 3611 2114 3665 gen-

519 3692 605 3740 tes
655 3693 935 3754 utramque
984 3684 1583 3753 remp.rdestruerent,
1638 3688 2115 3757 communibusque

520 3780 819 3850 sumptibus
872 3777 1085 3833 castella
1141 3777 1535 3832 muniebantur.
1593 3779 1663 3833 At
1711 3796 1834 3833 vero
1878 3766 2117 3859 Justinus

521 3885 709 3943 pacem
755 3870 1034 3940 dissolvit,
1085 3885 1330 3925 asserens
1377 3870 1720 3940 opprobrium
1772 3886 1891 3927 esse
1940 3871 2118 3926 Persis

520 3965 733 4021 solvere
763 3963 956 4018 tributa
991 3964 1279 4039 Romanos.
1316 3963 1603 4032 Propterea
1646 3963 1820 4017 locum
1869 3979 2116 4035 magnum

521 4058 626 4114 hoc
656 4059 938 4113 Persarum
972 4069 1022 4112 et
1052 4056 1418 4111 Romanorum
1448 4059 1644 4126 reperit
1689 4057 1905 4112 bellum.
1951 4057 2117 4113 Porro

519 4150 760 4206 Justinus
811 4150 1091 4206 Martinam
1148 4150 1467 4217 Patricium,
1525 4161 1575 4204 et
1626 4160 1910 4233 cognatum
1960 4166 2114 4206 suum

525 4253 806 4313 praetorem
856 4256 1045 4297 creans
1096 4243 1366 4309 Orientis,
1424 4251 1608 4296 contra
1659 4244 1849 4297 Persas
1903 4244 2113 4299 direxit.

520 4335 723 4391 Octavo
772 4335 979 4405 imperii
1027 4338 1107 4390 sui
1140 4352 1279 4390 anno
1327 4335 1567 4390 Justinus
1602 4336 1896 4393 inﬁrmatus
1924 4349 2034 4405 est,
2065 4348 2119 4395 et

519 4432 869 4486 c0ntristatus
915 4430 1172 4484 adversus
1223 4430 1526 4484 Biduarium
1575 4429 1792 4486 fratrem
1842 4448 2017 4497 suum,
2063 4441 2117 4486 et

2141 3182 2189 3249 ο

2212 1926 2486 1980 Tiberium
2521 1927 2773 1981 comitem
2807 1938 2828 1966 ε
2859 1928 3232 1983 excubitorum
3259 1930 3354 1983 sibi
3383 1928 3567 1991 faciens,
3587 1931 3703 1983 Caesa

2214 2034 2325 2072 rent
2356 2016 2668 2085 appellavit,
2698 2028 2752 2073 et
2778 2004 3147 2073 consessorem
3177 2036 3332 2073 suum
3353 2020 3613 2091 constituit,
3634 2030 3705 2073 tant

2218 2102 2270 2166 in
2306 2117 2333 2157 d
2366 2111 2736 2183 hippodromis
2759 2154 2773 2178 ,
2806 2128 2965 2181 quam
3001 2112 3055 2167 in‘
3084 2114 3291 2168 aedibus
3324 2112 3595 2183 insignibus.
3621 2112 3705 2166 Erat

2215 2204 2359 2258 enim
2392 2205 2685 2273 imperator
2714 2204 2939 2274 pedibus
2970 2215 3181 2273 captus,
3216 2188 3271 2260 et
3300 2221 3389 2273 per
3419 2206 3506 2258 ltoc
3529 2206 3653 2273 magis
3672 2203 3707 2256 in

2213 2297 2409 2352 lectulo
2430 2298 2637 2366 jacens.
2663 2298 2819 2352 Anno
2844 2297 3127 2352 undecimo
3158 2297 3365 2367 imperii
3391 2297 3466 2353 sui
3490 2296 3708 2352 construxit

2213 2392 2459 2447 Justinus
2489 2406 2742 2459 magnum
2776 2396 3153 2463 aquaeductum
3192 2390 3450 2457 Valentis,
3478 2402 3523 2445 et
3556 2391 3711 2458 largitus

2214 2494 2297 2538 est
2327 2483 2441 2537 urbi
2468 2484 2835 2553 dapsrlitatem
2864 2501 3146 2555 aquarum.
3177 2490 3339 2541 Anno
3359 2484 3627 2555 duodecimo
3648 2482 3711 2535 im-

2214 2576 2348 2644 perii
2379 2574 2459 2629 sui
2490 2574 2733 2629 Justinus
2767 2552 3060 2649 imperator
3106 2566 3425 2650 synagogam
3463 2552 3713 2639 Judteorum,

2217 2679 2338 2733 qua:
2369 2678 2486 2720 erat
2515 2667 2981 2737 Constantinopoli
3025 2648 3076 2724 in
3112 2648 3147 2707 ον
3169 2648 3403 2735 Chalco,
3437 2660 3590 2739 pretiis
3612 2650 3713 2721 abla-

2219 2770 2324 2812 tam
2355 2760 2424 2813 ab
2457 2760 2560 2827 eis,
2594 2760 2721 2814 fecit
2760 2754 3041 2815 ecclesiam
3088 2746 3331 2819 Domina:
3374 2746 3548 2818 nostra:
3581 2770 3717 2841 saneta

2216 2852 2309 2906 Dei
2341 2853 2647 2924 genitricis,
2680 2870 2800 2923 qua:
2830 2857 3069 2921 proxima
3100 2866 3185 2913 est
3216 2848 3417 2927 magna:
3445 2844 3719 2912 ecclesiisztt

2224 2961 2351 3001 vero
2384 2950 2681 3018 imperator
2711 2949 3047 3018 inﬁrmatus,
3081 2932 3134 3005 et
3166 2952 3451 3019 pauxillum
3480 2964 3505 3003 a
3534 2948 3719 3015 languore

2218 3040 2508 3106 dimissus,
2543 3041 2824 3096 advocavit
2852 3050 2960 3096 tam
3006 3042 3329 3114 Eutycbium
3372 3024 3658 3113 pontiﬁcem,
3687 3044 3722 3090 et

2219 3144 2468 3188 senatum
2497 3174 2511 3199 ,
2543 3150 2701 3203 quam
2734 3150 2924 3190 ontnes
2953 3135 3303 3204 sacerdotes,
3334 3147 3388 3193 et
3424 3136 3581 3215 cives,
3604 3143 3644 3188 et
3662 3128 3724 3183 ad-

2227 3229 2388 3283 dncto
2410 3228 2628 3283 Tiberio
2654 3228 2867 3284 Caesare
2887 3244 3070 3284 coram
3100 3212 3350 3287 omnibus
3375 3212 3621 3301 appellavit
3643 3237 3723 3278 eum

2220 3326 2640 3393 imperatorem,
2676 3323 2758 3377 his
2802 3325 3143 3380 sermonibus
3185 3342 3353 3381 usus:
3389 3325 3512 3381 Ecce
3540 3315 3724 3384 Deusqtti

2224 3420 2493 3474 benelecit
2519 3420 2650 3484 tibi,
2684 3419 2826 3473 hunc
2877 3418 3115 3474 habitum
3163 3420 3315 3476 dedit
3360 3420 3482 3482 tibi,
3527 3429 3612 3469 non
3644 3421 3723 3489 ego.

2220 3511 2437 3566 llonora
2470 3510 2648 3571 illum,
2683 3518 2741 3564 ut
2780 3519 2835 3565 tu
2875 3527 3088 3581 quoque
3127 3509 3414 3587 honoreris
3439 3507 3617 3564 abillo.
3648 3501 3721 3556 llo-

2221 3622 2349 3659 nora
2412 3614 2634 3659 matrem
2699 3613 2877 3671 tuam,
2939 3622 3058 3674 qua:
3110 3606 3401 3677 aliquando
3446 3602 3628 3659 domina
3665 3605 3724 3648 ιιιι

2222 3697 2336 3751 luit.
2364 3697 2512 3751 Nosti
2538 3696 2677 3766 quod
2704 3699 2930 3765 primum
2959 3713 3145 3754 servus
3170 3699 3293 3771 ejus
3326 3697 3512 3762 fueris,
3535 3705 3646 3749 nunc
3666 3701 3727 3741 au-

2226 3799 2330 3843 tem
2366 3791 2526 3844 ﬁlius.
2548 3791 2637 3863 ‘Ne
2667 3791 2955 3859 gratuleris
2988 3792 3041 3846 in
3073 3792 3444 3862 sanguinibus,
3478 3804 3533 3843 ne
3557 3796 3728 3841 commu-

2230 3883 2376 3935 nices
2410 3882 2724 3948 homicidio,
2753 3898 2851 3938 nec
2882 3885 3082 3937 malum
3115 3876 3213 3953 pro
3243 3885 3385 3939 malo
3411 3866 3603 3967 reddas,
3628 3890 3676 3947 ne
3694 3871 3727 3924 ill

2220 3976 2368 4028 malo
2400 3975 2691 4030 inimicitiae
2723 3975 2916 4029 similis
2949 3976 3080 4031 mihi
3107 3977 3387 4033 efliciaris.
3434 3972 3535 4046 Ego
3568 3970 3730 4026 enimul

2222 4064 2387 4120 homo
2414 4067 2648 4133 culpavi.
2683 4066 2893 4121 Etenim
2927 4069 3214 4137 culpabilis
3249 4070 3419 4145 factus
3449 4071 3642 4130 suni,et
3671 4072 3728 4129 re-

2222 4159 2343 4227 cepi
2401 4159 2697 4212 secundum
2749 4171 2965 4235 peccata
3010 4176 3164 4225 mea,
3199 4163 3298 4217 sed
3344 4174 3545 4217 causam
3586 4150 3731 4209 habebo

2226 4265 2351 4305 cum
2386 4251 2469 4306 his
2503 4250 2595 4320 qui
2630 4251 2731 4307 hoc
2763 4252 2892 4307 inihi
2928 4254 3200 4320 fecerunt,
3237 4266 3362 4311 ante
3393 4249 3601 4308 tribunal
3624 4241 3730 4301 Cliti-

2225 4347 2314 4401 sti.
2349 4344 2466 4400 Non
2499 4346 2673 4401 elevet
2707 4356 2757 4401 te
2788 4347 3037 4412 habitus,
3074 4350 3521 4423 quemadmodum
3558 4358 3642 4398 me.
3675 4337 3732 4392 Sic

2225 4439 2442 4494 attende
2471 4439 2538 4495 de
2569 4441 2817 4495 omnibus
2837 4484 2851 4507 ,
2885 4442 3023 4497 sicut
3052 4442 3164 4517 tibi.
3200 4443 3352 4500 Scito
3382 4442 3495 4512 quis
3522 4437 3733 4497 fueris,el

522 4519 668 4576 hunc
698 4521 908 4589 injuriis
936 4522 1209 4577 laceravit.
1245 4522 1542 4577 Novissime
1573 4538 1700 4578 vero
1732 4526 1980 4593 prmcepit
2020 4540 2111 4580 cus
2148 4561 2201 4621 Ι)
2226 4530 2344 4599 quis
2373 4531 2532 4585 modo
2563 4533 2779 4588 cristas.
2812 4532 2889 4588 Ne
2919 4535 3234 4609 superbius,
3287 4543 3344 4590 et
3389 4549 3489 4590 non
3533 4524 3731 4601 peccabis-

524 4611 800 4667 biculariis
845 4614 1036 4682 pugnis
1067 4628 1262 4668 caesum
1292 4614 1518 4670 educere
1550 4615 1700 4671 illum
1747 4617 1798 4670 in
1829 4628 2118 4687 conspectu

525 4701 734 4757 concilii
797 4715 1147 4759 senatorum:
1179 4716 1294 4761 erat
1340 4709 1481 4761 enim
1528 4723 1711 4763 comes
1762 4708 2121 4776 imperialium

527 4793 884 4850 stabulorum.
930 4795 1045 4863 Quo
1094 4806 1367 4866 comperto
1415 4797 1613 4866 Sophia
1666 4798 1868 4852 tristata
1917 4807 2017 4862 est,
2069 4805 2124 4853 et

526 4898 818 4957 conquesta
850 4890 1179 4960 imperatori,
1206 4891 1296 4960 qui
1329 4905 1389 4945 se
1418 4891 1684 4961 paenituit,
1708 4899 1761 4943 ct
1789 4890 2121 4949 descendens

524 4979 588 5031 ad
618 4994 739 5034 eum
778 4981 829 5035 in
872 4981 1179 5050 stabulum,
1212 4982 1449 5038 introivit
1477 4984 1653 5038 subito
1680 4999 1798 5037 cum
1833 4986 2122 5055 praeposito

525 5071 996 5129 cubiculariorum.
1052 5075 1333 5130 Biduarius
1381 5084 1581 5141 autem,
1611 5078 1724 5130 viso
1776 5077 2116 5149 imperatore,

525 5161 660 5231 fugit
687 5179 716 5217 a
748 5164 865 5219 loco
900 5164 950 5218 in
985 5166 1158 5220 locum
1195 5181 1288 5235 per
1322 5167 1594 5235 superiora
1628 5169 1880 5236 praesepis
1912 5184 2019 5237 prta
2052 5168 2119 5222 ti-

524 5270 676 5310 more
704 5258 1062 5327 imperatoris.
1098 5260 1165 5313 At
1197 5260 1487 5327 imperator
1513 5258 1809 5313 clamabat:
1837 5260 2037 5330 Adjuro
2070 5271 2119 5318 te

524 5362 621 5417 per
650 5349 838 5417 Deum,
872 5349 1039 5406 frater
1069 5352 1435 5419 mi,exspecta
1470 5368 1573 5403 me.
1610 5352 1673 5403 Et
1702 5365 1824 5404 cum
1851 5354 2119 5408 cucurris-

524 5450 630 5509 set,
665 5445 835 5497 tenuit
864 5458 1007 5512 eum,
1056 5454 1109 5498 et
1155 5444 1489 5512 amplexatus
1535 5443 1802 5496 osculatus
1844 5451 1927 5497 est
1972 5450 2112 5509 eum,

529 5539 705 5583 τ’τίηιιο
740 5561 750 5594 :
788 5538 1011 5593 Peccavi
1052 5536 1179 5603 tibi,
1215 5534 1379 5591 frater
1407 5537 1474 5591 mi
1497 5578 1513 5604 ,
1548 5530 1642 5592 sed
1672 5537 1883 5609 suscipe
1911 5552 2031 5609 me,
2060 5546 2116 5593 ut

597 5632 620 5654 ιι
663 5628 770 5688 AL,
803 5636 853 5677 ut
885 5644 1093 5681 currum
1120 5628 1394 5689 excelsum,

592 5692 621 5731 ι’
661 5696 769 5771 _A_|.,
804 5700 1172 5763 provinciarum
1201 5700 1497 5771 prmidum.

600 5779 621 5836 ς
654 5768 759 5831 AL,
797 5771 960 5836 ﬁlium
984 5771 1099 5826 sibi.

593 5832 621 5873 ἀ
651 5839 758 5895 AL.
793 5832 1191 5913 hippodrontiis,
1222 5859 1373 5914 quam
1399 5844 1452 5900 in
1484 5844 1679 5901 diebus.

2224 4622 2376 4677 Νοειί
2407 4625 2527 4691 quis
2558 4621 2781 4690 fuerim,
2812 4636 2865 4679 et
2895 4628 3012 4697 quis
3043 4627 3209 4683 factus
3242 4630 3380 4694 sim,
3404 4621 3680 4695 exstiterim,
3700 4620 3735 4665 ει

2226 4715 2469 4769 existam.
2494 4716 2693 4771 Omnes
2723 4718 2805 4771 isti
2840 4718 2932 4772 lilii
2965 4720 3037 4773 tui
3069 4731 3229 4788 sunt,
3254 4730 3312 4776 et
3341 4720 3497 4795 servi.
3525 4715 3620 4771 Scis
3638 4704 3735 4779 (ιυοά

2226 4823 2321 4877 pro
2354 4807 2646 4862 visceribus
2679 4811 2813 4865 meis
2845 4811 3219 4867 honoraverim
3252 4822 3328 4885 te.
3362 4812 3465 4883 H03
3496 4819 3544 4865 tu
3569 4818 3663 4860 cum
3685 4800 3731 4850 τί·

2224 4900 2352 4955 deas
2382 4888 2603 4966 omnes,
2634 4918 2754 4973 quae
2815 4902 2947 4973 reip.
2988 4914 3115 4975 sunt
3169 4907 3347 4961 vides.
3397 4890 3594 4960 intende
3630 4893 3734 4951 militi

2227 5003 2352 5059 tuo,
2390 4992 2406 5031 ί
2440 5009 2540 5049 nec
2566 4994 2763 5049 milites
2792 4980 3055 5065 suscipias
3100 4998 3165 5052 ad
3211 4998 3471 5067 prandia,
3514 5007 3574 5049 ne
3607 4988 3735 5043 dicant

2227 5086 2322 5140 tibi
2350 5086 2565 5156 quidam
2596 5089 2715 5155 quia
2742 5087 2997 5144 decessor
3024 5099 3144 5146 tuus
3171 5102 3519 5165 conversatus
3539 5095 3634 5147 est,
3658 5080 3735 5131 “3°

2222 5178 2361 5233 enim
2396 5179 2516 5233 dico
2546 5193 2574 5232 a
2605 5181 2795 5245 quibus
2825 5195 3011 5249 passus
3037 5196 3175 5237 sum.
3209 5184 3313 5251 Qui
3343 5182 3528 5237 habent
3550 5175 3735 5230 substan-

2222 5268 2360 5337 tias,
2394 5269 2637 5326 fruantur
2661 5272 2761 5328 eis.
2786 5272 2881 5328 His
2907 5289 3034 5329 vero
3057 5277 3147 5345 qui
3172 5289 3279 5330 non
3307 5265 3733 5349 habuerunt,d0"3.

2219 5365 2287 5419 Et
2316 5365 2449 5420 facta
2480 5368 2726 5422 oratione
2754 5381 2783 5420 a
2816 5369 3115 5435 patriarcha
3137 5410 3152 5435 ,
3182 5384 3307 5425 cum
3333 5354 3577 5423 dixissent
3599 5364 3736 5416 omn“

2218 5457 2392 5510 Amen
2420 5497 2435 5522 ,
2466 5458 2661 5512 cecidit
2691 5458 2873 5513 Caesar
2901 5460 2966 5513 ad
2999 5460 3157 5528 pedes
3189 5452 3547 5530 imperatoris,
3575 5452 3621 5509 et
3642 5442 3736 5502 dixit

2216 5549 2303 5603 ei:
2336 5557 2360 5595 ὓ
2391 5549 2447 5604 Si
2482 5550 2580 5615 vis,
2611 5566 2716 5605 non
2747 5566 2885 5605 sum.
2918 5552 2983 5606 Et
3022 5529 3357 5623 imperator:
3391 5550 3541 5617 Deus,
3567 5529 3737 5609 Πινφιί

2289 5649 2312 5712 f
2343 5639 2428 5712 ᾼΙ.
2441 5680 2456 5704 ,
2486 5638 2880 5712 Chalcopratit's.

2290 5708 2310 5748 ί
2343 5709 2456 5785 AL,
2488 5728 2550 5785 ne
2577 5708 2755 5768 molles
2781 5716 3061 5785 suscipias,
3095 5732 3159 5769 ne
3189 5716 3387 5771 dicunt.

2293 5789 2318 5829 ι
2352 5780 2464 5851 AL,
2497 5783 2558 5838 Si
2585 5785 2658 5839 vis
2682 5827 2695 5851 ,
2726 5800 2876 5852 sum;
2910 5780 2952 5842 si
2980 5780 3086 5857 vis,
3118 5803 3220 5845 non
3244 5802 3384 5843 sum.
