3918 6344
237 361 338 429 901

1287 358 1609 430 HISTORIA
1646 369 2008 433 HIBGBELA'.
2048 383 2119 422 ὲ-
2155 375 2286 437 hlB.
2325 375 2496 439 XVII.

231 481 352 538 fecit
381 477 578 535 calum
602 487 656 536 et
685 483 916 549 terram,
946 481 1063 552 ipse
1088 483 1266 539 omnia
1289 525 1305 551 ,
1335 493 1451 554 qua
1479 488 1660 544 dicere
1685 487 1819 543 obll-
1841 475 1898 561 Α
1925 496 2203 562 spoliator;
2237 497 2336 552 Cui
2367 507 2512 554 tanta
2544 498 2850 569 cupidltatis
2891 496 2988 556 l'uli
3015 502 3224 570 rabies;
3257 509 3316 558 ut
3342 497 3500 564 tibi!

230 583 314 628 tus
340 584 495 638 sum;
528 571 580 626 in
613 586 708 626 cur
741 582 893 628 tuum
921 575 1119 629 mittat.
1151 574 1322 632 Pol‘rb
1357 577 1481 632 dum
1529 578 1646 634 hac
1687 589 1811 648 pro-

229 671 544 735 sequentur
587 667 908 735 imperator,
945 669 1188 734 replebat
1217 669 1470 742 lacrymi's
1503 675 1671 725 totum
1701 671 1815 727 col:

225 759 440 830 legium.
471 759 624 826 Quod
672 765 794 814 cum
844 763 1079 818 solutum
1135 761 1358 831 fuisset;
1404 759 1544 820 dolia
1588 765 1817 823 subditis

224 852 532 922 impertitus
561 861 680 917 est;
710 857 764 907 et
790 863 1143 926 quecquue
1173 856 1224 910 in
1262 857 1602 926 imperatum
1631 860 1816 929 appel-

225 947 516 1003 lationibus
546 948 714 1002 moris
743 949 1004 1006 eilstunt:
1054 951 1150 1007 Hic
1176 952 1422 1010 Justinus
1450 957 1503 1010 i'n
1533 954 1682 1011 initio
1717 955 1815 1011 im-

221 1041 357 1111 perii
386 1041 467 1095 adi
497 1041 672 1095 bonus
701 1040 833 1108 fuit,
869 1053 994 1112 post
1033 1046 1086 1100 in
1125 1055 1339 1101 omnem
1367 1048 1646 1103 auaritiam
1682 1049 1813 1104 inci-

219 1133 334 1201 dit,
366 1133 418 1188 id
461 1143 576 1198 est,
611 1143 638 1170 ι
665 1144 947 1206 exemptor
987 1147 1313 1208 pauperum;
1355 1149 1667 1196 senatorum
1708 1155 1805 1196 ex-

290 1252 315 1282 ⁸
351 1238 433 1300 Ai.
448 1289 464 1316 ,
494 1239 832 1320 contemptam

1917 587 2132 658 iuberet
2164 591 2365 645 ferreas
2393 591 2506 646 ﬂeri
2526 631 2542 658 ,
2571 591 2624 647 in
2655 594 2845 662 quibus
2873 601 3226 666 quacumque
3254 591 3498 667 rapiebat

1918 681 2033 736 auri
2067 681 2264 737 talenta
2293 695 2660 753 congregaret.
2693 684 2862 756 Hujus
2896 685 3106 756 imperti
3143 699 3286 744 anno
3323 693 3495 747 unde-

1918 773 2090 840 cimo,
2129 776 2216 843 qui
2257 785 2341 830 est
2369 789 2540 830 anuus
2580 777 2771 832 divina:
2804 779 3187 835 IncarNati‘o‘nis
3226 782 3366 849 568,
3411 785 3494 838 iu-

1919 863 2154 919 dictione‘
2208 867 2373 935 prima
2416 870 2468 922 in
2506 867 2636 937 ipsis
2675 868 2863 924 Kalen;
2907 871 3077 939 April.
3129 873 3332 942 egressi
3371 883 3500 930 sunt

1917 953 2258 1025 Langobardi
2315 959 2384 1014 de
2437 958 2747 1025 Pannonia;
2805 970 2860 1014 et
2913 961 3149 1017 secunda
3202 961 3498 1022 indictlt‘me'

1913 1061 2128 1118 cmpere
2183 1050 2412 1119 praedari
2466 1051 2520 1106 in
2576 1052 2756 1121 Italia,
2815 1054 2970 1108 tertia
3023 1069 3152 1110 vero
3205 1055 3496 1112 indictione
3545 1037 3552 1048 ‘

1911 1139 2176 1196 dominari
2214 1153 2496 1212 cmpcrunt
2534 1145 2587 1199 in
2629 1144 2798 1200 Italia.

2265 1398 2337 1416 au:-

1138 1509 1167 1550 '
1193 1507 1494 1590 LIBER
1551 1497 2002 1590 DECIMUS
2058 1507 2570 1586 SEPTIMUS

812 1751 1128 1810 TIBERIUS
1167 1755 1232 1810 ll.

1920 1757 2132 1826 ablata,
2183 1757 2458 1812 inveniunt
2507 1772 2757 1825 maguum
2809 1733 3156 1830 thesaurum,
3205 1733 3490 1820 habentem

295 1820 458 1897 Anno
531 1841 911 1897 lncarnationis
990 1844 1196 1900 Domini
1257 1845 1392 1914 571,
1456 1845 1485 1886 ι)
1541 1835 2070 1918 imperareBsupra
2125 1849 2269 1924 inille
2319 1848 2434 1902 auri
2488 1849 2819 1906 centenaria.
2872 1825 3257 1920 sublatumque
3303 1867 3491 1909 aurum

213 1939 389 2004 cmpit
433 1935 685 1990 Tiberius
729 1947 1020 1992 coronatus
1065 1941 1134 1996 ab
1181 1942 1440 2012 Eutycltio
1470 1943 1802 2013 patriarcha,

216 2045 346 2084 cum
382 2037 527 2084 esset
553 2037 607 2084 et
639 2030 752 2099 ipse
781 2046 982 2100 genere
1009 2031 1186 2088 Thrax
1215 2051 1226 2086 :
1275 2047 1502 2100 cumque
1543 2037 1808 2104 imperare

208 2123 508 2192 cepisset,
539 2123 842 2178 clamabant
872 2135 892 2162 ο
924 2135 1101 2194 partes
1127 2144 1139 2180 :
1163 2128 1440 2182 Anastasia
1472 2134 1805 2198 Augusta,tu

210 2214 406 2288 vincas
426 2253 440 2278 ,
489 2215 661 2281 salva,
693 2215 915 2270 Domine
937 2253 951 2278 ,
983 2233 1116 2282 quos
1149 2220 1412 2287 imperare
1436 2221 1664 2290 jussisti.
1696 2225 1807 2277 Au-

204 2306 372 2360 diens
421 2316 596 2362 autem
654 2307 850 2376 Sophia
899 2308 1092 2363 .lustiui
1149 2311 1382 2380 conjux,
1435 2313 1674 2379 perculsa
1726 2322 1810 2369 est

204 2395 419 2450 animo.
460 2395 684 2450 Volebat
711 2414 944 2465 namque
973 2400 1174 2455 nubere
1203 2402 1452 2469 Tiberio,
1487 2413 1543 2458 ut
1585 2417 1808 2474 et_per-

205 2504 438 2546 manere
470 2493 708 2560 Augusta
737 2509 750 2543 :
782 2492 1058 2548 nesciebat
1086 2495 1228 2549 enim
1259 2497 1398 2566 quod
1428 2498 1649 2552 haberet
1677 2513 1807 2554 mtu-

203 2595 364 2647 rem;
396 2583 608 2649 quidam
638 2592 813 2637 autem
847 2584 1116 2652 dicebant,
1145 2589 1288 2654 quod
1312 2597 1366 2642 et
1395 2589 1448 2643 in
1480 2589 1580 2643 vita
1611 2589 1807 2646 Justiui

205 2672 521 2728 adamicata
573 2674 621 2730 ei
675 2675 862 2741 fuerit,
914 2687 968 2731 et
1018 2678 1130 2746 ipsa
1185 2683 1444 2748 persuasit
1496 2680 1706 2735 Justino
1751 2691 1808 2737 ut

205 2780 337 2824 eum
372 2767 641 2820 Caesarem
671 2767 891 2822 faceret.
929 2768 1124 2823 Verum
1159 2768 1403 2824 Tiberius
1434 2771 1626 2826 timens
1657 2771 1806 2826 duxit

207 2857 559 2913 Anatasiam
606 2874 828 2914 uxorem
862 2876 1012 2914 suam
1037 2893 1052 2924 ,-
1085 2862 1444 2940 et'corunavit
1472 2877 1589 2916 eam
1623 2866 1797 2930 Augu-

205 2961 392 3016 stam,-
425 2960 476 3006 et
505 2951 724 3020 jactavit
755 2952 781 2991 d
815 2968 997 3023 regam
1047 2955 1293 3007 multam.
1340 2955 1462 3008 Erat
1504 2965 1680 3009 autem
1710 2955 1804 3010 Ti-

202 3041 400 3099 berius
449 3046 657 3113 justus,
705 3045 881 3110 utilis,
927 3056 1214 3114 strenuus,
1249 3049 1495 3116 sapiens,
1558 3049 1610 3102 in
1659 3049 1806 3104 elce-

205 3138 456 3208 mosynis
487 3138 686 3206 largus,
723 3141 774 3194 in
798 3140 1002 3208 judicio
1029 3139 1233 3208 justus,
1265 3141 1318 3196 in
1347 3141 1570 3197 victoria
1603 3142 1800 3208 clarus,

209 3229 424 3283 nullum
473 3229 803 3299 despiciens,
857 3233 950 3285 sed
999 3247 1188 3288 omnes
1236 3233 1288 3287 in
1338 3234 1474 3288 bona
1527 3234 1800 3290 voluntate

204 3320 605 3396 complectens.
637 3321 730 3376 llic
780 3336 900 3378 cum
949 3324 1172 3378 multum
1224 3323 1291 3379 de
1331 3325 1621 3391 thesauris,
1666 3340 1802 3396 quos

201 3411 463 3471 Justinus
491 3423 878 3484 aggregarerat
900 3455 916 3481 ,
944 3416 1268 3485 pauperibus
1295 3425 1574 3487 erogaret,
1603 3417 1800 3487 Sophia

199 3507 453 3576 Augusta
499 3507 831 3576 frequentius
878 3523 1002 3563 eum
1051 3495 1396 3577 increpabat,
1440 3507 1579 3576 quod
1625 3524 1798 3578 remp.

199 3598 518 3669 redegisset
543 3598 594 3652 in
625 3609 1026 3668 paupertatem,
1059 3599 1281 3656 dicens:
1315 3600 1468 3666 Quod
1495 3614 1593 3669 ego
1621 3599 1799 3656 multis

201 3692 374 3748 annis
404 3691 763 3760 cciigregavi,
793 3699 848 3746 tu
890 3691 1022 3745 intra
1071 3707 1294 3761 paucum
1345 3699 1554 3762 tempus
1592 3692 1800 3762 disper-

203 3783 318 3855 εἰς.
352 3783 546 3838 Aiebat
574 3793 752 3838 autem
779 3782 870 3839 ille
897 3801 908 3836 :
932 3782 1159 3838 Conﬁdo
1191 3784 1244 3838 in
1277 3783 1503 3840 Domino
1535 3786 1656 3854 quia
1690 3801 1798 3840 non

198 3873 392 3931 deerit
443 3875 668 3944 pecunia
718 3875 850 3932 ﬁsco
901 3885 1113 3941 nostro,
1166 3887 1372 3932 tantum
1427 3886 1484 3931 ut
1541 3891 1801 3945 pauperes

197 3967 588 4036 eleemosynas
632 3965 926 4036 accipiant,
960 3977 1050 4020 aut
1097 3976 1156 4021 ut
1203 3967 1397 4035 captivi
1443 3967 1798 4042 redimantur.

201 4060 328 4117 Hoc
357 4069 438 4114 est
467 4073 692 4128 magnus
734 4058 1052 4124 thesaurus,
1097 4047 1310 4114 dicente
1354 4057 1622 4113 Domino:
1659 4058 1795 4114 Thes

204 4151 484 4209 saurizate
509 4149 663 4206 vobis
694 4151 973 4224 thesauros
1003 4150 1056 4204 in
1085 4153 1243 4214 caelo,
1277 4151 1364 4204 ubi
1397 4165 1568 4220 neque
1596 4165 1796 4219 azrugo,

203 4259 316 4301 nec
349 4245 491 4298 tinea
520 4244 848 4312 corrumpit,
879 4251 934 4297 et
961 4243 1050 4297 ubi
1082 4243 1228 4297 fures
1257 4258 1361 4296 non
1385 4241 1664 4308 clfodiunt,
1702 4258 1802 4297 nec

203 4340 482 4394 furantur.
516 4336 652 4407 Ergo
680 4336 748 4392 de
779 4336 861 4391 his
901 4351 1019 4406 quae
1059 4336 1314 4390 Dominus
1352 4327 1572 4405 tribuit,
1615 4335 1800 4389 demus

206 4428 578 4498 pauperibus,
627 4437 683 4483 et
725 4441 1110 4498 congregemus
1151 4425 1431 4481 thesauros
1465 4426 1714 4504 incocto,
1749 4433 1802 4480 et

206 4521 485 4579 Dominus
525 4520 678 4576 nobis
717 4515 917 4591 augere
955 4519 1261 4598 dignabitur
1303 4522 1354 4574 in
1393 4521 1615 4575 sacculo.
1657 4521 1796 4588 Qua‘

206 4615 337 4670 dam
369 4625 549 4668 autem
597 4613 684 4668 die
728 4611 1081 4667 deambulans
1123 4627 1218 4681 per
1258 4612 1544 4680 palatium,
1579 4613 1710 4667 vidit
1746 4614 1797 4668 in

206 4709 532 4780 pavimento
561 4705 753 4760 domus
783 4705 1020 4760 tabulam
1053 4719 1408 4778 marmoream
1432 4748 1447 4772 ,
1480 4704 1530 4758 iu
1559 4721 1660 4776 qua
1687 4715 1801 4760 erat

205 4816 348 4859 crux
379 4799 594 4854 Domini
628 4797 869 4866 sculpta,
903 4808 957 4851 et
987 4797 1062 4850 ait
1091 4813 1104 4849 :
1153 4797 1323 4851 Cruce
1373 4795 1584 4851 Domini
1633 4797 1800 4852 nostri

206 4893 448 4951 frontem
478 4899 754 4957 nostram,
787 4898 843 4946 et
888 4898 1100 4960 pectora
1150 4891 1359 4943 munire
1406 4889 1696 4955 debemus,
1746 4902 1799 4948 et

208 5004 346 5046 ecce
371 5002 492 5044 eam
519 4987 620 5042 sub
649 4984 876 5056 pedibus
902 4985 1196 5040 calcamus.
1230 4983 1298 5036 Et
1329 4983 1430 5036 hoc
1461 4983 1602 5038 dicto
1643 4981 1801 5038 citius

207 5085 369 5156 jussit
417 5080 590 5148 ipsam
639 5080 872 5136 tabulam
927 5078 1156 5146 auferri,
1213 5077 1535 5146 defossaque
1589 5077 1802 5145 tabula,

209 5186 377 5246 atque
404 5185 583 5231 erecta
612 5173 896 5228 inveniunt
923 5174 1108 5228 subter
1139 5180 1192 5226 et
1219 5171 1414 5238 aliam,
1449 5171 1548 5224 hoc
1587 5169 1803 5240 signum

213 5269 527 5324 habentem.
579 5265 680 5333 Qui
727 5275 782 5320 et
826 5266 991 5333 ipsam
1032 5264 1186 5330 jussit
1215 5263 1435 5318 auferri.
1481 5263 1593 5329 Qua
1624 5272 1801 5318 amota

211 5361 495 5420 inveniunt
524 5366 578 5414 et
608 5357 842 5414 tertiam.
871 5355 1136 5424 Jussuque
1165 5353 1282 5424 ejus
1311 5370 1430 5409 cum
1461 5353 1574 5409 haec
1614 5353 1803 5410 fuisset

286 5487 313 5515 ι
359 5475 414 5529 In
453 5473 676 5542 reiiq'uis
713 5469 946 5526 Miscella
985 5468 1318 5542 potissimum
1351 5463 1801 5542 sequitur_'l_‘_lieo-

247 5550 453 5611 [lienem
475 5584 492 5614 ς
523 5535 587 5600 ei
627 5557 732 5614 quo
763 5535 1014 5614 pleraque
1041 5538 1106 5614 ad
1133 5540 1392 5614 verbum.
1435 5537 1573 5614 Nos__
1572 5535 1801 5614 vidimus

266 5599 608 5686 beoplianem
638 5599 882 5686 Graecum
916 5599 1010 5686 bis;
1051 5599 1286 5686 Vidimus
1320 5607 1482 5686 etiam
1660 5607 1800 5682 Ana-

217 5677 443 5745 stasitnn
479 5683 946 5740 Biblidtﬁeedrim
975 5681 1130 5734 Βσηι.
1162 5677 1506 5747 Theophanis
1539 5677 1801 5746 interpre-

221 5773 352 5818 tem.
387 5758 601 5815 Notavit
629 5757 790 5810 etiam
819 5769 886 5808 ex
915 5753 1242 5820 TlteOpltane
1272 5751 1458 5820 Graeco
1491 5750 1598 5820 Ms,
1629 5749 1800 5820 varias

219 5815 481 5889 iectioues
509 5826 742 5884 Iacobus
771 5815 1108 5894 Βοιιεπδίυέ·
1139 5815 1244 5894 N095
1275 5815 1477 5889 ³ῘῘ⁴¹¹³³⁸
1508 5815 1797 5888 sensimus'

221 5904 388 5964 Forte
431 5897 576 5958 enim
617 5897 766 5959 brevi
807 5891 1166 5967 Timophanes
1208 5891 1430 5948 Graccus
1463 5894 1669 5961 integer
1698 5907 1798 5946 una

1911 1943 2234 2012 pauperibus
2291 1940 2465 1995 adhuc
2517 1939 2875 1994 abundantius
2925 1959 3082 2011 quam
3141 1956 3494 2001 consueverat

1918 2035 2162 2104 largitur.
2195 2033 2392 2089 Narses
2423 2050 2634 2104 quoque
2665 2035 2922 2087 Patricius
2955 2034 3118 2088 Italia:
3147 2051 3266 2091 cum
3310 2039 3490 2094 multis

1915 2123 2180 2179 thesauris
2213 2127 2280 2198 ab
2310 2125 2456 2179 Italia
2488 2126 2552 2178 ad
2583 2142 2740 2195 supra
2772 2136 3114 2180 memoratam
3160 2129 3342 2182 urbem
3391 2130 3488 2184 ad-

1911 2219 2090 2278 venit,
2142 2225 2196 2270 et
2241 2216 2321 2270 ibi”
2359 2216 2410 2270 iu
2463 2217 2622 2270 domo
2667 2218 2999 2292 suaocculte
3044 2218 3330 2274 cisternam
3360 2219 3494 2292 fodit

1915 2324 2199 2378 magnam,
2232 2311 2282 2363 in
2324 2323 2427 2379 qua
2476 2308 2638 2363 multa
2684 2309 2848 2363 millia
2893 2314 3324 2365 centenariorum
3377 2313 3493 2366 auri

1909 2403 2222 2474 argentique
2251 2404 2518 2473 deposuit.
2555 2403 2853 2459 Interfectls
2884 2415 3061 2457 autem
3092 2406 3338 2476 omnibus
3367 2422 3493 2460 con-

1909 2496 2066 2561 sciis,
2101 2511 2206 2550 uno
2237 2494 2608 2550 tantummodo
2641 2495 2768 2572 seni
2802 2494 2916 2549 hzec
2955 2511 3048 2563 pro
3086 2495 3388 2576 iuramento
3425 2495 3492 2576 ab

1908 2601 1974 2642 eo
2022 2586 2245 2656 exigens
2286 2585 2710 2664 commendavit.
2738 2569 2998 2656 Dolonem
3033 2602 3242 2657 quoque
3274 2569 3494 2643 Narsete

1911 2680 2251 2746 supradictus
2301 2694 2466 2754 senex
2513 2678 2579 2733 ad
2633 2677 2906 2732 Tiberium
2953 2677 3244 2750 Caesarem
3272 2671 3494 2734 veniens

1909 2770 2086 2826 dixit:
2134 2773 2192 2846 Si
2231 2771 2359 2824 mihi
2404 2770 2602 2839 aliquid
2647 2759 2897 2836 prodest,
2941 2785 3183 2844 magnam
3210 2769 3302 2823 tibi
3351 2785 3486 2846 rem.

1907 2861 2118 2936 ϐαθείῃ-ι
2140 2841 2448 2936 (Ιίυεωλὶυρ
2478 2836 2566 2916 ille
2597 2860 2870 2927 respondit
2897 2877 2907 2911 :
2938 2836 3072 2928 Quid
3110 2839 3228 2914 vis?
3257 2836 3496 2928 proderit

1908 2952 2049 3024 enim
2085 2933 2175 3006 tibi
2199 2993 2214 3016 ,
2242 2933 2285 3006 si
2313 2933 2437 3026 quid
2470 2949 2621 3005 nobis
2652 2951 2984 3016 profuturum
3011 2947 3128 3003 esse
3157 2941 3484 3026 narraveris.

1911 3041 2284 3108 Tbesaurmn,
2342 3043 2546 3112 inquit,
2609 3027 2844 3097 Narsetis
2898 3042 3228 3096 reconditum
3287 3027 3492 3112 habeo,

1909 3153 2070 3206 quem
2105 3138 2156 3192 in
2186 3147 2428 3193 extremo
2458 3136 2578 3191 vitae
2612 3139 2847 3204 positus,
2889 3113 3066 3190 ceiare
3107 3129 3209 3210 non
3252 3127 3490 3205 possum.

1910 3229 2062 3286 Tunc
2094 3230 2338 3286 Tiberius
2369 3230 2613 3300 gavisus,
2641 3228 2805 3282 mittit
2835 3242 2998 3310 usque
3026 3219 3092 3280 ad
3135 3219 3310 3282 idcum
3360 3219 3489 3298 pue-

1913 3337 2005 3377 ros
2033 3336 2161 3378 suos
2189 3342 2200 3376 :
2235 3321 2574 3391 praecedente
2605 3335 2730 3373 vero
2760 3334 2922 3386 Sene,
2953 3317 3005 3373 hi
3035 3314 3332 3388 sequuntur
3358 3330 3494 3375 atto-

1907 3414 2034 3482 niti,
2073 3416 2548 3484 pervenieutesque
2577 3412 2642 3465 ad
2693 3412 3014 3476 cisternam,
3060 3399 3366 3486 deoperiam
3411 3413 3490 3466 in-

1904 3506 2318 3597 fediuntur‘in
2375 3520 2476 3575 qua
2533 3514 2735 3559 tantum
2785 3497 3263 3584 auriargeutique
3313 3496 3492 3594 ferier-

1906 3609 2017 3656 ttun
2066 3609 2186 3668 est,
2215 3589 2294 3653 tut
2341 3616 2434 3668 per
2481 3589 2675 3676 inultos
2721 3600 2835 3655 dies
2885 3599 2969 3654 vix
3013 3595 3042 3655 a
3087 3589 3494 3671 deportantibus

1907 3701 2090 3762 posset
2134 3691 2404 3746 evacuari.
2457 3679 2586 3758 Quae
2637 3687 2727 3745 ille
2781 3706 2914 3760 pene
2967 3684 3142 3766 omnia
3199 3685 3494 3754 secundum

1905 3795 2061 3837 suum
2095 3797 2297 3836 morem
2327 3780 2640 3850 erogatione
2664 3775 2903 3850 largiflua
2931 3773 3259 3850 dispensavit
3286 3786 3488 3854 egenis.

1906 3859 2144 3946 Denique
2172 3886 2376 3931 etcum
2413 3875 2578 3929 ltoma
2623 3865 2950 3952 temperibus
2996 3871 3263 3930 Benedicti
3309 3893 3488 3952 papae,

1907 3945 2245 4022 vastantibus
2273 3967 2451 4022 omnia
2485 3961 2580 4036 per
2608 3961 2886 4020 circuitum
2905 3945 3306 4040 Longobardis,
3336 3945 3492 4023 famis

1905 4062 2128 4129 penuria
2161 4060 2461 4123 laboraret,
2494 4059 2658 4112 multa
2693 4058 2854 4112 millia
2887 4057 3136 4112 frumenti
3169 4057 3392 4114 navibus
3423 4047 3490 4116 ab

1904 4131 2137 4219 Egypto
2168 4149 2435 4218 dirigens,
2466 4164 2582 4202 eam
2614 4161 2724 4201 suae
2752 4141 2927 4201 studio
2950 4145 3304 4219 cleemosyme
3349 4131 3488 4206 reie-

1906 4223 2072 4295 vavit.
2106 4240 2200 4296 Hic
2236 4257 2355 4294 cum
2389 4225 2731 4309 Angustalem‘
2762 4233 3014 4293 coronam
3046 4235 3362 4308 accepturus
3401 4256 3486 4296 es-

1904 4323 2022 4400 set,
2073 4347 2301 4401 eumque
2342 4331 2494 4400 juxta
2528 4327 2966 4384 consuettidincin
3014 4311 3079 4408 ad
3121 4321 3484 4400 spectaculum

1906 4417 2044 4479 Circi
2081 4425 2304 4491 populus
2335 4415 2703 4496 exspectaret,
2737 4409 2955 4477 insidias
2985 4417 3032 4476 ei
3064 4419 3364 4492 prmparant
3395 4425 3486 4480 alii

1912 4513 2236 4580 adversarii,
2269 4506 2323 4567 ut
2347 4503 2924 4568 Instinianum'iustiui
2953 4510 3198 4584 nepotem
3231 4515 3280 4570 in
3310 4497 3487 4586 digﬁi.

1908 4619 2067 4665 tatem
2097 4589 2494 4677 imperatoriam
2523 4597 2891 4660 sublimareni.
2925 4589 3013 4661 lile
3044 4603 3138 4675 per
3165 4605 3275 4661 loca
3303 4607 3486 4663 sancta

1906 4699 2199 4770 procedens
2233 4699 2362 4753 ibat.
2397 4691 2599 4753 Dehinc
2623 4708 2812 4752 vocato
2843 4695 2910 4750 ad
2940 4703 2997 4752 Se
3031 4697 3280 4766 pontilice
3317 4695 3481 4766 ϋὶεὺίς,

1901 4811 2022 4851 cum
2053 4797 2193 4848 cess.
2227 4808 2289 4847 ac
2319 4787 2582 4859 praefectis
2630 4786 2900 4862 ingressus
2943 4786 3224 4859 palatium,
3272 4777 3486 4846 indutus

1905 4900 2162 4957 purpura,
2194 4865 2495 4938 diademate
2525 4879 2831 4946 Corausius,
2869 4865 3058 4934 throno
3093 4879 3350 4949 imperiali
3386 4881 3484 4935 im—

1904 4979 2131 5051 positus,
2156 4993 2208 5033 et
2232 4974 2506 5033 immensis
2533 4973 2772 5031 laudibus
2803 4976 2855 5029 in
2883 4973 3048 5045 gloria
3073 4975 3218 5045 regni
3243 4971 3322 5030 est
3351 4972 3452 5029 con
3476 5008 3486 5014 -

1903 5075 2162 5130 ﬁrmatus.
2189 5061 2340 5141 Quod
2365 5072 2480 5140 ejus
2508 5069 2792 5124 adVersarii
2827 5061 3125 5132 audientes,
3153 5066 3389 5136 ttih‘ique
3417 5067 3485 5129 ei,

1905 5169 2026 5239 quia
2059 5169 2109 5220 in
2145 5147 2254 5221 Deo
2285 5180 2436 5234 spem
2479 5178 2629 5216 suam
2662 5156 2946 5230 posuerat,
2979 5153 3174 5212 necere'
3221 5153 3483 5224 valentes,

1906 5276 2092 5331 magna
2137 5270 2262 5316 sunt
2290 5241 2602 5314 confusione
2645 5263 2698 5310 et
2755 5249 2955 5324 pudore
3003 5247 3259 5320 cooperti.
3287 5249 3485 5304 Trans-

1903 5355 2035 5410 actis
2081 5362 2258 5407 autem
2306 5350 2486 5420 paucis
2532 5343 2754 5413 diebus,
2820 5340 3110 5400 adveniens
3153 5335 3486 5397 Justiiiianus

1905 5483 2029 5523 eum
2055 5465 2340 5521 Anastasio
2373 5466 2544 5519 lucem
2579 5462 2815 5527 videbit,
2848 5473 3014 5532 quare
3046 5471 3180 5532 quas
3210 5456 3260 5511 in
3293 5469 3484 5530 posm-

1906 5555 2022 5594 rmn
2056 5541 2280 5592 citamus
2329 5537 2502 5590 varias
2556 5533 2814 5589 lectiones
2866 5531 3113 5593 Grmcas,
3164 5531 3324 5581 etiam
3377 5544 3483 5582 non

1905 5607 2084 5666 addito
2118 5610 2329 5663 nomine
2351 5653 2364 5672 ,
2395 5608 2533 5660 scias
2563 5609 2682 5659 esse
2712 5601 3075 5668 Theophanis.
3108 5599 3374 5672 (litamus.

1977 5671 2004 5718 li
2037 5670 2430 5746 Tnenphanes,
2459 5681 2574 5747 μηνὶ
2603 5676 2822 5750 suam,"
2848 5672 3096 5729 ινδικτιάνι
3123 5670 3194 5744 β..
3421 5697 3430 5702 ,.

1981 5762 2001 5824 °_
2031 5754 2108 5808 Τά
2135 5753 2264 5824 μέρη
2294 5759 2349 5807 Δ.
2384 5758 2440 5807 Δ.
2469 5757 2560 5805 τοῦ
2592 5748 2770 5821 (sum.

1977 5822 2000 5861 ά
2025 5822 2281 5880 Ἱππίαν.
