3918 6344
494 324 600 387 999

496 543 795 612 quindecim
844 545 961 598 auri
1003 550 1311 601 centenaria
1343 547 1610 604 deferens.
1661 552 1829 616 Quem
1866 550 1954 603 ille
1983 563 2071 605 se-

494 637 722 691 cundum
756 637 1022 703 patientiae
1042 652 1152 692 sua
1182 641 1344 694 ritum
1366 641 1646 710 colligens,
1670 643 1773 697 sibi
1800 644 1852 696 in
1876 641 2072 711 palatio

492 728 742 779 assistere
777 727 956 796 jussit.
997 728 1195 797 Saphia
1236 744 1451 801 quoque
1497 734 1736 802 Augusta
1787 734 2071 789 immemor

490 812 883 895 promissionis,
910 840 1067 893 quam
1093 827 1358 895 quondam
1391 831 1442 882 in
1466 826 1747 883 Tiberium
1773 829 2027 883 habuerat
2051 869 2067 896 ,

491 916 709 972 insidias
738 917 788 970 ei
812 917 1028 971 tentavit
1057 918 1317 985 ingerere.
1342 919 1672 975 Procedente
1698 930 1877 975 autem
1905 936 1971 975 eo
2000 920 2068 976 ad

494 1008 668 1062 villam
689 1050 703 1073 ,
732 1018 786 1061 ut
811 1007 958 1076 juxta
986 1016 1147 1062 ritum
1171 1009 1502 1079 imperialem
1535 1011 1747 1080 triginta
1778 1011 1969 1065 diebus
1998 1011 2065 1065 ad

491 1100 811 1154 vindemiam
841 1099 1243 1168 jncnndaretur,
1300 1110 1489 1156 vocato
1535 1103 1672 1156 clam
1720 1101 2061 1166 Iustiniano,

490 1192 656 1247 voluit
674 1208 793 1246 eum
824 1193 1115 1248 sublimare
1145 1193 1197 1247 in
1230 1209 1416 1263 regno.
1444 1197 1560 1260 Quo
1587 1204 1876 1263 comperto,
1908 1193 2070 1248 Tibe-

491 1285 605 1340 rius
644 1300 801 1338 cursu
840 1284 1009 1339 veloci
1062 1283 1580 1353 Constantinopolim
1632 1285 1825 1354 rediit,
1881 1299 2071 1355 appre-

493 1374 817 1444 ltensamque
863 1374 1109 1430 omnibus
1159 1374 1427 1430 thesauris
1470 1374 1753 1444 spoliavit,
1803 1374 1972 1428 solum
2020 1374 2069 1429 ei

490 1466 686 1519 victum
720 1464 1014 1534 quotidiani
1046 1465 1284 1520 alimenti
1316 1465 1645 1533 relinquens,
1675 1466 2071 1536 segregatisque

496 1556 677 1626 pueris
704 1556 821 1626 ejus
849 1558 916 1612 ab
944 1573 1027 1624 ea,
1061 1559 1193 1613 alios
1221 1558 1288 1614 de
1320 1560 1570 1615 fidelibus
1597 1562 1709 1616 suis
1738 1562 1950 1630 posuit,
1980 1561 2069 1629 qui

485 1650 533 1702 ei
567 1658 851 1718 pararent,
886 1649 1266 1720 mandavitque
1296 1668 1537 1723 prorsus,
1573 1661 1633 1707 ut
1666 1653 1842 1708 nullus
1875 1653 1943 1707 de
1973 1669 2070 1707 an-

490 1740 778 1795 terioribus
817 1741 883 1795 ad
923 1756 1041 1795 eam
1084 1741 1307 1797 haberet
1344 1758 1619 1799 accessum
1653 1763 1665 1797 :
1705 1743 2061 1800 Iustinianum

570 337 600 407 Β
1379 338 1579 397 PAULI
1608 340 1885 407 leAC-ONI
1924 340 2074 396 OPP.
2106 337 2286 398 PARS
2326 339 2371 397 I.
2398 370 2470 384 -—
2499 341 2886 400 HISTORICA.

493 445 715 516 pedibus
741 462 802 504 se
828 450 1051 518 proiecit
1092 450 1426 520 imperatoris
1451 497 1466 521 ,
1500 455 1570 509 ob
1600 457 1845 511 meritum
1878 454 2068 525 gratiae
2099 435 2158 495 Α
2179 451 2506 522 quindecim,
2546 452 2680 508 dans
2708 453 2757 508 ei
2786 452 2981 508 ducem
3007 451 3306 514 Mauricium
3339 467 3545 528 comitem
3579 478 3652 534 rm.

3546 369 3650 431 I000

2176 544 2483 599 deratorum
2515 586 2530 611 ,
2554 554 2610 600 et
2631 544 2921 605 subducem
2946 544 3173 614 Narsen,
3200 557 3254 604 et
3276 551 3404 610 misit
3421 572 3499 616 eos
3515 577 3650 625 contra

2175 631 2390 689 Persas.
2442 633 2594 689 Bello
2641 645 2820 690 autem
2874 638 3017 691 facto
3062 653 3246 709 magno
3294 645 3448 715 valde,
3487 650 3653 715 Romani

2180 725 2414 780 victores
2434 726 2762 795 efﬁciuntur,
2787 737 2844 783 et
2859 728 3197 787 abstulerunt
3218 749 3247 788 a
3273 734 3430 794 Persis
3453 742 3654 820 civitates,

2184 827 2239 872 et
2258 817 2526 889 regiones,
2548 834 2681 889 quas
2702 820 2804 875 sub
2827 820 3130 878 Iustiniano
3175 834 3227 881 et
3244 825 3431 887 Iustino
3447 817 3655 905 cepean

2175 910 2374 966 Abiens
2408 922 2582 967 autem
2615 913 2908 969 Mauricius
2928 912 3423 990 Constantinopolim
3447 940 3658 999 susceptus

2174 1011 2257 1056 est
2282 1003 2350 1057 ab
2376 1004 2703 1073 lmperatore
2727 1021 2849 1062 cum
2891 1008 3094 1079 ingenti
3126 1011 3337 1082 honore,
3367 1027 3417 1072 et
3438 1021 3659 1088 publicavit

2172 1092 2417 1150 Tiberius
2438 1096 2695 1173 victorias
2722 1098 2986 1167 Mauricii,
3015 1112 3071 1158 et
3090 1119 3333 1173 generum
3360 1108 3483 1166 hunc
3504 1113 3662 1173 admisit

2172 1183 2237 1237 ad
2269 1171 2635 1241 Constantiam
2678 1202 2828 1243 suam
2869 1190 3034 1245 ﬁliam
3065 1171 3300 1263 Charito,
3329 1171 3662 1271 utrutnquece

2172 1286 2346 1330 sarem
2387 1290 2598 1334 creans.
2639 1277 2823 1335 Mense
2849 1296 2981 1337 vero
3011 1286 3251 1354 Augusto
3282 1302 3416 1343 mora
3441 1293 3663 1351 comedens

2174 1367 2431 1423 matutina
2457 1370 2575 1425 visu
2606 1370 2791 1442 digna,
2832 1375 2929 1431 sed
2971 1387 3242 1449 corrupta,
3290 1382 3435 1453 φθίσιν
3477 1384 3659 1442 incurrit.

2176 1456 2386 1513 Etcum
2420 1472 2563 1515 esset
2593 1464 2910 1532 moriturus,
2960 1467 3131 1523 accito
3184 1470 3463 1536 patriarcha
3493 1474 3661 1544 Joanne,

2170 1562 2331 1619 atque
2367 1562 2556 1607 senatu
2586 1552 2639 1609 in
2681 1555 3034 1614 tribunalium
3067 1559 3255 1615 lectica
3292 1574 3366 1618 est
3404 1564 3662 1635 deportatus,

2169 1653 2219 1697 et
2251 1643 2371 1712 quia
2420 1645 2562 1714 loqui
2599 1662 2706 1703 non
2752 1659 2983 1719 poterat,
3031 1666 3131 1721 per
3170 1654 3549 1723 epagnosticum,
3584 1674 3667 1727 qua:

2170 1733 2330 1789 rebus
2376 1734 2742 1792 Romanorum
2791 1750 2946 1796 erant
2989 1743 3163 1806 utilia,
3194 1746 3454 1801 manifesta
3483 1747 3668 1818 fecitpo-

483 1847 609 1887 vero
639 1832 820 1888 verbis
849 1832 1186 1890 solummodo
1216 1835 1550 1907 objurgatum
1574 1878 1590 1901 ,
1624 1847 1773 1892 tanto
1804 1838 1853 1891 in
1890 1847 2059 1907 poste-

2173 1825 2317 1895 pulo,
2350 1835 2405 1883 et
2435 1843 2537 1883 una
2583 1843 2705 1885 cum
2746 1832 2975 1888 consilio
3021 1835 3276 1905 Augustae
3313 1837 3505 1909 Sophim
3527 1840 3670 1894 Ilauri-

480 1940 596 1981 rum
628 1941 813 1983 amore
841 1926 1058 1996 dilexit,
1104 1939 1163 1984 ut
1202 1929 1314 1985 ﬁlio
1364 1929 1478 1999 ejus
1526 1929 1685 1985 ﬁliam
1731 1931 2068 1999 promitteret

476 2032 659 2085 suam,
717 2033 1034 2090 rursumque
1086 2020 1197 2075 ﬁlio
1246 2037 1343 2075 suo
1400 2022 1560 2077 filiam
1604 2022 1722 2092 ejus
1765 2032 2060 2092 expeteret.

479 2108 585 2164 Sed
619 2108 735 2166 haec
765 2126 851 2167 res
880 2111 1064 2166 nescio
1093 2112 1162 2167 ob
1192 2127 1348 2182 quam
1380 2127 1596 2168 causam
1628 2113 1849 2167 minime
1889 2113 1954 2167 ad
1987 2112 2066 2167 ef-

486 2200 681 2256 fectum
714 2206 981 2271 pervenit.
1032 2202 1282 2258 Secundo
1330 2203 1538 2272 imperii
1585 2204 1667 2257 sui
1714 2218 1885 2270 anno,
1919 2203 2065 2257 misit

478 2308 575 2349 rex
604 2293 852 2348 Tiberius
884 2294 950 2348 ad
983 2309 1162 2363 regem
1195 2296 1476 2349 Persarum
1521 2293 1816 2349 secundum
1856 2309 2062 2350 morem

481 2402 668 2453 suum,
720 2388 975 2442 nuntians
1028 2389 1420 2456 promotionem
1476 2404 1652 2443 suam.
1709 2389 1824 2455 Quo
1876 2402 2061 2457 pacem

479 2495 586 2536 non
620 2480 975 2546 admittente,
1005 2481 1255 2536 Tiberius
1300 2496 1520 2551 magnas
1561 2481 1787 2536 virtutes
1835 2496 2062 2551 congre-

479 2574 658 2645 gavit,
701 2581 755 2627 et
790 2571 1152 2627 disseminatis
1191 2574 1353 2642 regiis
1394 2571 1661 2628 thesauris
1703 2573 1898 2628 multos
1938 2572 2062 2629 fecit

475 2664 749 2719 exercitus
771 2707 787 2733 ,
818 2679 1009 2721 creatis
1038 2665 1350 2736 magistrum
1383 2665 1618 2721 Orientis
1650 2666 1936 2735 quemdam
1968 2682 2059 2721 su-

477 2758 779 2828 pradictum
812 2759 1196 2815 Iustinianum.
1227 2762 1383 2815 Anno
1415 2760 1575 2816 tertio
1607 2760 1819 2828 imperii
1852 2760 1933 2815 sui
1964 2776 2056 2815 rex

469 2852 779 2919 Persarum,
804 2854 1034 2925 sumptis
1056 2853 1339 2908 virtutibus
1361 2853 1492 2921 suis,
1518 2852 1571 2907 in
1596 2853 1906 2911 Armeniam
1931 2868 2057 2920 pro-

469 2954 640 3014 perat.
668 2944 907 3001 Audiens
936 2955 1114 3001 autem
1140 2946 1243 3001 dux
1274 2944 1635 3001 Romanorum
1659 2961 1840 3015 regem
1868 2944 2058 3000 Persa-

465 3052 583 3093 rum
608 3053 705 3108 per
726 3039 1070 3106 semetipsum
1097 3039 1352 3094 initurum
1379 3038 1617 3107 praelium
1642 3038 1925 3107 expeditus
1947 3048 2052 3093 est.

470 3129 655 3187 Timor
693 3131 838 3187 enim
888 3132 1158 3201 ingressus
1185 3141 1267 3186 est
1295 3132 1347 3185 in
1378 3132 1624 3201 p0pu|nm
1657 3130 1815 3186 Hom.
1843 3173 1858 3197 ,
1890 3140 1943 3186 et
1973 3128 2055 3185 id-

2168 1917 2306 1973 cium
2325 1934 2581 1989 generum
2600 1938 2754 1978 suum
2774 1926 3141 1994 pronuntiavit
3159 1929 3526 2000 imperatorem.
3541 1932 3670 2003 Itaque

2166 2024 2286 2064 cum
2319 2026 2507 2069 omnes
2536 2013 2878 2084 imperatoris
2908 2019 3304 2077 collaudassent
3328 2024 3587 2091 consilium,
3613 2041 3671 2080 at-

2169 2118 2271 2172 que
2314 2104 2623 2162 Mauricium
2656 2106 3041 2179 imperatorem
3060 2156 3075 2181 ,
3106 2128 3390 2171 conversus
3416 2117 3614 2174 Tiberius
3634 2120 3672 2174 in

2165 2195 2304 2251 lecto
2348 2213 2448 2254 suo
2490 2200 2645 2269 obiit,
2681 2218 2802 2259 cum
2846 2218 3131 2277 regnasset
3160 2210 3313 2267 annis
3333 2225 3440 2279 sex,
3464 2212 3675 2268 mensibus

2164 2287 2375 2359 decem,
2410 2292 2595 2349 diebus
2623 2304 2767 2351 octo.

2761 2387 3161 2449 MAURICIUS.

2234 2475 2389 2532 Anno
2417 2477 2485 2532 ab
2534 2479 2896 2537 incarnatione
2941 2483 3153 2540 Domini
3191 2483 3314 2552 577,
3346 2486 3588 2542 Mauricius
3608 2487 3677 2540 int-

2163 2578 2354 2635 perat.,
2401 2583 2596 2637 genere
2632 2571 2938 2642 Cappadox,
2970 2576 3270 2647 eodemque
3317 2593 3447 2633 anno
3478 2578 3679 2647 legatione

2165 2656 2463 2730 funguntur
2508 2664 2711 2718 Avares
2755 2664 2823 2719 ad
2868 2665 3255 2736 imperatorem
3297 2667 3585 2735 Mauricium,
3615 2668 3679 2736 qui

2163 2759 2288 2806 ante
2340 2751 2505 2810 breve
2553 2764 2760 2824 tempus
2803 2755 3056 2813 Sirmium
3103 2761 3442 2829 subegerant,
3479 2760 3680 2830 insignem

2161 2841 2436 2899 civitatem
2495 2844 2760 2915 Europae,
2819 2851 3156 2918 postulantes
3208 2852 3463 2923 octoginta
3504 2848 3679 2905 millibus

2167 2936 2310 3003 auri,
2354 2952 2475 3006 qua:
2516 2954 2610 3007 per
2634 2954 2806 2995 annos
2850 2942 3093 3013 singulos
3133 2945 3507 3014 accipiebanta
3531 2943 3680 2997 Roma-

2166 3028 2273 3097 nis,
2313 3030 2415 3084 alia
2455 3031 2746 3101 superaddi
2794 3034 3004 3104 viginti.
3054 3036 3349 3107 Imperator
3392 3051 3507 3091 vero
3545 3046 3681 3104 pacem

2171 3120 2455 3192 aﬁ'ectans,
2503 3124 2607 3181 hoc
2632 3127 2872 3183 admisit.
2902 3129 3093 3185 Petivit
3126 3143 3303 3187 autem
3332 3141 3357 3169 α
3385 3129 3614 3200 Chajanus
3634 3123 3683 3179 ad

469 3224 616 3279 circo
637 3222 964 3280 Justinianus
989 3228 1055 3280 ad
1078 3227 1301 3279 virtutes
1324 3224 1662 3280 sermonibus
1683 3239 2057 3294 usus,compe
2085 3204 2133 3270 (Σ
2163 3214 2452 3271 videndum
2505 3220 2605 3275 sibi
2655 3220 2999 3292 elephantem
3047 3226 3247 3281 animal
3301 3224 3520 3281 Indicum
3563 3221 3682 3284 mitti,

473 3316 613 3371 seuit
642 3314 987 3372 formidinem
1020 3333 1231 3387 pugnae.
1262 3317 1394 3372 Cum
1424 3328 1601 3373 autem
1635 3317 1840 3373 bellum
1871 3318 2055 3388 ﬁeret,

472 3421 527 3466 et
562 3410 832 3479 sagittatio
878 3411 1043 3465 multa
1092 3411 1374 3466 Persarum
1422 3412 1559 3467 facta
1608 3410 1825 3477 fuisset,
1882 3411 1953 3466 ita
2002 3422 2060 3467 ut

469 3506 631 3558 etiam
675 3503 881 3559 solares
920 3504 1054 3559 radii
1077 3506 1402 3571 celarentur,
1431 3515 1555 3560 tunc
1581 3505 1828 3561 videlicet
1855 3507 2059 3575 clypeis

467 3597 644 3669 jacnla
675 3638 690 3664 ,
740 3614 857 3668 quae
903 3614 969 3654 ex
1018 3598 1250 3654 arcubus
1302 3599 1649 3654 mittebantur
1676 3642 1691 3666 ,
1734 3597 2059 3654 continuatis

470 3691 734 3760 projicere
769 3692 1094 3746 nitebantur.
1124 3692 1257 3746 Cum
1286 3703 1483 3759 antem
1508 3680 1770 3761 profunda
1798 3691 2059 3747 consiste-

468 3793 550 3838 ret
599 3786 962 3839 Romanorum
1011 3786 1178 3853 acies,
1228 3785 1405 3840 Persae
1452 3784 1590 3840 ferre
1630 3800 1733 3838 non
1763 3792 2054 3854 poterant,
2098 3837 2106 3846 _

464 3877 558 3932 sed
592 3878 643 3933 in
678 3878 856 3949 fugam
906 3880 1129 3933 vertitur
1165 3878 1579 3949 Babyloniorum
1618 3887 1853 3948 caterva,
1894 3888 1946 3933 et
1979 3878 2060 3931 in-

465 3975 677 4022 tereunt
725 3966 1098 4022 multitudines
1140 3969 1395 4038 copiosae.
1439 3968 1723 4038 Accipiunt
1756 3980 1810 4024 et
1852 3968 2057 4023 interea

466 4054 751 4112 Persarum
801 4057 1228 4127 suppelectilem,
1279 4071 1333 4114 et
1383 4060 1584 4129 regium
1634 4060 2056 4124 tabernaculum,

465 4159 744 4220 totumque
770 4150 1126 4206 clarissimum
1160 4162 1498 4221 apparatum.
1534 4153 1747 4207 'I‘enent
1789 4162 1967 4208 autem
2006 4160 2060 4208 et

458 4243 772 4313 elephantes
797 4245 1047 4313 Romani,
1077 4256 1131 4301 et
1162 4246 1227 4300 ad
1252 4245 1525 4301 Tiberium
1555 4247 1773 4302 mittunt
1797 4249 2056 4318 insignes,

463 4345 517 4390 et
546 4337 721 4406 regias
750 4338 867 4391 illas
890 4338 1132 4394 exuvias.
1163 4337 1344 4406 Itaque
1368 4337 1517 4407 ponit
1551 4340 1720 4408 legem
1767 4338 2056 4395 Persarum

463 4446 559 4485 rex
607 4431 985 4486 confusionem
1032 4447 1141 4485 non
1192 4430 1391 4500 ferens,
1437 4446 1708 4501 nunquam
1737 4432 1849 4501 jam
1878 4448 2058 4502 regem

464 4520 753 4576 Persarum
787 4523 838 4575 in
870 4523 1112 4590 praelium
1141 4537 1504 4590 egressurum.
1536 4521 1603 4575 At
1633 4536 1762 4577 vero
1786 4522 2056 4577 Romanus

462 4613 733 4667 exercitus
779 4622 900 4681 post
953 4613 1194 4669 Persicas
1228 4629 1535 4678 a‘rutnnas,
1577 4614 1738 4668 etiam
1766 4613 1833 4668 ad
1865 4614 2052 4668 intima

468 4703 706 4760 Persidis
737 4707 1063 4774 properavit,
1097 4716 1151 4761 et
1178 4706 1402 4760 multum
1430 4706 1539 4760 illic
1567 4703 1832 4760 excidium
1865 4720 2053 4774 perpe‘

461 4796 643 4863 travit,
675 4808 730 4852 et
758 4798 1143 4865 captivitatem,
1192 4798 1507 4866 perveniens
1537 4799 1697 4852 etiam
1730 4797 1785 4850 in
1815 4797 2050 4852 medium

461 4888 742 4960 Ilyrcanici
798 4888 981 4944 maris.
1039 4887 1171 4944 Cum
1222 4900 1399 4944 autem
1452 4888 1623 4943 hiems
1674 4887 1909 4953 adesset,
1943 4903 2049 4943 non

460 4995 765 5039 remearunt
806 4985 1040 5051 Quirites
1067 4986 1130 5038 ad
1176 4985 1411 5054 propria,
1462 4984 1556 5040 sed
1586 4983 1640 5037 in
1675 4983 1892 5039 Perside
1931 4985 2045 5040 hie-

459 5090 599 5129 mem
634 5083 1033 5146 transegeruut.
1082 5076 1246 5131 Porro
1289 5075 1479 5130 eodem
1535 5089 1678 5128 anno
1709 5075 1873 5143 coepit
1920 5075 2050 5130 aedi-

460 5165 621 5221 ﬁcare
652 5166 899 5222 Tiberius
947 5166 1219 5235 publicum
1263 5169 1593 5222 thermarum
1640 5164 2047 5234 Blacernarum,

457 5269 508 5313 et
559 5260 834 5315 renovavit
876 5261 1074 5315 multas
1115 5260 1406 5325 ecclesias,
1459 5268 1513 5314 et
1567 5256 1895 5313 xenodochia
1926 5300 1941 5324 ,
1989 5268 2045 5315 et

457 5354 779 5417 gerucomia,
818 5352 1084 5422 iussitque
1112 5368 1172 5406 se
1200 5350 1363 5406 scribi
1412 5351 1464 5404 in
1518 5349 1813 5417 pltmniceis
1857 5348 2049 5406 litteris

457 5444 727 5499 Tiberium
769 5443 1203 5500 Constantinum.
1236 5443 1439 5498 Interea
1474 5441 1726 5497 Tiberius
1750 5441 2046 5510 imperator

457 5535 649 5604 emptis
690 5538 1007 5605 corporibus
1035 5536 1316 5606 gentilium
1362 5534 1647 5590 constituit
1693 5533 1941 5588 militiam
1993 5536 2045 5590 in

459 5643 653 5682 nomen
679 5629 980 5698 pr0prium,
1007 5628 1289 5698 amiciens,
1321 5638 1375 5684 et
1404 5641 1622 5683 armans
1652 5640 1766 5695 eos,
1797 5626 1851 5683 in
1878 5626 2046 5685 millia

531 5749 555 5816 9
585 5744 830 5816 Χαγάνος.

513 5811 555 5878 τδ
581 5809 718 5874 Marci
737 5811 1065 5891 Καρδαρὴγαν
1093 5809 1409 5891 στρατηγοῦ.

2159 3305 2246 3360 cui
2293 3306 2587 3377 imperator
2637 3310 2901 3381 majorem
2943 3316 3195 3372 omnibus
3252 3317 3411 3373 misit.
3452 3316 3593 3383 Quem
3621 3311 3685 3366 ille

2160 3400 2330 3455 visum
2378 3402 2585 3458 remisit
2627 3403 2693 3459 ad
2737 3405 3144 3475 imperatorem.
3186 3409 3442 3473 Similiter
3466 3418 3514 3462 et
3537 3407 3683 3461 lectum

2161 3508 2383 3550 aureum
2415 3496 2559 3551 mitti
2583 3496 2686 3552 sibi
2717 3499 2924 3567 petivit,
2955 3500 3052 3556 sed
3081 3512 3136 3557 et
3169 3503 3273 3557 hoc
3299 3504 3562 3570 imperator
3581 3497 3686 3552 misit

2171 3590 2239 3643 ad
2283 3604 2428 3644 eum.
2480 3589 2599 3658 Ipse
2624 3606 2766 3660 ,vero
2793 3603 2848 3649 et
2875 3594 3014 3649 hunc
3039 3596 3450 3665 contemplatum
3494 3590 3612 3647 misit
3640 3588 3688 3643 ad

2164 3695 2308 3737 eum.
2353 3680 2663 3737 Postulabat
2685 3694 2863 3739 autem
2892 3685 3084 3740 iterum
3114 3702 3279 3756 super
3303 3687 3401 3740 alia
3427 3683 3583 3753 viginti
3606 3678 3688 3735 mil-

2172 3773 2240 3828 lia
2271 3784 2485 3829 centum
2527 3773 2669 3831 addi.
2703 3776 2854 3842 Quod
2896 3777 3226 3847 imperatore
3270 3795 3374 3833 non
3416 3776 3688 3839 admittente,

2165 3864 2438 3937 Chajanus
2483 3866 2790 3938 Sigidonem
2839 3868 3111 3926 civitatem
3152 3872 3434 3937 subvertit,
3472 3877 3522 3925 et
3546 3864 3689 3922 multas

2164 3960 2301 4015 alias
2346 3961 2505 4016 urbes
2546 3963 2686 4031 cepit
2729 3960 2945 4031 Illyrico
2983 3963 3350 4033 subjacentes.
3391 3965 3457 4017 At
3492 3973 3596 4014 vero
3617 3956 3690 4013 im-

2159 4063 2373 4123 perator
2424 4053 2733 4121 Helpidium
2791 4056 3071 4125 patricium
3102 4073 3226 4113 cum
3256 4047 3689 4113 Commentiolole-

2158 4153 2313 4213 gatos
2359 4142 2426 4198 ad
2468 4143 2729 4214 Cajanum
2774 4146 3089 4201 transmisit.
3145 4149 3218 4203 At
3250 4162 3381 4203 vero
3416 4146 3634 4200 barbarus
3652 4138 3689 4191 in

2160 4238 2537 4308 sponsionibus
2593 4248 2868 4309 pactorum
2921 4255 3081 4310 agere
3134 4256 3197 4298 se
3246 4256 3429 4311 pacem
3478 4233 3690 4307 professus

2160 4338 2263 4385 est.
2297 4329 2352 4385 In
2379 4332 2600 4386 Oriente
2629 4330 2892 4386 Joannem
2924 4334 3296 4404 Mystaconem
3328 4340 3586 4403 praetorem
3615 4326 3691 4378 Al"

2161 4424 2351 4478 menize
2379 4422 2531 4490 fecit,
2563 4426 2650 4493 qui
2690 4426 2913 4479 veniens
2940 4424 3008 4479 ad
3040 4424 3371 4496 Nymphium
3394 4432 3600 4481 amnem,
3625 4406 3690 4466 ubi

2161 4515 2337 4587 Tigris
2388 4514 2601 4570 misceri
2644 4517 2997 4585 dignoscitur,
3026 4517 3170 4571 bello
3200 4508 3576 4586 congreditur”
3600 4516 3689 4559 cum

2160 4606 2474 4677 Carthariga
2503 4608 2787 4664 Persarum
2820 4618 3073 4680 praetore,
3118 4620 3174 4665 et
3202 4608 3491 4679 praevalent
3512 4595 3689 4655 Romani

2158 4700 2415 4756 adversus
2460 4700 2745 4757 barbaros.
2800 4698 3120 4769 Cardarigas
3175 4714 3312 4755 vero
3363 4713 3463 4752 non
3500 4701 3568 4749 est
3602 4700 3694 4757 pro-

2158 4797 2331 4862 prium
2363 4808 2579 4860 nomen,
2629 4792 2725 4848 sed
2775 4791 3006 4862 dignitas
3053 4795 3295 4847 tnaxima
3352 4788 3487 4860 apud
3524 4785 3689 4841 Persas.

2156 4894 2313 4945 Anno
2343 4889 2578 4944 secundo
2604 4888 2811 4958 imperii
2838 4891 2943 4956 sui,
2974 4904 3088 4945 cos.
3120 4888 3407 4944 Mauricius
3427 4880 3692 4952 appellatur,

2157 4988 2211 5033 et
2259 4978 2457 5033 multos
2505 4979 2784 5034 thesauros
2836 4977 2956 5033 urbi
2997 4979 3236 5033 donavit.
3293 4974 3691 5031 Proveltitautem

2147 5069 2501 5140 Philippicmn
2556 5081 2837 5140 praetorem
2868 5070 3119 5136 Orientis,
3147 5072 3234 5125 cui
3257 5079 3315 5125 et
3352 5065 3582 5122 Gordiam
3608 5068 3626 5095 ε
3649 5056 3695 5107 ﬁo

2153 5163 2278 5218 liam
2310 5165 2363 5218 in
2395 5164 2679 5235 conjugem
2725 5164 2963 5220 tradidit.
3017 5168 3086 5219 At
3133 5163 3464 5232 Philippicas
3501 5151 3693 5213 Persicas

2150 5258 2417 5327 arripiens
2446 5268 2623 5328 partes
2648 5261 3098 5331 appropinquavit
3128 5260 3365 5325 Nisibin,
3398 5266 3449 5312 et
3476 5256 3696 5322 ingressns

2154 5361 2379 5420 repente
2429 5349 2483 5405 in
2546 5350 2856 5419 Persidem,
2912 5354 3133 5408 multam
3185 5351 3423 5421 praedam
3478 5338 3692 5410 sumpsit.

2156 5459 2314 5513 quam
2341 5458 2433 5512 per
2460 5453 2671 5498 montes
2698 5444 2898 5499 salvam
2930 5446 3153 5511 ducens,
3181 5443 3238 5497 in
3264 5442 3531 5499 Medorum
3561 5442 3695 5488 ιηηε·

2155 5535 2275 5589 tulit
2332 5534 2627 5604 regionem,
2675 5544 2730 5590 et
2776 5537 2956 5591 multis
3012 5536 3120 5591 illic
3148 5535 3306 5605 {villis
3359 5519 3692 5589 exterminatis.

2152 5627 2220 5684 ad
2261 5627 2500 5682 Romana
2540 5642 2666 5682 rura
2696 5643 2945 5685 reversus
2980 5638 3082 5686 est.
3115 5626 3291 5686 Porro
3315 5624 3563 5694 Chajanus
3587 5617 3696 5671 AW

2226 5745 2252 5775 °
2283 5749 2382 5810 Τὼ
2406 5742 2538 5809 ἰδέαν
2554 5741 2789 5815 ἀδελφήν.
