3918 6344
185 367 307 422 1001

1188 365 1504 423 HISTORIA
1539 364 1891 423 MISCELLA.
1933 391 2002 404 --
2029 361 2157 417 LIB.
2197 359 2354 416 XVII.

3267 358 3408 413 1002

183 495 287 534 rum
337 492 519 546 pacem
568 478 778 533 solvere
827 479 1131 534 festinabat.
1182 479 1313 534 Nam
1364 480 1737 536 Sclavinorum
1767 489 1820 547 Α
1843 474 2060 529 exuvias
2087 475 2362 528 vacabant.
2389 473 2556 540 Quem
2579 472 2846 540 videntes,
2866 481 2921 526 et
2942 472 3265 528 aestimantes
3289 488 3413 529 esse

179 581 355 640 gentes
412 581 596 623 contra
660 569 919 624 Thracem
973 572 1222 638 armavit,
1250 572 1340 639 qui
1389 582 1744 642 pervenerunt

185 676 345 728 usque
376 660 441 713 ad
473 660 659 728 longos
703 676 887 715 muros
918 663 1142 716 multum
1173 662 1425 717 facientes
1455 663 1739 718 excidium.

179 754 551 819 Atimperator
592 751 769 819 palatii
817 752 1024 806 eductis
1092 753 1296 806 militiis
1342 765 1395 806 et
1434 753 1674 822 plebibus
1713 768 1742 805 a

179 841 386 895 civitate
429 839 616 910 lorgos
660 856 839 894 muros
879 842 1136 896 custodiri
1187 843 1456 911 praecepit,
1504 851 1558 896 et
1587 843 1746 897 Com-

176 933 482 988 mentiolum
529 933 718 987 ducem
764 934 1040 998 ordinans,
1072 943 1125 990 et
1155 949 1367 989 armans
1403 945 1586 990 contra
1625 935 1748 990 bar-

179 1025 332 1078 baros
375 1025 538 1088 misit,
569 1025 656 1091 qui
685 1038 750 1078 ex
781 1025 1048 1094 insperato
1073 1025 1125 1079 in
1159 1026 1412 1080 barbaros
1442 1041 1623 1092 ruens,
1653 1039 1745 1080 co-

177 1117 353 1184 piosas
402 1115 768 1169 multitudines
814 1117 1098 1182 interfecit,
1131 1117 1332 1186 hosque
1360 1118 1572 1186 repulit.
1612 1114 1746 1171 Cum

173 1219 346 1262 autem
399 1209 726 1276 pervenisset
776 1207 1219 1275 Adrianopolim,
1259 1210 1494 1264 occurrit
1540 1209 1744 1262 Andra-

175 1310 328 1368 gasto
366 1300 648 1353 multitudo
687 1299 1059 1355 Sclavinorum
1092 1301 1320 1369 przedam
1351 1301 1588 1364 ducenti,
1615 1308 1670 1355 et
1695 1300 1748 1354 in

172 1391 313 1444 hunc
374 1391 603 1457 irruens,
654 1402 708 1446 et
750 1391 1108 1460 captivitatem
1153 1394 1383 1461 eripuit,
1433 1402 1488 1447 et
1529 1391 1746 1446 victoria

169 1485 402 1537 nudatus
430 1492 534 1556 est.
571 1486 726 1536 Anno
774 1485 930 1537 tertio
971 1485 1177 1552 imperii
1211 1484 1444 1539 Mauricii
1487 1484 1747 1554 Philippi-

170 1589 298 1640 cus,
360 1577 582 1644 sumptis
635 1578 988 1645 exercitibus,
1047 1580 1112 1634 ad
1162 1578 1428 1634 Persicam
1479 1583 1748 1650 regionem

171 1666 440 1734 profectus
460 1676 558 1731 est,
583 1676 638 1720 et
660 1676 812 1734 capta
837 1674 1198 1735 Arscennene,
1245 1671 1476 1738 praedam
1504 1686 1747 1739 magnam

169 1760 421 1823 obtinuit,
451 1767 504 1812 et
536 1758 872 1814 formidinem
903 1761 1132 1816 Persicis
1159 1771 1412 1830 operatus
1436 1770 1518 1817 est
1545 1763 1750 1817 exerci-

172 1854 335 1906 tibus.
393 1852 600 1904 lnterea
649 1851 1163 1922 Constantinopolim
1217 1855 1473 1923 languens
1521 1866 1743 1920 remeat,

165 1944 482 2012 militiaeque
510 1945 625 1998 sine
645 1944 861 2000 laesione
886 1945 950 1999 ad
981 1947 1192 2014 propria
1222 1949 1567 2015 repedarunt.

232 2057 444 2122 Quarto
475 2057 677 2125 imperii
708 2057 941 2112 Mauricii
973 2075 1111 2112 anno
1143 2059 1470 2130 Philippicus
1496 2077 1748 2132 egressus

165 2163 192 2201 a
219 2150 374 2218 regia
413 2150 561 2214 urbe,
605 2151 780 2205 hostili
819 2162 1028 2221 sumpto
1065 2165 1343 2222 apparatu,
1371 2157 1435 2208 ad
1474 2156 1746 2212 civitatem

164 2245 426 2299 Amidam
461 2259 728 2314 properat.
756 2248 820 2301 Et
863 2250 1097 2305 collectis
1135 2254 1353 2307 armatis
1399 2254 1744 2323 percontaba-

165 2348 252 2390 tur
284 2353 401 2403 eos,
435 2340 477 2390 si
512 2339 563 2392 in
594 2350 840 2409 promptu
882 2343 1138 2397 haberent
1176 2347 1496 2412 pr0peraudi
1526 2345 1593 2402 ad
1627 2347 1744 2403 bel-

164 2428 301 2481 lum.
341 2432 409 2482 At
437 2428 1025 2500 Romanisjuramentis
1068 2435 1341 2488 credulum
1370 2453 1491 2492 eum
1522 2440 1750 2496 redden-
1787 2453 1802 2467 '

165 2525 315 2579 tibus
342 2541 403 2580 se
432 2527 680 2580 alacriter
726 2527 1037 2596 bellaturos,
1078 2533 1220 2586 venit
1262 2534 1328 2586 ad
1357 2539 1384 2566 ⁸
1408 2535 1750 2589 Anazarbon.

162 2618 230 2672 At
269 2634 402 2672 vero
422 2618 735 2687 Cardarigas
765 2621 864 2676 hoc
899 2634 1197 2691 comperto,
1252 2625 1382 2678 risui
1428 2627 1751 2680 auditionem

163 2711 467 2776 mandavit,
525 2712 790 2765 somnium
841 2729 958 2767 esse
1007 2715 1145 2782 quod
1189 2715 1462 2770 dicebatur
1507 2720 1750 2784 opinans.

162 2801 578 2870 Accersitisque
610 2804 775 2872 magis
819 2803 1163 2874 interrogavit
1190 2824 1201 2857 :
1235 2807 1360 2873 Quis
1388 2808 1487 2860 crit
1518 2809 1755 2862 victoriae

163 2892 471 2946 doiuinus?
513 2897 607 2947 Ast
651 2895 949 2949 daemonum
983 2897 1280 2965 placatores
1319 2898 1508 2952 Persas
1551 2909 1757 2954 astrue-

164 2983 362 3035 banta
411 2982 516 3036 diis
563 2983 840 3038 victoriam
886 2987 1107 3040 laturos.
1165 2986 1548 3043 Consultabant
1597 2989 1757 3058 igitur

163 3071 356 3125 Persze
409 3070 667 3140 majorum
719 3074 821 3127 laeti
879 3077 1325 3142 promissionibns
1350 3078 1494 3143 facti,
1523 3089 1575 3132 et
1602 3095 1758 3148 para-

1847 562 2225 631 Philippicum,
2253 562 2490 618 dimissis
2514 561 2699 631 spoliis
2730 571 3080 630 properarunt
3103 563 3167 615 ad
3191 563 3410 617 bellum.

1845 654 1981 709 Cum
2015 665 2192 709 autem
2225 655 2425 709 bellum
2470 670 2565 724 per
2612 655 2804 709 multas
2830 654 2989 708 horas
3017 664 3281 723 ageretur,
3310 669 3414 709 vox

1847 751 1907 804 fit
1935 766 1965 803 a
1995 759 2241 819 praetore,
2260 750 2540 805 Persarum
2568 764 2732 820 equos
2762 749 2961 804 lanceis
2982 759 3273 817 percutere.
3297 751 3414 816 Quo

1846 840 1987 894 facto
2027 843 2079 895 in
2124 843 2297 910 fugam
2346 857 2534 897 versus
2581 851 2662 896 est
2706 842 2990 898 Persarum
3035 842 3322 907 exercitus,
3361 847 3419 897 ει

1846 933 2119 1002 triumpho
2159 933 2358 1003 ingenti
2401 934 2552 1003 potiti
2598 944 2720 988 sunt
2761 934 3009 999 Romani,
3037 943 3092 988 et
3125 934 3320 988 multos
3343 947 3411 989 ex

1845 1023 1924 1078 eis
1956 1034 2316 1091 peremerunt,
2339 1035 2394 1079 et
2438 1026 2821 1093 spoliaverunt.
2871 1025 3089 1078 Postera
3134 1038 3263 1078 vero
3289 1023 3408 1089 die,

1846 1115 2073 1184 sumptis
2099 1117 2383 1172 virtutibus
2409 1119 2542 1183 suis,
2566 1118 2882 1187 Cardarigas
2912 1132 3094 1172 rursus
3119 1118 3184 1171 ad
3217 1117 3413 1171 bellum

1847 1217 2106 1274 armatur,
2149 1216 2204 1261 et
2250 1209 2484 1263 secundo
2534 1209 2721 1278 pralio
2769 1219 2942 1277 gesto,
2986 1209 3162 1261 denuo
3205 1207 3424 1262 vincunt

1848 1299 2097 1362 Romani,
2121 1308 2174 1353 et
2197 1299 2513 1354 occiduntur
2540 1300 2714 1354 Persa
2740 1301 2915 1354 multi.
2949 1296 3426 1367 Comprehendun-

1852 1399 1939 1445 tur
1967 1394 2128 1444 etiam
2159 1392 2262 1443 vivi
2307 1391 2413 1443 duo
2458 1390 2621 1456 mille,
2667 1402 2720 1444 et
2768 1389 3080 1459 Byzantium
3120 1391 3418 1442 mittuntur.

1850 1483 2067 1552 Aufugit
2093 1497 2303 1551 quoque
2331 1482 2666 1551 Cardarigas,
2699 1497 2856 1551 quem
2907 1483 3081 1535 Persa:
3121 1495 3241 1535 cum
3288 1480 3424 1548 inju-

1852 1573 1946 1626 riis
1976 1580 2254 1640 reSpuunt.
2288 1571 2451 1625 Porro
2484 1569 2806 1639 Philippicus
2843 1570 3144 1626 Heraclium
3193 1570 3426 1626 lleraclii

1852 1675 2082 1733 patrem,
2133 1666 2221 1733 qui
2264 1673 2383 1732 post
2421 1663 2645 1732 imperio
2695 1663 2922 1731 praefuit,
2959 1659 2978 1698 τ
3008 1663 3423 1730 subprzetorem,

1851 1759 2355 1826 exploratoremque
2381 1757 2728 1810 barbarorum
2753 1754 3063 1822 transmisit,
3095 1755 3425 1822 sumptisque

1853 1851 2056 1906 militiis
2097 1850 2437 1919 Babyloniam
2467 1850 2618 1916 adiit,
2649 1859 2703 1904 et
2737 1859 2763 1896 ε
2791 1851 3201 1904 Clomannorum
3231 1849 3427 1902 castel-

1853 1941 1960 1996 lum
2000 1940 2228 1994 obsidet.
2263 1943 2332 1993 At
2363 1954 2489 1993 vero
2517 1940 2834 2009 Cardarigas
2873 1940 3033 2008 elegit
3063 1940 3259 1994 milites
3287 1938 3425 1992 idio-

1852 2041 1954 2096 tas,
1981 2046 2102 2085 cum
2132 2027 2162 2069 ¹ι
2186 2030 2570 2099 subjugalihus,
2601 2040 2656 2085 et
2698 2031 2853 2085 turba
2883 2033 3109 2085 collecta
3133 2030 3428 2085 exercitum

1851 2137 1971 2178 sese
2022 2137 2240 2177 movere
2281 2122 2536 2190 jactabat,
2585 2133 2642 2177 et
2693 2139 2786 2192 per
2829 2124 3029 2177 munita
3061 2122 3176 2177 loca
3205 2121 3429 2176 obscura

1857 2223 2016 2269 nocte
2059 2213 2113 2267 in
2163 2213 2324 2268 dorsa
2374 2213 2734 2267 Romanorum
2787 2213 3048 2281 efficiunt,
3093 2227 3430 2283 nequaquam

1856 2306 2083 2360 fidentes
2111 2319 2172 2358 se
2198 2320 2386 2358 manus
2431 2307 2484 2358 in
2528 2320 2622 2360 eos
2665 2306 2942 2359 missuros.
2992 2306 3205 2359 Timore
3250 2315 3426 2359 autem

1852 2398 2152 2469 importuno
2167 2398 2392 2454 cadente
2412 2398 2464 2453 in
2482 2398 2849 2468 Philippicum,
2865 2399 2984 2468 fuga
3008 2398 3020 2435 ί
3048 2399 3273 2454 mirabili
3303 2413 3431 2454 usus

1852 2504 1958 2547 est.
2009 2495 2126 2558 Quo
2171 2499 2444 2560 comperto
2497 2490 2718 2544 Romani
2765 2491 2819 2544 in
2865 2487 3040 2558 fugam
3090 2490 3434 2545 vertebantur

1859 2597 1954 2650 per
1991 2583 2108 2636 loca
2147 2583 2213 2636 ad
2254 2582 2536 2636 meandum
2584 2580 2840 2645 difﬁcilia,
2895 2583 3229 2636 incurrentes
3267 2579 3432 2634 multa

1858 2673 2111 2740 pericula.
2145 2671 2386 2739 Cumque
2421 2673 2504 2725 sol
2536 2682 2686 2724 ortus
2717 2680 2884 2735 esset,
2922 2685 2951 2723 a
2975 2671 3276 2725 calamitate
3305 2671 3435 2725 libe-

1858 2774 2084 2829 rantur,
2141 2764 2356 2818 nemine
2407 2772 2781 2832 persequente,
2834 2774 2888 2816 et
2945 2765 3314 2830 pervenientes
3367 2762 3436 2816 ad

1859 2861 2141 2919 praetorem
2169 2891 2184 2917 ,
2235 2852 2379 2905 hunc
2411 2852 2638 2919 ‘injuriis
2685 2852 2932 2919 pessimis
2974 2851 3435 2919 blasphemabant.

1861 2942 2060 2998 Verum
2111 2945 2290 2999 Persa:
2340 2946 2514 3000 fictam
2565 2945 2890 3004 aastimantes
2939 2946 3138 3014 fugam,
3188 2945 3434 3014 persequi

1861 3035 1977 3089 ausi
2012 3050 2117 3089 non
2161 3046 2306 3090 sunt.
2355 3037 2520 3090 l’orro
2547 3035 2825 3090 Heraclius
2848 3046 3182 3092 transmeans
3212 3037 3430 3107 Tigrim,

166 3166 200 3220 δ
489 3127 510 3178 ,'
639 3167 664 3206 δ
879 3127 892 3142 ⁸
1527 3127 1575 3132 ’⁷
1602 3127 1728 3184 τῖ’“
1861 3141 1979 3196 quae
2022 3127 2208 3183 Media
2251 3127 2484 3195 regionis
2533 3137 2686 3182 erant
2725 3127 2995 3198 insignia!
3034 3129 3276 3196 prasidia
3324 3129 3435 3200 igni

204 3176 309 3220 ant
357 3179 611 3221 continuo
688 3170 976 3237 compedes
1003 3187 1066 3224 ex
1097 3173 1237 3240 ligno
1265 3170 1535 3242 ferroque,
1565 3174 1756 3241 quibus
1783 3175 1830 3237 C
1871 3220 2108 3242 ,ψη-,Μ
2180 3228 2226 3242 Α,
2363 3223 2424 3242 ,Δ
2467 3221 2813 3242 m,,___,____
2863 3221 3018 3242 μη,
3080 3235 3191 3242 “ﬂ
3252 3222 3430 3242 _‘_.,,_

167 3263 450 3317 Romanos
496 3263 730 3319 vinciant
778 3267 1126 3335 compeditos.
1175 3269 1378 3324 Praetor
1417 3283 1594 3326 autem
1623 3287 1763 3327 com-

166 3366 365 3408 monet
415 3353 709 3420 Romanos,
743 3371 810 3410 ne
840 3372 1087 3424 agrorum
1129 3361 1488 3414 exterininent
1528 3362 1759 3431 labores,

163 3463 235 3502 ne
271 3446 487 3515 justitia
517 3447 630 3513 Dei,
659 3464 776 3518 quae
807 3456 829 3483 ο
859 3450 1055 3503 malum
1083 3451 1216 3516 odit,
1246 3452 1513 3507 victoriam
1545 3456 1609 3507 ad
1641 3455 1765 3510 bar-

167 3540 347 3593 baros
381 3539 685 3595 transferat.
715 3539 935 3596 Postera
958 3558 1086 3611 ergo
1127 3544 1212 3597 die
1253 3555 1448 3613 praetor
1478 3545 1611 3599 duos
1635 3550 1765 3601 diri-

163 3633 244 3701 git
308 3631 630 3703 phylarchos
661 3634 1100 3698 Sarracenorum,
1133 3646 1188 3690 et
1223 3636 1438 3704 capiunt
1463 3637 1650 3691 Persas
1682 3641 1764 3692 vi-

162 3733 397 3786 ventes,
450 3739 543 3790 per
587 3738 723 3792 quos
752 3735 928 3779 motus
959 3725 1391 3780 adversariorum
1439 3727 1765 3797 didicerunt,

160 3819 257 3885 qui
296 3831 581 3870 asseruere
608 3816 769 3871 Deum
801 3819 937 3872 velle
963 3814 987 3853 ἀ
1012 3819 1249 3885 quotidie
1278 3820 1537 3873 barbaros
1569 3821 1620 3874 in
1654 3822 1764 3875 llo-

163 3925 260 3963 ma
276 3924 381 3962 nos
414 3909 636 3963 irruere.
665 3910 830 3963 Porro
857 3910 1183 3979 Philippicus
1215 3911 1446 3965 diluculo
1469 3913 1768 3968 valedicens

162 4000 476 4066 Romanis,
522 4001 692 4054 tribus
742 4001 1093 4071 phalangibus
1143 4005 1372 4058 occurrit
1404 4003 1470 4058 ad
1501 4006 1766 4071 praelium,

161 4094 409 4163 ipseque
432 4101 702 4160 assumpta
721 4100 744 4126 ε
769 4092 865 4145 Dei
889 4093 1028 4147 virili
1054 4093 1242 4160 forma,
1268 4109 1424 4163 quam
1447 4098 1770 4174 ἀχειροποίε-

158 4205 277 4245 τον,
317 4180 366 4233 id
399 4188 610 4233 estnon
640 4180 1017 4248 manufactam,
1050 4183 1275 4239 Romani
1305 4186 1614 4252 pradicant,
1657 4187 1769 4239 dis-

163 4288 419 4328 ciirrens
460 4287 553 4340 per
612 4275 775 4338 acies,
823 4276 1040 4328 armatis
1088 4276 1318 4330 divinam
1369 4275 1768 4346 impertiebatur

159 4365 465 4418 virtutem.
517 4363 585 4418 Et
624 4373 771 4418 stans
818 4374 931 4432 post
981 4367 1148 4418 aciem
1190 4366 1304 4420 haec
1341 4369 1570 4422 retinens
1600 4383 1766 4433 arma,

160 4455 441 4524 lacrymis
482 4455 665 4508 multis
697 4453 859 4508 Deum
893 4454 1150 4522 placabat,
1185 4458 1272 4524 qui
1301 4458 1596 4511 caelestium
1627 4459 1769 4512 ordi-

160 4563 312 4601 num
374 4546 641 4614 principes
683 4547 1022 4600 auxiliatores
1065 4551 1374 4616 assumpsit.
1420 4548 1552 4602 Cum
1593 4560 1768 4604 autem
1797 4513 1894 4616 DE

163 4640 393 4693 bellum
444 4647 711 4706 ageretur,
756 4636 1049 4690 Vitalianus
1088 4638 1332 4707 princeps
1356 4638 1485 4693 aciei
1527 4655 1770 4707 praeum-

158 4732 346 4784 nibus
368 4731 620 4782 audacius
645 4735 838 4792 motus,
870 4729 1181 4796 phalangem
1204 4730 1427 4797 disrupit
1450 4729 1731 4785 Persarum
1752 4772 1768 4798 ,

157 4833 221 4875 et
254 4819 537 4872 sarcinam
565 4819 701 4871 tulit.
752 4818 977 4870 Romani
1000 4829 1174 4871 autem
1199 4821 1340 4874 circa
1366 4821 1532 4888 spolia
1555 4837 1770 4890 coepere

161 4925 406 4964 vacare.
440 4910 588 4976 Quos
619 4909 882 4973 asiiiciens
934 4907 1280 4978 Philippicus,
1336 4927 1402 4965 ne
1437 4914 1501 4965 ad
1551 4915 1770 4968 exuvias

157 5004 354 5055 etiam
385 5000 575 5068 reliqui
604 5001 827 5066 reversi,
863 5001 1027 5067 prtulii
1057 5002 1515 5070 obliviscerentur,
1549 5019 1772 5058 conver-

157 5092 344 5159 sique
373 5091 585 5144 barbari
620 5090 904 5158 perderent
933 5103 1044 5153 eos,
1077 5088 1363 5146 Theodoro
1407 5092 1595 5148 Ilibino
1624 5095 1772 5162 galea

155 5197 285 5234 sua
330 5180 606 5249 imposita,
647 5181 793 5234 misit
818 5180 994 5248 gladio
1026 5190 1304 5249 percutere
1359 5183 1458 5238 hos
1505 5185 1597 5252 qui
1632 5187 1774 5239 circa

255 5339 292 5410 1³
318 5332 599 5410 "A9505??-

256 5399 295 5438 δ
329 5399 645 5468 Ξτλλοπὸδας.

259 5483 290 5551 ξ
325 5478 696 5551 Nicone-mp”.

251 5539 293 5623 ’ἓ
323 5557 393 5622 τῇ
418 5539 632 5623 sterteia
654 5549 836 5623 ἡμέρᾳ·

258 5619 295 5691 ξ
323 5616 627 5690 Θὶανδρικὴὗ
654 5616 867 5691 tropea-rw.

261 5679 292 5720 ί
321 5679 735 5762 Ἱποσὶράτηίγοῦ
761 5679 845 5744 sui
865 5695 1188 5759 κατασκοπῇ.

259 5763 299 5830 τ’
323 5760 617 5830 Neue“-

260 5824 300 5862 λ’
323 5824 680 5900 Ἰπτίοζῦοιίων.

447 5921 721 5980 Prmon.
766 5918 932 5980 XCV

1871 3220 2133 3287 tradebat,
2174 3228 2230 3274 et
2259 3221 2335 3275 sic
2359 3223 2427 3274 ad
2465 3221 2816 3288 Philippicum
2863 3221 3021 3274 rediit
3074 3235 3195 3276 cum
3248 3222 3433 3290 spoliis

1867 3311 2067 3366 multis.
2131 3314 2284 3365 Anno
2332 3313 2519 3379 quinto
2574 3310 2781 3378 imperii
2829 3309 3065 3364 Mauricii
3106 3307 3134 3347 ι
3164 3310 3434 3379 Chajanus

1867 3405 2101 3458 Avarum
2159 3403 2360 3458 findere
2427 3402 2728 3470 dissoluto,
2786 3401 3006 3471 Mysiam
3062 3410 3116 3455 et
3164 3401 3432 3471 Scythiam

1867 3499 2122 3550 atrociter
2173 3497 2553 3566 expugnabat,
2610 3497 2927 3550 subverteus
2979 3495 3325 3560 ltatiarnam,
3383 3504 3439 3549 et

1873 3587 1886 3626 ¹
1920 3587 2256 3651 Bunomiam,
2283 3597 2338 3641 et
2371 3589 2567 3655 Aquas,
2593 3594 2649 3640 et
2689 3585 3043 3650 Dorostolum,
3082 3595 3135 3640 et
3165 3584 3437 3650 Zandapa,

1868 3689 1924 3735 et
1975 3679 2426 3748 Martianopolim.
2470 3679 2891 3734 Coinmentiolus
2929 3692 3055 3732 vero
3084 3678 3149 3730 ad
3179 3678 3440 3731 maritima
3515 3719 3520 3724 .

1869 3772 2034 3836 venit,
2078 3780 2132 3824 et
2165 3783 2417 3839 separato
2475 3770 2716 3824 exercitu
2765 3767 3146 3837 improbabiles
3190 3769 3442 3823 discrevit

1867 3860 1936 3914 ab
1982 3860 2220 3929 optimis,
2252 3871 2305 3914 et
2333 3861 2548 3914 inutiles
2595 3860 2808 3927 quidem
2859 3859 3051 3914 virtute
3091 3861 3435 3929 quadraginta

1871 3951 2034 4006 tnillia
2073 3953 2348 4006 custodire
2373 3953 2568 4006 vallum
2591 3951 2745 4022 jubet
2777 3971 2789 4006 :
2819 3953 3112 4007 electorum
3139 3964 3315 4007 autem
3342 3969 3438 4007 sex

1870 4043 2033 4096 millia
2077 4057 2316 4110 sumens,
2373 4058 2437 4097 ex
2480 4043 2562 4096 his
2591 4044 2697 4097 duo
2727 4044 2888 4096 millia
2917 4044 3076 4098 Casto
3106 4044 3339 4111 tradidit,
3385 4054 3445 4100 et

1867 4139 1977 4194 duo
2008 4139 2170 4193 millia
2216 4137 2460 4205 Martino,
2494 4147 2550 4192 et
2580 4139 2694 4207 ipse
2723 4139 2930 4194 duobus
2957 4139 3188 4192 millibus
3212 4141 3440 4208 sumptis

1868 4239 2055 4284 coatra
2100 4231 2354 4284 barbaros
2403 4239 2674 4298 properat.
2715 4230 2906 4285 Castus
2953 4241 3192 4286 autem'n
3222 4233 3440 4290 veniens

1869 4319 2124 4388 Zardapa,
2154 4330 2209 4373 et
2236 4320 2429 4385 Emon,
2460 4323 2688 4389 repertis
2719 4323 2959 4376 barbaris
2987 4325 3038 4376 in
3071 4324 3273 4378 desidia
3302 4340 3436 4378 con-

1869 4412 2090 4477 stitutis,
2128 4413 2322 4466 multos
2351 4427 2415 4466 ex
2442 4411 2519 4467 eis
2546 4413 2881 4480 disperdidit,
2922 4415 3258 4484 prmdamque
3299 4417 3438 4472 mulv

1900 4520 1981 4556 nm
2009 4504 2276 4568 obtinens,
2295 4505 2560 4573 armigero
2588 4505 2653 4558 ad
2684 4505 2994 4560 salvandum
3030 4509 3262 4562 tradidit.
3304 4509 3443 4562 Mar-

1876 4593 2016 4646 tinus
2040 4593 2065 4620 "
2093 4594 2234 4647 circa
2282 4593 2426 4647 Nean
2479 4595 2744 4654 civitatem
2796 4594 3046 4660 effectus,
3092 4609 3145 4652 et
3175 4600 3226 4652 iu
3255 4599 3446 4667 Cliaja»

1875 4698 1998 4735 num
2043 4699 2110 4737 ex
2154 4684 2426 4752 insperato
2473 4685 2772 4750 incurrens,
2824 4689 3018 4741 multos
3071 4690 3276 4743 virtutis
3326 4689 3444 4758 ejus

1872 4773 2150 4839 exstinxit,
2183 4775 2253 4828 ita
2283 4787 2338 4828 ut
2369 4775 2456 4830 ille
2483 4778 2710 4830 salutem
2737 4792 2890 4834 suam
2921 4779 3038 4849 fuga
3065 4790 3329 4834 mercatus
3351 4781 3444 4834 sit.

1874 4867 2132 4924 Martinus
2183 4868 2406 4922 victoria
2449 4869 2713 4939 gloriosus
2740 4872 2804 4923 ad
2838 4883 3116 4939 praetorem
3145 4874 3444 4927 reverteba-

1877 4967 1984 5025 tur,
2019 4958 2104 5011 ubi
2131 4972 2190 5012 se
2222 4961 2544 5027 promiserat
2566 4976 2661 5015 eos
2683 4972 3133 5030 exspectaturum.
3167 4964 3447 5018 Commen-

1877 5052 2033 5106 tioltts
2063 5063 2236 5107 autem
2270 5053 2552 5107 formidine
2581 5069 2795 5122 pressus
2821 5055 3239 5124 Martianopolim
3267 5054 3443 5109 rediit.

1875 5139 1976 5206 Qui
2009 5155 2111 5192 non
2144 5141 2475 5195 invenientes
2497 5157 2642 5207 eum,
2665 5144 2988 5211 collegerunt
3009 5145 3272 5198 exercitus
3297 5158 3443 5211 suos,

1879 5239 1902 5264 ο
1938 5239 1993 5283 et
2024 5245 2117 5297 per
2159 5241 2362 5285 arctum
2404 5231 2580 5286 locum
2615 5232 2730 5288 Emi
2755 5243 2932 5288 castra
2958 5243 3189 5289 movent.
3221 5238 3293 5290 At
3321 5247 3444 5289 verc

1954 5342 1968 5414 ἦ
2005 5343 2234 5414 ’Λλὸγωςκ

1949 5413 1964 5488 ἕ
2005 5413 2188 5488 Meia-

1949 5482 1976 5558 ¹ξ
2007 5482 2169 5537 Aliter
2193 5483 2463 5558 Chauriana
2493 5490 2689 5540 Avarus
2717 5487 2895 5557 ubique
2925 5490 3130 5558 fudere.

1958 5551 1972 5589 λ
2011 5559 2262 5608 Κωνωνίαν
2289 5559 2366 5608 καὶ
2392 5554 2563 5616 "Anu;

1950 5631 1990 5659 'n
2020 5627 2136 5680 Ἐπὶ
2156 5629 2217 5679 τά
2237 5625 2514 5698 Τζαπάρδα
2543 5631 2627 5682 καί
2652 5625 2822 5699 Αἶμον.

1949 5701 1979 5729 ³³
2005 5701 2096 5772 ΑΕἰς
2123 5701 2186 5750 τὰ
2214 5702 2332 5772 περὶ
2358 5707 2602 5766 Τομαῖαν.

1953 5772 1979 5800 °
2005 5765 2119 5822 Ἐπὶ
2152 5765 2593 5830 τοὺξστενὼποὺς
2621 5776 2711 5824 τοῦ
2752 5769 2910 5843 Αἵμου
2939 5772 3431 5845 «pannosus-arx:

2940 5925 3018 5983 3‘2
