3918 6344
564 344 587 396 i
597 342 701 398 007

1383 345 1584 401 PAULI
1623 345 1889 403 DIACONI
1926 347 2078 403 OPP.
2118 347 2295 405 rans
2333 324 2371 405 ιζ
2421 380 2491 393 -
2531 349 2913 409 lllS'l‘OlthA.

3589 372 3684 428 l008

558 473 654 513 sua
682 460 918 513 nuntium
959 471 1114 513 suum
1144 460 1286 514 misit
1317 460 1516 529 Persis,
1548 474 1735 531 petens
1760 463 1900 534 loqui
1935 474 1959 499 η
1992 478 2126 531 prte-
2156 469 2208 527 Α
2235 474 2537 534 potentatus
2586 466 2904 521 Romanicos
2951 465 3006 519 in
3060 462 3316 521 Persidem
3366 471 3549 530 ducunt.
3594 481 3690 541 Ban

559 551 662 605 sidi
702 568 820 621 quae
864 553 1197 621 expedirent.
1246 556 1302 608 In
1342 557 1629 610 crastinum
1679 557 1835 626 igitur
1876 555 2127 609 collectus

560 653 776 698 senatus
806 643 1085 698 Persarum
1117 646 1169 699 in
1196 647 1481 715 regalibus,
1512 663 1617 701 una
1643 662 1762 701 cum
1795 645 2131 701 multitudine
2160 652 2163 653 ⁷

563 736 792 788 vinetum
834 735 1167 791 llormisdam
1195 738 1411 792 ducunt.
1443 742 1540 791 Ast
1581 737 1856 791 Hormisda
1888 751 2123 791 commo-

562 832 721 886 nebat
747 832 935 886 Persas
962 834 1103 901 quod
1133 848 1237 887 non
1267 844 1506 901 oporteat
1542 830 1905 900 hujuscemodi
1948 833 2001 884 in
2046 845 2131 885 re-

561 941 653 994 ges
681 926 1035 992 committere,
1059 937 1115 981 et
1141 936 1335 995 quanta
1364 942 1429 979 ex
1460 940 1565 994 quo
1596 925 1899 993 regnaverit
1929 934 2128 991 tropaea

564 1018 770 1083 fecerit,
792 1028 847 1072 et
889 1034 942 1072 tn
980 1019 1168 1077 quibus
1195 1034 1315 1085 erga
1344 1017 1537 1072 Persas
1568 1021 1703 1071 bona
1732 1016 2043 1085 patraverit,
2077 1023 2131 1068 et

560 1112 790 1180 qualiter
805 1110 1009 1165 Turcos
1029 1111 1443 1165 Persiditributa
1472 1110 1702 1175 solvere,
1736 1108 2006 1162 Romanos
2037 1122 2129 1174 pa-

559 1218 676 1259 cem
709 1218 889 1257 amare
914 1209 1189 1272 ’coegertt,
1222 1204 1551 1273 qualiterque
1598 1202 1992 1271 Martyropolim
2040 1215 2128 1254 ce-

559 1295 727 1360 perit,
763 1295 889 1363 quin
928 1302 983 1348 et
1024 1304 1245 1363 paterna
1296 1294 1554 1349 benelicia
1601 1294 1851 1347 narravit.
1892 1292 2127 1359 Rogabat

557 1396 734 1439 autem
765 1388 877 1438 haec
904 1384 1211 1440 Chosdroen
1240 1400 1270 1438 a
1300 1401 1463 1457 regno
1491 1385 1704 1454 deponi,
1739 1395 1796 1439 ut
1834 1384 1942 1438 litis
1990 1384 2127 1436 ami-

555 1491 701 1539 cum,
735 1486 789 1530 et
817 1477 1175 1543 ambitiosum,
1205 1485 1260 1531 et
1286 1477 1562 1544 sanguinis
1591 1488 1908 1540 amatorem,
1939 1488 2124 1541 super-

558 1572 704 1634 bum,
733 1583 794 1622 ac
823 1568 1156 1637 iniuriosum,
1189 1576 1243 1622 et
1280 1567 1477 1637 praeliis
1520 1567 1831 1620 inhiantem.
1867 1566 1997 1618 Esse
2035 1578 2128 1617 au-

558 1671 663 1715 tem
690 1661 790 1714 sibi
836 1662 1057 1715 alterum
1102 1661 1266 1713 filium
1299 1659 1635 1729 perhibebat,
1665 1673 1823 1728 quem
1864 1657 1917 1710 in
1949 1671 2125 1725 regem

556 1751 776 1820 provehi
807 1751 1092 1820 ﬂagitabat.
1138 1751 1380 1821 Byndoes
1417 1764 1544 1804 vero
1573 1750 1638 1803 ad
1681 1747 2012 1801 llormisdam
2044 1762 2127 1800 re-

2236 569 2413 613 autem
2433 598 2447 622 ,
2480 558 2580 611 hoc
2609 559 2843 628 cognito,
2870 559 3097 627 sumptis
3126 561 3384 615 virtutibus
3410 567 3502 620 suis
3539 569 3579 622 in
3612 572 3692 630 loco

2232 649 2319 715 qui
2348 648 2730 704 Alexandrines
2757 649 3075 712 nominatur,
3109 661 3475 709 castrametatus
3500 668 3581 723 est,
3603 679 3691 731 pro-

2235 737 2418 792 hibere
2445 751 2589 794 ratus
2618 740 2832 794 militias
2855 741 2920 793 ab
2945 742 3192 794 Armenia
3218 748 3488 811 venientes,
3516 765 3569 802 ne
3588 751 3695 809 Nai-5i

2232 825 2524 882 unireutur.
2557 830 2797 883 Jusserat
2846 840 3021 883 autem
3054 830 3325 886 Mauricius
3353 834 3583 892 Musticoni
3613 857 3692 894 ma-

2232 918 2396 984 gistro
2424 917 2624 973 militia:
2659 920 2925 973 Armeniae
2966 920 3154 974 Joanni
3194 923 3416 990 accipere
3458 927 3699 992 inilitias.et

2232 1021 2289 1063 se
2317 1009 2467 1063 Narsi
2500 1010 2650 1066 unire
2693 1011 2891 1080 pariter
2927 1022 3111 1066 contra
3158 1014 3333 1068 Baram
3371 1016 3536 1071 bellum
3560 1026 3700 1075 consti-

2234 1104 2454 1157 tuendo.
2480 1102 2582 1158 Per
2611 1117 2820 1158 noctem
2850 1116 3025 1160 autem
3060 1108 3218 1162 unitte
3257 1120 3371 1162 sunt
3408 1110 3614 1167 Romanis
3634 1118 3701 1170 vir-

2234 1200 2389 1257 tutes,
2423 1203 2478 1247 et
2505 1203 2687 1248 contra
2712 1195 2899 1249 Baram
2930 1199 3097 1251 aciem
3125 1198 3437 1253 direxerunt.
3464 1203 3594 1255 Porro
3614 1205 3702 1259 Bm

2232 1280 2285 1334 in
2317 1292 2497 1337 monte
2536 1294 2951 1340 castratuetatus
2979 1296 3082 1354 est,
3118 1302 3309 1356 pavore
3347 1290 3579 1347 detentus.
3597 1294 3696 1348 Cum-

2231 1385 2335 1439 que
2378 1372 2572 1426 bellum
2615 1386 2863 1444 ageretur
2902 1377 3174 1442 horribile,
3220 1378 3404 1433 Narses
3444 1383 3606 1437 Indicis
3640 1385 3704 1438 be-

2232 1461 2348 1517 stiis
2411 1465 2784 1535 parvipensis,
2857 1468 3084 1522 mediam
3149 1470 3472 1525 barbarorum
3534 1475 3708 1528 dissolvi!

2233 1557 2579 1627 phalangem.
2612 1560 2677 1614 Et
2726 1561 2827 1616 hoc
2855 1563 2992 1618 facto
3022 1575 3236 1619 caetera:
3281 1582 3471 1636 quoque
3508 1570 3621 1623 lianc
3653 1571 3705 1624 iu-

2234 1642 2458 1701 ﬁrn'iatae
2531 1658 2654 1703 sunt
2710 1652 3029 1722 phalanges,
3094 1662 3149 1709 et
3206 1655 3265 1708 fit
3310 1671 3481 1725 magna
3524 1658 3614 1728 luga
3657 1669 3709 1729 ty-

2234 1740 2408 1793 ranni.
2448 1739 2644 1795 Narses
2674 1757 2805 1795 vero
2844 1743 2958 1798 siue
2995 1746 3098 1798 ulla
3146 1747 3436 1801 retentioue
3471 1764 3709 1817 persequens

554 1841 873 1907 spondebat,
895 1848 950 1895 et.
991 1842 1145 1908 hujus
1173 1855 1422 1895 excessus
1454 1841 1505 1895 in
1538 1840 1769 1894 medium
1803 1850 2125 1908 proponens,
2163 1824 2210 1883 Β
2239 1828 2428 1891 Persas
2449 1831 2595 1886 caede
2615 1835 2905 1899 sternebat,
2932 1844 2986 1887 et
3014 1849 3105 1888 sex
3136 1836 3296 1889 millia
3326 1838 3485 1891 vincta
3510 1838 3565 1890 ad
3588 1838 3706 1891 Chos-

553 1948 742 1987 omnes
769 1934 941 1987 erexit
969 1942 1151 1987 contra
1193 1932 1562 1995 Hormisdam;
1594 1940 1648 1986 et
1676 1932 1875 1985 ducunt
1919 1931 1969 1983 in
2016 1945 2130 1984 mea

554 2025 704 2078 dium
750 2038 967 2079 uxorem
1012 2022 1148 2091 ejus,
1184 2036 1247 2076 ac
1295 2021 1483 2086 filium,
1515 2022 1796 2076 etbserra
1852 2024 1948 2075 hos
1995 2020 2131 2073 divi-

551 2114 702 2178 dunt,
736 2123 790 2166 et
830 2112 1004 2181 partiti
1050 2118 1177 2166 sunt
1222 2112 1277 2164 in
1324 2112 1554 2165 medium
1600 2124 1781 2165 coram
1832 2108 2129 2163 llormisdte

553 2203 772 2257 visibus.
804 2203 1136 2257 Hormisdam
1166 2217 1374 2271 quoque
1400 2202 1570 2256 oculis
1600 2203 1890 2270 privantes,
1930 2202 1979 2254 in
2010 2216 2130 2254 car-

550 2308 675 2348 cere
705 2303 1013 2362 posuerunt.
1041 2294 1103 2347 Et
1130 2294 1430 2347 Chosdroes
1477 2291 1692 2362 quidem
1741 2292 2126 2359 aliquantulum

552 2386 780 2454 benigne
825 2394 1029 2454 patrem
1076 2385 1329 2439 tractavit
1374 2386 1426 2438 in
1468 2384 1732 2449 custodia,
1770 2384 2009 2438 tribuens
2054 2384 2127 2438 illi

550 2492 766 2534 omnem
789 2492 989 2533 escam.
1016 2480 1082 2531 At
1107 2478 1381 2531 llormisda
1405 2493 1471 2531 ex
1503 2478 1726 2531 adverso
1754 2476 1962 2545 injuriis
1988 2478 2128 2530 hunc

550 2569 845 2634 lacerabat,
881 2569 1200 2624 conculcans
1240 2585 1323 2634 ea,
1351 2584 1468 2634 quae
1510 2582 1540 2621 a
1587 2582 1712 2634 rege
1760 2567 2125 2621 mittebantur.

551 2660 701 2717 Unde
726 2660 1025 2716 Chosdroes
1070 2660 1260 2728 iratus,
1300 2659 1528 2713 fustibus
1576 2659 1716 2712 hunc
1772 2658 2126 2728 sylvestribus

547 2752 704 2820 jussit
732 2767 825 2820 per
869 2750 960 2806 ilia
1002 2766 1201 2806 caesum
1231 2752 1398 2805 obire.
1426 2748 1578 2817 Quod
1621 2749 1819 2804 factum
1848 2759 1903 2804 et
1933 2749 2127 2804 Persas

548 2844 729 2897 tristes
768 2842 1023 2911 reddidit,
1053 2852 1107 2898 et
1141 2852 1323 2897 contra
1372 2841 1683 2897 Chosdroen
1729 2842 1909 2896 odium
1956 2840 2124 2898 auxit.

549 2934 852 2989 Chosdroes
901 2950 1058 2999 vero,
1105 2936 1440 3003 congregatis
1496 2933 1781 2987 virtutibus
1841 2946 2125 2999 regnorum

548 3040 797 3091 suorum,
838 3039 1085 3093 egressus
1127 3033 1311 3078 contra
1358 3025 1550 3076 Baram
1594 3023 1740 3077 venit
1782 3022 1834 3074 in
1880 3033 2125 3088 campum

549 3118 747 3172 Zabam
791 3115 1044 3181 ﬂuminis,
1080 3116 1166 3170 ubi
1196 3116 1330 3169 Bura
1361 3115 1556 3168 vallum
1601 3112 1851 3168 habebat.
1877 3110 2128 3179 Suspica-

554 3219 638 3262 tus
676 3216 855 3262 autem
883 3176 1211 3272 Cbosdroes,
1247 3204 1388 3272 quod
1435 3203 1594 3272 aliqui
1642 3202 1937 3271 principum
1983 3176 2126 3269 adja-
2153 3176 2201 3241 α

550 3313 733 3360 cerent
759 3302 932 3365 Barm,
962 3302 1059 3356 hos
1104 3300 1316 3355 occidit.
1343 3299 1477 3353 Cum
1520 3308 1694 3353 autem
1743 3300 1967 3367 papulus
2015 3307 2127 3352 tur-

551 3397 786 3462 baretur,
830 3395 1009 3465 fugam
1038 3393 1154 3448 iniit
1192 3392 1497 3447 Chosdroes
1536 3406 1656 3446 cum
1686 3393 1869 3462 paucis
1902 3391 2122 3460 quibus-

548 3491 696 3556 dam,
725 3496 783 3543 et
823 3500 1009 3541 omnes
1047 3487 1135 3556 qui
1161 3495 1315 3540 erant
1343 3500 1464 3538 cum
1502 3483 1797 3548 Chosdroe,
1824 3484 1889 3537 ad
1932 3484 2125 3537 Baram

549 3587 910 3636 accesserunt.
976 3577 1045 3632 At
1072 3592 1201 3633 vero
1229 3577 1529 3632 Chosdroes
1562 3574 1839 3629 haesitabat
1874 3573 2125 3643 quidnam

550 3687 711 3738 agere
754 3672 1053 3737 debuisset,
1103 3668 1372 3724 nonnullis
1410 3682 1539 3723 sane
1582 3667 1861 3721 consilium
1909 3666 2012 3720 sibi
2059 3665 2126 3719 ad

548 3768 759 3824 Turcos
783 3767 1035 3823 secedere
1072 3766 1337 3829 dantibus,
1381 3762 1656 3817 nonnullis
1687 3771 1864 3815 autem
1906 3762 1972 3815 ad
2012 3761 2126 3815 Ro-

549 3877 761 3918 manos.
800 3860 1106 3917 Chosdroes
1152 3872 1344 3927 equum
1396 3855 1710 3919 ascendens,
1743 3851 1897 3907 freno
1944 3855 2127 3908 laxato

551 3955 672 4027 equi
701 3961 879 4009 motus
915 3951 1163 4008 omnibus
1202 3951 1349 4018 sequi
1390 3947 1565 4017 jubet.
1595 3946 1664 3999 At
1691 3960 1819 4000 vero
1863 3960 2029 4012 equus
2058 3943 2125 3997 ad

548 4055 815 4109 Romanas
845 4058 1023 4118 partes
1057 4053 1233 4100 motus
1262 4056 1387 4095 suos
1413 4037 1629 4105 direxit,
1658 4050 1711 4092 et
1740 4038 1878 4107 apud
1915 4048 1935 4075 ο
1961 4034 2126 4091 Cere-

546 4145 685 4200 sium
731 4138 1017 4202 invenitur,
1062 4144 1117 4191 et
1166 4134 1368 4203 legatos
1415 4144 1541 4185 suos
1589 4131 1785 4193 mittit,
1830 4130 2121 4183 adventum

546 4250 700 4292 suum
748 4231 948 4286 faciens
993 4226 1355 4281 manifestum.
1401 4220 1635 4290 Contigit
1674 4230 1847 4274 autem
1895 4228 1954 4273 ut
1999 4232 2121 4273 eum

551 4326 757 4382 Probus
786 4321 1057 4392 patricius,
1090 4317 1179 4387 qui
1210 4315 1318 4370 illic
1362 4322 1497 4377 erat,
1525 4312 1840 4380 Susciperet,
1876 4321 1928 4365 et
1960 4311 2029 4364 de
2059 4324 2123 4363 eo

549 4416 855 4488 imperatori
881 4429 976 4483 per
1002 4414 1202 4466 litteras
1250 4409 1530 4463 iudicaret.
1576 4409 1706 4459 Bara
1753 4416 1930 4459 autem
1985 4404 2127 4457 misit

2230 1921 2398 1976 droen
2428 1922 2668 1977 adduxit.
2701 1926 2796 1977 Ast
2845 1926 2942 1979 hos
2993 1941 3180 1979 omnes
3227 1928 3507 1982 Cltosdroes
3531 1943 3712 1981 mucrone

2229 2016 2473 2081 peremit.
2520 2014 2790 2085 Quotquot
2819 2027 2992 2070 autem
3025 2017 3187 2073 Turci
3216 2030 3385 2086 erant,
3414 2020 3472 2073 ad
3509 2021 3717 2089 imperato-

2230 2121 2346 2161 rem
2372 2107 2679 2177 Byzantium
2708 2110 2873 2163 misit.
2913 2110 3053 2165 Sane
3097 2126 3219 2166 cum
3268 2112 3419 2165 Turci
3468 2113 3635 2180 signum
3658 2113 3718 2164 lia-

2231 2199 2421 2254 berent
2447 2202 2498 2254 in
2532 2200 2707 2257 fronte
2744 2200 2768 2239 ἀ
2795 2218 2859 2257 ex
2885 2217 3066 2270 cruce,
3108 2205 3547 2273 interrogabantur
3581 2205 3631 2258 ab
3651 2206 3719 2257 itu-

2234 2307 2501 2367 peratore,
2534 2315 2764 2368 quonam
2808 2301 2966 2354 modo
3010 2300 3109 2355 hoc
3158 2302 3362 2370 signum
3391 2302 3437 2355 in
3474 2300 3615 2354 fronte
3637 2315 3719 2366 por-

2228 2390 2445 2444 tarent?
2471 2393 2541 2445 At
2563 2406 2691 2446 vero
2720 2392 2877 2446 Turci
2912 2393 3230 2447 asserebant
3268 2404 3390 2448 ante
3417 2394 3583 2447 multos
3607 2405 3723 2444 annos

2230 2480 2587 2547 pestilentiam
2631 2482 2822 2534 factam
2857 2480 2911 2534 in
2940 2481 3157 2549 Turcia,
3192 2494 3244 2536 et
3273 2482 3513 2551 quosdam
3537 2479 3723 2534 Christia-

2229 2585 2421 2626 norum
2470 2571 2570 2625 hoc
2598 2571 2960 2639 adinvenisse,
2992 2584 3043 2627 et
3074 2571 3201 2625 hinc
3229 2573 3372 2626 salus
3397 2572 3446 2625 in
3474 2571 3611 2639 patria
3635 2568 3724 2620 facta

2231 2674 2333 2718 est.
2358 2664 2523 2717 Porro
2546 2664 2809 2718 exercitus
2834 2663 3201 2719 Romanorum
3229 2663 3587 2719 tabernaculum
3610 2663 3723 2723 Bare,

2228 2766 2284 2811 et
2313 2756 2696 2825 supellectilem
2731 2758 3054 2826 accipientes
3085 2774 3208 2812 cum
3238 2755 3540 2826 elephantis,
3566 2754 3729 2807 attulere

2228 2848 2295 2902 ad
2327 2847 2658 2903 Chosdroen.
2694 2847 2826 2901 Bara
2858 2858 3038 2902 autem
3067 2849 3135 2902 ad
3171 2848 3449 2903 interiores
3475 2856 3621 2916 partes
3645 2845 3728 2896 Per-

2232 2941 2365 2995 sidis
2414 2940 2589 3010 fugam
2639 2940 2785 3006 fecit,
2842 2950 2897 2995 et
2924 2944 2999 2995 sic
3030 2959 3219 2997 eorum
3260 2941 3547 2996 dissolvitur
3571 2938 3727 2991 bellum.

2229 3032 2411 3102 Itaque
2436 3033 2741 3088 Chosdroes
2769 3049 2957 3104 magna
2984 3035 3210 3089 victoria
3238 3034 3573 3089 circumdatus
3597 3030 3730 3084 solium

2231 3138 2383 3179 suum
2447 3124 2670 3193 recepit.
2723 3124 2917 3179 Verum
2965 3125 3158 3180 Narses
3204 3126 3469 3181 rediturus
3503 3122 3560 3176 ad
3585 3117 3732 3189 propria

2232 3217 2487 3274 Chosdroi
2503 3218 2737 3274 dicebat:
2754 3219 2954 3276 Memor
2968 3221 3062 3286 sis,
3079 3219 3380 3286 Chosdroe,
3400 3216 3634 3287 pressantis
3648 3209 3731 3271 diei.

2236 3312 2462 3366 Romani
2512 3314 2606 3367 tibi
2657 3328 2876 3382 regnum
2930 3315 3152 3367 donant.
3199 3316 3271 3368 At
3316 3314 3403 3368 ille
3431 3296 3733 3365 fraudulentam

2238 3408 2559 3463 occisionem
2607 3418 2871 3475 metuens,
2922 3412 3074 3479 petiit
3103 3425 3133 3464 a
3163 3411 3422 3467 Mauricio
3452 3405 3580 3461 mille
3602 3403 3736 3455 Roma-

2235 3513 2333 3552 nos
2358 3498 2407 3551 iu
2431 3498 2727 3552 custodiam
2755 3500 2837 3553 sui
2862 3500 3158 3555 habendos.
3189 3501 3361 3555 Porro
3387 3497 3639 3554 Mauricius
3653 3502 3734 3543 cum

2228 3589 2572 3645 dilectionem
2602 3590 2820 3645 haberet
2841 3606 2963 3660 erga
2992 3601 3016 3628 ο
3044 3593 3364 3657 Barbarum,
3394 3588 3587 3643 multam
3613 3590 3737 3651 postu-

2229 3682 2481 3735 lationem
2518 3680 2636 3750 ejus
2667 3682 2968 3749 complevit,
3000 3681 3184 3750 sicque
3216 3680 3507 3745 Persicum,
3532 3685 3578 3731 et
3599 3672 3734 3726 Roma-

2230 3789 2418 3828 norum
2449 3773 2649 3828 bellum
2679 3774 2927 3829 cessavit.
2960 3773 3170 3828 Interea
3201 3774 3531 3830 solemnitate
3558 3759 3735 3821 Pascha“

2233 3866 2505 3934 veniente,
2536 3875 2823 3920 coronatus
2863 3873 2945 3919 est
2980 3865 3326 3920 Theodosius
3359 3863 3489 3917 titius
3516 3852 3698 3915 Mauricii
3719 3864 3738 3901 a

2226 3953 2436 4007 Joanne
2486 3956 2780 4021 patriarcha
2831 3953 3457 4024 Constantinopolitano.
3504 3951 3737 4010 Eodemque

2226 4059 2374 4099 anno
2408 4045 2697 4114 imperator
2722 4046 3007 4101 Mauricius
3029 4048 3320 4100 ecclesiam
3350 4052 3628 4099 sanctorum
3652 4046 3738 4101 qur

2226 4135 2472 4206 draginta
2513 4137 2830 4210 Martyrum,
2862 4154 3019 4209 quam
3051 4139 3313 4193 Tiberius
3340 4139 3496 4206 cmpit
3525 4131 3737 4187 aedificare.

2228 4233 2640 4285 consummavit.
2691 4233 2919 4298 Interea,
2968 4247 3087 4285 cum
3117 4232 3388 4300 profunda
3417 4244 3512 4300 pax
3540 4225 3737 4280 Orientem

2228 4336 2563 4393 occupasset,
2614 4326 2815 4379 bellum
2858 4325 2996 4379 circa
3062 4326 3342 4393 Eumpam
3374 4320 3394 4361 ί
3420 4321 3663 4377 Avaricum
3692 4310 3744 4362 in-

2229 4415 2527 4469 cumbebat.
2559 4414 2789 4483 Ideoque
2817 4416 3106 4483 imperator
3136 4425 3470 4484 potentatus,
3501 4411 3560 4464 ab
3582 4405 3739 4461 Oriente

549 4514 751 4581 legatos
789 4510 855 4563 ad
900 4508 1227 4573 Mauricium,
1274 4515 1457 4574 petens
1489 4519 1556 4558 ne
1582 4502 1929 4557 auxiliaretur
1952 4502 2119 4556 Chos—
2149 4545 2206 4604 Β
2232 4507 2284 4559 ἰιι
2312 4506 2573 4565 Thracem
2606 4509 2925 4561 transduxit.
2960 4511 3117 4560 Anno
3146 4507 3363 4577 imperii
3395 4505 3476 4559 sui
3504 4515 3641 4561 nono,
3662 4505 3741 4546 cunt

548 4602 688 4655 droi.
723 4600 890 4654 Porro
920 4598 1207 4666 imperator
1235 4596 1517 4651 Mauricius
1552 4595 1705 4664 jubet
1729 4591 2115 4648 Commentiolo

546 4692 759 4763 praetori
804 4691 940 4760 apud
990 4689 1309 4757 Hierapolim
1357 4687 1667 4741 Chosdroen
1717 4688 2020 4755 suscipere,
2067 4691 2122 4737 et

546 4784 908 4854 imperialibus
953 4781 1219 4849 obsequiis
1268 4781 1549 4833 honorare.
1596 4778 1794 4832 Eodem
1842 4790 1980 4829 anno
2025 4775 2118 4827 de-

547 4876 857 4935 monstravit
899 4876 1186 4942 imperator
1215 4870 1497 4925 Mauricius
1526 4872 1575 4925 in
1604 4870 1858 4924 memoria
1898 4867 1995 4921 Dei
2026 4881 2116 4935 ge-

545 4968 751 5025 nitricis
784 4966 1016 5021 litaniam
1042 4965 1093 5017 in
1134 4962 1439 5016 Blachcrnis
1471 4964 1604 5027 tieri,
1638 4972 1692 5016 et
1722 4960 1906 5015 laudes
1934 4958 2116 5012 dicere

544 5061 784 5115 Dominae
829 5068 1045 5121 nostrai,
1077 5056 1355 5111 nominans
1384 5071 1499 5109 eam
1548 5054 1885 5124 Panegyrim.
1924 5050 2122 5105 Mauri-

542 5153 657 5206 cius
686 5150 850 5204 Iilium
879 5148 975 5202 sibi
1019 5145 1325 5200 Chosdroen
1358 5161 1535 5214 regem
1575 5146 1856 5199 Persarum
1900 5144 2125 5213 faciens,

544 5240 901 5303 Domitianum
957 5239 1265 5306 episcOpum
1326 5236 1693 5290 Militinensetn
1741 5235 1806 5288 ad
1860 5250 1981 5289 eum
2032 5234 2117 5289 di-

543 5331 706 5398 rexit,
738 5340 1018 5399 cognatum
1046 5343 1226 5393 suum,
1253 5343 1353 5380 una
1380 5342 1501 5381 cum
1528 5326 1717 5393 Narse,
1748 5327 1835 5380 cui
1866 5327 2113 5382 ducatum

541 5423 669 5479 belli
700 5423 983 5478 commisit.
1015 5422 1117 5489 Qui
1166 5420 1444 5475 venientes
1466 5420 1533 5473 ad
1563 5418 1901 5486 Chosdroen,
1934 5434 2123 5476 omnes

615 5581 637 5645 ξ’
665 5571 775 5645 ᾼΙῙ,
806 5568 973 5645 Persi.
1008 5568 1107 5621 Ms.
1141 5566 1340 5634 (ἦκα,
1381 5578 1445 5645 τῇ
1484 5570 1705 5645 Περσίδι.

614 5644 639 5681 b
670 5639 1095 5713 Ἐδιχοτὸμησαν.

620 5730 636 5785 ’ξ
672 5713 966 5785 Κερκὲσιον.
1264 5770 1265 5773 η

618 5783 637 5809 "
675 5778 771 5834 Τοῧ
804 5787 1272 5837 σταυροῦκεντιτοῦ
1295 5778 1378 5837 διὰ
1400 5785 1618 5848 μέλανος.
1663 5788 1741 5840 ΑΙ.
1759 5831 1769 5847 ,
1795 5794 1981 5853 frontes
2010 5804 2120 5839 scu-

2237 4612 2329 4651 ver
2374 4597 2653 4665 inciperet,
2696 4607 2750 4650 et
2778 4597 2988 4666 agmina
3022 4598 3403 4666 pervenissent
3432 4595 3496 4648 ad
3524 4592 3741 4646 Thracem.

2237 4688 2400 4742 exivit
2424 4690 2545 4740 cum"
2572 4690 2649 4741 eis
2670 4687 2952 4743 Mauricius
2991 4689 3177 4743 videre
3218 4706 3345 4760 quae
3387 4704 3416 4742 a
3459 4680 3663 4740 barbaris
3691 4687 3746 4726 es-

2232 4789 2349 4832 sent
2387 4792 2593 4831 eversa.
2631 4779 2864 4849 Augusta
2906 4796 3032 4834 vero
3072 4792 3125 4834 et
3169 4779 3499 4849 patriarcha,
3527 4782 3575 4829 et
3593 4774 3744 4825 setiam5

2232 4870 2485 4938 rogabant
2529 4871 2901 4937 imperatorem
2950 4887 3016 4927 ne
3068 4888 3164 4941 per
3213 4874 3558 4939 semetipsum
3602 4860 3744 4917 bella“

2232 4961 2410 5026 iniret,
2442 4963 2538 5016 sed
2570 4963 2745 5031 potius
2778 4963 2827 5017 id
2862 4964 3074 5032 prtetori
3103 4966 3495 5019 committeret.
3523 4962 3605 5013 Ast
3628 4955 3745 5016 impc-

2234 5065 2380 5109 rator
2426 5070 2530 5109 non
2574 5057 2862 5123 acquievit.
2912 5056 3159 5112 Exeuute
3211 5066 3397 5112 autem
3435 5069 3499 5109 eo
3534 5050 3590 5104 ad

2230 5145 2416 5211 mium,
2468 5146 2595 5199 solis
2648 5147 2860 5213 eclipsis
2909 5145 3047 5202 facta
3084 5158 3185 5202 est.
3236 5149 3481 5217 Cumque
3505 5126 3747 5202 δεδειπνυά

2228 5234 2491 5304 Rhegium
2541 5237 2908 5291 multitudines
2950 5241 3194 5307 pecuniis
3225 5238 3512 5293 animavit.
3550 5232 3658 5287 Cum
3682 5237 3749 5274 δυ’

2233 5340 2336 5381 tem
2368 5337 2615 5381 venatum
2649 5338 2913 5397 pergeret,
2965 5345 3057 5385 sus
3096 5332 3392 5399 sylvestris
3422 5327 3564 5382 valde
3588 5312 3747 5391 grandis

2229 5422 2479 5489 impetum
2496 5431 2680 5475 contra
2694 5419 2956 5477 Cmaarem
2969 5421 3111 5477 fecit.
3130 5424 3319 5492 Equus
3340 5438 3467 5478 vero
3479 5420 3543 5476 ob
3554 5417 3750 5472 terrorem

2231 5588 2386 5632 ratas.
2406 5575 2466 5648 P.
2498 5575 2639 5648 Pitb.
2672 5593 2785 5631 cum
2814 5578 3049 5633 haberent
3071 5581 3271 5648 frontes
3295 5586 3550 5635 exaratos.

2301 5651 2324 5722 ῗ
2355 5647 2638 5722 βάρμαδρῖδ·

2304 5719 2319 5755 ί
2357 5704 2481 5786 Ιιεξξ.
2523 5718 2749 5781 videtur,
2784 5722 3021 5775 Avarum.
3059 5721 3236 5776 Locus
3271 5722 3325 5775 in
3353 5716 3648 5787 Τιιοοιώωθ
3680 5704 3751 5757 (³⁸·

2225 5804 2384 5854 prava
2394 5799 2441 5841 te
2475 5790 2682 5854 legitur.
