3918 6344
237 368 359 429 ηοω

1247 376 1568 434 HISTORIA
1605 376 1965 435 MISCELLA.
2004 409 2076 424 —
2113 383 2242 440 LIB.
2284 384 2443 444 XVII.

3329 393 3467 444 IUIII

231 484 463 541 miraculi
508 484 704 556 ejicere
743 486 1007 542 Caesarem
1062 490 1345 544 nitebatur.
1402 491 1609 546 Diutius
1657 503 1787 559 ergo
1812 489 2065 552 Adivina
2115 498 2192 551 eis
2231 501 2499 554 consuluit
2543 502 2784 571 quaedam
2816 501 3004 557 virtus.
3041 503 3209 559 Media
3238 518 3466 572 namque

230 578 570 633 tumultuatus
600 579 867 633 Caesarem
901 581 1105 650 jactare
1144 583 1398 651 nequivit.
1428 582 1610 652 Itaque
1639 597 1731 637 sus
1760 597 1791 636 a

226 672 431 726 nemine
476 680 503 709 ι
544 681 698 728 actus
741 672 1026 729 abscessit.
1078 674 1135 730 In
1171 676 1481 731 Perinthum
1534 688 1789 746 praeterea

224 764 430 832 navigio
460 764 562 819 iter
586 763 809 833 faciens,
856 767 1032 820 ventis
1072 767 1499 831 vehementibus,
1530 777 1584 821 et
1614 767 1788 835 pluvia

223 856 374 921 facta,
421 859 702 927 ttautisque
731 858 1155 930 deSperantibus,
1207 862 1403 930 scapha
1453 861 1789 928 imperatoris

221 952 613 1018 asportabatur,
659 952 728 1005 ita
772 963 827 1005 ut
859 953 1132 1022 inopinate
1163 955 1344 1007 salvus
1372 953 1436 1006 ad
1472 953 1665 1017 locum,
1697 953 1787 1020 qui

219 1043 407 1097 dicitur
432 1043 719 1108 Daonium,
747 1045 834 1099 vix
866 1046 1094 1100 veniret.
1119 1045 1284 1101 Nocte
1307 1060 1436 1100 vero
1460 1046 1547 1099 illa
1574 1045 1789 1098 mulier-

218 1133 327 1186 cula
362 1134 624 1200 pariebat,
653 1143 707 1187 et
730 1148 891 1189 voces
919 1133 1249 1188 miserabiles
1279 1132 1574 1187 emittebat.
1614 1130 1783 1187 Cum-

215 1237 316 1291 que
363 1239 520 1278 mane
566 1224 763 1280 factum
816 1224 1025 1291 fuisset,
1080 1227 1226 1279 misit
1269 1226 1560 1294 imperator
1582 1224 1785 1294 videre,

213 1315 349 1384 quod
377 1317 671 1372 acciderat.
696 1318 763 1371 Et
782 1318 1104 1374 invenerunt
1125 1334 1349 1388 puerum
1372 1328 1572 1385 natum,
1605 1319 1787 1373 oculo-

210 1425 323 1462 rum
367 1419 423 1466 et
464 1410 833 1479 palpebrarum
873 1400 1161 1475 exsortem,
1208 1425 1502 1480 manusque
1549 1409 1619 1463 ad
1662 1410 1789 1463 bra-

210 1502 326 1557 chia
356 1518 459 1556 non
493 1502 801 1568 habentem,
833 1519 862 1556 a
895 1503 1077 1558 lumbo
1105 1513 1284 1557 autem
1316 1512 1431 1557 erat
1457 1502 1506 1556 ei
1533 1511 1591 1556 ut
1618 1501 1786 1556 cauda

206 1596 365 1663 piscis
386 1597 695 1651 naturaliter
722 1597 949 1652 haerens.
981 1598 1098 1665 Quo
1140 1597 1276 1665 viso,
1319 1598 1611 1664 imperator
1641 1610 1780 1663 prae-

206 1688 344 1756 cepit
384 1698 441 1743 ut
474 1689 832 1744 oecideretur.
881 1688 991 1745 Ilac
1029 1689 1260 1759 denique
1308 1690 1395 1743 die
1444 1688 1783 1758 imperatoris

1896 585 1981 638 die
2010 587 2193 643 videre
2236 600 2554 658 putaverunt
2592 593 2823 659 barbari,
2867 592 3232 648 Romanorum
3262 594 3467 649 virtuti-

1894 679 1991 731 bus
2016 680 2406 748 egredientibus
2431 684 2495 739 ab
2524 688 2675 757 urbe,
2708 685 2944 741 futurum
2977 686 3076 741 sibi
3106 684 3243 744 fore.
3266 696 3324 741 ut
3342 702 3464 743 cum

1891 773 1969 826 eis
2006 775 2310 831 conﬂictum
2342 788 2709 845 consererent,
2739 788 2795 834 et
2823 782 3144 834 consternati
3175 780 3293 848 fuga
3324 780 3463 835 infa-

1894 866 2091 933 tigabili
2136 868 2360 941 fugiunt,
2390 882 2444 927 et
2470 874 2608 943 apud
2642 874 2960 929 Perinchum
2987 873 3312 929 efficiuntur.
3343 871 3463 927 Pri-

1891 970 2015 1010 scus
2064 969 2273 1027 aulem,
2332 978 2429 1017 nec
2478 963 2590 1018 visu
2645 965 2856 1033 quidem
2908 965 3047 1019 ferre
3092 962 3464 1017 multitudines

1892 1051 2236 1108 barbarorum
2292 1056 2513 1123 valens,
2580 1057 2830 1112 Zurulum
2890 1057 3165 1127 ingressus
3228 1065 3463 1111 castrum

1893 1144 2182 1199 muniebat.
2209 1147 2307 1202 Ast
2331 1148 2589 1202 barbarus
2618 1149 2855 1204 Priscum
2879 1149 3125 1204 obsidere
3148 1147 3461 1202 conabatur.

1890 1235 1983 1288 Ilis
2004 1236 2196 1291 auditis
2224 1239 2511 1293 Mauricius
2552 1241 2675 1309 quid
2712 1242 2847 1295 foret
2871 1242 3132 1312 agendum
3164 1239 3463 1295 haesitabat.

1891 1325 2022 1379 Tum
2051 1329 2252 1397 Optimo
2296 1330 2426 1385 inito
2474 1334 2693 1387 consilio
2724 1343 2959 1388 armatur
2983 1341 3169 1387 contra
3198 1332 3461 1386 infinitum

1892 1434 2168 1473 numerum
2213 1420 2584 1488 barbarorum,
2634 1433 2688 1477 et
2735 1423 2824 1477 uni
2866 1423 3232 1478 excubitorum
3260 1420 3465 1488 magnis

1891 1509 2070 1579 donis,
2112 1520 2273 1579 atque
2300 1513 2741 1581 promissionibus
2771 1514 3073 1582 persuadet,
3110 1522 3168 1566 ut
3194 1520 3382 1580 sponte
3410 1512 3464 1567 in

1889 1602 2147 1656 barbaros
2176 1603 2363 1670 irruat,
2390 1605 2545 1675 eique
2576 1606 2665 1659 dat
2697 1608 2899 1661 litteras
2925 1609 2990 1660 ad
3024 1606 3258 1660 Priscum
3287 1605 3463 1660 conti-

1889 1701 2077 1747 nentes
2127 1693 2240 1748 btec
2270 1712 2283 1747 :
2317 1694 2718 1750 Gloriosissimo
2756 1696 2972 1766 praetori
3003 1696 3205 1769 Prisco.
3236 1694 3460 1771 prium

204 1796 394 1852 equus,
432 1782 521 1850 qui
553 1797 719 1837 aureo
758 1792 875 1837 crat
913 1784 1272 1838 circumdatus
1313 1791 1523 1849 ornatu,
1565 1789 1783 1851 repente
1813 1853 1847 1856 _
1888 1783 2236 1838 barbarorum
2284 1795 2534 1840 conatum
2578 1803 2647 1843 ne
2688 1788 2964 1853 formides,
3016 1788 3079 1841 ad
3109 1785 3463 1856 perditionem

202 1874 402 1926 scissus
427 1880 510 1925 est
538 1872 757 1926 cadens.
804 1875 873 1924 At
913 1872 1206 1940 imperator
1235 1872 1318 1924 his
1347 1869 1595 1924 omnibus
1620 1884 1786 1939 augu-
1812 1853 1863 1913 Β
1887 1876 2028 1931 enim
2059 1892 2244 1932 eorum
2287 1879 2482 1932 factum
2527 1891 2610 1934 εει
2658 1880 2781 1934 hoc,
2823 1879 2970 1934 δοίιο
2996 1853 3159 1945 eum},
3189 1877 3311 1947 quia
3342 1891 3462 1931 cum

204 1964 371 2019 riatus
418 1964 585 2019 trietis
615 1973 751 2019 erat.
783 1964 1001 2018 Postera
1032 1979 1164 2017 vero
1194 1963 1280 2017 die
1309 1963 1406 2016 viri
1458 1972 1588 2027 tres,
1632 1963 1783 2016 Scla-

202 2056 309 2109 vini
341 2071 563 2125 genere,
604 2054 679 2111 nil
712 2054 911 2124 aliquid
957 2055 1188 2109 ferreum
1235 2053 1554 2123 bajulantes,
1603 2069 1632 2107 a
1680 2051 1785 2107 Ro-

206 2149 378 2204 manis
408 2149 615 2204 detenti
659 2159 802 2215 sunt,
851 2149 1087 2203 citharas
1128 2156 1332 2202 tantum
1379 2147 1631 2202 ferentes.
1678 2145 1783 2200 lm-

203 2251 421 2311 perator
444 2252 622 2296 autem
656 2241 1042 2311 interrogabat,
1074 2249 1182 2293 tam
1210 2239 1351 2293 unde
1378 2248 1581 2305 essent,
1624 2254 1781 2308 quam

198 2333 416 2388 ubinam
441 2333 697 2387 habitatio
721 2344 908 2387 eorum
934 2332 1278 2387 consisteret.
1308 2331 1408 2398 Qui
1439 2345 1635 2401 genere
1666 2330 1782 2399 qui-

197 2426 316 2480 dem
346 2426 498 2480 aiunt
527 2440 587 2480 se
617 2440 737 2480 esse
777 2424 1083 2491 Sclavinos,
1116 2425 1259 2477 circa
1288 2422 1449 2478 linem
1482 2437 1611 2476 vero
1638 2423 1785 2477 occi-

196 2522 428 2577 dentalis
478 2520 727 2576 habitare
780 2520 1003 2574 Oceani.
1054 2515 1350 2587 Cltajanum
1401 2526 1580 2571 autem
1621 2515 1685 2569 ad
1724 2530 1784 2571 se

198 2612 521 2682 legationem
576 2611 819 2676 misisse,
869 2620 920 2663 et
964 2622 1186 2663 munera
1235 2607 1568 2677 principibus
1610 2606 1783 2677 gentis

194 2722 324 2773 suae,
358 2705 654 2759 auxiliandi
686 2704 790 2758 sibi
817 2712 1003 2758 contra
1041 2702 1318 2756 Romanos
1342 2698 1531 2771 gratia.
1562 2698 1782 2752 Taxiar—

194 2801 319 2853 chas
360 2807 540 2852 autem
584 2811 712 2850 suos
756 2809 814 2851 se
859 2794 1119 2849 direxisse
1162 2792 1427 2847 rationem
1478 2790 1781 2844 reddituros

192 2890 457 2959 Cbajano,
479 2891 601 2959 quia
636 2903 741 2942 non
794 2897 1019 2957 possunt
1051 2896 1269 2955 propter
1311 2884 1517 2939 itineris
1544 2881 1779 2949 longitu-

189 2984 369 3038 dinem
395 2982 608 3036 mittere
639 2981 716 3034 illi
743 2979 959 3034 auxilia.
993 2979 1185 3033 Decem
1216 2976 1357 3031 enim
1388 2983 1443 3030 et
1467 2983 1591 3029 octo
1621 2988 1777 3028 men-

186 3090 274 3133 ses
300 3074 619 3128 asserebant
644 3073 698 3126 in
728 3072 919 3126 itinere
958 3086 1018 3125 se
1048 3070 1263 3136 fecisse,
1298 3075 1353 3122 et
1388 3069 1458 3122 ita
1505 3066 1777 3121 Romanos

188 3168 408 3223 adiisse.
468 3167 635 3222 Porro
685 3166 923 3220 citharas
962 3180 1021 3219 se
1071 3164 1229 3228 ferre,
1284 3173 1534 3231 tanquam
1567 3175 1671 3214 non
1700 3160 1776 3214 vi-

192 3261 376 3315 dentes
414 3274 735 3328 quemquam
768 3273 985 3313 suorum
1027 3256 1196 3310 armis
1246 3255 1509 3318 indutum,
1552 3255 1772 3324 regione

184 3366 277 3408 sua
303 3351 435 3421 quid
466 3351 538 3405 sit
562 3351 763 3404 ferrum
794 3349 1097 3417 ignorante.
1128 3345 1429 3415 Imperator
1457 3353 1633 3399 autem
1659 3353 1767 3398 tam

181 3453 398 3500 atatem
441 3443 731 3503 admirans,
766 3456 923 3511 quam
958 3438 1128 3493 moles
1156 3439 1402 3509 corporis
1433 3451 1618 3491 eorum
1652 3435 1770 3489 lau-

180 3534 342 3600 dans,
378 3535 477 3589 hos
508 3534 653 3588 misit
695 3532 1018 3588 Heracliam.
1054 3528 1187 3585 Cum
1231 3538 1406 3584 autem
1440 3530 1677 3582 venisset
1706 3527 1771 3581 ad

180 3623 533 3688 maritimam,
565 3630 620 3676 et
649 3620 949 3684 didicisset,
977 3619 1118 3687 quod
1153 3617 1310 3686 legati
1353 3615 1658 3680 Persarum,
1693 3621 1772 3667 at-

178 3730 286 3783 que
318 3714 656 3768 Francorum
678 3714 972 3779 venissent,
996 3712 1061 3764 ad
1089 3710 1287 3778 regalia
1311 3708 1585 3763 remeavit.
1614 3707 1772 3761 Anno

180 3807 398 3863 decimo
456 3806 665 3874 imperii
711 3802 948 3858 Mauricii
998 3804 1266 3871 Chajanus
1315 3799 1589 3871 quaerebat
1639 3813 1774 3868 aug-

177 3909 369 3953 menta
394 3906 670 3965 pactorum
712 3896 976 3964 accipere.
1014 3894 1310 3964 Imperator
1331 3909 1461 3948 vero
1491 3905 1773 3946 sermones

177 3990 405 4044 barbari
453 4005 557 4042 non
607 3988 918 4057 recipiebat,
962 3996 1017 4041 et
1047 3987 1247 4040 idcirco
1273 3984 1544 4054 Chajanus
1576 3983 1771 4037 iterum

176 4081 390 4137 bellum
437 4079 566 4148 agit,
591 4090 643 4133 et
693 4078 936 4133 devastat
984 4077 1311 4147 Sigidonem,
1364 4086 1420 4131 et
1449 4086 1635 4131 contra
1659 4076 1775 4132 Sir-

176 4173 350 4227 mium
383 4181 557 4226 castra
589 4181 785 4226 movet.
823 4171 1120 4239 Imperator
1147 4181 1321 4224 autem
1358 4179 1639 4239 praetorem
1673 4170 1775 4224 Eu-

176 4282 336 4334 ropa}
386 4265 624 4319 Priscum
676 4265 753 4318 ire
788 4260 962 4334 jubet.
1001 4264 1072 4318 At
1111 4278 1238 4317 vero
1265 4263 1479 4317 Priscus
1504 4262 1531 4301 ι’
1564 4262 1773 4333 Sylvia-

179 4372 315 4411 num
352 4360 738 4425 subpraetorem
770 4355 967 4409 factum
1001 4368 1334 4424 praecurrere
1355 4354 1536 4423 jussit,
1565 4363 1621 4408 et
1645 4368 1775 4407 con-

174 4459 261 4503 tra
312 4449 576 4502 barbaros
618 4448 971 4516 procedentes
1004 4446 1199 4500 bellum
1231 4445 1438 4511 ineunt,
1470 4456 1525 4500 et
1556 4446 1773 4500 vincunt

1800 3209 1854 3279 (Ξ

1886 1970 2051 2022 multa
2078 1968 2399 2025 confusione
2449 1979 2751 2026 revertetur
2795 1969 3063 2040 Chajanus
3105 1970 3160 2024 in
3190 1968 3464 2038 regionem

1890 2070 2079 2123 suam,’
2092 2074 2210 2129 qua:
2239 2060 2338 2116 sibi
2371 2075 2400 2114 a
2425 2060 2579 2115 Rom.
2613 2070 2865 2132 deputata
2894 2069 2997 2117 est.
3029 2061 3316 2129 Propterea
3342 2073 3463 2128 per-

1886 2158 2097 2205 severet
2146 2151 2313 2219 gloria
2355 2162 2443 2206 tua
2485 2168 2651 2221 penes
2691 2153 2943 2207 Zurulum
2974 2151 3356 2223 circumvagari
3382 2149 3464 2204 fa-

1884 2242 2032 2297 ciens
2061 2241 2202 2296 illes.
2230 2242 2499 2309 Mittemus
2526 2245 2668 2299 enim
2697 2259 2795 2315 per
2819 2259 2967 2299 mare
2994 2260 3181 2308 naves,
3216 2253 3271 2298 et
3294 2243 3464 2311 capti-

1885 2333 2128 2390 vabimus
2157 2335 2384 2390 familias
2422 2350 2630 2402 eorum,
2670 2349 2725 2391 et
2750 2347 2971 2407 cogetur
2996 2336 3062 2390 ad
3091 2335 3299 2406 propria
3329 2349 3463 2391 cou-

1884 2423 2092 2479 fusione
2164 2426 2392 2480 refertus
2448 2436 2608 2496 atque
2652 2425 2858 2495 jactura
2906 2439 3169 2481 remeare.
3216 2425 3285 2479 At
3331 2436 3463 2478 vero

1882 2514 2154 2584 Cbajanus
2181 2515 2374 2571 litteris
2397 2517 2823 2588 comprehensis,
2855 2532 2918 2571 ac
2949 2517 3124 2582 lectis,
3156 2528 3357 2586 pavens
3380 2513 3463 2569 ef-

1886 2611 2085 2676 ficitur,
2115 2622 2168 2666 et
2193 2613 2571 2679 sponsionibus
2601 2612 2836 2681 pacificis
2866 2612 2930 2665 ad
2960 2609 3204 2665 Priscum
3235 2608 3463 2678 disposi-

1886 2705 1954 2760 tis
1979 2704 2030 2758 in
2057 2707 2368 2760 muneribus
2399 2705 2604 2772 paucis,
2640 2715 2799 2774 atque
2828 2703 3058 2773 indignis
3086 2704 3139 2756 in
3172 2716 3321 2755 suam
3354 2709 3464 2755 ter-

1883 2811 1997 2850 ram
2021 2812 2141 2850 cum
2173 2796 2288 2863 fuga
2324 2796 2524 2862 potenti
2558 2810 2836 2864 regressus
2868 2805 2969 2848 est.
3001 2792 3294 2849 Undecimo
3322 2805 3465 2845 anno

1886 2888 2090 2955 imperii
2133 2887 2393 2951 Mauricii,
2444 2887 2586 2941 idem
2618 2888 2909 2955 imperator
2940 2885 3176 2939 Priscum
3200 2898 3320 2938 cum
3345 2897 3462 2937 om-

1883 2978 2040 3034 nibus
2062 2978 2369 3034 Romanicis
2396 2979 2755 3048 potentatibus
2786 2979 2851 3031 ad
2882 2978 3075 3031 Istrum
3104 2975 3325 3030 fluvium
3356 2973 3459 3027 mi-

1884 3071 1974 3139 sit,
2023 3081 2082 3126 ut
2128 3073 2500 3151 Sclavinorum
2550 3073 2796 3127 nationes
2853 3069 3081 3125 transire
3131 3068 3461 3138 prohiberet.

1886 3166 2003 3231 Quo
2030 3166 2169 3234 apud
2201 3166 2516 3221 Dorostoton
2544 3167 2724 3219 habito
2751 3164 3021 3232 Cltajanus
3051 3160 3332 3230 comperit.
3358 3158 3461 3225 Qui

1882 3257 2068 3328 legatis
2085 3258 2148 3311 ad
2170 3273 2290 3312 eum
2309 3258 2553 3322 directis,
2567 3258 2886 3313 calumniam
2904 3255 3190 3321 inferebat,
3208 3252 3461 3309 Romanis

1878 3349 2153 3405 exordium
2204 3349 2454 3404 dantibus
2498 3351 2648 3405 belli.
2697 3350 2911 3403 Priscus
2946 3357 3122 3402 autem
3149 3345 3459 3413 excusabat,

1879 3438 2024 3507 quod
2066 3454 2169 3493 non
2213 3439 2417 3492 venerit
2455 3438 2713 3493 adversus
2758 3438 3015 3493 barbaros
3067 3436 3459 3505 belligeratum,

1879 3529 1973 3585 sed
2003 3530 2141 3599 quod
2178 3529 2243 3583 ad
2278 3530 2648 3585 Sclavinorum
2679 3531 2925 3583 nationes
2952 3542 2981 3582 a
3013 3527 3258 3598 principe
3303 3526 3465 3581 fuerit

1880 3620 2199 3675 destinatus.
2233 3621 2467 3676 Audiens
2487 3628 2666 3675 autem
2700 3620 2937 3687 Priscus,
2963 3620 3104 3685 quod
3127 3617 3455 3686 Ardagastus

1881 3711 2247 3767 multitudines
2272 3712 2636 3767 Sclavinorum
2666 3711 2731 3765 ad
2752 3711 3092 3778 praedandum
3122 3706 3456 3777 disperserit,

1880 3807 2141 3860 transiens
2168 3807 2354 3859 Istrum
2381 3804 2552 3859 media
2577 3813 2732 3859 nocte
2754 3805 3025 3870 inopinate
3047 3800 3073 3839 ἀ
3106 3802 3459 3870 Ardagastum

1876 3896 2097 3950 adortus
2128 3907 2228 3951 est.
2276 3898 2345 3951 At
2374 3910 2504 3950 vero
2543 3896 2870 3965 Ardagastus
2924 3892 3233 3947 discrimine
3276 3906 3461 3957 sensu,

1881 3997 1905 4025 ο
1936 3988 2171 4043 nondum
2220 4002 2442 4042 ascenso
2485 4002 2624 4055 equo
2654 3986 2742 4040 vix
2774 3986 2950 4040 salvus
2986 3983 3175 4038 evasit.
3228 3981 3458 4037 Romani
3540 4036 3545 4043 ,

1877 4080 2303 4134 multitudinibus
2326 4078 2696 4135 Sclavinorum
2727 4078 2938 4140 occisis,
2966 4083 3020 4130 et
3059 4072 3339 4142 Ardagasti
3367 4086 3457 4127 re-

1875 4172 2033 4240 gione
2060 4184 2269 4233 eversa,
2299 4170 2533 4237 praedam
2575 4169 2848 4237 cepiosam
2888 4174 3096 4236 captam
3147 4163 3459 4236 Byzantium

1877 4279 1971 4334 per
1983 4266 2319 4319 'I‘atemerem
2351 4264 2682 4319 direxerunt.
2700 4263 2866 4317 Porro
2895 4276 3016 4317 cum
3036 4259 3055 4298 τ
3083 4260 3333 4314 'I‘atemer
3359 4273 3457 4313 ex-

1879 4356 2085 4424 peditus
2110 4356 2210 4410 iter
2236 4356 2457 4422 faciens,
2489 4355 2757 4419 ebrietati,
2786 4363 2943 4422 atque
2971 4351 3173 4405 deliciis
3201 4364 3320 4404 sese
3348 4357 3463 4403 tra-

1876 4447 2045 4509 deret,
2078 4445 2445 4501 Sclavinorum
2469 4447 2521 4500 in
2548 4460 2669 4500 eum
2697 4446 2903 4498 irruunt
2932 4440 3325 4497 multitudines.
3356 4437 3460 4505 Qui

173 4540 436 4595 Romani.
463 4538 579 4606 Quo
606 4540 787 4592 audito
811 4538 1099 4607 Cbajanus,
1127 4537 1487 4605 potentatibus
1513 4538 1766 4605 sumptis,
1794 4577 1850 4637 Β
1879 4539 2162 4594 formidine
2214 4554 2429 4608 pressus
2483 4536 2730 4607 fugiendo
2784 4535 3094 4604 Byzantium
3149 4532 3313 4587 venit.
3362 4529 3461 4585 Ast

171 4634 509 4704 properabat
545 4632 612 4687 ad
649 4631 870 4685 bellum.
904 4634 972 4685 At
1000 4645 1127 4685 vero
1156 4628 1442 4700 Sylvianus
1469 4629 1599 4683 visis
1629 4628 1770 4683 mul-

169 4725 524 4792 titudinibus,
558 4723 883 4792 stupefactus
914 4722 981 4777 ad
1020 4722 1255 4801 Priscum
1282 4737 1340 4777 se
1365 4723 1606 4789 contulit.
1638 4722 1775 4775 Cha-

166 4835 338 4890 lanus
384 4828 561 4874 autem
609 4818 945 4886 comperiens
977 4815 1338 4870 Romanorum
1389 4830 1662 4871 recessum
1706 4816 1773 4870 ad

164 4914 454 4969 maritima
484 4927 544 4967 se
572 4911 819 4977 contulit,
852 4911 1109 4977 deinceps
1136 4910 1202 4963 ad
1237 4909 1493 4965 Sanctum
1543 4910 1775 4966 Alexan-

163 5008 365 5074 drum,
397 5015 450 5059 et
478 5005 618 5060 hunc
641 5006 819 5059 omnia
842 5003 1122 5057 tIevoranti
1158 5001 1374 5056 tradidit
1401 5001 1529 5073 igni.
1573 5002 1774 5058 Trans-

164 5100 307 5156 iens
327 5107 510 5153 autem
535 5098 587 5151 in
621 5107 644 5135 ο
672 5097 933 5165 Diripera,
961 5105 1187 5151 conatur
1218 5096 1579 5150 exterminare
1600 5110 1771 5165 remp.

162 5191 544 5248 devastatoria
574 5197 826 5260 operatus
861 5189 1235 5243 instrumenta.
1271 5187 1335 5242 Hi
1363 5202 1490 5241 vero
1517 5186 1604 5257 qui
1637 5187 1774 5240 Diri-

162 5298 334 5355 ρει-ξε
383 5282 649 5347 habitant,
685 5282 884 5337 diutius
912 5297 942 5336 e
971 5281 1185 5336 diverso
1229 5281 1398 5335 aciem
1440 5280 1773 5335 direxerunt.

166 5377 322 5431 Nam
355 5383 411 5430 et
441 5385 620 5444 portas
647 5375 966 5440 ambientes,
1016 5374 1354 5429 minabantur
1396 5374 1650 5428 barbaros
1679 5374 1773 5428 de—

172 5467 418 5531 bellare,
446 5481 567 5522 cum
598 5475 781 5522 essent
820 5467 872 5521 in
903 5466 1109 5538 ingenti
1135 5465 1440 5522 formidine.
1473 5466 1623 5522 Tunc
1646 5479 1776 5536 ergo

256 5636 286 5709 ξ
320 5624 558 5709 Legem.
582 5626 713 5709 ictus
733 5641 752 5689 ,'
773 5628 1004 5709 τρωθεὶς.

257 5698 290 5738 ¹’
317 5698 591 5773 Semina?
613 5698 1024 5773 cineremve”.

260 5776 288 5850 ξ
467 5767 905 5850 ρὶιςίιὶριναξΜφ
925 5767 1180 5835 Ὡνωειιε,
1204 5776 1513 5850 Δριζήπιρα.

257 5842 291 5883 δ
314 5841 432 5906 AL,
455 5838 742 5907 Ardagasto
771 5842 1070 5909 conjuncta:
1093 5852 1187 5897 est.

1883 4638 2131 4701 Romani,
2163 4638 2401 4706 quicum
2445 4636 2563 4705 ipso
2606 4633 2771 4688 fuisse
2813 4632 3148 4694 videbantur,
3195 4625 3458 4683 Sclavinis

1880 4729 2034 4783 valde
2088 4727 2281 4783 infensi
2331 4727 2578 4782 obtinent
2633 4724 3021 4795 gloriosissime
3073 4720 3352 4784 barbaros,
3407 4726 3462 4772 et

1878 4821 2239 4893 captivitatem
2310 4821 2510 4874 salvam
2567 4816 2879 4888 imperatori
2934 4820 3263 4883 praesentant
3305 4827 3319 4863 :
3365 4807 3461 4878 qui

1881 4919 2089 4973 laetatus
2118 4915 2389 4987 gratilicos
2420 4913 2529 4967 Deo
2558 4912 2809 4980 hymnos,
2838 4922 2944 4961 una
2971 4920 3095 4960 cum
3124 4912 3234 4957 tota
3263 4897 3458 4954 obtulit

1881 5008 2029 5064 urbe.
2084 5007 2300 5066 Priscus
2349 5019 2502 5068 vero,
2549 5001 2739 5056 fiducia
2798 4998 3005 5062 fretus,
3056 4993 3123 5047 ad
3176 4988 3461 5044 interiores

1881 5099 2247 5156 St-lavinorum
2276 5102 2469 5165 ’partes
2499 5092 2744 5147 accessit.
2772 5098 2797 5136 ε
2824 5088 2987 5156 Gipes
3029 5097 3157 5137 vero
3189 5080 3272 5134 vir
3298 5075 3458 5132 Chri-

1879 5194 2068 5248 stianae
2113 5190 2410 5260 religionis,
2460 5186 2821 5253 transfugiens
2861 5180 2927 5235 ad
2972 5179 3263 5238 Romanos,
3290 5168 3459 5260 etin-

1879 5300 2119 5357 gressum
2150 5283 2407 5338 Romanis
2445 5279 2698 5343 ostendit,
2734 5284 2787 5330 et
2827 5271 3083 5327 barbaros
3120 5259 3456 5357 tenuitalta-

1883 5354 1987 5452 que
2012 5378 2231 5448 Gipedis
2257 5376 2555 5446 proditione
2584 5368 2926 5424 transfretato
2964 5359 3207 5425 ﬂumine,
3237 5354 3456 5410 Priscus

1881 5471 2053 5528 media
2086 5478 2239 5524 nocte
2269 5466 2466 5535 reperit
2494 5461 2522 5501 ιι
2562 5460 2849 5516 Musacium
2885 5455 3233 5511 barbarorum
3274 5458 3455 5518 regem

1953 5638 1977 5667 °
2008 5629 2164 5697 Leg.,
2192 5627 2328 5679 nudo
2354 5638 2376 5678 :
2395 5624 2559 5678 ἵππου
2588 5640 2642 5676 τι
2664 5622 2859 5694 γυμνοῦ
2889 5613 3094 5673 ἐπιϐάς.

1956 5701 1977 5738 ί
2009 5700 2226 5773 Τατίμερ
2252 5697 2486 5755 ἐκλύει-ως.

1954 5781 1979 5819 5
2008 5778 2221 5833 Γήπαις.

1952 5841 1979 5879 h
2011 5831 2341 5915 Mvouaouytov
2366 5841 2450 5892 τὸν
2484 5840 2609 5909 ὁὴγα
2636 5842 2733 5889 τῶν
2760 5831 3054 5907 βαρϐάρων.
