3918 6344
203 372 341 433 1013

1228 362 1546 424 HISTORIA
1586 360 1945 421 MISCELLA.
1985 393 2053 407 -—
2092 364 2225 421 LIB.
2266 364 2434 424 XVII.

3322 356 3463 415 1014

200 496 369 547 curat.
410 488 604 567 Sicque
633 462 839 540 barbari
880 472 1087 540 amissis
1116 464 1296 557 spoliis
1325 482 1483 550 dupla
1516 493 1659 563 sorte
1691 497 1775 536 re-
1804 468 1860 540 Ᾱ
1882 487 2117 545 soerent,
2148 480 2369 537 audiens
2394 479 2681 550 Cbajanus,
2711 478 2894 559 Prisco
2920 478 3247 551 signiﬁcabat
3276 487 3331 532 ut
3361 476 3462 534 sibi

198 580 390 653 eéptis,
433 578 551 657 paci
589 574 897 649 consulunt.
938 570 1233 647 Petrusque
1272 582 1459 628 contra
1495 573 1784 627 exarohum

198 666 556 749 Ardagastum
589 670 867 751 properat,
903 678 956 723 et
984 666 1191 723 barbari
1225 664 1366 720 circa
1406 665 1574 734 ripam
1608 662 1784 718 [lumi-

198 760 280 840 nis
327 748 453 821 huic
500 760 641 816 obvii
689 748 813 815 facti
864 748 1216 847 prohibebant
1260 757 1508 811 transire.
1558 753 1785 810 Romani

198 846 331 913 vero
360 870 388 908 a
422 852 570 908 fretis
609 845 946 927 sagittantcs,
982 851 1080 905 hos
1116 858 1358 916 vertunt,
1389 846 1585 919 quibus
1623 847 1675 902 in
1706 845 1786 901 fu—

194 948 315 1027 gam
345 942 644 1012 conversis,
676 930 971 1027 percutitur
1000 942 1143 997 illico
1172 940 1516 1009 Ardagastus,
1546 947 1600 995 et
1627 938 1788 993 mori-

196 1026 303 1107 tur.
328 1026 697 1105 Transeuntes
722 1046 902 1103 autem
930 1031 1155 1088 Romani
1186 1033 1416 1105 praedam
1449 1030 1670 1100 multant
1700 1042 1788 1084 ce-

202 1118 423 1196 perunt,
479 1128 534 1181 et
586 1124 654 1181 ad
715 1126 926 1196 prOpria
983 1124 1329 1191 remeabant,
1384 1118 1791 1187 errantibusqne

230 1145 423 1193 erunt,
479 1145 534 1181 et
586 1145 654 1181 att
715 1145 926 1196 propria
983 1145 1329 1191 relueauum,
1384 1145 1788 1187 errantibusun

191 1145 530 1287 Suetotfibus,
561 1227 615 1272 et
644 1217 696 1272 in
735 1216 987 1301 inaquosa
1020 1204 1373 1270 incidentile
1402 1214 1542 1279 loca,
1575 1211 1788 1299 pericli-

193 1308 411 1367 tabatur
440 1298 729 1379 exercitus.”
762 1298 931 1365 Porro
956 1325 1074 1364 cum
1104 1306 1206 1362 iter
1234 1315 1472 1375 agerent,
1505 1298 1663 1359 noetu
1695 1317 1789 1369 ve-

191 1404 350 1460 niunt
390 1405 456 1458 ad
484 1420 695 1460 amnem
735 1400 997 1459 Helieium
1031 1400 1256 1456 dictum.
1301 1398 1433 1455 Cum
1476 1402 1604 1454 vero’
1647 1408 1794 1453 trans

194 1494 399 1552 ﬂumen
431 1506 611 1552 essent
637 1496 847 1573 barbari
886 1496 1016 1565 ripis
1046 1494 1375 1559 absconditi,
1412 1508 1506 1549 eos
1545 1491 1633 1573 qui
1666 1490 1795 1543 hau-

197 1586 416 1643 riebant
447 1580 668 1656 aquam,
696 1568 1085 1659 iaculabantur.
1121 1584 1282 1656 Igitdr
1324 1599 1509 1653 magna
1553 1568 1793 1649 molestia

189 1676 454 1745 Romanis
479 1677 665 1735 et'l‘ecta
689 1680 911 1743 militiis,
935 1680 985 1733 in
1009 1675 1182 1748 fugam
1208 1687 1482 1735 vertuntur
1502 1694 1530 1732 a
1554 1674 1796 1730 barbaris

189 1758 475 1827 debellati.
496 1769 685 1825 Verum
706 1756 984 1825 Mauricius
1007 1771 1087 1824 his
1104 1770 1318 1849 auditis,
1334 1769 1548 1823 Petrum
1568 1768 1796 1857 praetura

189 1865 457 1936 privavit,
485 1873 539 1920 et
571 1860 809 1935 Priscum
831 1871 1109 1933 praztorem
1130 1861 1376 1916 Thraciae
1404 1861 1577 1916 denuo
1626 1859 1789 1914 misit.

266 1956 427 2013 Anno
454 1956 663 2017 decimo
691 1942 847 2011 sexto.
874 1950 1081 2023 imperii
1113 1954 1375 2039 Mauricii,
1409 1952 1619 2007 Priscus
1652 1966 1789 2039 pra:-

191 2060 283 2109 lor
309 2066 561 2123 egressus
604 2052 656 2106 in
688 2048 952 2117 Thracem
972 2090 990 2117 ,
1025 2051 1245 2105 virtutes
1276 2047 1611 2117 enumeravit
1638 2060 1794 2099 exer-

186 2155 362 2213 ertus,
406 2154 461 2201 et
508 2145 709 2199 invenit
747 2142 889 2214 quod
927 2157 993 2198 ex
1038 2143 1117 2197 eis
1159 2140 1441 2194 multitudo
1482 2136 1638 2192 fuerit
1667 2140 1793 2191 con-

188 2246 433 2309 sumpta.
483 2234 573 2291 His
597 2236 773 2291 autem
804 2236 1050 2305 sumptis,
1075 2235 1223 2289 venit
1249 2232 1314 2287 ad
1347 2231 1539 2286 Istrum
1572 2232 1791 2297 ﬂumen,

187 2342 250 2388 et
278 2328 479 2386 Novas.
504 2330 627 2409 Quo.
641 2330 855 2398 cognito
877 2314 1145 2398 Chajanus
1168 2320 1319 2395 misit
1332 2327 1553 2397 legatos,
1578 2339 1794 2381 causam

190 2420 370 2494 ipsius
400 2412 703 2477 sciscitatus
734 2412 1013 2474 adventus.
1048 2417 1260 2473 Priscus
1287 2430 1463 2471 autem
1496 2417 1794 2471 venationis

188 2528 359 2571 causa
405 2526 466 2569 se
505 2512 713 2568 venisse
763 2511 1042 2567 fatebatur.
1088 2500 1184 2564 Ast
1219 2496 1489 2579 Cliajauus
1525 2528 1535 2560 :
1570 2508 1683 2563 Non
1714 2515 1797 2561 est

186 2606 428 2678 iustum,
463 2596 665 2673 inquit,
704 2604 755 2659 in
781 2602 961 2658 alieno
988 2603 1106 2657 loco
1135 2602 1337 2675 venari.
1372 2601 1411 2673 Ε
1439 2609 1620 2654 contra
1654 2599 1795 2653 Pris-

187 2714 294 2756 cus
321 2698 479 2752 suum‘
511 2697 722 2751 dicebat
753 2697 926 2750 locum
946 2737 959 2761 ,
987 2707 1040 2750 et
1070 2694 1117 2750 ei
1150 2690 1325 2763 fugam
1358 2710 1420 2747 ex
1452 2694 1667 2747 Oriente
1698 2694 1794 2745 iat-

189 2789 529 2862 properabat
566 2786 763 2859 egisse.
811 2788 1073 2842 Barbarus
1115 2796 1291 2840 autem
1339 2780 1602 2853 Sigidonis
1645 2796 1796 2835 muro

187 2874 502 2947 destructo,
535 2880 602 2935 ad
648 2878 1013 2959 Romanorum
1050 2884 1217 2931 terras
1251 2876 1517 2959 prolectus
1548 2885 1647 2929 est.
1681 2868 1797 2959 Quo

188 2973 421 3043 COgnito
451 2972 665 3028 Priscus
689 2972 837 3027 venit
862 2952 927 3024 ad
958 2970 1180 3025 insulam
1207 2948 1349 3036 lsiri,
1372 2978 1427 3025 et
1452 2948 1797 3023 dromonibus

189 3063 433 3135 Sumptis
471 3064 537 3120 ad
565 3065 861 3135 Cbajanum
902 3063 1039 3131 apud
1072 3058 1493 3117 Constantiolam
1524 3062 1669 3116 venit
1708 3054 1799 3113 vo-

192 3157 322 3214 lens
367 3158 510 3229 loqui
555 3172 675 3212 cum
712 3172 798 3212 eo.
844 3155 1085 3225 Cumque
1115 3153 1385 3229 Chajanus
1416 3155 1479 3208 ad
1523 3168 1669 3207 oram
1702 3146 1797 3205 nu-

198 3250 367 3308 minis
397 3250 667 3315 venisset,
711 3250 922 3305 Priscus
952 3266 1072 3302 eum
1116 3226 1282 3335 tristis
1318 3247 1622 3335 alloquitur.
1661 3244 1799 3301 Cha-

193 3345 365 3416 janus
413 3344 590 3411 autem
640 3328 774 3398 dixit
819 3340 883 3397 ad
930 3357 1094 3398 eum:
1139 3322 1273 3408 Quid
1327 3339 1417 3393 tibi
1439 3322 1463 3404 ,ι
1491 3334 1690 3401 Prisce,
1740 3352 1802 3415 ac

194 3446 370 3495 terra:
421 3437 595 3493 meae?
643 3438 719 3491 An
772 3438 907 3491 hanc
953 3440 1034 3491 vis
1081 3436 1325 3503 accipere
1371 3428 1396 3469 εί
1442 3431 1510 3487 de
1557 3431 1801 3485 manibus

192 3531 382 3587 meis?
421 3528 627 3597 ludicet
658 3530 797 3585 Deus
839 3530 974 3583 inter
1016 3542 1101 3582 me
1142 3537 1196 3583 et
1238 3518 1544 3580 Mauricium
1577 3523 1802 3592 impera-

196 3624 410 3687 torem,
439 3634 493 3679 et
524 3622 760 3693 requirat
786 3610 1097 3694 sangitinem
1126 3620 1395 3695 exercitus.
1415 3615 1799 3689 Romanorum,

195 3725 262 3787 et
296 3712 573 3769 eiercittts
600 3700 700 3766 mei
732 3714 799 3767 de
834 3712 1076 3767 manibus
1101 3710 1237 3779 ejus.
1271 3706 1308 3777 Ε
1339 3719 1523 3783 contra
1549 3708 1798 3763 Priscus:

197 3808 553 3876 SigidOnem,
605 3808 793 3877 inquit,
847 3800 1112 3858 civitatem
1166 3796 1329 3877 redde
1382 3802 1651 3875 llomanis.
1704 3798 1803 3866 Qui

192 3904 287 3958 ait
315 3921 326 3954 ;
362 3901 525 3956 Unam
556 3899 822 3955 civitatem
857 3914 885 3965 a
916 3896 1067 3951 nobis
1097 3898 1309 3951 conaris
1338 3894 1618 3965 accipere?
1650 3880 1805 3946 Vide-

191 3992 299 4051 bis
348 4002 465 4061 post
510 3990 776 4073 paululum
823 3988 1198 4061 quinquaginta
1244 3964 1487 4043 civitates
1534 3985 1802 4039 Romanas

197 4082 482 4141 Avaribus
514 4082 772 4155 servitute
805 4085 1073 4153 redactas,
1113 4078 1322 4134 Priscus
1350 4087 1526 4131 autem
1561 4091 1653 4147 per
1694 4091 1805 4130 am-

194 4180 349 4235 nem.
393 4174 615 4231 navibus
664 4174 903 4247 Sigidoni
950 4173 1219 4237 exhibitis,
1272 4170 1409 4223 hanc
1456 4166 1806 4237 depopulatus

195 4282 324 4339 est,
356 4283 409 4327 et
436 4286 497 4325 ex
531 4287 590 4326 ea
637 4270 885 4339 Bulgares
917 4267 1133 4341 pepulit.
1185 4265 1421 4339 Septimo
1462 4257 1681 4319 decimo'
1704 4261 1806 4313 im-

194 4348 356 4457 perii
408 4365 639 4437 Mauricii
684 4379 823 4417 anno
864 4361 1195 4435 coacervatis
1226 4354 1504 4412 virtutibus
1539 4354 1810 4457 Ebajanus

195 4440 265 4531 in
320 4444 637 4513 Dalmatiam
691 4465 963 4560 properat,
1003 4464 1055 4508 et
1099 4468 1217 4505 cum
1264 4448 1495 4523 venisset
1538 4440 1808 4525 Balcham,

1828 1816 1877 1894 Β

1889 571 2125 641 plaustra
2157 574 2389 628 mitteret
2416 572 2481 628 ad
2508 566 2833 641 deportanda
2867 573 2971 626 illis
3013 574 3295 637 alimenta,
3328 583 3462 639 qua-

1887 676 2041 724 tenus
2080 685 2199 727 cum
2232 669 2495 726 hilaritate
2536 669 2799 738 prOpriam
2842 669 3187 724 festivitatem
3215 668 3467 723 celebra-

1886 770 2026 817 rent.
2070 762 2428 834 Quadraginta
2469 763 2646 832 itaque
2689 764 2922 832 plaustra
2963 762 3114 826 plena
3160 762 3243 815 his
3283 754 3462 814 mittit.

1889 853 2005 909 Pari
2040 856 2198 910 modo
2227 864 2282 910 et
2326 855 2535 912 Priscus
2562 857 2767 925 species
2811 854 3016 910 Indicas
3044 854 3271 910 barbaro
3302 866 3469 923 quas-

1889 945 2011 1000 dam
2042 945 2281 1011 remisit,
2326 944 2476 1015 piper
2504 934 2781 1011 videlicet,‘
2827 958 2879 1002 et
2906 947 3087 1000 folium
3118 942 3352 999 Indicum
3374 988 3386 1009 ,
3418 952 3473 999 et

1889 1047 2121 1103 costum,
2150 1048 2204 1093 et
2232 1038 2451 1106 casiam,
2477 1050 2635 1110 atque
2659 1041 2762 1093 alia
2790 1054 2856 1095 ex
2888 1038 2966 1092 his
2995 1054 3111 1110 quae
3137 1038 3469 1109 quieruntnr,

1891 1144 2010 1184 cum
2042 1128 2308 1197 Chaianus
2338 1133 2476 1199 apud
2516 1132 2764 1186 Sirmium
2799 1132 3215 1207 TCSIIICI‘OI,'QUI
3245 1129 3475 1193 receptis

1894 1220 1997 1289 his,
2029 1222 2240 1290 gavisus
2271 1232 2356 1278 est
2395 1224 2546 1278 valde
2586 1240 2639 1278 tn
2670 1225 2768 1288 eis,
2812 1232 2869 1279 et
2903 1223 3073 1277 donec
3115 1222 3475 1291 compleretur

1893 1314 2007 1371 dies
2039 1314 2223 1384 festus,
2257 1314 2480 1370 Romani
2514 1331 2576 1369 ac
2631 1316 2841 1371 barbari
2874 1316 3029 1369 simul
3062 1312 3393 1379 habitabant,
3422 1320 3475 1368 et

1893 1423 1998 1465 nmt
2029 1416 2143 1462 erat
2167 1410 2217 1462 in
2250 1412 2492 1476 utrisque
2519 1409 2798 1463 virtutibus
2821 1409 2998 1481 timor.
3027 1409 3262 1477 Cumque
3295 1406 3477 1461 fuisset

1896 1498 2010 1553 dies
2037 1500 2224 1562 l‘estns,
2258 1498 2468 1555 barbari
2499 1502 2728 1569 separati
2767 1508 2890 1554 sunt
2919 1515 2947 1552 a
2982 1494 3254 1563 Romanis,
3296 1504 3349 1553 et
3382 1498 3477 1552 Di-

1897 1589 2177 1657 riziperam
2227 1591 2496 1646 venientes
2546 1586 2815 1647 civitatem
2865 1586 3173 1660 depopulati
3222 1602 3380 1653 sunt,
3429 1602 3476 1645 et

1897 1684 2078 1740 Sancti
2109 1682 2397 1737 Alexandri
2428 1684 2709 1738 ecclesiam
2743 1682 3122 1747 incenderunt,
3150 1683 3478 1750 sepulcrum-

1905 1789 2008 1843 que
2038 1773 2174 1827 illius
2202 1783 2453 1842 argenteo
2482 1784 2621 1829 tecto
2645 1784 2954 1841 coopertum
2998 1773 3247 1841 spoliant.
3292 1773 3398 1827 Sed
3429 1778 3479 1825 et

1906 1866 2115 1933 injuriis
2141 1882 2351 1935 quoque
2377 1866 2623 1936 martyris
2651 1880 2844 1934 corpus
2873 1864 3128 1930 afﬁciunt,
3159 1864 3480 1928 multamque

1895 1958 1949 2015 in
1982 1957 2188 2013 Thrace
2220 1959 2450 2027 praedam
2498 1959 2768 2026 capientes
2812 1956 3166 2024 epulabantur
3206 1956 3480 2024 splendide

1894 2054 2081 2106 eorttra
2110 2050 2380 2105 Romanos
2411 2053 2557 2105 elati.
2586 2051 2826 2118 Cumque
2852 2048 3273 2123 Commentiolus
3305 2051 3479 2103 venis-

1895 2153 1976 2197 set
2009 2140 2317 2213 Byzantium
2338 2184 2353 2209 ,
2388 2144 2617 2198 maxima
2650 2145 2765 2199 urbi
2793 2145 3025 2198 turbatio
3053 2154 3106 2199 et
3141 2152 3304 2199 aestus
3336 2144 3483 2198 incu-

1897 2234 2033 2302 buit,
2063 2236 2132 2289 ita
2166 2240 2223 2288 ut
2251 2234 2442 2291 timore
2467 2235 2692 2300 detenti,
2721 2237 3002 2291 consilium
3034 2247 3285 2303 caperent
3320 2234 3482 2290 Euro-

1892 2340 2017 2396 pain
2059 2325 2364 2394 deserendi,
2411 2332 2466 2382 et
2511 2328 2562 2381 in
2612 2327 2816 2390 Asiam,
2858 2336 2911 2383 et
2940 2316 3348 2383 Chalcedoniam
3391 2328 3484 2382 mi-

1894 2417 2105 2487 grandi.
2148 2418 2287 2493 Quin
2316 2410 2369 2472 et
2403 2420 2693 2486 imperator
2723 2419 3146 2483 excubitoribus,
3175 2420 3485 2487 armatoque

1896 2524 1957 2563 ac
1986 2496 2355 2565 electo'cun’eo
2384 2520 2595 2579 sumpto
2634 2502 2843 2564 murum
2876 2512 3119 2565 munivit.
3156 2509 3351 2579 Vulgus
3390 2502 3487 2563 au-

1896 2610 2006 2657 tem
2039 2602 2221 2656 urbem
2253 2592 2620 2677 Custodiebat,
2655 2614 2705 2656 et
2738 2614 2956 2657 senatus
2985 2592 3357 2679 commonebat
3389 2603 3487 2656 im-

1890 2703 2200 2767 peratorem
2243 2692 2560 2763 legationem
2591 2694 2656 2748 ad
2698 2693 2993 2763 Cbajanu'm
3036 2695 3298 2749 mittendi.
3348 2694 3489 2750 Deu's

1896 2796 2073 2841 autem
2108 2786 2393 2840 vindictam
2426 2786 2688 2857 martyris
2731 2787 2930 2841 faciens
2970 2787 3280 2854 Alexandri,
3325 2788 3489 2863 pesti-

1898 2881 2114 2936 lentiam
2169 2879 2438 2951 languoris
2492 2866 2729 2935 barbaris
2781 2881 2991 2945 intulit,
3042 2893 3095 2935 et
3145 2882 3196 2955 in
3249 2864 3357 2959 uno
3403 2878 3490 2953 die

1898 2982 2103 3040 septem
2155 2964 2289 3025 tilios
2334 2970 2556 3039 Chajani
2605 2986 2698 3043 per
2747 2972 2981 3036 febrem,
3033 2981 3088 3027 et
3137 2966 3487 3047 inguinariam

1900 3069 2205 3147 passionem
2236 3067 2465 3139 occidit,
2499 3083 2600 3122 una
2642 3083 2762 3123 cum
2808 3068 2926 3123 aliis
2954 3054 2982 3102 δ
3013 3068 3252 3137 turpibus
3283 3068 3484 3143 multis,

1901 3156 1976 3215 ita
2005 3168 2061 3214 ut
2092 3168 2213 3229 post
2243 3158 2566 3233 triumphale
2605 3160 2855 3230 gaudium
2899 3176 3019 3233 cum
3060 3160 3405 3235 carminibus,
3435 3169 3488 3235 et

1902 3253 2144 3318 canticis,
2178 3253 2606 3321 lamentationes,
2654 3263 2705 3327 et
2748 3256 3016 3326 Iacrytnm,
3062 3260 3116 3306 et
3157 3255 3333 3306 luctus
3374 3252 3489 3305 sine

1904 3345 2269 3400 consolatione
2318 3346 2613 3419 possideret
2662 3344 2936 3401 barbaros.
2990 3347 3057 3400 At
3104 3359 3228 3419 vero
3275 3353 3492 3397 senatus

1907 3438 2129 3506 rogabat
2154 3439 2421 3493 Caesarem
2456 3439 2771 3513 legationem
2805 3438 2867 3490 ad
2895 3437 3192 3507 Chajauum
3223 3430 3487 3509 mittendi.

1908 3530 2201 3601 Imperator
2248 3534 2426 3605 autem
2481 3530 2832 3585 Armazonem
2889 3530 3031 3607 misit
3082 3530 3145 3585 ad
3196 3528 3490 3603 Chajanum

1907 3638 2027 3676 cum
2060 3624 2372 3701 mulieribus
2412 3624 2590 3677 multis
2633 3622 2948 3713 Dirizipera,
2977 3623 3065 3697 qui
3098 3623 3272 3677 verbis
3314 3618 3492 3693 militi-

1908 3714 2007 3768 bus
2039 3706 2387 3789 bland'ire-tur.
2429 3715 2496 3768 At
2528 3715 2615 3769 ille
2656 3706 2869 3769 nolebat
2912 3717 3047 3769 dona
3087 3714 3379 3793 suscipere,
3414 3710 3492 3787 la-

1909 3818 2091 3883 mento
2131 3788 2454 3861 intolerabili
2500 3808 2727 3883 ﬁliorum
2769 3818 2939 3883 morte
2970 3788 3232 3862 detentus.
3278 3788 3495 3881 Dicebat

1910 3910 2087 3955 autem
2116 3900 2182 3955 ad
2211 3899 2442 3969 legatum
2468 3919 2479 3952 :
2504 3899 2709 3975 Judicet
2740 3896 2874 3973 Deus
2903 3899 3038 3975 inter
3069 3914 3155 3952 me
3180 3906 3234 3967 et
3263 3897 3493 3973 irrupera-

1915 4006 2085 4073 torem
2128 3993 2458 4069 Mauricium.
2504 3992 2613 4081 Ego
2656 4009 2780 4069 vero
2810 3984 3048 4063 captivos
3086 3993 3133 4065 ei
3178 3982 3365 4061 reddo,
3400 4005 3495 4069 per

1914 4100 2070 4139 unam
2104 4086 2334 4138 animam
2366 4094 2389 4122 ο
2421 4074 2581 4155 unum
2624 4088 2886 4151 nomisma
2928 4094 3271 4161 percepturus
3309 4082 3374 4153 ab
3403 4096 3487 4149 eo.

1914 4178 2200 4232 Mauricius
2242 4176 2415 4255 autem
2461 4178 2510 4231 id
2539 4178 2664 4237 dare
2694 4177 2909 4255 minime
2940 4192 3128 4251 passus
3153 4186 3254 4230 est.
3302 4176 3494 4249 lterum

1914 4270 2184 4338 Chajanus
2214 4264 2388 4347 petiit,
2423 4284 2513 4343 per
2544 4270 2775 4345 singulas
2807 4269 3009 4323 animas
3052 4284 3209 4341 unum
3253 4266 3496 4353 accipere

1920 4375 2216 4435 nummum.
2244 4362 2309 4413 At
2338 4359 2627 4435 imperator
2660 4376 2756 4414 nec
2790 4361 2868 4413 sic
2905 4360 3033 4433 dare
3074 4359 3362 4435 consensit.
3389 4357 3495 4412 Sed

1915 4450 1945 4490 ἀ
1970 4468 2068 4507 nec
2093 4454 2142 4506 in
2165 4461 2393 4535 quatuor
2432 4451 2657 4527 siliquis.
2692 4451 2843 4529 Tunc
2866 4452 3150 4527 Chajanus,
3197 4462 3496 4527 commotus

194 4548 569 4625 quadraginta
613 4534 877 4625 civitates,
922 4534 1040 4623 quae
1082 4544 1222 4601 circa
1269 4558 1385 4599 eam
1432 4550 1555 4617 sunt
1599 4544 2119 4620 omnemofurore,
2172 4557 2359 4597 omnes
2405 4543 2617 4610 occidit,
2671 4554 2726 4599 et
2770 4542 2834 4597 ad
2885 4544 3095 4615 propria
3147 4534 3325 4613 rediit,
3378 4559 3496 4623 cum

200 4638 582 4737 depopulatus
624 4652 725 4696 est.
773 4628 974 4727 Quibus
1022 4638 1235 4737 Priscus
1262 4634 1472 4737 agnitis,
1506 4630 1810 4737 Gudqniad

196 4718 649 4813 explorationem
682 4749 857 4803 rerum
889 4722 1109 4805 direxit,
1136 4728 1224 4799 qui
1258 4729 1308 4782 in
1343 4728 1481 4781 valle
1510 4718 1812 4797 occultaba-

198 4818 315 4888 tur
361 4824 575 4923 pusilla,
623 4835 671 4881 et
724 4825 959 4899 diluculo
1004 4822 1056 4877 in
1104 4823 1260 4877 dorsa
1308 4836 1491 4895 eorum
1540 4818 1811 4891 advectus,

203 4911 378 4995 illico
406 4924 626 4993 cunctos
658 4919 923 4995 peremit,
950 4926 999 4971 et
1031 4926 1299 4987 acceptam
1332 4911 1567 4986 przedam.
1592 4911 1814 4965 adduxit

197 4990 290 5074 ad
340 4990 606 5073 Priscum.
655 4990 825 5081 Porro
854 4990 1148 5078 Chajanus,
1195 5007 1480 5077 infortunio
1521 5010 1815 5083 Comperto,

201 5115 274 5164 in
314 5107 585 5179 regionem
615 5104 765 5173 suam
797 5114 1070 5170 regressus
1109 5108 1190 5152 est
1206 5139 1227 5175 ,λ
1261 5109 1313 5171 et
1352 5096 1562 5151 Priscus
1588 5093 1652 5169 ad
1688 5109 1819 5162 pro-

207 5205 369 5293 Prin.
400 5190 559 5269 Anno
584 5196 793 5293 decimo
818 5205 1007 5267 octavo
1045 5186 1253 5263 imperii
1299 5188 1562 5253 Mauricii,
1594 5186 1819 5261 Sumptis

205 5267 557 5365 virtutibus,
588 5267 797 5365 Priscus
837 5288 1147 5361 Sigidonem
1180 5284 1343 5359 venit.
1375 5282 1640 5359 Qhajanus
1669 5294 1818 5346 vero,

202 5362 559 5458 congregato
587 5380 801 5461 proprio
834 5370 1127 5457 potentatu,
1154 5378 1329 5453 subito
1360 5377 1541 5445 Mysia:
1568 5376 1736 5439 adest,
1769 5382 1823 5428 et

204 5482 488 5537 Comeam
532 5466 717 5549 urbem
758 5488 951 5549 capere
994 5472 1196 5549 nititur.
1241 5468 1530 5545 Propterea
1576 5466 1822 5529 Priscus,

206 5586 247 5627 ῖ-
274 5570 498 5645 igidone
531 5546 735 5629 relicta,
764 5546 886 5619 huic
915 5546 1142 5617 efficitur
1166 5562 1461 5631 proximus.
1487 5556 1617 5613 Cum
1646 5565 1825 5611 autem

148 5674 151 5675 '
208 5661 514 5735 PaStrhztlis
547 5656 804 5713 festivitas
833 5656 1139 5722 haberetur,
1170 5663 1224 5709 et
1253 5652 1479 5708 Romani
1508 5650 1647 5705 fame
1672 5649 1823 5705 tabe-

317 5791 343 5896 ;
524 5792 610 5845 νεῖ
641 5774 983 5856 mmmam.
1013 5777 1061 5845 ιι
1090 5772 1173 5827 ἀει

453 5887 495 5907 ..
527 5844 706 5907 turbis.

526 5844 706 5921 turbis,

1915 4634 2293 4707 quinquaginta
2327 4635 2487 4689 millia
2516 4651 2796 4690 aureorum
2831 4638 2996 4706 pactis
3037 4636 3290 4711 Romanis
3332 4638 3503 4711 impo-

1918 4729 2133 4801 suisset.
2168 4729 2302 4794 Quin
2334 4736 2387 4780 et
2432 4729 2621 4801 Istrum
2665 4727 2862 4781 ﬂumen
2907 4744 3008 4782 non
3052 4720 3111 4787 se
3152 4728 3498 4803 transiturum

1919 4820 2191 4915 professus
2220 4824 2322 4873 est.
2351 4818 2428 4871 Ex
2459 4818 2561 4873 hoc
2588 4818 2762 4895 itaque
2791 4806 3309 4893 contra’Mauriciu‘m
3344 4821 3502 4893 impe-

1886 4904 1891 4905 γ
1919 4904 2147 4971 ratorem
2176 4911 2394 4965 multum
2426 4922 2749 4987 commotum
2790 4923 2871 4981 est
2910 4912 3111 4995 odium,
3141 4923 3193 4967 et
3221 4921 3502 4989 coeperunt

1921 5002 2060 5055 hunc
2087 5002 2349 5070 subjicere
2380 5004 2699 5079 maledictis.
2733 5005 2990 5079 Similiter
3014 5016 3065 5083 et
3112 5007 3336 5091 p0pnlus
3360 5006 3499 5089 apud

1920 5093 2179 5147 Thracem
2231 5092 2485 5169 conviciis
2542 5105 2725 5149 contra
2775 5097 3148 5171 imperatorem
3204 5106 3504 5175 commotus

1921 5196 2020 5242 est.
2068 5186 2343 5241 Exercitus
2384 5196 2561 5263 autem
2607 5196 2972 5263 provuratores
3015 5187 3078 5240 ad
3128 5188 3503 5261 imperatorem

1921 5287 2106 5331 contra
2131 5260 2574 5355 Commentiolum
2601 5260 2849 5344 direxit,
2873 5278 3012 5365 quod
3058 5278 3412 5355 proditionem

1925 5368 2108 5436 prmlio
2138 5369 2340 5445 iecerit.
2372 5367 2512 5421 Inter
2539 5384 2671 5437 quos
2700 5369 2859 5445 etiam
2888 5364 3004 5447 erat
3036 5364 3261 5449 Pltoeas,
3294 5369 3381 5447 qui

1925 5465 2221 5535 peratorem
2262 5457 2521 5535 allocutus
2564 5461 2821 5551 severius,
2868 5459 2987 5533 huic
3032 5459 3081 5510 in
3129 5452 3352 5535 concilio
3380 5452 3506 5535 con-

1927 5546 2240 5613 tradicebat,
2288 5548 2361 5603 ita
2409 5560 2464 5625 ut
2512 5548 2725 5623 quidam
2772 5546 2833 5627 ex
2886 5551 3121 5637 patriciis
3171 5551 3315 5629 hunc
3352 5551 3507 5625 alapa

1886 5642 1887 5645 “
1928 5649 2250 5715 percuteret,
2278 5650 2333 5696 et
2356 5640 2575 5696 barbam
2605 5638 2722 5696 eius
2750 5626 3024 5719 evelleret.
3059 5626 3251 5717 Verum
3279 5628 3506 5719 impera-

2002 5770 2023 5801 θ
2064 5756 2305 5891 ulmi!»
2337 5756 2461 5831 dt“?-

2002 5827 2027 5871 ἀ
2060 5827 2078 5850 ’
2116 5828 2178 5888 νά
2201 5829 2410 5891 κεράτια
2435 5822 2461 5885 δ

2000 5827 2027 5871 ιι
2060 5822 2178 5891 ’λέά
2194 5822 2410 5904 stipa...
2435 5822 2481 5885 δ.
