3918 6344
526 301 666 354 1015
1399 294 1598 349 PAULI
1641 289 1910 347 DIACONI
1941 287 2091 343 OPP.

2137 285 2313 344 PARS
2351 287 2390 344 Ι.
2419 318 2475 331 --
2515 287 2896 346 HISTORICA.
3578 299 3678 358 iOIii

517 425 606 469 tor
653 427 757 465 non
808 412 1041 478 suscepit
1088 409 1374 463 adversum
1422 407 1863 462 Commentiolum
1913 401 2091 473 populi
2121 401 2410 461 Abarbari
2448 415 2788 472 superantur,
2837 413 2894 460 et
2935 405 2989 460 in
3031 405 3202 460 amnis
3239 407 3429 466 ﬂuentis
3467 431 3682 494 necantur,

518 502 926 574 querimoniam,
958 501 1055 555 sed
1102 501 1200 554 hos
1241 501 1536 555 inefficaces
1579 501 1834 564 deseruit,
1883 505 2100 565 propter

519 593 1023 666 quudJnsidiarum
1078 594 1128 645 in
1183 592 1474 659 principem
1529 591 1801 644 exordium
1853 592 2097 644 sumitur.

524 687 780 753 [frg-terea
826 699 921 753 per
954 685 1088 738 idem
1135 694 1341 750 tempus
1385 683 1520 749 apud
1563 682 1846 752 Egyptum
1889 683 1942 736 in
1985 682 2102 735 Nilo

521 755 756 842 flumine,
803 777 950 832 Mena
999 777 1268 845 prrefecto,
1313 792 1411 829 una
1445 791 1563 829 cum
1613 777 1804 844 populo
1849 775 2102 828 deambu-

527 875 690 936 lante,
722 872 772 925 in
806 873 921 924 loco
951 870 1035 938 qui
1066 871 1218 924 Δέλτα
1245 869 1571 933 nominatur,
1603 869 1716 922 sole
1754 876 1873 922 orto
1901 868 2101 920 anima-

521 964 587 1016 lia
621 965 866 1016 humanzn
895 962 1077 1016 formae
1105 970 1466 1030 apparuerunt
1494 960 1546 1013 in
1579 959 1817 1027 flumine,
1850 959 1929 1012 vir
1959 959 2102 1012 scili-

519 1067 602 1112 cet
643 1067 696 1112 et
736 1058 947 1112 mulier.
998 1057 1060 1111 Et
1090 1058 1170 1110 vir
1211 1055 1423 1126 quidem
1461 1062 1578 1109 erat
1621 1064 1952 1124 pectorosus,
1986 1053 2101 1107 vul-

519 1163 678 1219 tuque
721 1151 994 1212 terribilis,
1039 1150 1168 1203 ruffa
1201 1164 1374 1216 coma,
1422 1150 1677 1216 canisque
1717 1147 2002 1216 permistis,
2047 1154 2103 1201 et

519 1258 684 1310 usque
714 1243 779 1296 ad
814 1243 1020 1296 lumbos
1049 1242 1350 1296 denudabat
1381 1251 1623 1295 naturam
1643 1282 1658 1305 ,
1690 1252 1741 1295 et
1770 1242 1974 1294 cunctis
2005 1242 2100 1295 de-

518 1333 916 1386 monstrabatur
940 1332 1134 1399 nudus,
1164 1333 1368 1401 reliqua
1390 1343 1568 1386 autem
1595 1334 1834 1401 corporis
1863 1333 2100 1388 membra

516 1425 855 1493 cooperiebat
899 1441 1053 1493 aqua.
1102 1425 1253 1480 Hunc
1299 1427 1578 1494 praefectus
1613 1425 1932 1493 juramentis
1973 1441 2101 1479 con-

517 1515 732 1569 strinxit
779 1531 844 1570 ne
890 1516 1186 1571 destrueret
1225 1528 1520 1585 aspectum,
1567 1519 1872 1586 priusquam
1913 1533 2101 1574 omnes

517 1610 739 1664 saturati
771 1610 960 1664 fierent
991 1611 1093 1666 huc
1125 1610 1400 1678 inopinato
1429 1611 1757 1680 spectaculo.
1791 1611 1955 1664 Porro
1986 1628 2100 1664 mu-

518 1704 640 1769 lier,
698 1713 752 1758 et
805 1707 1067 1759 mamillas
1120 1705 1380 1767 habebat.
1432 1716 1486 1761 et
1538 1709 1819 1762 femineum
1871 1708 2100 1775 vultum,

2204 506 2532 565 pereuntque
2579 513 2699 551 cum
2750 497 2832 552 his
2879 498 3090 566 plurimi
3134 515 3334 570 quoque
3377 505 3686 578 Sclavinnrum.

2203 585 2364 638 Vivos
2385 596 2560 642 autem
2585 588 2927 642 obtinuerunt
2956 590 3189 644 Avarum
3221 596 3418 662 quidem
3445 604 3527 656 tria
3553 610 3688 678 millia,

2202 677 2568 732 Sclavinorum
2595 695 2721 734 vero
2742 682 3097 749 octingentos,
3124 694 3176 738 et
3203 685 3437 754 Gepidum
3463 697 3544 749 tria
3571 677 3692 759 millia

2203 769 2479 833 ducentos,
2511 784 2607 823 nec
2637 785 2741 823 non
2785 780 2840 824 et
2869 772 2973 825 duo
3006 773 3168 827 millia
3214 776 3540 839 barbarorum.
3576 788 3694 847 Porro

2201 857 2467 928 Chajanus
2509 861 2574 913 ad
2620 863 2993 929 imperatorem
3041 864 3342 922 Mauricium
3389 872 3560 943 legatus
3593 884 3694 937 misit

2201 958 2386 1017 captos
2427 953 2662 1019 recipere
2707 954 2873 1008 nisus.
2925 956 2994 1007 At
3027 956 3114 1009 ille
3144 960 3367 1014 nonduin
3396 978 3619 1030 Comperta
3643 973 3696 1025 in-

2202 1042 2340 1112 clyta
2374 1045 2733 1098 Romanorum
2767 1046 3006 1113 victoria,
3041 1049 3225 1103 scribit
3269 1049 3455 1119 Prisco,
3484 1068 3530 1108 ut
3555 1060 3698 1116 Avares

2203 1144 2408 1190 tantum
2451 1136 2688 1207 Cbajano
2731 1141 2995 1196 redderet.
3046 1143 3248 1197 Eodem
3295 1161 3426 1201 anno
3452 1150 3624 1219 quidam
3647 1159 3699 1211 vir

2203 1229 2518 1298 monachico
2570 1232 3000 1289 circumarnictus
3057 1236 3272 1303 habitu,
3320 1251 3370 1294 et
3419 1242 3466 1296 in
3515 1246 3701 1315 religione

2202 1317 2402 1386 clarus,
2431 1331 2578 1388 spata
2611 1322 2875 1376 denudata
2914 1340 2942 1378 a
2974 1324 3090 1379 foro
3122 1343 3287 1395 usque
3326 1331 3385 1384 ad
3424 1349 3596 1389 aaueam
3627 1340 3700 1405 gla-

2205 1409 2428 1464 diatoris
2477 1421 2703 1467 statuam
2752 1416 3081 1485 discurrens,
3126 1421 3485 1488 imperatorem
3523 1431 3702 1486 omnibus

2207 1504 2257 1557 in
2288 1505 2558 1560 occisione
2587 1507 2745 1575 gladii
2778 1511 3094 1564 moriturum
3144 1515 3400 1581 praedixit.
3443 1519 3649 1574 Similiter
3673 1537 3703 1576 el

2204 1595 2537 1652 Herodianus
2569 1600 2822 1654 Mauricio
2853 1604 3129 1659 manifeste
3157 1623 3275 1677 quae
3301 1609 3399 1663 sibi
3427 1610 3599 1666 fuerant
3621 1631 3704 1668 ren-

2206 1695 2319 1740 tura
2354 1687 2624 1756 praedixit.
2649 1691 2974 1760 Imperatore
3000 1710 3130 1749 vero
3153 1709 3310 1752 noctu
3332 1699 3608 1756 discalceatn
3631 1705 3704 1757 lita-

516 1797 869 1862 caesariesque
897 1798 1148 1865 prolixas,
1177 1806 1230 1850 et
1261 1814 1424 1867 usque
1453 1799 1518 1851 ad
1551 1798 1731 1852 horam
1763 1814 1954 1852 nonam
1987 1813 2098 1851 om-

2211 1781 2352 1834 niam
2394 1779 2514 1836 cum
2560 1792 2668 1838 tota
2711 1786 2841 1839 urbe
2889 1797 3100 1856 agente,
3141 1797 3198 1842 et
3241 1799 3528 1846 transeunte
3552 1795 3601 1847 ad
3624 1795 3706 1848 Car-

517 1886 596 1940 nis
629 1889 856 1955 p0pu|us
885 1889 1198 1954 mirabatur,
1236 1889 1474 1942 videntes
1505 1890 1617 1945 haec
1649 1890 1960 1953 animantia,
1986 1904 2104 1957 quae

518 1977 646 2030 hora
679 1993 814 2032 nona
846 1979 895 2032 in
932 1979 1128 2033 ﬂumen
1155 1980 1399 2034 demersa
1431 1990 1576 2035 sunt.
1620 1981 1760 2037 Sane
1791 1982 1971 2036 Menas
2001 1981 2104 2036 im-

516 2069 751 2138 peratori
782 2070 1034 2125 Mauricio
1067 2071 1179 2124 haec
1208 2072 1446 2137 scripsit.
1487 2074 1642 2126 Anno
1672 2072 1877 2141 imperii
1908 2071 2104 2126 Mauri-

515 2159 582 2214 cii
617 2161 826 2215 decinto
853 2177 1014 2227 nono,
1045 2161 1131 2215 die
1159 2172 1336 2216 autem
1369 2162 1612 2226 Pascha,
1639 2163 1835 2230 Sophia
1868 2165 2104 2232 Angusta

517 2265 651 2303 uxor
681 2248 899 2313 Jusrini,
923 2266 1028 2304 una
1059 2265 1177 2305 cum
1205 2250 1555 2306 Constantina
1588 2253 1823 2307 Mauricii
1856 2255 2104 2324 conjuge,

519 2349 744 2395 stemma
775 2352 1141 2396 constructum
1169 2344 1461 2397 attulerunt
1492 2343 1820 2412 imperatori.
1866 2345 1962 2412 Qui
2004 2347 2105 2400 hoc

516 2432 876 2498 contemplato
903 2449 1132 2504 pergens
1162 2436 1213 2487 in
1241 2436 1547 2503 ecclesiam,
1577 2436 1626 2490 id
1658 2436 1849 2491 obtulit
1882 2439 1986 2491 lien
2014 2452 2105 2492 su-

516 2536 611 2589 pra
638 2534 818 2575 sancta
864 2523 914 2575 in
957 2539 1136 2578 mensa
1169 2526 1502 2592 suspendens
1547 2527 1598 2581 in
1633 2527 1926 2594 triplicibus
1956 2537 2102 2584 cate-

521 2611 662 2664 nniis
695 2612 979 2682 lapidibus,
1011 2624 1066 2668 et
1093 2630 1222 2668 auro
1251 2599 1539 2672 contextis.
1569 2619 1639 2673 At
1673 2634 1802 2673 vero
1829 2620 2101 2689 Augustae,

517 2701 617 2756 hoc
645 2716 940 2772 comperto,
978 2708 1201 2762 tristatze
1239 2719 1364 2763 sunt
1393 2711 1563 2777 valde,
1609 2721 1662 2765 et
1703 2711 1755 2764 in
1795 2711 1972 2780 jurgio
2001 2711 2098 2765 ad-

517 2808 702 2850 versus
748 2799 1116 2864 imperatorem
1161 2798 1507 2855 Constantina
1557 2803 1743 2857 festum
1789 2804 1931 2858 diem
1978 2804 2102 2858 fecit

517 2887 774 2955 Augusta.
817 2886 946 2941 Cum
985 2901 1162 2944 autem
1197 2890 1485 2959 imperator
1517 2909 1622 2947 non
1665 2894 1965 2950 attenderet
1997 2896 2100 2949 mi-

517 2977 750 3032 Iitiarum
779 2981 1022 3047 querelas
1051 2981 1101 3035 in
1132 2981 1335 3037 Thrace
1367 2984 1682 3051 positarum,
1719 2987 1908 3041 iterum
1940 2988 2102 3042 Com-

516 3069 809 3122 mentiolus
836 3073 1123 3138 assumptis
1154 3075 1376 3126 armatis
1399 3077 1542 3130 venit
1570 3077 1633 3130 ad
1667 3077 1880 3146 Istrum,
1906 3091 1958 3133 et
1987 3080 2100 3134 uni-

515 3168 600 3213 tur
632 3161 815 3214 Prisco
842 3164 979 3229 apud
1011 3162 1318 3232 Sigidonem
1341 3209 1354 3231 ,
1387 3177 1440 3220 et
1469 3168 1692 3222 solvitur
1720 3186 1853 3239 pax,
1886 3188 2003 3242 qua:
2035 3173 2100 3227 ad

516 3253 717 3305 Avares
759 3263 894 3308 erat.
941 3255 1053 3319 Qua
1098 3257 1361 3310 dissoluta
1391 3260 1606 3313 veniunt
1641 3261 1690 3312 iu
1727 3261 2098 3332 Viminacium,

517 3345 653 3414 quod
683 3356 765 3399 est
796 3348 962 3400 insula
995 3364 1184 3417 magna
1216 3350 1353 3405 lstri.
1383 3352 1586 3414 Quibus
1614 3354 1806 3407 auditis
1832 3356 2101 3425 Cbajanus

518 3435 752 3491 collectis
803 3440 1164 3504 potentatibus
1207 3442 1273 3496 ad
1323 3443 1613 3499 Romanica
1666 3447 1904 3515 procedit
1954 3465 2097 3503 rura.

518 3527 753 3593 Quatuor
792 3543 921 3594 ergo
965 3529 1099 3582 filios
1144 3547 1269 3585 suos
1315 3535 1519 3588 traditis
1562 3537 1681 3590 aliis
1723 3537 2004 3592 virtutibus
2035 3540 2099 3593 ad

517 3619 863 3673 custodienda
894 3623 1023 3674 vada
1057 3621 1174 3676 lstri
1201 3624 1495 3679 constituit.
1531 3631 1598 3680 At
1629 3644 1754 3682 vero
1786 3629 1942 3684 Rom.
1978 3633 2102 3684 rati-

520 3710 618 3763 bus
651 3710 832 3775 factis,
878 3711 1092 3766 fluvium
1128 3724 1551 3782 transmearunt,
1580 3729 1633 3774 et
1664 3729 1888 3787 praetore
1921 3722 2102 3777 Prisco

518 3801 712 3856 bellum
761 3820 879 3858 cum
933 3806 1056 3859 filiis
1098 3806 1325 3878 Cbajani
1378 3811 1630 3866 inierunt.
1678 3812 2102 3871 Commentiolus

521 3892 662 3947 enim
707 3894 1004 3951 infirmatus
1035 3897 1086 3952 in
1121 3899 1416 3955 Viminacio
1453 3904 1674 3958 sedebat
1713 3907 1901 3962 insula.
1935 3911 2100 3963 Cum-

515 4001 620 4055 que
649 3988 839 4041 multas
871 3988 1031 4044 horas
1075 3991 1272 4045 bellum
1306 3996 1582 4060 tenuisset,
1615 4006 1668 4051 et
1699 4002 1953 4056 trecentis
1987 4002 2099 4071 jam

518 4076 673 4132 Ront.
731 4077 1062 4148 interemptis
1112 4082 1192 4136 sol
1239 4087 1612 4153 occubuisset,
1664 4102 1890 4158 quatuor
1941 4096 2101 4151 millia

519 4173 864 4228 barbarorum
911 4176 1195 4233 intereunt.
1240 4180 1498 4236 Similiter
1541 4191 1594 4236 et
1640 4185 1792 4238 tertia
1839 4186 1924 4239 die
1968 4203 2100 4254 prsc-

515 4264 732 4329 liantes,
765 4267 831 4321 ab
861 4269 1242 4324 excelsioribus
1272 4271 1426 4326 Rom.
1461 4275 1525 4328 ad
1561 4274 1815 4330 barbaros
1851 4293 2096 4333 accesse-

516 4367 670 4423 runt,
706 4359 908 4429 hosque
939 4372 1208 4416 vertentes
1236 4364 1301 4417 ad
1331 4377 1610 4434 stagnum,
1644 4379 1802 4437 atque
1843 4371 2098 4438 pellentes

514 4453 740 4516 Avares,
784 4455 978 4507 multos
1028 4469 1353 4511 necaverunt
1391 4475 1458 4513 ex
1505 4461 1626 4515 illis.
1677 4463 1817 4516 Inter
1856 4480 2012 4534 quos,
2044 4475 2098 4522 et

518 4542 612 4594 filii
637 4543 856 4612 Chnjani
881 4546 1052 4598 necati
1081 4557 1221 4612 sunt,
1253 4549 1616 4620 illustremque
1639 4553 1910 4609 victoriam
1936 4558 2091 4614 Rom.

515 4631 824 4686 induerunt.
866 4634 1132 4704 Chajanus
1163 4653 1289 4690 vero
1319 4644 1653 4696 coacervatis
1683 4645 1881 4700 viribus
1912 4649 2096 4716 capio-

513 4720 587 4774 sis
617 4731 801 4776 contra
838 4722 992 4778 Rom.
1033 4729 1386 4795 progreditur.
1436 4731 1581 4784 Bello
1609 4744 1782 4788 autem
1827 4747 2094 4805 manente,

514 4822 726 4866 vertunt
755 4812 976 4869 Romani
1009 4816 1286 4888 barbaros,
1319 4828 1372 4874 et
1405 4821 1540 4877 hanc
1565 4825 1813 4878 omnibus
1844 4827 2098 4895 insignio-

515 4919 630 4958 rern
662 4908 890 4963 retulere
913 4911 1209 4966 victoriam.
1244 4912 1450 4968 Interea
1487 4915 1699 4972 Priscus
1727 4931 1955 4988 quatuor
1980 4923 2097 4976 mil-

517 4995 653 5050 libus
681 4999 993 5068 praemissis,
1016 5003 1184 5074 Tyrso
1204 5019 1363 5060 amne
1387 5010 1718 5077 transmisso,
1749 5011 2094 5070 barbarorum

514 5090 792 5158 explorare
837 5103 1011 5147 motus
1057 5099 1328 5166 prtecepit.
1378 5101 1445 5155 At
1478 5116 1608 5155 vero
1654 5103 1726 5157 nil
1766 5119 1946 5159 earum
1978 5123 2094 5176 qua

516 5177 655 5234 facta
683 5182 890 5238 fuerant
922 5185 1131 5239 barbari
1161 5201 1545 5256 cognoscentes
1576 5193 1769 5248 festum
1801 5194 1938 5249 diem
1967 5212 2096 5252 cun-

517 5272 808 5339 celebrant,
855 5285 904 5329 et
948 5279 1148 5344 pariter
1191 5282 1558 5336 convivantur.
1607 5284 1663 5338 In
1716 5287 1812 5342 hos
1853 5289 2094 5347 clanculo

515 5362 742 5419 Romani
788 5365 1082 5422 incidentes
1128 5373 1417 5426 maximum
1463 5377 1669 5442 operati
1709 5388 1832 5432 sunt
1871 5393 2088 5440 metum.

517 5452 750 5521 Triginta
792 5457 986 5527 quippe
1035 5461 1196 5516 millia
1244 5463 1587 5534 Gepidorum,
1637 5469 2092 5546 barbarorumque

515 5543 740 5598 aliorum
771 5549 1111 5618 occiderunt,
1156 5563 1209 5608 et
1237 5555 1449 5624 copiosa
1492 5559 1666 5626 prmda
1708 5543 2092 5630 eorm-rebensa

514 5643 856 5694 revertuntur
883 5643 945 5694 ad
978 5644 1238 5698 Priscum.
1270 5645 1540 5716 Chajanus
1571 5663 1749 5707 autem
1778 5671 1964 5713 rursus
1995 5675 2089 5727 po-

517 5729 802 5785 tentatibus
827 5736 1131 5804 cumulatis,
1154 5738 1300 5794 venit
1328 5739 1396 5794 ad
1439 5741 1651 5802 Istrum.
1692 5757 1746 5801 et
1788 5749 1920 5804 inito
1950 5752 2092 5810 bello

2210 1871 2367 1942 piana
2425 1875 2581 1945 loca,
2642 1877 3032 1934 tumultuantes
3082 1881 3298 1949 quidam
3350 1899 3412 1939 ex
3457 1888 3710 1943 multitudine

2209 1974 2393 2018 contra
2424 1963 2798 2035 imperatorem
2831 1969 3094 2038 lapidibus
3121 1973 3354 2043 jaciunt,
3386 1977 3453 2031 ita
3483 1988 3531 2033 ut
3555 1979 3619 2033 vix
3643 1982 3710 2033 iin-

2212 2073 2428 2130 perator
2459 2078 2578 2118 cum
2608 2064 2912 2121 Theodosio
2952 2084 3050 2123 suo
3081 2071 3400 2137 salvaretur,
3437 2084 3484 2128 et
3517 2078 3712 2130 orationes

2209 2155 2505 2224 compleret
2533 2157 2674 2225 apud
2705 2158 3006 2214 Blacernas.
3038 2161 3193 2218 Anno
3224 2180 3350 2220 vero
3377 2167 3558 2234 imperii
3585 2169 3644 2220 sui
3667 2167 3712 2220 ri-

2208 2247 2430 2311 cesimo,
2479 2248 2764 2304 Mauricius
2807 2251 2860 2304 in
2911 2267 2969 2307 se
3012 2269 3286 2322 reversus,
3328 2268 3381 2312 et
3417 2261 3586 2324 sciens,
3621 2260 3716 2329 quod

2209 2337 2338 2390 nihil
2391 2339 2555 2394 Deum
2608 2340 2788 2407 lateat,
2841 2345 2934 2396 sed
2981 2347 3232 2402 omnibus
3278 2349 3459 2404 reddat
3498 2353 3715 2405 secundum

2207 2440 2369 2496 opera
2421 2430 2689 2498 ipsorum,
2740 2441 2793 2486 et
2842 2438 3144 2504 recogitans
3193 2454 3495 2506 excessum,
3534 2459 3654 2513 quem
3686 2443 3717 2496 in

2207 2519 2511 2587 captivitate
2545 2531 2978 2592 perpetraverat,
3010 2543 3114 2582 non
3153 2531 3421 2586 redimens
3449 2549 3582 2598 eam,
3605 2549 3716 2599 expe-

2206 2611 2320 2664 dire
2358 2611 2614 2681 judicavit
2662 2616 2713 2669 in
2765 2616 2863 2671 bac
2902 2619 3007 2671 vita
3052 2636 3110 2676 se
3161 2623 3404 2692 recipere
3451 2642 3626 2693 pinnam
3661 2642 3718 2696 pro

2205 2714 2446 2772 peccato,
2478 2716 2532 2760 et
2565 2723 2669 2762 non
2703 2709 2753 2763 in
2786 2708 2983 2776 futura,
3013 2723 3066 2767 et
3097 2714 3268 2770 factas
3295 2733 3471 2786 preces
3497 2719 3541 2771 in
3569 2718 3718 2784 scriptis

2207 2799 2501 2853 transmisit
2525 2801 2592 2854 ad
2618 2818 2802 2858 omnes
2830 2807 3214 2874 patriarcbales
3244 2812 3419 2878 sedes,
3443 2823 3491 2866 et
3515 2814 3568 2866 ad
3591 2827 3720 2866 omnes

2205 2887 2447 2943 civitates
2475 2892 2576 2946 sibi
2606 2894 2894 2966 subjectas,
2923 2908 2977 2952 et
3004 2899 3068 2953 ad
3099 2906 3423 2958 monasteria
3451 2920 3554 2974 quae
3575 2914 3667 2958 sunt
3688 2903 3720 2957 in

2204 2992 2406 3047 eremo,
2449 2990 2504 3036 et
2544 2983 2596 3037 in
2632 2985 3002 3058 Jcrosolymis,
3037 3001 3091 3046 et
3127 2995 3195 3047 ad
3230 2996 3407 3050 lauros
3448 2999 3668 3064 pecunias,
3690 3006 3722 3050 et

2209 3084 2416 3136 cereos,
2444 3083 2497 3128 et
2527 3074 2764 3144 incensa,
2809 3091 2865 3134 ut
2892 3093 3107 3137 orarent
3140 3101 3238 3154 pro
3268 3103 3344 3150 se,
3377 3089 3506 3157 quod
3544 3088 3609 3141 hic
3632 3087 3722 3140 reci-

2133 3139 2179 3203 Ο
2212 3174 2360 3231 peret
2382 3205 2395 3228 ,
2427 3175 2480 3219 et
2511 3182 2617 3220 non
2649 3169 2698 3222 in
2734 3169 2910 3226 futuro
2949 3177 3165 3232 szeculo.
3215 3179 3644 3234 Scandalizabatur
3665 3194 3725 3231 au-

2210 3265 2314 3309 tem
2343 3263 2396 3310 et
2423 3258 2474 3310 in
2509 3259 2858 3329 Philippicum
2891 3279 3146 3334 generum
3174 3285 3363 3336 suum,
3398 3273 3526 3343 qnud
3553 3273 3594 3325 in
3621 3270 3723 3338 phili-

2209 3356 2376 3402 teram
2406 3351 2793 3408 nominaretur.
2840 3356 3004 3410 Porro
3047 3359 3380 3432 Philippicus
3406 3366 3594 3419 diverse
3621 3363 3724 3433 jura-

2209 3438 2296 3491 bat
2337 3439 2669 3509 imperatori,
2711 3445 2852 3512 quod
2889 3463 3050 3513 purus
3076 3462 3222 3505 esset
3259 3454 3313 3508 in
3342 3455 3545 3507 servitio
3569 3454 3724 3521 ejus,el

2208 3533 2344 3599 apud
2391 3549 2449 3587 se
2493 3535 2696 3588 nullum
2739 3537 2916 3591 dolum
2961 3540 3204 3597 haberet.
3251 3545 3483 3614 Cumque
3519 3545 3727 3600 Mauricius

2206 3624 2532 3691 supplicaret
2557 3627 2665 3681 Deo
2692 3629 3112 3688 misericordiam
3141 3640 3434 3703 praestandi
3459 3641 3723 3698 anitnzesiiéﬁi

2205 3715 2434 3782 quadam
2476 3728 2632 3773 nocte
2661 3720 2955 3787 dormiens,
2989 3724 3039 3778 in
3074 3727 3190 3782 visu
3224 3742 3351 3784 ante
3379 3745 3566 3785 teneam
3602 3724 3725 3798 palatii

2206 3818 2414 3876 portam
2457 3811 2673 3880 imagini
2721 3811 3017 3870 Salvatoris
3054 3833 3113 3872 se
3150 3821 3286 3874 vidit
3323 3822 3579 3883 assistere,
3605 3829 3644 3872 et
3663 3831 3724 3870 co-

2208 3901 2411 3969 piosuni
2445 3908 2697 3972 populum
2733 3908 2930 3975 pariter
2959 3911 3325 3968 assistentem.
3370 3915 3512 3970 Tunc
3539 3911 3647 3968 facta
3674 3917 3727 3962 est

2204 4010 2307 4048 vox
2348 4011 2412 4049 ex
2455 3998 2763 4054 charactere
2806 4004 2981 4074 magni
3029 4005 3148 4071 Dei,
3201 4019 3256 4062 et
3301 4009 3576 4065 SaIVatoris
3609 4004 3724 4060 nostri

2203 4085 2326 4141 .Iesu
2357 4087 2554 4142 ChriSIi
2578 4130 2591 4152 ,
2623 4091 2806 4145 dicens
2839 4111 2850 4145 :
2896 4095 3026 4149 Date
3067 4095 3413 4155 Mauricium.
3459 4100 3518 4153 Et
3552 4104 3726 4152 tenentes

2204 4192 2321 4230 eum
2366 4180 2690 4247 judiciornrn
2735 4184 2994 4252 ministri,
3037 4188 3403 4243 exbibuerunt
3431 4197 3544 4243 ante
3581 4200 3725 4256 ρηγνυ-

2205 4288 2351 4327 reum
2385 4273 2713 4341 umbilicum,
2739 4278 2827 4344 qui
2859 4279 2965 4333 illic
2994 4291 3129 4346 erat,
3156 4290 3215 4336 et
3245 4283 3322 4337 ait
3350 4284 3414 4335 ad
3440 4298 3551 4338 eum
3575 4277 3726 4350 propria

2205 4380 2369 4420 voce:
2400 4365 2494 4420 Ubi
2527 4369 2606 4420 vis
2639 4369 2853 4423 reddam
2886 4372 3001 4437 tibi,
3035 4375 3137 4437 hic.
3175 4391 3244 4430 an
3275 4378 3324 4430 in
3359 4379 3526 4430 futuro
3548 4369 3722 4429 saeculo?

2204 4455 2320 4523 Quo
2365 4459 2567 4524 audito,
2615 4458 2708 4513 ille
2753 4465 3027 4530 respondit
3058 4482 3071 4519 :
3105 4471 3336 4523 Amator
3385 4469 3626 4524 hominum
3657 4464 3726 4516 DO-

2203 4549 2368 4615 tnine,
2401 4559 2456 4604 et
2480 4550 2642 4620 judex
2672 4553 2836 4621 juste,
2883 4555 2970 4610 hic
3006 4558 3201 4626 potius,
3235 4569 3293 4614 et
3328 4577 3432 4615 non
3477 4562 3524 4614 in
3561 4559 3635 4612 illo
3655 4569 3726 4607 sa-

2199 4643 2339 4697 culo.
2375 4645 2439 4698 Et
2463 4646 2623 4710 jussit
2656 4648 2834 4700 divina
2873 4664 2970 4703 vox
3001 4652 3137 4705 tradi
3169 4653 3516 4722 Mauricium,
3551 4661 3596 4707 et
3624 4649 3724 4705 Con-

2200 4739 2486 4791 stantinam
2517 4753 2741 4792 uxorem
2766 4741 2904 4808 ejus,
2927 4753 2980 4795 et
3009 4742 3170 4810 filios,
3194 4756 3252 4800 et
3283 4762 3494 4801 omnem
3516 4740 3725 4814 cognatior

2199 4845 2323 4884 nem
2351 4830 2540 4884 donius
2571 4831 2737 4900 ipsius
2764 4833 2955 4888 Phoca:
2997 4837 3170 4891 militi.
3223 4840 3619 4912 Expergefactus
3639 4847 3726 4904 ergo

2199 4920 2502 4986 Mauricius,
2549 4931 2796 4977 vocatum
2837 4940 2959 4979 eum
3007 4928 3094 4992 qui
3139 4942 3328 4984 coram
3376 4947 3434 4986 se
3475 4927 3722 4988 dormiebat,

2199 5015 2343 5067 misit
2367 5015 2432 5068 ad
2459 5016 2808 5085 Philippicum
2831 5034 3084 5087 generum
3113 5037 3296 5089 suum,
3327 5033 3383 5080 ut
3405 5025 3624 5080 celeriter
3639 5032 3723 5074 eum

2197 5104 2414 5159 duceret
2451 5107 2517 5159 ad
2561 5123 2642 5162 se.
2693 5108 2936 5179 Cumque
2983 5111 3070 5166 ille
3116 5113 3365 5183 abiiSset,
3410 5116 3596 5171 vocarit
3620 5125 3723 5165 eum.

2196 5199 2296 5267 Qui
2325 5215 2650 5271 consurgens
2681 5204 2937 5259 advocata
2965 5222 3129 5262 uxore
3156 5223 3256 5262 sua
3290 5208 3487 5265 Gnrdia
3514 5206 3723 5263 osculatus

2195 5301 2277 5346 est
2306 5293 2488 5347 dicens
2518 5311 2530 5346 :
2562 5294 2740 5362 Salve,
2766 5298 2876 5366 jam
2909 5313 3012 5352 non
3043 5315 3128 5354 me
3163 5302 3395 5357 videbis.
3437 5303 3556 5369 Qua
3587 5300 3722 5354 excla-

2195 5387 2358 5440 mavit
2404 5403 2523 5442 cum
2565 5389 2689 5443 ﬂetu
2741 5406 2927 5460 magna
2974 5407 3104 5448 voce
3145 5395 3211 5448 ad
3260 5403 3720 5465 paractcrnumenum

2195 5476 2376 5532 dicens
2406 5495 2417 5530 :
2452 5479 2655 5548 Adjuro
2687 5491 2737 5536 te
2767 5496 2860 5550 per
2891 5482 3077 5551 Deum,
3106 5501 3225 5554 quae
3253 5495 3340 5540 est
3369 5488 3477 5541 haec
3505 5498 3654 5544 causa,
3674 5478 3721 5532 ob

2193 5584 2348 5638 quam
2381 5573 2569 5638 qua-rit
2596 5571 2693 5626 hac
2722 5573 2892 5627 hora?
2937 5577 3006 5630 At
3052 5578 3142 5633 ille
3176 5579 3382 5646 juravit
3419 5595 3474 5635 se
3512 5582 3719 5648 ignorare.

2193 5664 2314 5730 quia
2344 5675 2562 5732 repente
2609 5667 2675 5720 de
2721 5682 2912 5723 somno
2956 5686 3252 5741 exsurgens
3304 5675 3576 5744 imperator
3613 5666 3717 5722 misit

2194 5769 2300 5810 me.
2348 5757 2670 5828 Pbilippicus
2694 5774 2824 5832 ergo
2867 5765 3110 5832 quaesivit
3152 5780 3354 5838 corpus
3381 5765 3565 5822 Christi
3589 5757 3716 5832 perci-
