3918 6344
209 378 338 441 ,017

1213 366 1527 425 HISTORIA
1565 362 1933 424 MISCELLA.
1972 392 2041 406 --
2079 362 2209 420 LIB.
2251 361 2414 421 XVII.

3300 362 3443 421 1018

200 508 358 565 pere,
386 498 444 546 et
464 489 545 545 sic
569 488 636 543 ad
676 488 1048 557 imperatorem
1080 500 1391 558 properare.
1422 485 1569 540 Uxor
1600 492 1778 548 autem
1805 481 1861 541 Α
1883 477 2179 535 celebravit
2219 487 2525 548 equestrem
2544 516 2563 544 ,
2609 477 2945 535 incommoda
2990 478 3317 538 infelicitatis
3360 494 3451 536 oc-

200 585 314 657 ejus
340 583 553 655 iacebat
577 580 629 634 in
661 589 798 635 terra
824 594 883 635 se
904 578 1167 642 volutans,
1190 587 1244 629 et
1275 578 1509 645 plorans,
1533 584 1585 628 et
1612 575 1777 627 Deum

196 687 449 731 exorans.
499 671 768 741 Ingressus
812 684 940 723 vero
986 667 1309 737 Pbilippicus
1348 668 1645 722 cubiculum
1694 679 1779 718 rc-

195 769 364 837 gium.
400 763 621 833 projecit
668 762 819 818 sead
870 761 1032 829 pedes
1083 759 1438 829 imperatoris.
1488 759 1779 826 Imperator

194 868 374 913 autem
422 856 550 911 dicit
594 856 644 910 ei
694 872 706 907 :
757 854 976 925 Ignosce
1021 852 1151 905 mihi
1199 860 1411 920 propter
1462 851 1773 917 Dominum,

192 949 323 1015 quia
356 946 567 1018 peccavi
599 945 713 1000 tibi.
743 944 873 999 Nam
903 958 1073 1013 usque
1110 958 1251 996 nunc
1292 941 1685 996 scandalizabar
1724 940 1776 994 in

191 1048 272 1103 te;
321 1047 375 1092 et
415 1037 607 1106 jubens
651 1033 798 1089 exire
843 1046 1364 1102 paracmmumenum
1415 1032 1674 1094 surrexit,
1722 1038 1779 1087 et

188 1130 389 1184 cecidit
416 1128 482 1181 ad
514 1126 673 1196 pedes
722 1124 1034 1194 Philippici,
1074 1124 1302 1178 dicens:
1349 1123 1564 1191 Ignosce
1609 1120 1774 1187 mihi,

195 1219 321 1287 quia
381 1217 542 1272 modo
585 1216 883 1272 certissime
931 1215 1073 1282 scio,
1123 1216 1247 1283 quia
1296 1213 1427 1267 nihil
1474 1215 1779 1281 peccaveris

191 1313 248 1365 in
295 1326 405 1366 me.
456 1310 560 1367 Sed
610 1310 694 1364 dic
740 1310 866 1364 mihi
908 1327 923 1365 :
963 1309 1083 1364 Scis
1119 1308 1345 1378 aliquem
1389 1309 1526 1361 inter
1566 1306 1777 1375 agmina

188 1404 377 1456 nostra
404 1400 634 1455 Pbocam
666 1398 933 1455 militem?
972 1401 1041 1453 At
1084 1412 1213 1453 vero
1256 1396 1581 1465 Philippicas
1630 1410 1779 1450 reco-

187 1496 373 1564 gitans
400 1493 529 1549 dicit
557 1495 605 1549 ei
634 1511 647 1547 :
679 1493 852 1549 Unum
899 1506 1167 1563 agnosco,
1205 1491 1296 1561 qui
1344 1500 1468 1546 ante
1511 1490 1777 1545 modicum

189 1598 409 1657 tempus
440 1596 758 1657 procurator
801 1587 867 1640 ab
895 1586 1129 1640 exercitu
1159 1585 1481 1653 destinatus,
1515 1582 1780 1638 contradi-

183 1680 349 1733 cebat
377 1678 603 1746 imperio
631 1688 742 1732 tuo.
769 1679 866 1732 Ast
891 1678 1178 1745 imperator
1204 1676 1278 1730 ait
1304 1692 1319 1729 :
1348 1674 1512 1744 Cujus
1541 1662 1622 1729 est
1647 1691 1779 1744 qua-

184 1769 404 1824 litatis?
432 1768 530 1836 Qui
559 1769 671 1824 ait:
702 1767 954 1837 Juvenis,
1000 1777 1055 1824 et
1096 1768 1442 1833 temerarius,
1473 1766 1566 1821 sed
1603 1776 1779 1821 tamen

1881 575 2111 631 cultans.
2152 573 2350 645 Vulgus
2379 581 2559 628 autem
2590 570 2931 651 Prasiporum
2977 574 3269 645 clamabat,
3313 575 3451 632 Con-

1879 666 2149 721 stantinus
2170 708 2187 734 ,
2219 668 2493 737 inquiens,
2522 673 2579 722 et
2602 666 3023 724 Commentiolus
3043 711 3058 735 ,
3091 668 3451 726 Romanorum

1879 765 1964 814 ter
1992 758 2267 827 Auguste,
2314 757 2453 825 plebi
2499 766 2601 812 tua!
2631 757 2908 813 molestias
2937 758 3214 827 ingerunt,
3248 768 3306 813 ut
3333 774 3452 813 cru-
3522 779 3528 788 ·

1879 864 1971 906 ces
2000 850 2085 904 his
2115 861 2384 917 ponantur
2411 852 2463 905 in
2492 866 2552 907 ea
2582 867 2701 919 qua:
2727 852 2987 907 habemus
3018 860 3255 920 peccata.
3288 851 3451 919 Deus,

1879 941 1968 1009 qui
1996 942 2177 996 omnia
2202 942 2474 1008 condidit,
2502 944 2746 1012 subjiciat
2776 943 2869 997 tibi
2900 958 3112 998 omnem
3140 943 3413 997 inimicum
3434 983 3452 1009 ,

1879 1040 1935 1087 et
1958 1032 2172 1087 hostem
2196 1043 2303 1087 tam
2334 1033 2644 1089 intestinum
2661 1074 2677 1099 ,
2705 1048 2863 1103 quam
2888 1041 3165 1089 externum
3190 1033 3306 1087 sine
3331 1048 3451 1088 san-

1878 1126 2059 1195 guine.
2093 1128 2161 1182 At
2208 1141 2335 1181 vero
2381 1128 2670 1193 imperator
2712 1128 2958 1196 plebibus
3003 1127 3322 1182 intimabat:
3372 1125 3453 1184 Nil

1880 1235 2005 1287 vos,
2055 1220 2302 1289 inquiens
2326 1260 2341 1284 ,
2393 1221 2569 1274 turbet
2613 1221 3052 1275 irrationabilium
3088 1220 3319 1274 militum
3352 1220 3453 1274 im-

1879 1313 2210 1375 moderatio,
2247 1322 2302 1366 et
2344 1313 2676 1382 inquietudo.
2711 1314 2899 1368 Veneti
2940 1322 3118 1368 autem
3160 1313 3407 1366 dixerunt
3438 1331 3452 1367 :

1880 1403 2052 1468 Deus,
2080 1404 2171 1473 qui
2202 1404 2325 1459 sivit
2374 1414 2427 1459 te
2467 1404 2763 1473 imperare,
2812 1405 3005 1459 subdat
3051 1405 3150 1459 tibi
3200 1420 3453 1469 omnem,

1878 1494 1966 1564 qui
1997 1496 2282 1563 imperium
2314 1503 2462 1549 tuum
2492 1495 2788 1565 impugnat.
2832 1494 2901 1550 Et
2941 1494 2988 1549 si
3031 1495 3300 1550 Romanus
3330 1506 3410 1549 est
3436 1535 3452 1561 ,

1879 1590 1973 1659 qui
2022 1588 2126 1643 fide
2174 1598 2329 1656 rupta
2377 1597 2523 1657 terga
2552 1586 2713 1642 vertit
2743 1603 2773 1642 a
2804 1596 2888 1654 te,
2921 1587 3062 1643 hunc
3105 1588 3198 1642 tibi
3241 1588 3293 1642 in
3337 1602 3453 1641 ser-

1881 1682 2104 1737 vitutem
2136 1679 2343 1750 redigat
2371 1680 2572 1749 absque
2599 1677 2876 1749 sanguine.
2910 1678 3020 1732 Hos
3051 1679 3340 1745 imperator
3368 1692 3453 1731 ar-

1883 1788 2068 1839 mans,
2097 1781 2152 1827 et
2179 1770 2518 1826 sermonibus
2548 1770 2757 1824 blandis
2786 1783 3133 1839 compescens
3152 1811 3169 1834 ,
3202 1782 3303 1822 una
3334 1783 3452 1822 cum

186 1861 434 1916 timidus.
467 1861 616 1916 Tunc
647 1862 967 1917 Mauricius:
995 1861 1053 1917 Si
1085 1859 1298 1915 timidus
1317 1901 1334 1927 ,
1361 1860 1567 1931 inquit,
1601 1859 1774 1930 profe-
1805 1847 1857 1910 Β
1881 1865 2183 1925 demarchis
2210 1881 2394 1921 muros
2422 1866 2571 1921 urbis
2598 1864 2864 1919 custodire
2889 1864 3160 1932 praecepit.
3192 1861 3452 1919 Praeterea

181 1963 278 2009 clo
303 1962 363 2008 et
390 1953 676 2009 homicida.
710 1955 772 2008 Et
796 1953 1059 2010 referebat
1089 1953 1381 2022 Philippica
1404 1952 1597 2008 somnii
1624 1968 1775 2009 reve-

179 2045 467 2101 lationem.
513 2046 880 2103 Porro'nocte
920 2046 1010 2102 illa
1038 2047 1153 2102 visa
1181 2054 1265 2102 est
1307 2045 1462 2101 stella
1506 2046 1560 2100 in
1601 2045 1771 2111 caelo,

177 2157 301 2211 qua:
333 2141 531 2196 dicitur
555 2150 785 2198 cometa.
828 2141 886 2197 In
925 2143 1159 2197 crastino
1202 2148 1379 2195 autem
1418 2138 1570 2194 venit
1595 2139 1771 2208 Magi-

177 2233 457 2300 strianus,
498 2235 588 2304 qui
632 2236 827 2289 missus
876 2234 1047 2290 fuerat
1092 2233 1160 2288 ad
1204 2240 1418 2287 sanctos
1462 2233 1628 2288 eremi
1671 2232 1774 2287 Pa-

179 2333 331 2389 tres,
368 2324 546 2379 ferens
573 2339 831 2395 responsa
860 2325 928 2379 ab
954 2325 1032 2379 eis
1063 2322 1365 2392 huiusmodi
1391 2339 1404 2376 :
1438 2324 1576 2378 Deus
1609 2336 1767 2377 rece-

178 2424 273 2484 pta
305 2416 622 2484 poenitentia
653 2425 738 2470 tua
784 2415 1010 2471 salvabit
1055 2415 1287 2469 animam
1334 2424 1507 2480 tuam,
1555 2422 1610 2469 et
1648 2427 1771 2467 cum

177 2512 386 2564 sanctis
414 2524 537 2565 cum
568 2520 674 2565 tota
702 2510 861 2564 domo
890 2519 976 2563 tua
1007 2516 1059 2563 te
1088 2506 1405 2562 constituet:
1437 2505 1507 2561 ab
1546 2505 1773 2574 imperio

176 2618 317 2658 vero
345 2619 468 2659 cum
499 2601 780 2671 ignominia
813 2610 868 2656 et
894 2600 1201 2655 discrimine
1226 2597 1504 2653 ‘discedcs.
1535 2596 1627 2651 His
1668 2610 1769 2650 au-

178 2695 314 2750 ditis
361 2693 648 2749 Mauricius
687 2692 1008 2764 gloriiicavit
1048 2689 1331 2759 magnifice
1371 2688 1560 2743 Deum.
1607 2687 1771 2758 Igitur

181 2788 437 2842 autumni
486 2797 725 2857 tempore
767 2785 1084 2850 accedente,
1112 2797 1232 2837 cum
1279 2781 1561 2836 Mauricius
1602 2781 1773 2848 impe-

178 2886 337 2933 rator
388 2878 642 2947 iussisset
686 2877 880 2944 Petro,
931 2885 990 2930 ut
1038 2876 1090 2929 in
1138 2872 1503 2929 Sclavinorum
1551 2872 1771 2939 regione

176 2969 452 3023 hiemaret
492 2969 752 3040 populus,
802 2967 1113 3023 restiterunt
1165 2965 1391 3022 Romani
1442 2965 1544 3019 hoc
1588 2963 1770 3019 facere

178 3076 294 3113 non
326 3061 769 3126 consentientes,
801 3067 907 3113 tam
957 3067 1173 3126 propter
1216 3071 1475 3125 equorum
1522 3054 1770 3108 humilia-

180 3152 391 3207 tionem
411 3194 427 3218 ,
464 3166 623 3220 quam
657 3152 796 3221 quod
828 3150 1099 3219 copiosam
1131 3148 1593 3203 circumducerent
1633 3161 1769 3214 prae—

1880 1959 1993 2014 filio
2022 1957 2364 2028 imperatoris
2394 1956 2732 2023 Theodosio,
2767 1971 2870 2011 una
2911 1970 3030 2009 cum
3072 1954 3337 2010 Germano
3364 1967 3454 2009 so-

1876 2065 2004 2105 cero
2035 2064 2133 2103 suo
2155 2091 2172 2114 ,
2201 2049 2339 2118 apud
2372 2047 2737 2103 Callicratiam
2777 2048 3089 2103 venationes
3129 2055 3452 2111 exercente,

1876 2142 2103 2196 mittunt
2131 2141 2357 2196 Romani
2386 2140 2594 2196 litteras
2624 2139 2689 2194 ad
2718 2138 3079 2194 Theodosium
3127 2140 3195 2192 ah
3239 2152 3305 2192 eo
3349 2138 3454 2192 im-

1879 2235 2056 2303 perari
2103 2245 2429 2303 poscentes:
2479 2236 2562 2287 sin
2610 2242 2789 2289 autem
2817 2273 2832 2297 ,
2888 2233 3078 2287 saltem
3127 2231 3455 2287 Germanum

1876 2328 2250 2397 imperatorem
2276 2326 2747 2396 pronuntiandum.
2769 2325 2950 2395 Neque
2972 2326 3112 2380 enim
3138 2339 3255 2389 nos,
3280 2323 3450 2390 aiunt,

1876 2417 2135 2485 imperari
2166 2431 2198 2471 a
2225 2417 2483 2472 Mauricio
2511 2418 2577 2471 de
2607 2426 2804 2473 caetero
2835 2414 3120 2483 patiemur.
3164 2413 3255 2467 His
3294 2413 3451 2467 Mau-

1874 2509 2037 2565 ricius
2067 2509 2356 2577 compertis
2383 2511 2612 2564 accersit
2656 2508 2721 2564 ad
2766 2523 2824 2562 se
2864 2508 3050 2562 filium.
3092 2504 3455 2561 Commentio-

1875 2602 1983 2656 lum
2038 2616 2167 2656 vero
2220 2616 2405 2655 muros
2454 2601 2742 2655 observare
2790 2600 3078 2669 praecepit,
3126 2599 3453 2654 Germanum

1873 2703 2052 2748 autem
2082 2707 2184 2747 una
2219 2708 2340 2747 cum
2390 2693 2504 2747 ﬁlio
2546 2692 2829 2747 accusabat
2869 2692 3055 2745 barum
3104 2689 3270 2746 fuisse
3310 2692 3455 2745 cala.

1873 2786 2119 2840 mitatum
2149 2793 2421 2838 auctores.
2469 2784 2708 2854 Cumque
2755 2784 3051 2838 Germanus
3092 2798 3151 2838 se
3196 2796 3453 2841 excusare

1878 2876 2168 2943 niteretur,
2202 2875 2489 2930 Mauricius
2520 2878 2593 2928 ait
2617 2892 2633 2929 :
2665 2876 2708 2930 Ο
2737 2876 3000 2930 Germane
3021 2914 3038 2939 ,
3067 2876 3174 2929 duo
3202 2884 3327 2930 sunt
3356 2889 3445 2929 ar-

1872 2977 2127 3037 gumenta
2159 2967 2482 3037 suspicionis
2514 2982 2683 3036 meae,
2718 2967 2892 3036 populi
2925 2966 3128 3021 scilicet
3159 2966 3223 3020 ad
3268 2975 3318 3020 te
3362 2966 3453 3020 lit-

1876 3066 2039 3126 terae,
2070 3066 2125 3113 et
2153 3059 2300 3128 quod
2332 3069 2525 3114 cuncta
2556 3058 2760 3126 depasti
2794 3067 2950 3122 sunt,
2980 3067 3033 3112 et
3062 3058 3221 3112 nullis
3246 3097 3263 3122 ,
3291 3072 3447 3112 exce-

1877 3149 1983 3218 ptis
2018 3150 2120 3203 tuis
2144 3191 2160 3216 ,
2194 3161 2574 3218 pepercerunt.
2625 3151 2823 3215 Parce,
2856 3149 3156 3216 Germane,
3189 3150 3448 3218 prolixum

188 3243 357 3313 dam,
386 3214 594 3299 necnon
624 3214 687 3299 et
717 3244 785 3299 ob
828 3214 1194 3297 multitudines
1232 3240 1582 3295 barbarorum
1604 3280 1619 3305 ,
1651 3256 1769 3309 qua:
1795 3214 1847 3282 ε
1879 3214 2104 3295 Iaciendi
2136 3214 2464 3296 sermonem.
2496 3241 2639 3295 Nihil
2667 3214 2879 3296 suavius
2909 3258 3064 3309 quam
3092 3214 3446 3311 per—gladium

185 3358 287 3414 per
329 3340 606 3410 regionem
660 3336 863 3392 diﬂusae
913 3336 1289 3401 noscebantur,
1340 3342 1395 3388 et
1441 3334 1762 3389 seditionem

142 3435 433 3497 .meditati
466 3438 608 3487 sunt.
645 3432 847 3485 Prtctor
874 3438 1051 3484 autem
1094 3427 1401 3497 indignatus
1442 3436 1628 3482 contra
1668 3442 1768 3495 po-

170 3526 374 3598 pulum
407 3532 433 3561 ι
464 3521 868 3576 indemnatione
906 3533 1002 3574 eos
1042 3517 1264 3573 dimisit.
1309 3516 1553 3571 Incidunt
1590 3517 1769 3587 itaque
1800 3582 1803 3583 ν

173 3620 386 3689 pluviae
416 3614 759 3671 creberrima:
801 3627 963 3680 super
1002 3610 1293 3680 populum,
1324 3618 1379 3664 et
1419 3609 1583 3677 frigus
1622 3607 1773 3662 mul-

170 3723 319 3767 tum.
356 3709 546 3764 Petrus
572 3716 750 3761 autem
782 3703 968 3773 viginti
999 3702 1238 3757 millibus
1280 3700 1463 3769 procul
1503 3699 1571 3754 ab
1612 3713 1769 3754 eser-

170 3804 292 3859 citu
322 3801 650 3854 morabatur.
682 3797 965 3852 Mauricius
990 3806 1168 3851 autem
1214 3796 1372 3850 Petro
1420 3811 1513 3862 per
1558 3794 1763 3861 litteras

169 3898 449 3954 molestus
474 3902 623 3960 erat,
649 3901 707 3947 ut
735 3893 925 3946 Istrum
955 3890 1229 3956 transiret,
1257 3899 1311 3945 et
1337 3890 1592 3943 hiemales
1618 3900 1769 3942 escas

171 3987 376 4062 populi
403 3986 466 4040 de
488 3986 862 4040 Sclavinorum
889 3990 1126 4037 sumeret
1153 3980 1391 4047 regione,
1423 3995 1490 4032 ne
1516 3979 1766 4032 alimenta

170 4082 401 4154 publica
431 4085 651 4145 cogeret
680 4082 940 4144 praestare
967 4072 1245 4127 Romanis.
1281 4071 1484 4125 Praetor
1515 4085 1647 4124 vero
1676 4084 1767 4123 ac-

169 4174 386 4232 cersito
416 4170 601 4225 Gadim
633 4170 747 4223 ait:
784 4167 952 4222 Nimis
984 4164 1115 4219 mihi
1153 4164 1335 4232 gravia
1373 4163 1621 4216 videntur
1660 4161 1763 4215 im-

172 4265 451 4339 peratoris
484 4271 749 4333 praecepta
778 4260 830 4313 in
861 4260 1032 4313 aliena
1062 4266 1202 4311 terra
1229 4255 1469 4310 hiemare
1497 4253 1766 4307 Romanos

169 4356 449 4433 iubentis.
482 4354 613 4410 Nam
643 4354 721 4408 illi
752 4367 855 4406 non
884 4350 1143 4405 obaudire
1170 4362 1371 4429 saevum
1402 4353 1519 4412 est,
1550 4353 1604 4400 et
1643 4359 1764 4398 rur-

169 4466 273 4505 sus
329 4446 595 4502 obaudire
650 4443 1026 4498 smvissimum.
1088 4436 1299 4494 Nullum
1355 4438 1555 4492 bonum
1614 4444 1767 4504 parat

169 4544 437 4608 avaritia,
474 4551 643 4595 mater
686 4547 869 4592 autem
908 4535 1146 4589 omnium
1194 4532 1457 4586 malorum
1485 4529 1760 4593 consistit,

168 4652 284 4708 qua
326 4637 622 4704 imperator
663 4632 955 4699 languens,
990 4628 1181 4681 horum
1215 4639 1374 4679 causa
1407 4622 1760 4676 maximorum

172 4730 452 4786 ntalorum
510 4726 767 4781 Romanis
822 4724 1095 4789 dficitur,
1147 4719 1527 4788 accersitisque
1580 4716 1761 4787 populi

170 4822 478 4879 taxiarchis
513 4863 530 4888 ,
582 4817 919 4888 imperatoris
968 4816 1318 4871 intentionem
1373 4814 1453 4868 eis
1509 4812 1760 4880 aperuit.

168 4917 419 4985 Populus
468 4923 647 4967 autem
676 4953 690 4975 ,
746 4911 846 4964 hoc
891 4910 1093 4974 audito,
1126 4908 1417 4962 seditiones
1463 4905 1764 4961 concitave-

168 5016 339 5075 runt,
390 5016 445 5062 et
491 5005 727 5075 insignes
786 5002 1001 5073 quidam
1048 5002 1313 5070 principes
1341 5014 1405 5053 ex
1435 4998 1514 5053 eis
1559 4997 1762 5067 fugien-

174 5114 265 5158 tes
308 5100 376 5155 ad
426 5108 710 5167 praetorem
754 5105 1035 5151 venerunt.
1088 5095 1253 5149 Porro
1298 5092 1669 5148 multitudines
1708 5091 1763 5146 in

167 5209 349 5248 unum
401 5199 737 5260 congregata:
785 5189 1083 5258 provehunt
1126 5186 1357 5240 Phocam
1398 5185 1762 5239 centurionem

168 5284 510 5347 exarchum,
544 5292 600 5336 et
635 5296 795 5350 super
827 5281 1072 5351 clypeum
1105 5278 1246 5333 hunc
1283 5278 1577 5332 exaltatum
1602 5318 1618 5342 ,
1651 5276 1765 5331 lau-

167 5379 336 5432 dibus
365 5375 661 5430 exarchum
691 5374 1145 5430 acclamaverunt.
1197 5371 1289 5425 His
1336 5371 1526 5425 Petrus
1571 5368 1765 5423 auditis

169 5474 231 5527 in
267 5472 448 5541 fugam
480 5483 671 5524 versus
699 5477 819 5534 est,
864 5476 920 5521 et
961 5466 1139 5521 omnia
1186 5463 1493 5533 imperatori
1540 5460 1766 5516 manife-

166 5567 363 5621 stavit.
391 5569 489 5621 Ast
521 5565 815 5631 imperator
845 5562 930 5617 bis
961 5560 1266 5615 difficilibus
1291 5559 1506 5626 auditis,
1535 5573 1595 5613 ea
1630 5556 1766 5611 mul-

176 5656 657 5713 titudinescelare
683 5654 943 5711 tentabat.
984 5652 1228 5709 Secunda
1272 5668 1400 5708 vero
1443 5651 1533 5705 die
1577 5649 1764 5705 ludum

168 5802 273 5919 “ut:
308 5793 406 5877 F."
444 5793 616 5864 Ρίιδοι
639 5794 694 5848 δη
719 5792 1165 5849 denuntiationem.
1191 5788 1255 5848 P.
1281 5788 1450 5856 Pith.,
1473 5791 1530 5843 in
1552 5773 1762 5843 demen-

256 5881 388 5919 tam.

256 5881 388 5921 ιοκι.

1880 3335 2038 3389 mori.
2088 3334 2232 3389 Sane
2277 3332 2576 3389 Germanus
2622 3336 2877 3404 templum
2926 3333 3019 3389 Dei
3068 3334 3279 3398 Matris,
3311 3330 3450 3401 quod

1876 3427 2180 3497 appellatur
2204 3425 2368 3498 Cyri,
2403 3426 2555 3495 fugit.
2586 3427 2735 3495 Quod
2767 3442 2885 3481 cum
2919 3429 3209 3497 imperator
3237 3424 3453 3480 didicis-

1871 3530 1980 3587 set,
2015 3521 2341 3591 Stephanum
2374 3520 2677 3576 eunuchum
2708 3521 2908 3575 direxit
2937 3520 3001 3575 ad
3030 3519 3354 3575 Germanum
3384 3519 3453 3574 ab

1872 3614 2103 3669 ecclesia
2150 3611 2505 3667 educendum.
2553 3612 2792 3680 Cumque
2838 3610 3143 3679 Stephanus
3192 3610 3453 3664 violenter

1872 3706 2015 3762 hunc
2044 3708 2276 3761 educere
2306 3706 2600 3771 voluisset,
2635 3699 2869 3758 fautores
2900 3704 3150 3759 Germani
3196 3702 3455 3757 resisten-

1873 3807 1953 3854 tes
1983 3799 2259 3865 expellunt
2288 3797 2619 3864 Stephanum
2640 3838 2654 3860 ,
2682 3804 2738 3850 et
2766 3794 3090 3860 accipientes
3116 3793 3443 3850 Germanum

1871 3889 1926 3945 in
1958 3890 2243 3945 ecclesiam
2278 3904 2525 3959 magnam
2570 3887 2849 3958 effugiunt.
2900 3891 3123 3942 At'vero
3164 3887 3454 3954 imperator

1870 3985 2111 4040 caedebat
2139 3984 2302 4054 virgis
2333 3982 2498 4037 filium
2529 3997 2686 4036 suum
2736 3980 3126 4045 Theodosium,
3177 3979 3451 4034 asserebat

1872 4080 2017 4132 enim
2048 4075 2378 4131 Germanum
2413 4089 2509 4142 per
2538 4088 2659 4129 eum
2693 4072 2855 4126 fuisse
2886 4069 3120 4140 fugatum
3142 4109 3157 4132 ,
3188 4079 3242 4123 et
3287 4067 3452 4123 mittit

1870 4168 2216 4223 excubitores
2245 4182 2273 4217 a
2306 4180 2492 4234 magna
2524 4164 2749 4219 ecclesia
2794 4161 3051 4217 educendi
3098 4159 3447 4217 Germanum.

1872 4260 2007 4314 Hinc
2039 4272 2261 4328 magnus
2291 4271 2472 4309 rumor
2503 4255 2617 4310 urbi
2650 4254 2912 4308 incubuit.
2941 4252 3240 4307 Germanus
3264 4258 3445 4305 autem

1872 4351 2089 4421 egredi,
2120 4360 2174 4406 et
2205 4350 2337 4405 dare
2364 4364 2423 4403 se
2452 4347 2643 4402 voluit.
2679 4347 2873 4401 Verum
2907 4345 3049 4399 hunc
3078 4341 3447 4398 multitudines

1869 4446 2016 4499 exire
2069 4443 2290 4499 minime
2344 4441 2734 4510 permiserunt,
2789 4438 2884 4493 sed
2934 4435 3141 4507 magnis
3190 4434 3450 4490 conviciis

1871 4537 2187 4607 imperatori
2221 4535 2613 4603 derogaverunt
2646 4533 2887 4586 dicentes
2916 4548 2928 4582 :
2963 4529 3078 4585 Non
3112 4528 3307 4583 habeat
3339 4526 3449 4596 pel-

1868 4637 2006 4701 lem,
2031 4636 2124 4704 qui
2166 4643 2219 4688 te
2262 4640 2426 4697 amat,
2459 4628 2487 4668 δ
2520 4628 2882 4684 Marcionista.
2930 4625 3093 4695 Igitur
3132 4624 3221 4693 qui
3267 4635 3449 4677 muros

1869 4728 2263 4792 custodiebant,
2297 4726 2379 4780 his
2425 4722 2715 4792 compertis
2736 4762 2751 4789 ,
2782 4720 3075 4775 custodiam
3131 4717 3447 4787 negligentia

1866 4822 2239 4893 prodiderunt.
2272 4817 2561 4874 Mauricius
2616 4824 2791 4869 autem
2834 4820 3032 4868 exutus
3074 4811 3245 4865 media
3294 4818 3451 4864 nocte

1868 4914 2209 4984 imperatoria
2237 4911 2374 4965 stola
2400 4951 2415 4977 ,
2462 4917 2516 4964 et
2558 4908 2761 4977 privata
2807 4904 3275 4967 circumamictus,
3317 4900 3447 4955 dro-

1866 5021 2083 5062 monem
2143 5004 2417 5074 ingressus
2473 5015 2593 5055 cum
2649 5011 2858 5064 uxore,
2916 4994 3141 5063 filiisque
3193 4992 3339 5057 suis,
3392 4999 3450 5046 et

1865 5095 2250 5159 Constantino,
2287 5092 2463 5163 fugam
2494 5088 2740 5159 arripuit.
2785 5086 2964 5156 Copia:
2993 5099 3123 5140 vero
3155 5098 3248 5148 per
3277 5092 3442 5137 totam

1867 5204 2076 5247 noctem
2123 5188 2369 5257 pessimis
2415 5186 2621 5255 injuriis
2663 5186 3038 5253 imperatorem
3085 5181 3445 5249 appetebant,

1865 5283 1961 5338 sed
1990 5291 2045 5337 et
2073 5279 2354 5352 Cyriacum
2388 5276 2741 5345 patriarcham
2779 5271 3263 5343 reprehendebant.
3295 5269 3446 5325 Tur-

1864 5376 1989 5430 bine
2019 5375 2203 5442 itaque
2233 5370 2430 5436 ingenti
2462 5368 2747 5433 saeviente,
2789 5381 2909 5420 cum
2950 5362 3259 5436 ingentibus
3302 5360 3446 5431 peri-

1867 5468 2005 5524 culis
2034 5466 2171 5536 apud
2202 5474 2440 5519 sanctum
2471 5463 2809 5516 Autonomon
2851 5459 3088 5515 salvatur
3130 5455 3440 5513 Mauricius.

1865 5562 2030 5618 Nocte
2059 5574 2188 5614 vero
2217 5557 2599 5625 superveniunt
2625 5554 2673 5609 ei
2706 5552 2867 5608 etiam
2897 5550 3111 5605 dolores
3136 5547 3398 5602 arthritici
3419 5588 3438 5615 ,

1864 5672 1998 5728 quos
2024 5669 2274 5711 manuum
2300 5651 2513 5706 dolores
2539 5655 2748 5713 vocant,
2774 5651 2830 5701 et
2848 5644 3063 5717 pedum.
3090 5639 3258 5696 Porro
3278 5639 3444 5697 mittit

1935 5795 1964 5835 δ
1999 5796 2121 5860 AL,
2155 5789 2403 5847 Maurici.
