3918 6344
171 333 305 434 tim

1201 343 1520 428 utsroiittt
1562 345 1919 424 uiset-tua.
1962 397 2031 410 —
2070 357 2202 426 LIB.
2241 363 2402 426 xvtt.

3303 347 3442 424 102?

171 473 285 554 est,
340 483 543 566 Zongoi
599 475 964 554 potentatibus
1018 465 1240 537 relictis.
1305 477 1415 536 Hoc
1470 488 1746 548 comperto
1777 471 1828 538 Α
1855 494 1954 534 nus
1984 463 2434 537 Constantinam.c
2459 469 2794 552 TheOprepio
2823 473 3059 537 exarcho
3085 467 3150 537 ad
3184 473 3434 550 torquen-

175 583 381 637 Phocas
422 567 604 634 contra
648 573 932 632 Leontium
986 572 1147 638 furit,
1193 581 1249 627 et
1298 567 1519 625 manicis
1564 567 1754 624 ferreis

170 690 289 731 cum
322 669 610 744 ignominia
637 661 952 738 Byzantium
983 665 1165 734 ducit,
1199 674 1254 720 et
1282 673 1429 719 creat
1469 659 1751 734 prmtorem

171 753 572 822 Domentiolum
605 771 854 836 nepotem
888 775 1075 826 suum,
1124 768 1177 815 et
1223 767 1522 812 curatorem
1574 753 1751 825 palatii

170 857 325 914 facit.
359 859 514 912 Anno
544 847 753 924 imperii
799 847 993 907 Phoce:
1035 851 1192 906 tertio
1213 892 1227 915 ,
1264 849 1406 903 misit
1440 843 1752 902 Chosdroes

168 949 516 1019 Cardarigatn
573 955 629 1002 et
687 941 1058 1020 Rusmaysan,
1107 943 1197 1013 qui
1248 941 1556 1012 depopulati
1629 951 1752 995 sunt

170 1045 350 1098 terras
395 1039 789 1112 Romanorum.
841 1035 1210 1106 Domentiolus
1248 1051 1374 1091 vero
1420 1033 1586 1090 verbo
1629 1033 1752 1088 dato

167 1135 325 1194 Narsi
345 1178 361 1203 ,
386 1125 814 1206 iuramentisque
843 1149 947 1190 non
983 1131 1166 1212 paucis
1197 1125 1417 1188 credere
1449 1125 1748 1202 persuasit,

167 1234 310 1308 quod
345 1215 546 1296 nullam
578 1232 832 1308 injuriam
864 1227 1004 1306 apud
1034 1219 1270 1286 Phocam
1302 1235 1446 1282 esset
1475 1239 1748 1298 passurus,

167 1333 222 1380 et
251 1321 452 1378 direxit
479 1338 599 1378 eum
627 1321 692 1376 ad
724 1314 975 1376 Phocam.
1007 1321 1077 1376 At
1104 1333 1232 1373 vero
1260 1313 1468 1373 Phocas
1498 1315 1598 1370 hoc
1628 1332 1748 1370 ver-

169 1415 294 1468 bum
328 1414 550 1467 minime
577 1425 798 1468 servans
821 1453 840 1478 ,
871 1413 990 1484 igne
1033 1407 1289 1464 cremavit
1330 1423 1472 1464 eum.
1525 1407 1750 1462 Romani

165 1511 298 1578 ergo
335 1509 461 1564 hinc
495 1508 785 1578 plurimum
818 1509 999 1562 tristes
1029 1507 1207 1563 effecti
1239 1517 1393 1574 sunt,
1426 1506 1564 1575 quod
1595 1505 1768 1582 timo-~

165 1589 282 1656 rem
329 1614 582 1668 magnum
625 1601 677 1653 in
710 1598 901 1660 Persas
934 1600 1073 1654 idem
1105 1597 1301 1654 Narses
1332 1599 1585 1659 haberet.
1614 1596 1750 1652 adeo

165 1699 224 1744 ut
257 1688 352 1744 ﬁlii
399 1687 681 1743 Persarum
727 1688 909 1743 audito
959 1689 1126 1766 ipsius
1173 1689 1387 1744 nomine
1432 1697 1747 1746 tremerent.

164 1779 339 1835 Porro
370 1781 546 1834 Pers:e
577 1767 740 1849 gavisi
795 1767 914 1834 sunt
952 1775 1145 1849 gaudio
1186 1794 1398 1849 magno.
1446 1779 1599 1833 Anno
1642 1779 1748 1832 im-

161 1871 300 1937 perii
333 1869 526 1924 Phocea
554 1877 777 1940 quarto,
829 1868 1150 1926 Scolasticus
1190 1871 1498 1935 eunuchus,
1529 1871 1609 1925 vir
1639 1871 1754 1941 glo-

162 1964 348 2020 riosus
389 1963 603 2031 palatii,
649 1962 1054 2017 Constantinam
1100 1963 1372 2018 dominam
1421 1978 1541 2018 cum
1584 1964 1752 2018 tribus

159 2053 383 2110 ﬁliabus
422 2053 538 2122 ejus
585 2053 874 2122 accipiens,
904 2049 968 2108 ad
1015 2047 1261 2124 magnam
1311 2054 1594 2109 ecclesiam
1627 2069 1754 2109 con-

159 2146 340 2218 fugit,
376 2146 602 2200 consilio
633 2145 885 2200 Germani
933 2147 1144 2215 patricii
1187 2146 1545 2201 desiderantis
1585 2148 1753 2216 impe-

161 2240 336 2294 rium.
377 2237 464 2292 Fit
491 2238 655 2307 igitur
682 2237 880 2292 seditio
921 2252 1112 2307 magna
1155 2238 1209 2292 in
1252 2237 1406 2292 urbe.
1449 2237 1752 2293 Germanus

157 2339 348 2385 autem
390 2328 687 2383 demarcho
728 2329 1076 2384 Prasinorum
1123 2331 1380 2385 talentum
1424 2333 1536 2385 auri
1579 2333 1748 2399 misit,

159 2432 224 2476 ut
255 2429 643 2489 eooperaretur
672 2421 753 2488 ei,
789 2421 1052 2490 primores
1082 2421 1266 2476 autem
1294 2421 1434 2493 vulgi
1480 2422 1530 2476 id
1563 2421 1726 2477 admll

156 2521 281 2568 tere
310 2511 616 2567 noluerunt.
657 2514 724 2566 At
786 2527 912 2568 vero
957 2523 1210 2584 tyrannus
1257 2513 1308 2568 in
1354 2514 1640 2568 ecclesiam
1687 2515 1752 2569 ad

155 2603 596 2676 abstrahendum
627 2604 883 2674 mulieres
909 2603 1218 2664 destinavit.
1267 2605 1408 2664 Sane
1454 2605 1752 2676 patriarcha

155 2685 434 2768 Cyriacus
487 2688 612 2764 tunc
661 2681 857 2762 restitit
911 2705 1172 2766 tyranno,
1225 2697 1442 2750 minime
1491 2712 1675 2770 passus
1725 2714 1754 2750 e

159 2789 375 2864 templo
409 2777 688 2861 tyrannica
721 2788 912 2844 abduci
944 2790 1219 2845 mulieres.
1255 2787 1450 2844 Verum
1477 2789 1750 2860 jurameu-

154 2873 230 2964 tis
285 2890 437 2935 certo
481 2893 547 2934 eo
595 2877 806 2936 reddito
853 2893 881 2934 a
934 2877 1151 2950 Phoca,
1197 2879 1338 2950 quod
1387 2895 1490 2942 non
1538 2879 1755 2934 lzederet

150 2961 255 3029 eis
279 3013 296 3046 ,
347 2963 652 3028 educuntur
691 2985 725 3026 θ
768 2961 990 3040 templo,
1039 2980 1093 3028 et
1133 2969 1454 3028 clauduntur
1483 2963 1534 3024 in
1569 2987 1753 3025 mona-

156 3055 357 3122 sterio.
395 3051 658 3120 Praeterea
691 3065 878 3120 eodem
911 3082 1052 3132 anno
1081 3066 1260 3134 Persae
1289 3078 1556 3138 ceperunt
1588 3068 1753 3124 Daras

151 3173 292 3214 cum
323 3165 430 3212 tota
481 3149 899 3224 Mesopotamia,
940 3167 994 3213 et
1037 3158 1224 3230 Syria,
1269 3159 1576 3229 captivitate
1616 3160 1747 3214 mul-

151 3248 253 3326 ta,
313 3251 464 3326 cujus
515 3266 620 3306 nou
673 3263 751 3305 est
803 3267 1089 3320 numerus,
1141 3254 1292 3308 facta.
1343 3253 1498 3316 Auno
1544 3255 1752 3330 imperii

148 3339 353 3418 Quinto
386 3341 591 3398 Phocas
625 3344 784 3400 tiliam
841 3359 1016 3426 suam
1045 3345 1378 3408 Dementiam
1420 3329 1605 3408 Prisco
1660 3363 1752 3420 pa-

149 3437 356 3506 tricio,
389 3447 440 3498 et
498 3436 681 3496 comiti
729 3427 1101 3500 excubitorum
1149 3437 1356 3514 junxit,
1412 3448 1466 3500 et
1513 3439 1666 3494 lactis
1699 3440 1748 3494 ita

147 3532 364 3614 palatio
399 3530 616 3588 Martiite
643 3517 845 3614 nuptiis
866 3530 1027 3604 jussit
1058 3530 1172 3586 fieri
1205 3531 1383 3610 ludum
1413 3519 1746 3618 equestrem.

146 3636 174 3664 ι
210 3625 510 3684 Demarchi
535 3633 710 3688 autem
737 3623 1012 3696 utriusque
1041 3628 1204 3704 partis
1229 3626 1369 3696 apud
1401 3636 1629 3696 quatuor
1654 3641 1748 3682 co-

145 3719 378 3786 lumnas
407 3732 526 3774 eum
566 3713 928 3788 imperialibus
952 3719 1115 3790 signis
1144 3709 1441 3776 statuerunt
1474 3718 1663 3784 Prisci,
1689 3733 1752 3774 ac

143 3807 466 3888 Dementiae
487 3806 654 3876 signa.
685 3807 890 3888 Quibus
910 3807 1103 3868 auditis
1133 3807 1424 3878 imperatur
1450 3807 1614 3862 iratus
1644 3816 1747 3876 est,

141 3887 200 3962 et
239 3901 469 3954 mittens
512 3887 726 3956 adduxit
771 3890 1114 3970 demarchus,
1139 3901 1514 3970 Theophanem
1547 3899 1752 3958 scilicet

140 4004 199 4056 et
231 3993 575 4058 Pamphilum
600 4033 615 4058 ,
646 4001 702 4048 et
747 4002 983 4050 statuens
1017 3993 1206 4060 nudos,
1249 3993 1404 4064 jussit
1442 4008 1535 4050 eos
1567 3993 1748 4050 decol-

142 4091 286 4148 lari.
318 4086 456 4146 Cum
497 4087 636 4148 enim
669 4087 901 4150 misisset
947 4097 1394 4158 protocursorem,
1434 4097 1490 4144 ut
1522 4075 1749 4146 interro-

139 4187 316 4252 garet
357 4194 482 4240 eos.
515 4195 619 4249 quo
665 4179 1004 4250 praecipiente
1049 4179 1407 4242 fecerint‘hoc
1431 4223 1446 4246 ,
1479 4181 1748 4246 dixerunt,

142 4272 284 4350 guia
315 4270 610 4326 secundum
654 4271 1100 4338 consuetudinem
1124 4269 1150 4308 δ
1183 4270 1452 4328 lineatoris
1483 4271 1746 4336 fecerunt,

141 4347 336 4438 Porro
369 4361 672 4438 liueatnres,
696 4362 809 4434 sive
833 4376 1106 4422 mensores
1137 4364 1466 4432 interrogati,
1492 4377 1654 4434 quam
1682 4347 1751 4426 ob

144 4441 273 4510 rent
315 4451 364 4505 id
402 4451 947 4534 fecerint,dixerunt,
977 4453 1098 4530 quia
1134 4467 1257 4508 cum
1304 4453 1652 4519 imperatores
1687 4453 1752 4510 ab

1859 575 1983 626 dum
2015 571 2262 642 prodidit.
2293 573 2421 642 Quae
2451 575 2575 630 dum
2625 583 2982 646 torqueretur,
3014 571 3320 630 Romanum
3349 588 3435 644 pa-

1860 663 2067 720 tricium
2096 681 2256 722 nosse
2283 667 2718 724 interlocutioncs
2748 682 2870 722 suas
2920 656 3166 722 confessa
3196 674 3304 722 est.
3336 661 3438 732 Qui

1855 758 2305 828 comprehensus,
2340 769 2496 829 atque
2542 757 2833 826 discussus,
2866 757 3030 814 etiam
3072 753 3206 813 alios
3238 745 3352 814 l’ore
3384 757 3434 811 in

1855 843 2074 907 insidias
2101 839 2397 924 tyrannidis
2425 853 2523 908 sibi
2551 845 2928 922 cuoperatores
2961 850 3245 922 perhibuit.
3275 847 3432 904 Com-

1854 946 2149 1014 preheitsus
2176 955 2257 1000 est
2286 955 2461 1002 autem
2499 941 2810 1010 Theodorus
2859 941 3097 1003 Orientis
3126 943 3434 1016 praefectus,

1851 1051 2008 1104 quem
2061 1049 2312 1110 tyrannus
2365 1037 2649 1103 interemit,
2685 1027 3018 1109 Helpidiique
3048 1035 3074 1074 ἀ
3103 1023 3266 1107 pedes
3299 1033 3432 1104 prte-

1851 1127 2054 1198 cidens,
2089 1128 2227 1182 hunc
2257 1123 2472 1186 tradidit
2501 1123 2603 1200 igni
2626 1173 2639 1197 ,
2675 1125 3079 1198 Romanumque
3124 1119 3431 1184 decollavit.

1851 1222 2020 1298 Porro
2048 1221 2448 1280 Constantinam
2494 1240 2613 1280 cum
2663 1211 2828 1280 iribus
2877 1211 3084 1277 filiabus
3115 1203 3166 1276 in
3197 1223 3315 1276 loco
3347 1219 3432 1276 ubi

1851 1305 2133 1372 Mauricius
2163 1305 2510 1388 interemptus
2533 1325 2635 1388 est,
2662 1307 2834 1388 giadio
2866 1313 3178 1370 trucidavit.
3208 1301 3431 1368 Germa-

1851 1405 1977 1464 num
2007 1403 2219 1472 autem,
2255 1416 2306 1462 et
2333 1405 2448 1476 ejus
2480 1407 2637 1460 tiliam
2665 1419 2757 1460 ore
2787 1401 3063 1459 machzerae
3088 1401 3310 1458 occidit.
3341 1399 3432 1456 Si-

1849 1489 2048 1556 militer
2074 1507 2128 1553 et
2154 1497 2410 1554 Joannem
2443 1495 2609 1553 Gizau
2641 1495 2941 1565 patricium,
2965 1501 3016 1549 et
3040 1485 3431 1556 Theodosium,

1849 1590 1938 1662 qui
1973 1599 1996 1626 °
2025 1589 2273 1646 Subdivm
2317 1589 2569 1658 dignitate
2615 1587 2906 1642 habebatur
2955 1577 3198 1658 insignis,
3224 1592 3278 1639 et
3325 1575 3430 1637 An-

1849 1679 2032 1738 dream
2085 1679 2105 1719 ί
2161 1682 2591 1747 Sanctucroben,
2645 1691 2699 1736 et
2749 1675 2910 1734 David
2967 1673 3434 1749 chartOphylacem

1857 1774 2173 1830 Hormisdre.
2195 1771 2390 1828 Eodem
2411 1769 2551 1826 anno
2573 1771 2749 1827 Persa:
2773 1762 3166 1826 transmeantes
3191 1761 3432 1836 Euphra-

1783 1821 1836 1902 n
1863 1875 1971 1932 ten,
2004 1876 2164 1919 totam
2195 1865 2438 1933 Syriam,
2469 1873 2523 1918 et
2551 1859 2908 1930 Palaestiuam,
2943 1869 2996 1916 et
3023 1851 3310 1916 Phoenicen
3343 1855 3437 1914 de-

1858 1951 2091 2031 populati
2122 1969 2264 2024 sunt,
2298 1955 2466 2013 multo
2497 1955 2547 2011 in
2577 1955 2835 2011 Romanis
2865 1953 3074 2009 excidio
3106 1955 3434 2022 perpetrato.

1857 2054 2012 2107 Anno
2042 2067 2170 2106 vero
2200 2052 2406 2120 imperii
2443 2047 2632 2106 Phocte
2664 2059 2815 2103 sexto
2857 2047 3074 2103 Priscus
3105 2045 3300 2102 lutueri
3328 2059 3434 2099 non

1856 2152 2123 2206 sustinens
2148 2159 2252 2204 tam
2285 2149 2477 2216 iniusta
2517 2144 2823 2208 homicidia,
2857 2137 3014 2214 quam
3046 2151 3238 2196 etetera
3277 2123 3436 2206 maia,

1856 2257 1976 2313 qua:
2001 2259 2030 2296 a
2057 2243 2230 2295 Phoce
2277 2241 2639 2309 patrabantur,
2672 2239 2888 2307 scripsit
2907 2236 2976 2290 ad
3009 2235 3310 2290 [laudium
3342 2247 3432 2302 pa-

1859 2335 2085 2398 tricium,
2115 2341 2168 2387 et
2211 2339 2490 2402 praetorem
2525 2329 2736 2394 Africae,
2769 2342 2873 2397 quo
2919 2325 3220 2381 Heraclium
3268 2323 3432 2378 lilium

1855 2431 2008 2480 suum
2029 2424 2342 2480 etNicetam
2374 2419 2537 2477 ﬁlium
2582 2422 2834 2491 Gregora:
2887 2419 3092 2489 patricii
3133 2418 3433 2488 subprazto-

1853 2531 1974 2572 rem
2007 2531 2168 2570 suum
2196 2516 2450 2578 mitteret,
2484 2521 2745 2583 quatenus
2775 2520 2959 2566 contra
2989 2510 3217 2564 Phocam
3251 2518 3433 2580 tyran-

1855 2625 1982 2665 num
2014 2609 2275 2664 venirent.
2311 2607 2572 2662 Audiebat
2600 2606 2741 2662 enitn
2771 2621 2893 2672 eum
2939 2603 3286 2658 rebellionem
3317 2617 3432 2655 me-

1856 2701 2012 2757 ditari
2042 2701 2093 2753 in
2117 2699 2320 2768 Africa,
2350 2698 2489 2752 unde
2520 2693 2616 2752 nec
2645 2681 2852 2766 navigia
2881 2698 2980 2750 hoc
3003 2709 3144 2747 anno
3175 2693 3435 2770 Constan-

1856 2777 2133 2864 tinopolim
2191 2789 2633 2848 conscenderunt.
2713 2785 2918 2846 Occidit
2983 2771 3158 2841 autem
3233 2771 3438 2841 Phucas

1855 2903 2068 2970 omnem
2124 2885 2490 2958 cognationem
2548 2881 2825 2949 Mauricii,
2877 2891 2933 2935 et
2976 2867 3432 2935 Commeutiolum

1857 2961 2094 3035 Thracia-
2138 2967 2440 3050 praetorem,
2474 2985 2527 3031 et
2553 2963 2687 3030 alios
2715 2974 2931 3028 multos.
2970 2969 3129 3027 Facta
3164 2969 3245 3024 est
3274 2961 3434 3022 etiam

1859 3069 2152 3128 mortalitas
2197 3071 2249 3124 in
2309 3084 2448 3123 anno
2501 3070 2622 3132 isto,
2663 3075 2713 3122 et
2760 3063 2937 3133 inepia
2992 3057 3166 3118 omnis
3214 3049 3432 3131 speciei.
3529 3050 3537 3058 ’

1863 3163 2124 3220 Ρτωιθι·θθ
2155 3163 2350 3228 Perste,
2378 3176 2479 3214 una
2505 3175 2624 3214 cum
2646 3147 2930 3228 Cardariga
2954 3155 3154 3226 egressi
3178 3141 3436 3222 ceperunt

1861 3239 2188 3319 Armeniam,
2211 3263 2263 3307 et
2294 3252 2705 3320 Cappadociam,
2739 3259 3142 3328 pttgn:tt_ttesqtte
3166 3245 3437 3302 Romano-

1861 3265 2188 3319 Armetuatu,
2211 3265 2263 3307 et
2294 3265 2705 3320 uappauocmm,
2739 3265 3032 3328 pugnantes
3077 3265 3142 3310 ue
3168 3265 3434 3302 nomauo-

1856 3331 1976 3420 rum.
2021 3355 2292 3402 verterunt
2343 3343 2600 3420 militias,
2634 3323 2994 3412 ceperuutq'ue
3037 3265 3304 3394 ίὲθιειιῐειιη
3331 3380 3346 3403 ,
3381 3335 3434 3390 et

1857 3427 2290 3510 Paphlagoniam,
2317 3449 2368 3491 et
2400 3443 2662 3492 venerunt
2689 3451 2854 3505 usque
2875 3431 3294 3496 Chalcedonem,
3319 3432 3435 3484 sine

1859 3533 2112 3608 parcitate
2151 3527 2536 3604 depopulantes
2567 3521 2781 3583 omnem
2815 3537 3050 3580 aetatem.
3105 3511 3169 3580 Et
3213 3515 3266 3577 hi
3313 3519 3434 3594 Qui-

1853 3605 1974 3680 dcm
2024 3615 2149 3680 loris
2181 3632 2390 3694 portam
2435 3619 2686 3677 Ronuanis
2729 3617 3064 3690 tyrannidem
3115 3605 3432 3669 inferebant.

1854 3703 2060 3774 Phocas
2087 3732 2218 3773 vero
2241 3715 2321 3769 his
2341 3714 2518 3786 pejora
2548 3707 3136 3778 intrinsecuspatrahat
3157 3703 3430 3772 occidens,

1855 3821 2014 3878 atque
2043 3809 2334 3878 captivans.
2387 3807 2540 3860 Anno
2583 3793 2790 3872 imperii
2842 3791 3032 3878 Pherae
3063 3800 3288 3869 septimo
3320 3799 3432 3854 Att-

1855 3877 2086 3955 tiocheni
2110 3877 2320 3965 Judaei,
2348 3893 2621 3951 simul:ate
2669 3887 2899 3964 inquieta
2931 3877 3213 3946 comitiissa'
3248 3895 3432 3945 contra

1852 3991 2205 4064 Christianos,
2235 3988 2484 4044 occidunt
2537 3973 2871 4039 Anastasium
2923 3971 3164 4052 Magnum
3214 3977 3435 4049 patriai"-

1854 4079 2007 4137 cham
2043 4078 2367 4144 Antiochiaa,
2397 4079 2664 4132 mittentes
2703 4085 2945 4129 naturam
2974 4071 3092 4142 ejus
3121 4069 3172 4126 in
3203 4077 3265 4126 os
3290 4065 3430 4141 ejus,

1853 4183 1908 4230 et
1941 4183 2058 4242 post
2087 4169 2201 4227 haec
2248 4171 2519 4225 trahentes
2547 4183 2670 4224 eum
2705 4167 2756 4220 in
2789 4165 3012 4234 plateam
3045 4155 3212 4218 urbis.
3255 4157 3430 4215 luter—

1855 4266 2098 4322 feceruut
2139 4272 2317 4322 autem
2363 4271 2418 4318 et
2460 4257 2653 4316 civium
2703 4260 2931 4323 multos,
2978 4265 3031 4312 et
3081 4247 3434 4310 lucetidetuut

1853 4373 1966 4414 eos.
2001 4345 2204 4411 Phocas
2249 4368 2374 4409 vero
2415 4349 2541 4408 fecit
2575 4345 2825 4406 comitem
2855 4345 3087 4404 Urientis‘
3141 4343 3432 4411 Bondsum,

1857 4433 1910 4534 et
1935 4433 2126 4504 Chotin
2171 4448 2476 4526 magistrum
2511 4443 2768 4508 militum,
2804 4451 2857 4497 et
2898 4439 3188 4496 transmisit
3217 4453 3310 4494 eos
3338 4435 3436 4492 ad-

144 4544 417 4604 nmnibus
458 4529 711 4620 nominati
760 4555 901 4608 sunt,
935 4527 1034 4604 hoc
1065 4560 1092 4598 a
1124 4545 1276 4600 nobis
1324 4547 1450 4614 ipsis
1503 4533 1750 4620 fecimus.
1780 4553 1838 4626 Ῐ)
1864 4527 2046 4598 versus
2077 4541 2224 4603 illos,
2256 4537 2306 4594 et
2337 4529 2440 4592 nou
2473 4533 2745 4591 valuerunt
2789 4535 2976 4589 sedare
3008 4527 3428 4603 induietudinem

143 4641 310 4700 Sane
343 4635 556 4694 Priscus
585 4636 774 4690 timore
819 4637 1120 4705 tenebatur,
1153 4653 1218 4692 ne
1249 4637 1385 4692 forte
1414 4637 1750 4706 imperatoris

143 4732 301 4784 iram
353 4727 632 4784 incideret.
681 4727 872 4784 Turbis
921 4740 1098 4790 autem
1143 4729 1492 4786 clamantibus
1542 4732 1749 4786 veniam

139 4821 388 4882 concedi
434 4821 531 4875 sihi
560 4863 574 4890 ,
608 4823 816 4884 veniam
858 4821 1006 4880 dedit
1051 4821 1274 4884 Phocas.
1329 4822 1405 4878 Ex
1455 4833 1578 4884 tunc
1626 4841 1752 4896 ergo

139 4915 387 4980 Priscus
425 4911 842 4987 indignationem
887 4927 1094 4986 passus,
1139 4930 1244 4976 uou
1287 4925 1400 4974 erat
1449 4928 1592 4972 recte
1631 4905 1751 4978 cuni

138 5008 383 5072 Phoca.
411 5005 611 5076 Interea
639 5006 880 5078 quaedam
923 5007 1111 5072 mulier
1141 5005 1391 5064 Petronis
1423 5009 1664 5075 notitiae,
1695 5010 1753 5070 ﬁt

135 5096 500 5171 imperatrici
527 5096 888 5166 Ceustantinze
917 5099 1178 5164 ministra,
1200 5114 1317 5170 quae
1339 5098 1406 5152 ad
1427 5093 1749 5162 Germanum

137 5201 429 5262 responsa
459 5187 678 5263 ferebat.
731 5187 896 5248 Porro
927 5203 1046 5258 cum
1077 5185 1218 5244 fama
1247 5189 1581 5256 dilataretur,
1612 5191 1750 5262 quod

135 5282 512 5348 Theodosius
557 5282 794 5342 Mauricii
827 5283 968 5338 lilius
996 5284 1217 5352 viveret,
1249 5301 1402 5358 spem
1427 5286 1618 5344 bonam
1647 5296 1750 5344 tam

133 5373 546 5458 peristautina,
574 5389 728 5450 quam
756 5372 1054 5436 Germanus
1087 5377 1335 5446 habebat,
1384 5377 1454 5436 At
1482 5392 1611 5434 vero
1641 5391 1756 5432 scc-

136 5471 298 5524 lesla
331 5461 583 5528 Petrottia
611 5465 726 5524 haec
749 5474 974 5538 tyranno
998 5468 1278 5530 manifesta
1305 5468 1448 5530 t‘ecit.
1479 5470 1546 5528 At
1573 5479 1754 5542 tyran-

234 5621 498 5752 :leZouar.
530 5623 839 5704 δημάρχους
885 5619 1264 5700 interpretatur
1307 5619 1534 5685 itibunor
1575 5607 1748 5696 plebis,

132 5707 332 5760 male.

233 5771 263 5810 δ
299 5769 385 5824 ΑΙ.
399 5808 414 5831 ,
444 5771 710 5825 Ιὶηεαιὶνω.

240 5848 263 5881 ε
297 5842 411 5918 Ah,
442 5839 836 5920 Thaoprmpto,

1861 4627 2093 4692 illorum.
2144 4631 2530 4686 Coacervantes
2575 4643 2700 4682 vero
2743 4621 3011 4682 exercitus
3061 4620 3332 4680 irritet-Urit
3377 4624 3432 4678 in

1856 4729 1996 4791 illos,
2028 4734 2082 4780 et
2111 4723 2362 4794 plurimos
2391 4719 2720 4786 occiderunt,
2747 4728 2800 4774 et
2828 4720 3084 4790 quosdam
3115 4715 3300 4774 eorum
3334 4717 3430 4771 de-

1857 4807 2114 4876 truncatis
2168 4815 2420 4884 artubus,
2465 4813 2533 4870 ab
2573 4813 2702 4870 urbe
2757 4805 3103 4868 reddideruitt
3161 4811 3426 4866 eitorreat.

1855 4895 2063 4969 Phocas
2109 4907 2285 4965 autem
2334 4893 2459 4962 fecit
2505 4897 2810 4961 Circensetu
2859 4899 3042 4958 iudiitn
3073 4945 3086 4966 ,
3121 4909 3172 4956 et
3224 4893 3434 4954 Prasini

1855 4989 2109 5058 conviciis
2145 5017 2264 5055 cum
2317 5001 2577 5055 lacessere
2612 4997 2902 5051 clamantes
2929 5014 2944 5049 :
2975 4982 3165 5049 lterum
3201 4987 3251 5046 in
3286 5001 3312 5039 ε
3343 5003 3436 5058 ga-

1856 5071 2005 5152 basta
2055 5093 2270 5151 bibisti?
2317 5093 2502 5148 iterum
2551 5105 2764 5145 sensum
2817 5079 3136 5156 perdidisti?
3186 5085 3248 5139 Et
3276 5081 3430 5151 jussu

1855 5187 2050 5244 Phoca:
2077 5177 2271 5240 Comas
2302 5181 2583 5254 praefactus
2612 5179 2758 5234 urbis
2791 5181 2981 5234 multos
3010 5175 3072 5231 αἱ
3105 5173 3183 5230 eis
3213 5171 3434 5230 ddtrttn-

1855 5263 2011 5344 cavit,
2045 5271 2299 5350 quosdam
2349 5269 2475 5330 vero
2520 5267 2817 5338 decollavit,
2853 5272 3135 5326 nonnullos
3161 5269 3339 5323 autem
3382 5267 3435 5321 In

1856 5355 2040 5442 saccos
2072 5355 2261 5424 inissos
2291 5369 2421 5422 mari
2451 5351 2674 5421 necavit.
2706 5367 2864 5420 Porro
2908 5359 3112 5417 l-‘rasini
3132 5355 3430 5416 coactimti

1855 5454 2116 5544 miseruui
2133 5457 2304 5534 ignem
2324 5457 2374 5514 in
2404 5449 2726 5530 pnetoriuu't',
2749 5467 2802 5512 et
2827 5451 3178 5512 incenderunt
3197 5447 3426 5520 ciiHilit'i,

1927 5625 1952 5664 «³
1979 5624 2060 5680 Al.
2075 5664 2087 5684 ,
2117 5617 2382 5675 uerberans
2405 5621 2587 5668 manus
2606 5649 2620 5678 ,
2645 5627 2709 5666 aa
2729 5615 2900 5683 pedes.

1931 5691 2534 5762 ειη,ξιιωιιίέιιιιιιι.εΔ
2633 5757 2658 5762 _
2711 5741 2716 5747 .
2787 5757 2798 5762 Α
2847 5741 2850 5746 ,

1932 5765 1951 5806 τ
1985 5757 2093 5830 AL,
2123 5760 2443 5819 Scambram.
2475 5757 2586 5830 Al_.,
2621 5757 2946 5830 scombrum.

1929 5848 1953 5894 ι
1985 5827 2231 5906 Niceno.
2259 5829 2407 5902 svnt;
2439 5835 2488 5891 δᾴ
2517 5828 2608 5900 η.
2640 5827 2894 5890 6M0.
