3956 6342
1428 300 1633 359 PAULI
1673 300 1941 361 DIACONI
1982 302 2134 360 OPP.
2175 302 2355 361 PARS
2392 303 2435 359 Ι.
2470 331 2539 345 -
2578 303 2964 361 HISTOBICA.

3605 326 3704 384 lim

566 431 621 479 et
640 420 859 486 scrinia,
887 427 941 475 et
961 433 1226 485 carceres,
1252 433 1320 476 ex
1344 418 1536 490 quibus
1562 419 1763 490 egressi
1796 420 1955 473 vincti
1985 419 2135 489 fuge-
2167 421 2223 483 Α
2244 419 2476 489 Contigit
2518 429 2695 477 autem
2742 398 2852 477 illic
2900 422 3130 478 inveniri
3188 424 3489 488 Anastasium
3524 443 3707 501 comitem

564 524 708 572 runt.
757 514 888 570 llinc
918 514 1085 569 iratus
1114 514 1343 578 Pbocas,
1373 523 1400 550 ι
1433 528 1539 569 non
1569 528 1663 567 eos
1714 512 1943 569 militare
1966 512 2141 583 jubet.

563 608 729 663 Porro
777 606 1052 662 Heraclius
1093 617 1289 677 praetor
1314 606 1510 661 Africa:
1538 606 1810 660 molestias
1841 608 2145 675 perpetiens

561 716 590 753 a
621 709 829 765 senatu,
858 699 1062 753 vocavit
1088 697 1249 751 lilium
1272 711 1429 752 suum
1454 697 1758 752 Heraclium
1787 705 1973 752 contra
2005 696 2144 752 Pho-

562 805 677 844 cam
711 798 991 858 tyrannum
1023 787 1358 844 mittendum.
1400 788 1594 843 Verum
1624 798 1676 844 et
1701 788 2002 858 subpraator
2028 788 2145 858 ejus

563 880 828 949 Gregoras
850 880 992 934 misit
1023 895 1116 950 per
1137 880 1339 935 aridam
1368 881 1604 937 Nicetant
1630 881 1797 936 lilium
1828 897 2006 950 suum,
2038 892 2143 936 sta-

564 979 771 1026 tuentes
800 980 859 1026 ut
884 973 1188 1040 quicunque
1208 987 1272 1026 ex
1305 974 1388 1028 his
1416 974 1753 1043 praeveniret,
1780 983 1832 1030 et
1857 982 2145 1044 tyrannum

561 1071 859 1129 superaret,
895 1063 1174 1131 imperium
1205 1076 1459 1120 sumeret.
1507 1065 1617 1119 Hoc
1644 1080 1772 1119 vero
1799 1080 1940 1119 anno
1972 1065 2146 1120 hiems

562 1153 799 1207 enormis
840 1153 1087 1219 efﬁcitur,
1121 1154 1190 1207 ita
1240 1162 1301 1208 ut
1345 1155 1506 1208 maris
1558 1154 1806 1209 mollities
1856 1155 1908 1208 in
1954 1153 2146 1223 glaciei

562 1244 812 1299 duritiam
843 1255 1158 1301 verteretur.
1192 1245 1326 1300 Tum
1362 1247 1562 1300 Pltocas
1590 1246 1912 1300 Macrobium
1944 1230 1969 1281 ί)
1996 1244 2145 1300 Scri-

563 1335 778 1390 boniutn
803 1335 960 1406 jussit
986 1337 1223 1406 sagittari
1268 1337 1406 1407 apud
1450 1337 1793 1404 Septimium,
1826 1338 2143 1407 pendentem

564 1429 618 1483 in
659 1429 862 1496 lancea,
912 1432 962 1484 in
1007 1446 1110 1497 qua
1154 1431 1354 1485 tirones
1380 1431 1787 1493 exercebantur,
1822 1431 1972 1498 quasi
2019 1444 2148 1484 con-

565 1522 733 1576 scium
758 1521 1068 1577 insidiarum
1092 1537 1330 1577 suarum.
1365 1522 1677 1578 Theodorus
1701 1523 1841 1576 enim
1865 1521 2147 1588 praefectus

562 1610 848 1680 Cappadox
874 1654 890 1679 ,
922 1622 977 1666 et
1023 1612 1300 1682 Helpidius
1348 1613 1667 1683 prmpositus
1716 1613 2062 1675 armamenti,
2091 1621 2147 1668 et

564 1702 656 1756 alii
693 1702 895 1758 diversi
938 1704 1217 1758 consilium
1260 1704 1499 1759 fecerunt
1546 1706 1598 1759 in
1628 1704 1980 1773 hippodromo
2009 1703 2149 1756 Pho-

2247 511 2609 605 largitionum.
2644 512 2873 568 Prandio
2898 530 3026 605 ergo
3048 515 3209 584 facto,
3231 529 3282 575 et
3303 527 3530 581 enarratis
3552 531 3617 587 his
3632 552 3712 605 qua

2247 600 2560 656 insidiarum
2605 611 2781 668 erant,
2815 604 3064 672 paenituit
3107 607 3426 667 Anastasiurn
3467 600 3713 681 illicse'n.

2246 704 2477 762 pertum,
2508 704 2562 749 et
2592 712 2698 749 non
2748 695 2884 751 dixit
2911 713 3031 766 qtne
3056 698 3200 753 cordi
3229 714 3321 756 suo
3346 704 3544 771 inerant,
3572 715 3643 767 sed
3664 718 3715 770 si-

2247 787 2363 840 luit.
2425 789 2493 841 At
2544 802 2673 843 vero
2732 787 3005 858 llelpidius
3060 790 3370 858 perdurabat
3420 797 3717 861 dicens:Non

2246 878 2408 934 vultis
2436 889 2493 934 ut
2527 894 2648 935 cum
2697 881 2897 935 sederit
2929 882 2981 935 in
3032 883 3167 936 solio
3195 899 3345 953 super
3382 886 3718 963 hippodromum,

2248 974 2389 1029 hunc
2426 973 2902 1042 comprehendam,
2927 982 2982 1027 et
3010 965 3236 1030 evellam
3264 978 3429 1033 oculos
3464 983 3578 1049 ejus,
3603 998 3641 1039 et
3671 991 3720 1045 sic

2247 1080 2369 1120 eum
2398 1065 2751 1119 interficiant?
2783 1065 2849 1119 Et
2874 1066 3223 1134 pollicebatur
3252 1068 3326 1122 eis
3352 1071 3464 1127 dare
3487 1089 3649 1131 currus.
3673 1080 3721 1136 lle

2248 1170 2506 1228 praeterea
2552 1158 2742 1213 Phoce
2773 1170 2894 1213 nota
2927 1176 2990 1214 ex
3024 1159 3316 1228 proditione
3346 1166 3575 1220 Anastasii
3611 1169 3721 1237 facta,

2244 1250 2405 1318 jussit
2434 1248 2768 1318 praefectum,
2795 1262 2847 1304 et
2881 1249 3197 1317 Helpidiutn,
3229 1262 3279 1304 et
3304 1255 3535 1323 primores
3558 1259 3625 1325 qui
3653 1261 3723 1313 sci-

2250 1349 2437 1396 verant
2488 1356 2624 1406 rem,
2656 1357 2781 1395 cum
2824 1344 2969 1395 omni
3019 1342 3288 1409 diligentia
3331 1344 3523 1400 discuti.
3560 1349 3725 1418 Cumque

2249 1433 2645 1488 discuterentur
2673 1450 2791 1500 qua:
2836 1433 3147 1487 insidiarum
3181 1436 3381 1490 fuerant
3407 1440 3599 1493 confessi
3629 1454 3726 1510 sunt,

2249 1534 2304 1579 et
2355 1525 2495 1592 quod
2558 1524 2898 1578 Theodorum
2956 1525 3223 1579 voluerint
3271 1527 3435 1581 facere
3496 1531 3726 1597 principem.

2253 1615 2416 1670 Porro
2466 1615 2671 1669 Pltocas
2715 1615 2878 1684 jussit
2922 1616 3178 1671 decollari
3227 1618 3572 1687 Theodorum,
3610 1622 3724 1692 Helpi-

2252 1708 2417 1773 diutn,
2451 1710 2811 1777 Anastasiutn,
2843 1720 2897 1764 et
2936 1718 3162 1783 caeteros
3208 1712 3296 1781 qui
3335 1712 3536 1768 insidias
3557 1730 3729 1770 suasco-

563 1807 678 1847 cam
709 1791 1009 1848 occidendi.
1055 1793 1121 1848 Et
1163 1791 1305 1848 facto
1349 1794 1570 1864 prandio
1615 1793 1931 1848 Theodorus
1964 1802 1987 1831 ο
2019 1807 2153 1862 pra:-
2184 1784 2234 1846 Β
2261 1810 2574 1871 gttoveram.

565 1885 767 1953 positus
796 1886 1011 1956 praetori
1051 1887 1213 1956 coepit
1255 1886 1332 1941 eis
1378 1897 1562 1942 texere
1590 1886 1943 1941 intentionem
1972 1898 2146 1940 suam.

635 2004 660 2070 ξ’
687 1996 797 2070 Al.,
831 2014 933 2070 agon
961 1999 1179 2070 militare
1204 1997 1451 2053 Prasinos
1466 2000 1634 2070 jubet.

632 2064 661 2105 δ
689 2068 803 2137 AL,
832 2067 1156 2126 Scribarum.

2335 2008 2355 2034 ο
2392 1998 2452 2052 Ρ.
2482 1997 2650 2065 Pith.,
2679 2002 2946 2072 praefectus
2974 2006 3237 2074 pratorio.

594 2233 3735 2259 ww

1513 2370 1819 2447 LIBER
1869 2368 2325 2448 DECIMUS
2382 2370 2879 2451 OCTAVUS.

1154 2619 1563 2678 HERACLIUS.

636 2722 792 2778 Anno
841 2719 910 2774 ab
956 2717 1327 2773 lucarnatione
1360 2717 1573 2773 Domini
1614 2718 1737 2784 602,
1771 2719 2050 2775 Heraclius
2094 2722 2147 2776 in

566 2814 744 2869 Africa
774 2813 1064 2879 imperator
1106 2809 1426 2879 appellatus,
1452 2809 1600 2864 venit
1628 2824 1746 2864 cum
1798 2812 2020 2865 navibus
2048 2825 2148 2865 ca-

566 2907 806 2970 stellatis,
840 2903 1162 2960 habentibus
1212 2903 1350 2957 intra
1401 2918 1461 2958 se
1509 2904 1721 2958 arculas
1747 2945 1760 2966 ,
1794 2904 2150 2972 etrimagines

568 2998 659 3052 Dei
687 2998 890 3061 matris,
912 2995 1359 3066 quemadmodum
1392 2996 1635 3067 pyxides.
1670 3001 1694 3027 “
1728 2996 1989 3065 Georgius
2018 3012 2151 3067 quo-

2257 2625 2308 2680 in
2338 2626 2655 2695 Angustam,
2687 2634 2741 2678 et
2783 2623 2988 2693 accepit
3019 2634 3245 2695 uterque
3277 2639 3305 2677 a
3333 2623 3504 2693 Sergio
3531 2621 3742 2691 patriarcha

2256 2720 2558 2789 nuptiarum
2588 2733 2836 2784 coronas,
2871 2728 2923 2772 et
2954 2734 3057 2773 uno
3100 2719 3398 2787 eodemque
3435 2718 3512 2772 die
3536 2719 3742 2784 imperator

2255 2812 2412 2865 simul
2440 2822 2489 2865 et
2520 2827 2749 2882 sponsus
2773 2812 3088 2867 ostenditur.
3135 2812 3319 2868 Mense
3348 2827 3470 2867 vero
3505 2811 3604 2866 Maii
3626 2819 3743 2865 castra

2256 2914 2536 2958 moverunt
2588 2904 2764 2959 Persm
2808 2914 2992 2959 contra
3041 2904 3251 2975 Syriam
3277 2947 3293 2969 ,
3325 2915 3378 2960 et
3404 2903 3430 2942 ι)
3459 2912 3664 2973 ceperunt
3684 2901 3743 2954 Ca-

2261 3009 2491 3060 pcssam,
2521 3005 2574 3049 et
2606 2995 2884 3062 Edessam,
2918 3005 2972 3050 et
2997 3006 3262 3051 venerunt
3290 3011 3453 3066 usque
3478 2994 3744 3051 Antiochiam.

567 3107 668 3162 que
698 3089 1006 3158 perhibetur
1028 3088 1232 3143 ducens
1252 3089 1546 3142 exercitum
1574 3090 1847 3157 copiosum
1878 3091 1945 3143 ab
1978 3090 2149 3145 Africa
2182 3094 2228 3155 Ο
2261 3087 2426 3141 Porro
2451 3087 2676 3141 Romani
2702 3097 3044 3144 occurrentes
3070 3090 3150 3144 eis
3181 3092 3414 3161 superati
3442 3100 3569 3153 sunt,
3590 3095 3628 3141 et
3648 3083 3745 3154 perii!

567 3191 621 3237 et
650 3182 963 3237 Mauritania
991 3181 1224 3235 venisse.
1256 3179 1513 3234 Similiter
1553 3187 1609 3235 et
1641 3180 1820 3234 Niceta
1858 3182 1996 3236 filius
2017 3182 2153 3237 Gre-

568 3290 709 3346 gorae
753 3273 961 3343 patricii
1004 3288 1100 3343 per
1144 3273 1522 3327 Alexandriam
1575 3283 1627 3329 et
1675 3273 2027 3344 Pentapolim,
2063 3278 2155 3330 ha-

571 3369 702 3425 bens
743 3382 927 3423 secum
954 3366 1179 3420 multum
1214 3367 1465 3436 populum
1494 3368 1818 3436 pedestrem.
1851 3370 2155 3438 Desponsa-

568 3471 720 3518 verat
774 3471 952 3516 autem
1009 3459 1283 3515 Heraclius
1350 3460 1678 3515 Eudochiam
1740 3461 1896 3515 ﬁliam
1958 3462 2147 3531 Rogati

570 3555 702 3621 Afri,
730 3570 851 3625 quae
879 3554 968 3609 illo
994 3562 1231 3643 tempore
1252 3552 1712 3623 Constantinopoli
1735 3564 1869 3616 erat.
1901 3571 2002 3610 una
2032 3571 2154 3610 cum

570 3643 866 3715 Epiphania
914 3653 1082 3699 matre
1132 3644 1380 3699 Heraclii.
1434 3644 1669 3700 Audiens
1718 3654 1894 3701 autem
1949 3646 2155 3703 Phocas

570 3738 708 3809 quod
755 3746 922 3792 mater
968 3734 1198 3791 Heraclii
1242 3736 1293 3790 in
1342 3736 1556 3790 civitate
1599 3745 1779 3800 esset,
1812 3752 1911 3791 nec
1949 3752 2054 3790 non
2102 3746 2153 3792 et

572 3829 868 3895 Eudochia,
895 3843 1014 3899 quas
1040 3828 1142 3884 sibi
1186 3827 1358 3882 fuerat
1387 3829 1731 3895 desponsata,
1766 3831 1933 3882 tenuit
1961 3843 2071 3893 eas,
2102 3838 2155 3884 et

570 3921 872 3980 observavit
893 3922 945 3978 in
974 3920 1240 3976 dominico
1267 3920 1608 3985 monasterio,
1637 3920 1779 3988 quod
1810 3921 2155 3989 cognomina-

571 4024 658 4069 tur
684 4014 844 4070 Novaa
876 4014 1221 4084 paenitentiae.
1254 4010 1387 4065 Cum
1419 4019 1597 4065 autem
1628 4011 1829 4066 abisset
1878 4012 2154 4067 l-leraclius

570 4109 824 4173 Abidum,
852 4106 1053 4162 invenit
1096 4106 1434 4161 Theodorum
1484 4107 1734 4160 comitem
1765 4107 1937 4173 Abidi,
1970 4118 2022 4161 et
2051 4107 2156 4163 soi-

569 4202 789 4257 scitatus
816 4200 883 4256 ab
910 4215 999 4267 eo,
1025 4199 1211 4253 didicit
1230 4215 1347 4267 qua:
1375 4198 1836 4267 Constantinopoli
1869 4200 2152 4252 moveban-

568 4304 675 4350 tur.
708 4295 775 4350 At
800 4308 929 4348 vero
953 4292 1160 4348 Pttocas
1205 4293 1352 4346 misit
1384 4290 1599 4346 fratrem
1647 4305 1801 4345 suum
1848 4291 2155 4346 Domentio-

570 4391 678 4445 lum
704 4387 1016 4456 magistrum
1040 4386 1105 4440 ad
1127 4383 1511 4439 custodiendos
1543 4399 1726 4439 muros
1753 4385 1965 4451 longos.
1997 4383 2157 4440 Clll-

2262 3180 2433 3233 omnis
2469 3180 2695 3247 populus
2728 3179 3087 3234 Romanorum
3111 3221 3127 3246 ,
3154 3183 3291 3236 adeo
3323 3194 3377 3233 nt
3404 3180 3543 3233 valde
3569 3178 3681 3248 pauci
3709 3190 3748 3228 ex

2259 3269 2342 3323 his
2371 3270 2678 3326 evaderent.
2712 3271 2866 3323 Anno
2896 3286 3022 3325 vero
3055 3271 3269 3340 imperii
3308 3272 3522 3327 ileraciii
3564 3265 3743 3328 secundo,

2257 3371 2514 3432 ceperunt
2562 3363 2739 3418 Persa:
2777 3361 3078 3418 Caesaream
3123 3364 3495 3433 Cappadociae,
3520 3372 3565 3416 et
3595 3357 3748 3429 plurima

2258 3474 2320 3513 ex
2353 3472 2413 3511 ea
2440 3458 2644 3526 captiva
2677 3458 2944 3512 duxerunt
2986 3459 3175 3514 millia.
3230 3459 3498 3515 Heraclius
3525 3463 3661 3509 autem
3691 3452 3749 3502 im-

2261 3556 2470 3616 perator
2522 3546 2722 3604 invenit
2777 3549 3033 3602 dissoluta
3096 3551 3235 3618 reip.
3291 3549 3513 3620 negotia.
3557 3541 3749 3613 Siquidem

2260 3641 2527 3711 Europam
2572 3641 2776 3695 Avares
2822 3640 3104 3695 reddidere
3149 3638 3631 3696 desertamzAsiam
3666 3645 3747 3683 vero

2261 3743 2422 3785 totam
2470 3731 2653 3785 Persae
2680 3733 3196 3797 externtinaverunt,
3222 3743 3277 3787 et
3306 3733 3534 3785 civitates
3559 3723 3751 3780 desolate

2258 3834 2400 3891 runt,
2427 3835 2479 3880 et
2504 3825 2657 3879 Rom.
2687 3825 2737 3879 in
2769 3825 2924 3880 bellis
2954 3826 3251 3887 exercitum
3283 3826 3644 3880 interemerunt.
3668 3811 3751 3878 Qui-

2260 3920 2355 3972 bus
2384 3919 2515 3971 visis
2547 3918 2796 3971 haesitare
2823 3919 2984 3981 cmpit
3009 3918 3135 3986 quid
3166 3926 3352 3988 ageret
3380 3935 3392 3969 :
3419 3924 3630 3971 scrutatis
3654 3917 3751 3958 exeo

2258 4010 2420 4064 citum
2450 4010 2492 4062 si
2524 4008 2660 4063 forte
2702 4011 2880 4063 salvus
2910 4012 3187 4075 existeret,
3225 4012 3363 4063 duos
3410 4018 3592 4062 tantum
3616 3994 3751 4054 inveni!

2258 4118 2322 4154 ex
2368 4102 2616 4155 omnibus
2651 4101 2753 4168 Itis,
2780 4102 3021 4169 quicum
3064 4101 3247 4173 Phoca
3298 4108 3479 4155 contra
3526 4089 3748 4149 Mauricium

2260 4192 2311 4245 in
2345 4192 2626 4260 tyrannide
2669 4191 2981 4246 tnilitarunt.
3015 4192 3222 4246 Eodem
3256 4208 3400 4246 anno
3429 4200 3566 4243 natus
3601 4194 3662 4238 est
3693 4181 3752 4230 im.

2259 4282 2491 4350 peratori
2523 4283 2660 4337 filius
2692 4283 2758 4337 de
2804 4283 3078 4337 Eudochia
3129 4283 3409 4337 Heraclius
3452 4281 3621 4341 minor,
3645 4270 3754 4342 quia

2258 4374 2438 4429 Novus
2489 4373 2867 4430 Constantinus
2913 4378 3212 4444 appellatus
3261 4386 3375 4440 est,
3403 4385 3458 4431 et
3512 4379 3675 4427 mortua
3703 4367 3755 4414 est

571 4495 674 4550 que
716 4479 1071 4546 comperisset
1111 4475 1409 4530 Heraclium
1450 4476 1677 4529 Abidum
1728 4474 1946 4540 abiisse,
1988 4476 2155 4531 muris
2182 4484 2235 4545 ι)
2262 4470 2494 4536 Augusta
2523 4469 2709 4522 eadem
2737 4469 3021 4523 indictione
3044 4470 3229 4537 quinta
3250 4469 3477 4523 decima.
3498 4463 3649 4518 Tertio
3664 4463 3754 4550 antis

571 4569 803 4626 dimissis
831 4569 994 4639 fugit,
1028 4576 1084 4623 et
1132 4567 1365 4621 introivit
1408 4567 1943 4637 Constantinopolim.
1982 4567 2150 4625 Porro

573 4660 851 4718 Heraclius
881 4659 1017 4728 apud
1046 4658 1275 4713 Abidum
1307 4660 1505 4727 recepit
1532 4674 1718 4712 omnes
1748 4660 1961 4713 exsules
2001 4660 2150 4724 prin-

570 4755 741 4821 cipes,
769 4766 903 4824 quos
945 4751 1137 4806 ibidem
1185 4749 1387 4803 Phocas
1435 4749 1767 4818 relegaverat
1797 4750 1847 4802 in
1878 4750 2151 4818 exsilium,

569 4856 624 4905 et
665 4846 911 4931 ascendit
952 4857 1076 4899 cum
1122 4843 1201 4898 eis
1246 4840 1568 4896 Heracliam.
1627 4840 1930 4909 Stephanus
1973 4850 2150 4896 autem

570 4939 733 4998 Cizici
761 4937 1123 5006 metropolites
1150 4945 1425 5004 acceptum
1452 4943 1676 4988 stemma
1702 4942 1901 4987 sancta:
1934 4932 2023 4985 Dei
2053 4947 2152 5003 ge-

571 5031 777 5090 nitricis
805 5031 982 5087 Maria:
1011 5028 1079 5084 de
1108 5029 1329 5083 ecclesia
1360 5026 1550 5082 detulit
1578 5025 1842 5079 Heraclio.
1886 5023 2152 5080 Praeterea

570 5140 690 5182 cum
720 5120 1228 5190 ConstantinOpolim
1261 5118 1621 5189 pervenisset,
1654 5116 1871 5169 divcrlil
1918 5115 1984 5169 ad
2032 5132 2153 5186 por-

572 5227 683 5273 tum
726 5215 968 5285 SOphiaa,
1000 5213 1239 5281 initoque
1270 5211 1408 5266 bello
1430 5250 1445 5274 ,
1472 5209 1600 5264 vicit
1645 5208 1813 5277 gratia
1844 5207 2040 5261 Christi
2074 5216 2154 5278 ty-

573 5322 823 5364 rannum.
872 5304 1069 5375 Vulgus
1098 5311 1273 5357 autem
1319 5303 1460 5355 hunc
1488 5298 1933 5368 comprehensum
1987 5300 2153 5354 inter-

576 5401 838 5467 fecerunt,
864 5406 918 5454 et
946 5398 1066 5467 igne
1094 5394 1229 5463 apud
1255 5394 1485 5449 Taurum
1515 5400 1909 5449 cremaverunt.
1940 5390 2153 5461 Ingres-

575 5508 668 5549 sus
704 5506 832 5561 ergo
881 5489 1154 5545 Heraclius
1187 5488 1402 5558 regalia,
1431 5495 1718 5544 coronatus
1763 5491 1847 5538 est
1892 5499 1922 5537 a
1963 5483 2155 5553 Sergio

577 5585 873 5659 patriarcha
899 5584 952 5638 in
993 5584 1230 5637 oratorio
1252 5583 1420 5637 sancti
1446 5578 1700 5649 Stephani
1724 5578 1775 5634 in
1808 5577 2005 5647 palatio
2027 5578 2152 5632 situ.

575 5680 838 5739 Coronata
867 5687 947 5731 est
973 5691 1103 5731 vero
1147 5675 1334 5731 eodem
1377 5673 1465 5730 die
1496 5671 1770 5727 Eudocttia
1813 5684 2010 5743 sponsa
2038 5669 2155 5739 ejus

649 5808 671 5835 ³
706 5799 819 5867 AL,
845 5811 899 5854 tu
919 5793 1171 5865 Gurgitis
1191 5809 1388 5862 quoque
1419 5792 1662 5863 perhibet.

2259 4558 2467 4627 imperii
2499 4559 2727 4613 Heraclii
2759 4571 3011 4613 coronata
3042 4569 3124 4613 est
3158 4559 3455 4628 Epiphania
3483 4555 3574 4609 filia
3598 4539 3755 4605 Heraclii

2255 4665 2283 4703 a
2311 4651 2495 4719 Sergio
2523 4651 2817 4718 patriarcha
2863 4652 2917 4704 in
2945 4655 3238 4719 Augustam
3272 4652 3325 4703 in
3365 4645 3582 4701 oratorio
3615 4630 3753 4708 palllii-

2258 4741 2460 4795 Eodem
2490 4756 2617 4794 vero
2644 4739 2810 4809 prima
2836 4740 3121 4794 indictione
3145 4752 3441 4794 coronatus
3462 4747 3535 4793 est
3558 4727 3756 4787 Heraclitﬂ

2250 4830 2429 4900 junior
2451 4831 2593 4885 ﬁlius
2624 4830 2869 4895 Heraclii,
2894 4834 2981 4901 qui
3012 4840 3066 4885 et
3093 4830 3502 4892 Constantinus,
3525 4839 3551 4878 a
3576 4817 3755 4892 ριέάίειθ

2257 4922 2575 4991 patriarcha.
2610 4923 2806 4976 Eodem
2830 4939 2968 4976 anno
2981 4919 3250 4977 Saraceni
3277 4923 3439 4977 etiam
3462 4920 3608 4973 aciem
3630 4916 3755 4963 contra

2254 5014 2462 5084 Syriam
2510 5011 2818 5067 direxerunt
2842 5054 2858 5079 ,
2890 5023 2944 5067 et
2982 5013 3361 5068 exterminatis
3408 5002 3640 5065 nonnullis
3673 4991 3756 5048 vicis

2256 5104 2456 5159 reversi
2485 5112 2627 5157 sunt.
2654 5105 2807 5158 Anno
2829 5102 3035 5173 imperii
3058 5102 3288 5157 Heraclii
3313 5100 3370 5167 4,
3392 5103 3620 5169 ceperunt
3641 5090 3759 5143 Persi

2258 5197 2572 5251 Damascum
2591 5236 2605 5259 ,
2633 5205 2686 5251 et
2711 5198 2977 5265 captivum
3006 5196 3285 5250 duxerunt
3317 5194 3553 5265 p0pulum
3580 5182 3755 5241 multum.

2258 5288 2531 5345 Heraclius
2582 5297 2759 5345 autem
2818 5292 3127 5360 imperator,
3161 5294 3357 5362 legatis
3414 5292 3478 5343 ad
3525 5280 3756 5341 Chosdroen

2258 5384 2454 5449 missis,
2477 5385 2685 5453 rogavit
2714 5400 2836 5439 eum
2868 5393 2926 5438 ut
2950 5393 3193 5453 parceret
3218 5387 3491 5439 hominum
3521 5372 3755 5445 sanguinem

2259 5474 2754 5529 imtnisericorditer
2843 5472 3103 5541 fundere,
3173 5488 3234 5531 et
3301 5477 3539 5532 deﬁniret
3593 5467 3733 5522 tribu“

2256 5578 2311 5626 et
2349 5570 2614 5639 acciperet
2660 5578 2812 5639 pacta
2839 5610 2855 5636 ,
2917 5571 3005 5638 qui
3067 5570 3271 5639 legatos
3323 5568 3601 5623 inefficaces
3643 5549 3748 5606 άὶωί·

2255 5665 2359 5730 sit,
2421 5662 2561 5717 nulla
2610 5662 2689 5717 eis
2739 5662 2944 5717 reddita
3012 5663 3264 5730 ratione,
3315 5673 3529 5731 sperans
3581 5654 3752 5712 ωωρσθ

2329 5787 2357 5827 b
2388 5777 2493 5846 AL,
2526 5787 2765 5847 ceperunt
2792 5777 3106 5832 Auentinum.
