3956 6342
220 331 362 386 1095

1193 339 1518 397 HISTORIA
1556 340 2009 399 MISCELLL—
2043 341 2171 398 LIB.
2214 342 2401 400 XVIII.

3262 338 3470 397 ’1026

203 446 438 503 uendere
461 445 622 501 Rom.
666 445 837 501 modis
882 448 1129 505 omnibus
1172 454 1553 524 principatum.
1606 456 1775 511 Porro
1802 456 1856 517 A
1880 456 1941 513 lit
1963 458 2176 514 militias
2204 460 2431 529 Europae
2467 459 2520 515 in
2553 459 2733 515 Asiam
2753 498 2769 524 ,
2792 456 2861 515 'et
2891 459 3108 529 putabat
3141 459 3238 517 Det
3259 473 3461 530 coorie-

200 535 474 591 Heraclius
537 536 724 593 eodem
794 552 935 594 anno
1010 541 1163 597 duxit
1226 544 1427 602 inceste
1504 547 1782 602 Martinam

200 639 407 697 neptem
437 643 587 683 suam
633 643 851 684 uxorem
875 674 890 695 ,
920 641 973 686 et
999 635 1361 701 pronuntiavit
1389 653 1507 693 eam
1558 654 1784 694 corona-

184 734 299 795 .tam
333 735 362 771 a
390 719 575 789 Sergio
604 722 923 788 patriarcha.
959 725 1112 779 Anno
1144 728 1328 793 quinto
1357 729 1572 798 imperii
1607 730 1778 786 llera-

198 812 276 867 alii
319 824 577 880 ceperunt
607 813 785 870 Persa:
814 816 1101 871 Jordanem
1136 819 1296 887 bello,
1328 832 1383 877 et
1415 822 1781 889 Palaestinam,

196 915 242 957 et
270 915 509 959 sanctam
541 905 841 971 civitatem,
870 918 924 962 et
951 910 1144 963 multos
1173 912 1224 964 in
1250 926 1312 966 ea
1346 927 1440 979 per
1467 912 1781 968 Judzeorum

194 1012 385 1052 manus
418 999 838 1066 interfecerunt,
865 1001 916 1054 id
944 1012 1045 1069 est,
1082 1014 1139 1058 ut
1168 1004 1385 1074 quidam
1416 1006 1583 1074 aiunt,
1617 1008 1783 1063 millia

194 1093 500 1164 nonaginta.
571 1094 657 1147 Isti
713 1095 855 1150 enim
910 1109 1154 1151 ementes
1198 1097 1569 1165 Christianos,
1622 1111 1784 1168 prout

193 1184 556 1255 unusquisque
597 1185 792 1241 habere
836 1197 1061 1255 poterat,
1088 1189 1401 1243 occidebant
1428 1205 1542 1246 eos.
1574 1191 1784 1246 Zacha-

191 1278 324 1331 riam
374 1294 503 1332 vero
549 1279 1052 1351 Jerosolymitanum
1096 1283 1378 1347 praesulem
1424 1284 1781 1351 comprehen-

191 1387 331 1438 sum,
360 1383 413 1426 et
446 1373 694 1442 pretiosa,
726 1381 781 1426 et
806 1373 1014 1429 viviﬁca
1060 1375 1201 1445 ligna
1248 1389 1369 1429 cum
1402 1377 1566 1430 multa
1597 1377 1777 1446 praeda

189 1465 535 1520 adduxerunt
562 1467 614 1520 in
641 1466 935 1522 Persidem.
978 1466 1180 1521 Eodem
1210 1483 1351 1522 anno
1380 1478 1535 1522 natus
1565 1479 1647 1523 est
1678 1471 1783 1523 itii-

189 1560 424 1628 peratori
455 1559 836 1614 Constantinus
863 1558 1018 1626 alius,
1046 1569 1100 1615 et
1128 1561 1423 1627 baptizatus
1451 1570 1532 1616 est
1570 1562 1623 1615 in
1658 1563 1784 1615 Bla-

188 1651 367 1705 cernis
400 1651 645 1721 aSergio
695 1651 1015 1720 patriarcha.
1075 1651 1230 1706 Anno
1284 1652 1495 1722 imperii
1550 1653 1780 1709 Heraclii

188 1754 343 1799 sexto
390 1754 647 1815 ceperunt
694 1744 870 1799 Persae
914 1754 1077 1798 totam
1111 1744 1429 1815 Egyptum,
1461 1754 1515 1807 et
1545 1747 1782 1801 Alexan-

1885 548 2095 605 ratione
2116 560 2299 605 contra
2337 550 2609 607 Persidem
2632 566 2942 622 properare.
2992 549 3150 608 Anno
3187 551 3256 605 12
3288 551 3466 620 impe-

1883 641 1947 695 rii
1981 642 2233 708 Ileraclii,
2258 659 2441 699 mense
2470 644 2672 712 Aprili,
2696 644 2784 700 die
2813 644 2880 709 4,
2916 641 3206 699 indictione
3232 643 3322 708 I0,
3354 644 3468 699 im-

1886 744 2103 802 perator
2154 736 2428 792 Heraclius
2475 738 2743 793 celebrata
2796 735 3138 792 solemnitate
3192 733 3465 799 Pascliali,

1884 839 2009 881 ntox
2031 829 2259 883 secunda
2276 829 2402 885 feria
2422 830 2630 899 vesperi
2653 838 2830 885 motus
2853 838 2938 884 est
2958 838 3144 883 contra
3166 826 3469 882 Persidem.

1886 915 2127 987 Sumptis
2160 929 2338 975 autem
2366 932 2551 977 mutuo
2580 920 2959 996 venerabilium
2995 919 3277 974 domorum
3303 932 3467 987 pecu-

1884 1009 1990 1063 niis
2027 1015 2211 1078 aporia
2255 996 2598 1079 coarctatus,
2632 1014 2840 1083 accepit
2861 1013 3023 1067 etiam
3061 1011 3321 1067 Ecclesia:
3356 1024 3471 1065 ma-

1884 1113 2002 1169 gnae
2036 1101 2201 1155 multa
2237 1103 2486 1160 candelas
2518 1105 2773 1175 ferentia,
2805 1105 2964 1160 simul
2996 1112 3052 1159 et
3074 1104 3182 1158 alia
3211 1117 3335 1158 vasa
3359 1101 3465 1157 mi-

1885 1189 2213 1251 nistratoria.
2287 1196 2497 1263 Quibus
2546 1196 2793 1252 conﬂatis
2834 1197 3040 1251 exarari
3091 1194 3223 1250 fecit
3277 1193 3334 1248 in
3387 1191 3470 1248 his

1889 1291 1915 1319 ι
1952 1300 2200 1341 nummos
2234 1301 2429 1343 aureos
2455 1332 2469 1355 ,
2509 1296 2565 1344 et
2608 1299 2890 1360 argenteos
2926 1288 3214 1358 plurimos,
3243 1285 3473 1342 dimisit-

1884 1392 1987 1445 quc
2023 1379 2188 1433 ﬁlium
2215 1396 2367 1435 suum
2399 1397 2523 1437 cum
2554 1383 2742 1451 Sergio
2766 1382 3068 1451 patriarcha
3108 1382 3162 1436 in
3198 1381 3331 1436 urbe
3355 1380 3466 1435 dis-

1883 1470 2115 1537 ponendi
2168 1474 2422 1541 negotia,
2487 1489 2591 1528 una
2652 1489 2771 1529 cum
2815 1473 3029 1530 Bonoso
3076 1474 3304 1542 patricio
3350 1473 3466 1527 viro

1885 1562 2085 1628 sagaci,
2117 1573 2180 1616 et-
2199 1579 2295 1632 per
2327 1574 2517 1620 cuncta
2543 1566 2793 1632 sapienti,
2830 1574 2988 1635 atque
3013 1565 3205 1635 perito.
3242 1563 3469 1633 Scripsit

1885 1662 2062 1706 autem
2087 1662 2141 1707 et
2162 1655 2225 1706 ad
2259 1654 2553 1724 Chajanum
2591 1657 2823 1712 Avarum
2852 1670 3039 1725 preces
3059 1671 3240 1712 curam
3274 1652 3468 1725 agendi

1884 1756 2050 1811 Super
2076 1743 2439 1802 Romanorum
2483 1749 2709 1818 negotiis
2733 1789 2750 1815 ,
2790 1759 3036 1817 tanquam
3073 1747 3162 1817 qui
3199 1746 3357 1799 inerit
3386 1758 3474 1799 se-

186 1836 387 1902 driam,
418 1845 474 1890 et
517 1833 737 1907 Lybiam
790 1850 960 1905 usque
1007 1834 1073 1888 ad
1122 1810 1473 1905 EthiOpiam,
1505 1839 1783 1909 multaque
1810 1810 1862 1870 Β
1891 1810 2011 1888 cum
2039 1835 2331 1890 amicitiam
2359 1810 2582 1907 pactus:
2608 1810 2839 1894 tutorem
2873 1810 2964 1893 ﬁlii
3002 1810 3472 1904 sui-compellans.

188 1930 373 1999 prasda
403 1939 738 1998 consumpta,
763 1938 816 1983 et
836 1928 1045 1983 exuviis
1074 1930 1506 1998 quamplurimis,
1532 1940 1586 1985 et
1616 1946 1779 2000 pecu-

186 2023 315 2087 niis,
346 2020 411 2076 ad
441 2022 655 2092 propria
684 2028 1017 2074 remearunt.
1062 2018 1435 2089 Carthaginem
1466 2031 1643 2077 autem
1672 2023 1782 2076 mi-
1814 2086 1815 2089 η

187 2114 336 2167 nime
380 2112 657 2165 valuerunt
699 2125 914 2178 capere,
946 2109 1039 2164 sed
1082 2111 1319 2164 custodia
1361 2112 1602 2173 dimissa,
1631 2111 1784 2167 obsi-

185 2203 353 2260 dendi
380 2216 498 2258 eam
524 2210 881 2256 recesserunt.
925 2203 1080 2254 Anno
1108 2201 1339 2269 septimo
1370 2200 1579 2269 imperii
1608 2201 1781 2255 Hera-

184 2297 274 2352 clii
296 2295 654 2351 castrametati
670 2302 792 2346 sunt
810 2293 984 2347 Persre
997 2302 1178 2346 contra
1195 2291 1592 2362 Carthaginem,
1614 2309 1776 2362 quam

186 2398 245 2443 et
273 2387 416 2442 bello
444 2393 717 2456 ceperunt.
766 2385 967 2440 Eodem
1008 2399 1150 2440 anno
1179 2401 1295 2440 eos.
1329 2384 1502 2439 Iactus
1534 2394 1615 2440 est
1641 2386 1784 2439 Con-

185 2479 463 2535 stantinus
505 2478 707 2547 junior,
734 2477 821 2546 qui
854 2486 907 2531 et
936 2476 1210 2530 Heraclius
1258 2475 1486 2531 Ileraclii
1538 2476 1696 2542 ﬁlius,
1728 2485 1782 2530 et

185 2571 443 2644 provexit
475 2569 529 2624 in
555 2570 822 2625 Caesarem
849 2569 1254 2625 Constantinum
1279 2572 1539 2625 minorem
1563 2572 1779 2625 fratrem

183 2682 345 2723 suom
376 2680 443 2720 ex
473 2664 718 2720 Heraclio
746 2666 1001 2735 genitum,
1026 2676 1079 2719 et
1106 2663 1350 2718 Martina.
1384 2667 1540 2719 Anno
1591 2676 1781 2720 octavo

184 2756 403 2825 imperii
428 2756 509 2809 sui
534 2771 716 2810 rursus
742 2755 1016 2809 Ileraclius
1044 2755 1191 2809 misit
1215 2756 1268 2809 in
1288 2754 1555 2809 Persidem
1580 2755 1780 2825 legatos

181 2847 251 2902 Id
278 2846 593 2902 Chosdroen
631 2848 907 2916 postulans
930 2861 1137 2916 pacem.
1162 2848 1227 2899 At
1257 2844 1562 2901 Chosdroes
1589 2848 1779 2901 iterum

181 2956 279 2997 eos
321 2939 547 3008 sprevit,
592 2954 943 2993 asseverans:
972 2937 1085 2992 Non
1136 2953 1350 3006 parcam
1398 2938 1575 3003 vobis,
1612 2937 1782 2992 donec

180 3031 511 3088 Cruciﬂxum
540 3031 838 3101 abnegetis,
873 3038 1029 3099 quem
1064 3029 1234 3083 Deum
1282 3029 1523 3084 Iatemini
1552 3044 1693 3094 esse,
1726 3037 1783 3084 et

181 3128 425 3182 adoretis
471 3126 672 3180 Solem.
706 3125 860 3178 Anno
909 3123 1114 3190 imperii
1159 3122 1390 3177 lleraclii
1423 3137 1587 3191 nono,
1609 3123 1778 3176 aciem

1889 1922 2062 1978 Motus
2097 1936 2272 1982 autem
2310 1943 2340 1981 a
2385 1929 2530 1998 regia
2578 1931 2748 1993 urbe,
2787 1930 2951 1985 exivit
3004 1944 3099 1998 per
3147 1928 3344 1995 locum,
3379 1923 3471 1994 qui

1891 2015 2089 2071 dicitur
2124 2016 2322 2085 Portas,
2373 2021 2585 2090 navigio
2626 2019 2727 2075 iter
2774 2036 2973 2089 agens:
3026 2019 3172 2075 illinc
3202 2032 3331 2074 vero
3373 2030 3468 2085 per

1886 2117 2111 2163 caeteras
2156 2110 2403 2179 regiones
2454 2111 2559 2166 sibi
2620 2112 2890 2180 subjectus
2937 2109 3206 2179 prolectus
3235 2149 3254 2176 ,
3310 2105 3473 2173 elegit

1886 2201 2179 2255 exercitum
2214 2217 2438 2258 novum.
2483 2203 2589 2259 llos
2620 2213 2799 2259 autem
2825 2218 3081 2258 exercere
3120 2216 3275 2256 orsus
3299 2201 3349 2254 in
3376 2205 3473 2253 bo.

1887 2292 2098 2347 stililius
2134 2295 2385 2363 operibus
2436 2295 2687 2351 erudivit.
2768 2295 2950 2350 Diviso
3002 2295 3144 2349 enim
3186 2290 3471 2361 dupliciter

1887 2396 2148 2453 exercitu,
2180 2386 2345 2452 acies,
2385 2397 2438 2441 et
2473 2387 2881 2458 congressiones
2917 2384 3142 2440 invicem
3186 2383 3302 2437 sine
3338 2398 3469 2436 san-

1884 2478 2044 2545 guine
2077 2477 2193 2531 ﬁeri
2235 2478 2411 2546 jussit.
2455 2478 2766 2533 Clamorem
2803 2466 3085 2541 bellicum,
3111 2487 3166 2529 et
3196 2474 3455 2542 impetum

1885 2567 1938 2621 in
1976 2570 2295 2622 alterutrum
2347 2570 2604 2640 surgendi
2642 2568 2741 2623 hos
2779 2569 3026 2633 docebat,
3063 2576 3122 2621 ut
3172 2565 3385 2641 reperti.
3418 2564 3471 2619 in

1886 2656 2045 2712 bellis
2084 2660 2160 2713 nil
2198 2659 2540 2726 mirarentur,
2592 2658 2684 2714 sed
2736 2659 2961 2714 ﬁdenter
3008 2657 3474 2727 proﬁciscerentur

1886 2747 1940 2801 in
1989 2750 2223 2802 hostem.
2284 2747 2567 2817 Accipiens
2619 2763 2748 2803 vero
2797 2748 3088 2816 imperator
3123 2750 3175 2801 Ill
3223 2747 3471 2801 manibus

1886 2838 1979 2893 Dei
2015 2840 2235 2908 Ilguram
2264 2839 2495 2906 virilem,
2545 2854 2699 2909 quam
2726 2852 2915 2892 manus
2947 2852 3053 2891 non
3085 2838 3469 2906 depinxerunt,

1884 2930 1980 2985 sed
2019 2931 2070 2984 in
2116 2931 2298 2991 εἰκόνος
2341 2931 2561 2985 verbum
2586 2972 2602 2996 ,
2636 2929 2777 2998 quod
2808 2930 2987 2983 omnia
3046 2928 3265 2994 ﬁrmat,
3315 2935 3475 2995 atque

1888 3022 2204 3089 componit,
2251 3020 2369 3075 sine
2397 3021 2604 3090 pictura
2650 3020 2909 3086 formam,
2955 3018 3100 3074 velut
3125 3018 3242 3073 sine
3266 3017 3475 3072 semine

1885 3111 2071 3165 eduxit
2114 3122 2358 3181 partum,
2413 3121 2466 3166 et
2511 3112 2563 3165 in
2606 3111 2707 3165 hac
2746 3112 2875 3165 Iisus
2918 3126 2948 3164 a
2986 3110 3094 3164 Deo
3115 3111 3253 3178 picta
3280 3109 3470 3177 ﬁgura,

184 3169 425 3182 ...η-μη.-
472 3169 671 3180 ..Ἢν-.-
706 3169 856 3178 ------ν
909 3169 1114 3190 ...-,.--.-
1160 3169 1390 3177 --νη-η-
1423 3169 1778 3191 -.-πη-νη---
2115 3169 2129 3181 ,
2339 3169 2356 3180 ,
3116 3169 3133 3178 -
3320 3169 3344 3177 -
3454 3169 3464 3174 -

184 3221 504 3275 direxerunt
529 3219 733 3272 Avares
760 3223 944 3270 contra
972 3214 1235 3268 Thracem
1257 3254 1273 3280 ,
1297 3222 1353 3269 et
1398 3213 1578 3268 missis
1608 3212 1779 3268 Hera-
1808 3169 1859 3236 α
1888 3204 2051 3271 cml)“
2086 3216 2286 3270 380005
2325 3202 2628 3271 iuramenta
2679 3201 2813 3255 dans
2860 3200 3059 3271 Populo
3079 3241 3096 3267 ν
3152 3199 3295 3269 (ιιιοά
3347 3213 3469 3253 cum

181 3311 321 3367 clius
370 3309 579 3379 legatis,
612 3308 677 3361 ad
711 3321 801 3360 eos
830 3321 1014 3375 pacem
1048 3306 1319 3374 poscebat.
1372 3302 1611 3374 Cumque
1640 3304 1783 3359 Cha-

179 3401 347 3471 janus
378 3399 514 3452 hanc
543 3400 716 3453 facere
738 3395 1135 3467 sp0pondisset,
1154 3395 1285 3451 exiit
1314 3397 1614 3464 imperator
1640 3396 1782 3449 foras

180 3508 404 3548 murum
434 3491 650 3561 longum
694 3504 814 3544 cum
844 3491 986 3545 omni
1019 3489 1276 3557 obsequio
1304 3489 1471 3556 regio,
1503 3503 1567 3544 ac
1594 3503 1782 3543 mune-

179 3587 339 3641 ribus
367 3583 550 3638 multis
576 3584 640 3637 ad
672 3582 1073 3650 suscipiendum
1104 3581 1423 3651 Chajanum,
1454 3593 1778 3652 recepturus

184 3679 257 3732 ab
288 3690 356 3730 eo
396 3675 698 3744 juramenta
745 3673 969 3728 faciendi
1003 3674 1230 3728 invicem
1277 3673 1595 3741 sponsiones
1639 3674 1782 3741 paci-

184 3767 341 3823 ﬁcas.
372 3768 441 3820 At
470 3779 597 3820 vero
626 3765 885 3819 barbarus
925 3765 1012 3819 ille
1054 3774 1161 3818 tam
1208 3765 1588 3834 sponsionibus
1617 3778 1779 3833 quam

185 3875 311 3932 quae
356 3859 529 3929 jurata
568 3858 777 3913 Inerant
822 3857 1040 3927 spretis,
1068 3858 1246 3912 subito
1278 3858 1552 3929 tyrannice
1593 3869 1779 3912 contra

184 3954 569 4021 imperatorem
598 3950 868 4019 profectus
892 3958 992 4004 est.
1026 3949 1368 4016 Stupel‘actus
1395 3964 1525 4018 ergo
1553 3949 1780 4018 impera-

186 4056 272 4100 tor
314 4059 480 4115 super
520 4043 805 4113 insperatae
854 4044 930 4099 rei
978 4043 1288 4108 molimine,
1328 4044 1446 4114 fuga
1494 4044 1698 4111 lapsus,
1728 4042 1781 4096 in

186 4138 465 4194 civitatem
495 4151 745 4191 reversus
773 4145 875 4191 est.
927 4134 1198 4189 Barbarus
1228 4144 1408 4189 autem
1440 4136 1587 4188 omni
1634 4133 1781 4202 regio

186 4241 451 4299 apparatu
488 4229 704 4296 adepto,
730 4237 788 4281 et
815 4227 1168 4295 supellectile,
1201 4235 1259 4281 et
1295 4233 1560 4295 quotquot
1590 4240 1657 4278 ex
1687 4228 1784 4278 ho-

191 4322 431 4377 minibus
464 4335 657 4390 capere
689 4319 881 4389 potuit,
910 4317 1169 4373 subvertit
1204 4318 1357 4371 villas
1384 4316 1579 4371 multas
1610 4316 1779 4386 depo-

186 4416 385 4485 pulans
413 4427 476 4467 ex
498 4412 785 4481 improviso
806 4426 901 4482 spe
923 4412 1068 4481 pacis
1091 4410 1368 4479 deceptos.
1391 4411 1549 4464 Anno
1570 4409 1783 4465 decimo

1886 3294 2015 3362 Ipsis
2052 3306 2223 3361 usque
2245 3293 2312 3346 ad
2346 3302 2577 3346 mortem
2611 3301 2758 3347 esset
2791 3300 3109 3360 certaturus,
3147 3299 3201 3344 et
3224 3298 3474 3359 tanquam

1885 3384 2120 3453 propriis
2150 3382 2275 3438 ﬁliis
2307 3384 2645 3438 adhaesurus.
2693 3382 2922 3438 Volebat
2962 3382 3107 3438 enim
3155 3390 3474 3451 potestatem

1886 3491 1992 3553 non
2020 3484 2224 3529 tantum
2250 3477 2462 3543 timore,
2489 3487 2747 3545 quantum
2774 3490 2959 3529 amore
2986 3473 3280 3542 possidere.
3313 3470 3475 3526 Cum-

1885 3580 1990 3637 que
2014 3568 2312 3623 invenisset
2342 3568 2636 3623 exercitum
2689 3566 2743 3621 in
2794 3565 2998 3620 desidia
3044 3564 3240 3631 multa,
3276 3572 3330 3617 et
3360 3563 3475 3617 Ior-

1886 3662 2106 3729 midine,
2146 3662 2516 3732 inquietudine
2540 3700 2558 3728 ,
2601 3675 2664 3715 ac
2701 3658 2963 3715 dedecore
3004 3658 3376 3727 constitutum,
3419 3666 3477 3712 et

1886 3772 1981 3827 per
2013 3757 2208 3811 multas
2248 3765 2409 3811 terrae
2447 3764 2629 3826 partes
2663 3754 3109 3819 disseminatum,
3144 3764 3382 3808 actutum
3419 3753 3474 3809 in

1888 3864 2051 3903 unum
2074 3849 2322 3920 collegit,
2370 3858 2425 3904 et
2458 3862 2650 3903 omnes
2681 3862 2750 3901 ex
2786 3862 2887 3901 una
2927 3845 3079 3916 quasi
3117 3844 3472 3900 consonantia

1885 3940 2170 3995 laudavere
2220 3935 2993 4009 imperiumtetl'ortitudinem
3026 3935 3306 4007 principis.
3359 3935 3477 4005 Ipse

1883 4041 2063 4087 autem
2097 4032 2273 4086 verbis
2322 4030 2420 4085 hos
2461 4029 2819 4084 corroborans
2854 4026 3167 4097 perhibebat
3202 4042 3217 4080 :
3257 4024 3465 4092 Videte,

1885 4122 2114 4186 fratres,
2162 4131 2218 4175 et
2257 4120 2390 4184 ﬁlii,
2438 4119 2579 4190 quod
2635 4118 2839 4174 inimici
2888 4118 2980 4173 Dei
3020 4117 3477 4172 conculcaverunt

1885 4215 2157 4283 regionem
2192 4220 2459 4276 nostram,
2486 4220 2541 4266 et
2566 4213 2724 4265 urbes
2750 4211 3277 4276 exterminaverunt,
3307 4216 3361 4261 et
3396 4206 3485 4286 al:

1887 4309 2017 4364 taria
2040 4311 2561 4369 concremaverunt,
2608 4313 2663 4357 et
2707 4317 2921 4358 mensas
2962 4305 3356 4357 incruentorum
3390 4313 3478 4352 sa-

1885 4401 2204 4458 criﬁciorum
2262 4399 2609 4470 sanguinibus
2653 4407 2709 4453 et
2753 4396 3056 4451 homicidiis
3113 4395 3473 4465 repleverunt,

179 4484 405 4575 imperii
451 4506 555 4570 sui,
585 4504 764 4559 missis
796 4504 1075 4558 Heraclius
1113 4500 1182 4557 ad
1211 4502 1505 4570 Chajannm
1541 4508 1776 4557 Avarum
1808 4535 1863 4597 Β
1886 4502 1943 4549 et
1967 4494 2234 4549 Ecclesias
2259 4533 2275 4559 ,
2332 4507 2451 4562 qua:
2488 4490 2685 4559 ﬂagitia
2741 4503 2846 4597 non
2881 4486 3211 4597 admittunt,
3248 4484 3476 4553 Ilagitio-

176 4598 418 4669 legatis,
447 4594 687 4665 queritur
729 4607 889 4661 super
929 4592 1031 4659 his,
1068 4607 1187 4661 qua:
1237 4591 1487 4662 nequiter
1515 4600 1636 4647 acta
1668 4592 1782 4648 lue-

177 4698 313 4748 rant
340 4688 412 4743 ab
437 4690 523 4753 eo',
556 4696 610 4741 et
632 4685 698 4740 ad
730 4700 911 4754 pacem
955 4685 1215 4740 hortatur.
1247 4685 1407 4741 Acies
1451 4687 1646 4755 quippe
1673 4686 1784 4740 dis-

176 4796 399 4854 ponens
455 4789 639 4835 contra
704 4778 981 4833 Persidem
1027 4778 1370 4848 dirigendas,
1418 4779 1616 4848 pacisci
1659 4793 1781 4833 cum

175 4878 433 4946 Chajano
475 4874 703 4936 volebat,
734 4872 823 4942 qui
876 4872 1137 4926 reveritus
1168 4870 1515 4927 dilectionem
1546 4871 1783 4942 impera-

179 4973 365 5035 toris,
398 4982 458 5022 se
514 4965 828 5036 paenituisse
878 4963 1258 5033 pollicebatur,
1315 4972 1371 5018 et
1422 4979 1608 5033 pacem
1666 4964 1782 5021 ﬁeri

178 5060 519 5132 repromisit,
551 5065 947 5129 pangentesque
994 5053 1195 5110 foedera
1249 5054 1408 5125 legati
1440 5057 1494 5110 in
1527 5069 1656 5124 pace
1695 5072 1785 5112 re-

178 5160 334 5216 versi
363 5165 509 5212 sunt.
542 5154 739 5210 Eodem
792 5167 933 5206 anno
974 5161 1232 5221 ceperunt
1284 5151 1462 5206 Persa:
1512 5152 1784 5223 Ancyram

178 5249 437 5308 Galatiae.
485 5248 643 5301 Anno
688 5242 972 5299 undecimo
1023 5240 1233 5310 imperii
1294 5238 1567 5306 Heraclii,
1616 5242 1783 5295 durus

179 5339 500 5398 Chosdroes
542 5338 725 5406 jugum
770 5350 925 5390 suum
968 5348 1130 5402 super
1174 5348 1363 5388 omnes
1415 5331 1658 5386 homines
1703 5332 1783 5387 Ie-

178 5436 257 5491 cit
309 5432 365 5486 in
414 5428 672 5484 eﬁ‘usione
715 5427 1024 5497 sanguinis,
1076 5435 1130 5481 et
1175 5425 1384 5481 ratione
1438 5424 1778 5479 tributorum.

181 5523 379 5579 Elatus
426 5520 570 5574 enim
618 5519 909 5588 triumpho,
968 5517 1114 5572 nullo
1161 5516 1324 5571 modo
1372 5514 1427 5569 in
1476 5514 1781 5570 constantia

181 5628 313 5669 esse
348 5620 582 5680 poterat.
617 5608 768 5663 Tunc
805 5609 1080 5665 Heraclius
1103 5650 1119 5676 ,
1163 5608 1280 5664 zelo
1304 5607 1397 5664 Dei
1427 5616 1697 5677 suscepto,
1727 5616 1784 5663 et

183 5722 316 5763 cum
341 5703 608 5757 Avaribns
642 5717 793 5771 pace,
827 5711 885 5756 ut
926 5702 1164 5772 putabat,
1208 5710 1502 5767 contracta,
1541 5709 1781 5756 transtu-

270 5820 292 5863 ι
324 5824 648 5880 Nonianum.
670 5843 750 5878 και
770 5820 1069 5879 μῡιαρισια.

1887 4587 2120 4642 sissimis
2144 4586 2488 4654 repleverunt
2510 4581 2899 4652 voluptatibus.
2943 4581 3125 4648 Itaque
3164 4593 3353 4633 rursus
3383 4592 3472 4632 cu-

1888 4694 2019 4735 neos
2065 4679 2130 4733 ad
2164 4677 2415 4732 bellicum
2451 4676 2772 4732 exercitium
2824 4687 3043 4729 armans
3066 4713 3082 4737 ,
3134 4673 3347 4743 agmina
3370 4673 3477 4727 duo

1887 4783 2092 4829 armata
2127 4772 2405 4837 ordinans,
2455 4771 2611 4825 tubas
2634 4784 2874 4840 quoque,
2907 4782 2970 4822 ac
3005 4769 3316 4836 clypeorum
3346 4765 3474 4833 pha-

1886 4865 2069 4935 langes
2102 4864 2361 4930 elﬁciens,
2403 4872 2457 4918 et
2491 4860 2717 4932 populus
2747 4861 2965 4915 thorace
2989 4860 3207 4915 indutus
3239 4856 3472 4914 astabat.

1886 4957 2019 5014 Nam
2057 4973 2178 5013 cum
2239 4960 2383 5013 acies
2444 4957 2721 5013 statuisset
2762 4956 3012 5023 cautius,
3068 4954 3475 5022 congressiones

1887 5069 2046 5125 agere
2084 5054 2312 5109 invicem
2345 5051 2531 5122 jussit.
2583 5051 2933 5119 lmpulsiones
2977 5058 3154 5103 autem
3189 5046 3474 5101 vehemen-

1888 5157 1993 5217 ter,
2017 5161 2080 5200 ac
2118 5145 2486 5215 percussiones
2539 5145 2593 5197 in
2640 5142 2955 5198 alterutrum
2983 5141 3379 5203 efﬁciebantur,
3420 5145 3474 5194 et

1889 5240 2104 5294 habitus
2140 5239 2267 5293 belli
2302 5238 2750 5304 ostendebantur,
2800 5245 3025 5303 eratque
3076 5232 3331 5289 horribile
3358 5232 3472 5286 visu

1887 5333 2252 5401 spectaculum
2276 5369 2293 5396 ,
2349 5332 2469 5386 siue
2506 5331 2700 5385 timore
2728 5328 3045 5400 periculum,
3083 5336 3138 5382 et
3159 5325 3226 5380 ad
3266 5334 3472 5394 strages

1886 5431 2117 5498 impetus
2153 5427 2270 5483 sine
2322 5427 2606 5498 sanguine,
2631 5425 2731 5481 sed
2771 5423 3087 5480 adveniente
3128 5418 3469 5484 necessitate,

1887 5532 2153 5593 quatenus
2186 5520 2555 5589 unusquisque
2579 5526 2831 5588 percepta
2867 5515 3149 5571 occasione
3178 5510 3345 5567 caedis
3387 5509 3470 5565 in-

1888 5630 2081 5672 nocua:
2128 5626 2441 5684 permanere
2497 5611 2682 5668 tutior.
2721 5666 2725 5679 ,
2774 5608 2978 5664 'laliter
3019 5614 3195 5661 autem
3252 5601 3470 5659 armatis

1885 5708 2134 5765 omnibus
2169 5706 2419 5777 praecepit
2476 5705 2544 5762 ab
2600 5703 2869 5775 injustitia
2928 5701 3143 5773 penitus
3195 5695 3468 5753 abstinenv

3426 5928 3479 5965 es."
