3956 6342
572 348 709 413 101⁸1

1430 334 1641 415 ΡΑυΙᾸ
1671 350 1943 412 DlACONl
1978 352 2127 410 orr.
2166 342 2344 412 rans
2380 353 2510 410 r.—
2548 350 2925 413 msromca.

3606 370 3701 430 1023

564 472 715 538 dum,
748 478 803 526 et
824 472 1077 547 pietatem
1122 450 1447 527 secundam.
1515 470 1681 524 Porro
1706 483 1827 523 cum
1859 466 2141 537 pervenis-
2246 478 2341 519 nec
2371 465 2641 545 Persicum
2681 468 2946 545 audebam
2979 467 3250 547 pulverem
3275 471 3461 543 videre,
3501 448 3701 543 ιιωιέῇέ,

566 556 759 637 δαῑέίῐ
786 542 1291 635 ρπιεεἈηιιρηὶεε,
1346 576 1678 634 praecurrere
1712 561 1871 631 jussit
1916 561 2139 639 electos.

558 654 982 716 Sarracenorum
1033 666 1161 712 vero
1194 665 1317 711 tunc
1351 654 1450 709 sub
1486 640 1650 722 pactis
1682 646 1967 706 Persarum
2006 640 2139 705 cori-

568 751 877 807 s'titutorum
920 744 1202 804 multitudo
1238 750 1471 816 equitum
1498 748 1634 802 clam
1668 746 1724 800 in
1758 744 2139 815 imperatorem

566 846 773 901 irrucre
816 840 1229 899 meditabantur.
1276 838 1389 895 Viri
1441 851 1617 895 autem
1662 836 1999 908 imperatoris
2050 836 2141 913 qui

566 924 995 1005 prazcurrerant,
1058 933 1145 987 bis
1196 938 1539 987 occurrentes
1583 939 1863 1001 praztorem
1903 918 2139 999 ipsorum

568 1026 807 1084 Vinctum
858 1022 1106 1082 Heraclio
1164 1022 1542 1092 adduxerunt,
1593 1024 1803 1096 illisque
1858 1025 1909 1079 in
1956 1012 2139 1094 fugam

570 1110 762 1186 versis,
788 1118 982 1187 multos
1024 1120 1432 1173 interemerunt.
1472 1117 1605 1185 Quia
1647 1133 1796 1183 vero,
1828 1110 2007 1172 hieme
2052 1131 2139 1172 ac-

566 1214 810 1278 cedente,
834 1204 1126 1281 imperator
1148 1211 1199 1265 in
1220 1198 1500 1265 Ponticum
1528 1211 1682 1265 clima
1710 1210 1945 1275 divertit,
1971 1211 2139 1265 visum

568 1312 653 1360 est
674 1300 922 1358 barbaris
962 1298 1208 1357 obsidere
1240 1300 1386 1356 illum
1420 1290 1477 1356 in
1516 1303 1619 1357 hoc
1664 1297 2020 1357 biemantem.
2077 1303 2144 1356 At

560 1386 659 1448 ille
680 1384 878 1447 Persas
905 1392 1097 1457 latens,
1132 1402 1287 1467 atque
1319 1378 1592 1447 diverteris
1622 1392 1675 1446 in
1700 1390 1976 1448 Persidem
2020 1406 2142 1461 pro-

562 1492 737 1556 perat.
774 1478 891 1538 Hoc
914 1482 1125 1539 barbari
1140 1466 1351 1554 cognito
1376 1484 1427 1537 in
1451 1496 1729 1539 rancorem
1755 1500 1914 1539 causa
1955 1476 2135 1555 inspe-

560 1576 661 1633 rati
698 1577 908 1631 auditus
954 1575 1301 1631 devenerunt.
1374 1576 1638 1657 Sarbarus
1689 1594 1814 1641 vero
1853 1577 2139 1633 Persarum

550 1664 782 1736 Praetor,
812 1664 1046 1738 accepto
1086 1678 1359 1739 potentatu
1406 1658 1537 1736 suo,
1583 1672 1729 1726 venit
1774 1674 1823 1725 iu
1871 1671 2135 1737 Ciliciam,

559 1756 818 1830 quatenus
848 1761 903 1816 in
950 1762 1261 1816 Romaniam
1306 1754 1617 1832 ingressus,
1644 1748 1787 1819 hunc
1817 1763 1947 1819 dare
1986 1773 2135 1837 terga

562 1846 932 1923 Compell'ere't.
966 1848 1191 1909 Timens
1216 1863 1397 1908 autem
1422 1896 1438 1922 ,
1493 1870 1558 1909 ne
1588 1869 1680 1925 per
1702 1855 2009 1910 Armeniam
2037 1857 2133 1913 im-
2158 1824 2217 1892 Β

558 1956 773 2049 perator
805 1949 1078 2033 ingressus
1104 1992 1117 2016 ,
1163 1934 1437 2002 Persidem
1492 1948 1766 2027 turbaret,
1804 1959 2019 2005 coactus
2059 1960 2142 2003 est

558 2032 708 2109 sequi
748 2047 867 2109 post
898 2032 1207 2093 Romanum
1251 2040 1539 2094 exercitum
1568 2081 1583 2105 ,
1622 2036 1785 2097 furari
1815 2042 1999 2095 volens
2034 2032 2141 2117 bel-

550 2124 695 2195 lum,
728 2139 779 2186 et
817 2147 911 2199 per
932 2126 1217 2186 obscuram
1250 2129 1464 2200 aggredi
1489 2143 1722 2187 noctem.
1764 2128 1869 2187 Sed
1893 2148 1923 2188 e
1952 2142 2139 2187 contra

561 2212 731 2293 plena
788 2223 933 2281 luna;
980 2224 1094 2278 tota
1157 2234 1313 2278 nocte
1359 2223 1590 2295 fulgente
1642 2226 1759 2280 luce
1808 2225 2142 2282 cavillatione

554 2312 839 2370 frustratus
880 2322 1004 2382 est,
1052 2323 1105 2370 et
1150 2315 1351 2380 lunam,
1394 2331 1512 2385 qua:
1564 2318 1664 2372 sibi
1720 2318 1864 2387 prius
1908 2318 1960 2371 in
1993 2318 2140 2373 cultu

556 2400 749 2472 fuerat,
779 2404 1091 2474 infamabat,
1118 2424 1235 2476 quae
1266 2407 1511 2464 videlicet
1532 2410 1751 2483 eclipsin
1777 2426 1840 2466 ex
1866 2411 2139 2467 accidente

558 2484 785 2552 tulisset.
821 2496 902 2552 Ex
932 2497 1034 2551 hoc
1074 2514 1202 2568 ergo
1237 2498 1551 2555 formidabat
1583 2502 1841 2558 Sarbarus
1874 2518 1995 2557 cum
2034 2503 2133 2556 im-

560 2572 808 2661 peratore
834 2585 1140 2642 conflictum
1174 2588 1417 2661 aggredi,
1444 2600 1497 2646 et
1536 2602 1769 2647 montem
1805 2593 1957 2662 quasi
2005 2592 2135 2648 dor-

558 2674 720 2733 cades
758 2668 931 2759 petiit,
962 2670 1188 2733 intuitus
1224 2676 1290 2734 ab
1316 2682 1551 2748 excelso,
1572 2678 1796 2750 bonam,
1821 2691 1874 2738 et
1904 2684 2134 2752 sapienti

558 2781 673 2829 arte
718 2773 1065 2845 compositam
1121 2766 1360 2826 militiam
1413 2772 1797 2828 Romanorum.
1856 2774 2142 2843 Comperta

556 2879 681 2918 vero
712 2864 1000 2934 imperator
1022 2852 1217 2917 borum
1244 2860 1547 2929 formidine,
1584 2864 1633 2918 in
1658 2858 1790 2919 locis
1829 2863 2139 2919 morabatur

557 2950 928 3025 requietionis,
957 2946 1110 3009 bunc
1137 2946 1200 3008 ad
1229 2954 1420 3009 bellum
1455 2956 1733 3025 instigans.
1798 2950 2136 3009 Descenden-

560 3030 841 3103 tes‘autem
866 3049 934 3103 de
966 3036 1149 3103 monte
1175 3048 1311 3101 clam
1358 3062 1500 3117 saepe
1550 3048 1855 3103 conflictum
1896 3048 2138 3103 concita—

550 3143 685 3198 bant
713 3186 729 3211 ,
776 3144 866 3219 sed
916 3142 1138 3198 Romani
1186 3143 1237 3196 in
1274 3143 1479 3196 cunctis
1523 3142 1806 3213 primatum
1857 3142 2131 3206 tenebant,

564 3234 917 3304 fiduciamque
979 3220 1205 3301 amplius
1251 3234 1515 3287 exercitus
1560 3248 1744 3291 eorum
1800 3235 2131 3305 obtinebant,

562 3328 807 3382 videntes
859 3329 1236 3396 imperatorem
1264 3326 1676 3397 praesilientem,
1712 3338 1765 3381 et
1804 3328 1855 3383 in
1893 3330 2139 3385 omnibus

563 3418 994 3489 belligerautem.
1037 3400 1197 3470 Persa
1235 3431 1362 3469 vero
1401 3417 1611 3484 quidm:
1652 3428 1772 3472 ante
1811 3418 1968 3472 breve
2006 3429 2138 3473 tem-

568 3526 671 3583 pus
710 3510 983 3579 profugus,
1013 3509 1151 3562 inter
1194 3509 1527 3577 imperatoris
1550 3510 1841 3571 exercitum
1880 3525 2136 3566 annume-

560 3594 797 3657 rabatur.
834 3588 936 3663 llic
960 3598 1164 3669 fugiens
1190 3598 1255 3653 ad
1282 3588 1473 3655 Persas
1506 3601 1666 3667 abiit,
1704 3601 2016 3656 existimatis
2046 3618 2139 3657 eos

558 3676 927 3749 Romanorum
985 3691 1433 3746 exterminaturos
1490 3696 1810 3748 exercitum.
1901 3688 2140 3765 Cumque

552 3774 906 3858 Tormidinem
937 3798 1122 3838 eorum
1156 3782 1377 3851 videret,
1404 3795 1522 3863 post
1547 3782 1810 3839 decimum
1850 3787 1989 3841 diem
2036 3789 2135 3843 ite-

562 3894 681 3932 rum
716 3876 781 3931 ad
819 3876 1193 3947 imperatorem
1222 3876 1409 3942 venit,
1452 3888 1505 3930 et
1544 3880 1741 3948 liquido
1768 3895 1977 3932 onmem
2014 3876 2137 3933 bar-

560 3952 811 4023 barorum
850 3958 1099 4037 pavorem
1149 3967 1337 4023 edixit.
1398 3972 1469 4023 Al
1515 3984 1641 4021 vero
1691 3968 1951 4035 Sarbarus
1996 3971 2132 4025 ultra

561 4061 1036 4129 eomniorationem
1066 4074 1170 4114 non
1222 4061 1400 4114 ferens
1448 4060 1500 4114 in
1551 4073 1728 4116 monte
1755 4103 1769 4129 ,
1813 4075 2028 4117 coactus
2058 4072 2139 4119 est

556 4154 628 4227 ad
658 4150 897 4221 pra-lium
954 4140 1235 4222 proficisci.
1295 4155 1349 4207 ln
1397 4161 1503 4207 tres
1535 4165 1708 4209 autem
1748 4167 1922 4225 partes
1954 4156 2137 4212 divisis

562 4230 887 4298 exercitibus
916 4242 1191 4298 descendit
1224 4256 1463 4313 repente,
1488 4236 1842 4301 'illncescenle
1868 4247 1977 4314 die,
2010 4258 2135 4303 ante

563 4334 692 4389 solis
720 4350 999 4389 ascensum
1036 4347 1367 4405 praeparatus
1392 4337 1455 4389 ad
1495 4337 1713 4391 bellum.
1755 4343 1822 4391 At
1854 4341 2138 4408 imperator

563 4425 850 4496 prtesciens
879 4429 1000 4490 hoc,
1032 4428 1301 4481 ordinavit
1324 4430 1592 4483 exercitus
1618 4431 1669 4483 in
1708 4442 1811 4485 tres
1836 4448 1987 4505 aeque
2015 4430 2137 4501 pha-

2164 3184 2215 3257 Ὀ

2248 565 2389 611 mota
2414 572 2597 641 eorum
2630 560 2839 614 inventa
2865 559 3204 629 tabernacula
3232 562 3455 635 spoliant.
3489 571 3590 637 Quis
3607 562 3703 631 enim

2246 657 2427 717 speret
2462 648 2737 704 Persarum
2777 648 3189 721 inexpugnabile
3240 667 3391 729 genus
3431 654 3562 717 dorsa
3599 661 3703 719 (ἰείη-

2245 755 2361 795 rum
2390 739 2683 795 Romanis?
2718 738 2898 812 Itaque
2934 742 3226 813 imperator
3260 748 3472 819 exercitu
3493 763 3588 819 cum
3615 766 3707 821 νηί

2246 845 2360 890 tore
2390 836 2453 890 ad
2482 820 2899 921 liiemandumin
2934 834 3187 911 Armenia
3229 837 3489 905 derelicto,
3528 820 3709 917 ipserBy-

2246 926 2478 980 zantium
2518 918 2692 981 rediit.
2752 926 2909 1001 Anno
2932 942 3057 982 vero
3097 924 3303 998 imperii
3348 932 3420 1005 sui
3453 918 3619 987 decimo
3635 944 3710 988 ter-

2242 1012 2341 1083 tio,
2375 1014 2647 1073 Heraclius
2676 1016 2939 1086 profectus
2974 1034 3003 1071 a
3028 1018 3173 1090 regia
3202 1018 3333 1074 urbe
3355 1021 3567 1075 celeriter
3588 1023 3625 1076 in
3648 1024 3712 1078 Ar-

2244 1108 2475 1163 meniam
2501 1094 2823 1179 properavit.
2852 1108 3163 1165 Chosdroes
3191 1122 3360 1167 autem
3382 1127 3465 1189 rex
3485 1109 3714 1182 Persarum,

2246 1199 2391 1254 misit
2446 1202 2839 1257 Sarmanzarim
2880 1216 2998 1256 cum
3047 1204 3281 1257 exercitu
3307 1219 3396 1256 suo
3432 1201 3479 1258 in
3517 1190 3717 1260 Romano-

2244 1302 2361 1345 rum
2409 1300 2602 1347 terram
2651 1292 2903 1347 intrandi.
2992 1290 3268 1347 Heraclius
3316 1304 3483 1350 autem
3528 1294 3720 1351 scrilebat

2245 1385 2526 1454 Chosdroi,
2558 1396 2616 1443 ut
2654 1400 2743 1443 aut
2792 1402 2978 1458 pacem
3016 1389 3438 1465 amplecteretur,
3475 1397 3551 1443 aut
3587 1404 3630 1443 se
3651 1390 3718 1443 sci-

2245 1488 2327 1535 ret
2364 1496 2483 1535 cum
2510 1466 2748 1535 esercitu
2781 1495 2877 1535 suo
2902 1478 3177 1535 Persidem
3209 1466 3558 1551 ingresSurum.
3608 1476 3720 1536 Chos-

2245 1570 2402 1630 droes
2429 1585 2604 1630 autem
2653 1591 2750 1630 nec
2798 1590 2980 1645 pacem
3032 1575 3458 1647 amplectebatur,
3486 1589 3567 1649 nec
3598 1590 3720 1630 verum

2245 1683 2547 1724 sermonem
2599 1666 2829 1723 lleraclii
2878 1668 3271 1723 arbitrabatur.
3312 1666 3419 1721 Non
3451 1667 3570 1721 enim
3589 1664 3723 1719 audete

2244 1758 2390 1813 illum
2422 1757 2631 1813 Persidi
2662 1760 3091 1835 apprOpinquare
3128 1757 3363 1829 putabat.
3418 1744 3543 1815 Sane
3564 1760 3724 1827 impera-

2246 1862 2332 1909 tor
2359 1848 2672 1909 duodecima
2721 1850 3081 1909 Kalendarum
3126 1844 3382 1907 Maiarum
3422 1844 3645 1927 ingressus
3673 1858 3727 1923 est

2248 1944 2548 2001 Persidem.
2610 1944 2727 2013 Quo
2770 1940 3078 2000 Chosdroes
3118 1952 3390 2015 comperto
3430 1938 3725 2017 Sarmanzaritu

2245 2038 2443 2092 reverti
2490 2037 2687 2107 jussit,
2736 2048 2790 2094 et
2841 2034 3085 2111 collectis
3128 2052 3191 2092 ex
3242 2045 3346 2090 tota
3374 2022 3566 2089 Perside
3586 2031 3727 2111 militiis

2244 2133 2394 2198 suis,
2439 2140 2493 2187 et
2544 2126 2747 2186 traditis
2798 2132 2874 2185 eis
2918 2116 3107 2187 Sathiu
3135 2170 3151 2196 ,
3189 2128 3439 2203 velociter
3476 2125 3730 2207 easatlumri

2246 2212 2641 2297 Sarmanzarim
2671 2222 2860 2295 jussit,
2896 2231 2950 2278 et
2978 2223 3048 2275 ita
3085 2233 3272 2295 contra
3307 2222 3733 2299 imperatorenipro-

2243 2302 2458 2373 cedere.
2490 2315 2776 2372 Heraclius
2799 2327 2996 2384 autem,
3020 2314 3283 2389 advocato
3305 2310 3521 2389 exercitu
3546 2323 3637 2381 suo,
3656 2322 3734 2359 ver-

2244 2410 2325 2465 bis
2341 2409 2717 2466 exhortatOriis
2739 2408 2995 2465 incitabat
3014 2424 3105 2463 eos
3128 2404 3315 2462 dicens
3333 2422 3345 2464 :
3368 2402 3469 2458 Viri
3486 2398 3732 2481 fratres,llei

2248 2516 2488 2556 amorem
2523 2502 2573 2554 in
2612 2511 2789 2555 mente
2827 2514 3135 2563 sumamus,
3180 2498 3427 2568 injuriam
3454 2492 3587 2565 hujus
3615 2491 3736 2575 requi'

2250 2608 2372 2648 rere
2403 2605 2724 2663 satagamus.
2767 2590 2980 2649 Stemus
3013 2582 3171 2661 igitur
3207 2591 3411 2644 fortiter
3437 2584 3649 2661 adversus
3670 2574 3737 2636 iui-

2250 2683 2438 2750 tnicos,
2466 2686 2586 2752 quia
2633 2678 2797 2737 multa
2824 2682 2936 2736 dira
2964 2683 3017 2736 in
3053 2678 3387 2735 Christianos
3432 2672 3610 2755 Operati
3640 2680 3738 2733 sunt.

2245 2788 2591 2829 revereamur
2640 2768 2937 2827 Romanum
2988 2773 3271 2841 imperium
3300 2813 3315 2836 ,
3368 2770 3497 2839 quod
3537 2766 3603 2822 sui
3628 2762 3738 2835 ipsum

2249 2877 2331 2920 est
2368 2866 2601 2931 Domini,
2634 2879 2685 2921 et
2715 2881 2818 2919 non
2843 2864 3061 2919 alterius
3082 2906 3096 2929 ,
3130 2875 3185 2920 et
3218 2850 3416 2918 stemus
3445 2852 3655 2937 adversus
3675 2856 3739 2909 lio-

2252 2968 2361 3013 stes
2398 2957 2577 3028 impiis
2610 2957 2729 3013 telis
2753 2969 3010 3013 armatos.
3054 2956 3343 3011 lnduamus
3382 2955 3557 3018 iidem,
3581 2948 3741 3008 neclet-

2246 3034 2509 3107 niidemus
2536 3054 3023 3122 interemptionem,
3046 3062 3099 3107 et
3118 3046 3558 3125 interemptricern
3576 3052 3743 3127 gentem.

2246 3142 2653 3215 Recogitemus,
2691 3145 2817 3214 quia
2846 3144 2987 3197 intra
3036 3141 3323 3221 Persarum
3370 3151 3548 3197 terram
3570 3132 3743 3193 consuti-

2250 3254 2407 3303 mus,
2458 3249 2511 3292 et
2556 3239 2740 3306 ingens
2780 3236 2903 3308 fuga
2958 3236 3060 3291 fert
3100 3235 3425 3307 periculum.
3484 3232 3743 3289 Vindicemus

2246 3330 2611 3401 corruptiones
2641 3328 2924 3401 virginum,
2956 3326 3178 3384 rescissa
3208 3326 3607 3407 collimilitonurn
3629 3333 3743 3374 mem-

2244 3421 2339 3475 bra
2370 3432 2674 3493 nostrorum
2718 3420 2961 3476 videntes
2991 3421 3153 3475 corde
3198 3402 3492 3489 doleamus.
3546 3402 3637 3485 Non
3668 3415 3747 3463 sunt

2248 3514 2361 3568 haec
2393 3512 2551 3567 ullam
2601 3510 2905 3567 mercedem
2954 3506 3201 3567 habentis
3230 3554 3245 3577 ,
3300 3504 3396 3567 sed
3435 3508 3546 3562 vita:
3574 3496 3747 3581 perennis

2246 3606 2490 3676 praemia.
2533 3604 2744 3660 Stemus
2775 3606 3014 3669 viriliter,
3066 3614 3121 3662 et
3168 3603 3432 3660 Dominus
3464 3602 3584 3657 Deus
3614 3607 3747 3663 coope-

2244 3680 2465 3764 rabitur,
2497 3707 2551 3752 et
2595 3698 2783 3767 perdet
2828 3697 3072 3752 inimicos
3101 3708 3345 3752 nostros.
3394 3695 3609 3765 Cumque
3628 3690 3744 3757 impc-

2246 3798 2391 3845 rator
2420 3791 2548 3858 bis,
2599 3799 2650 3846 et
2696 3790 2817 3844 aliis
2869 3790 3281 3860 quamplurimis
3329 3779 3746 3859 commonitionibns

2250 3883 2501 3953 populum
2542 3882 2853 3938 exhortatus
2898 3892 3080 3951 esset,
3128 3882 3413 3953 reSpondit
3459 3881 3503 3936 ei
3548 3888 3654 3933 unus
3685 3881 3748 3939 pro

2246 3974 2491 4029 omnibus
2521 3993 2532 4027 :
2564 3974 2871 4045 Expandisti
2903 3966 3198 4045 angustiam
3225 3974 3407 4031 cordis
3434 3970 3602 4035 nosui,
3625 3964 3750 4039 Domi-

2247 4084 2337 4131 ne,
2379 4084 2438 4122 os
2471 4078 2617 4121 tuutn
2654 4069 2706 4123 in
2742 4067 3098 4124 admonitione
3130 4068 3382 4122 dilatans.
3427 4068 3748 4120 Acueruntseb

2246 4174 2433 4214 mones
2456 4160 2527 4213 tui
2576 4158 2782 4229 gladios
2825 4170 3058 4227 nostros,
3091 4169 3145 4213 et
3175 4158 3278 4213 hos
3320 4157 3541 4231 animos,
3564 4155 3636 4224 qui
3660 4141 3750 4201 vinci

2246 4258 2555 4320 nequeant,
2610 4249 2815 4319 operati
2849 4258 2992 4305 sunt.
3055 4249 3348 4318 Expeditos
3391 4262 3484 4302 nos
3512 4230 3608 4300 tuis
3634 4230 3751 4293 veritis

2252 4341 2568 4408 exliibuisti,
2603 4342 2972 4396 erubescimus
2997 4342 3047 4395 in
3084 4344 3275 4412 pugnis
3308 4352 3358 4396 te
3385 4338 3664 4410 aspicientes
3690 4340 3755 4383 ιιοὸ

2222 4430 2573 4503 praecedere,
2617 4444 2669 4488 et
2708 4433 2975 4504 jussiones
3002 4444 3115 4488 tuas
3156 4434 3207 4488 in
3255 4435 3501 4509 omnibus
3534 4427 3751 4499 sequimufo

564 4520 746 4595 langes
781 4514 847 4571 ad
888 4514 1138 4587 pugnam.
1192 4519 1321 4573 Orto
1354 4530 1526 4575 autem
1557 4522 1688 4586 sole,
1728 4520 1778 4577 et
1817 4525 2138 4592 imperatore
2165 4550 2221 4620 Β
2250 4524 2543 4597 Imperator
2571 4537 2772 4593 autem,
2804 4526 3031 4595 sumptis
3059 4527 3285 4592 militiis,
3316 4542 3439 4581 mox
3468 4524 3527 4577 ad
3555 4514 3754 4574 Persidem

564 4610 629 4664 ad
671 4609 941 4663 Orientem
988 4621 1220 4678 reperto,
1273 4609 1459 4665 Persas
1502 4613 1871 4668 obteuebravit
1930 4616 2133 4683 radius,

564 4715 719 4773 quem
747 4711 802 4754 ut
854 4696 1010 4754 deum
1065 4702 1381 4757 adorabunt.
1446 4704 1733 4776 Imperator
1774 4719 1949 4763 autem
1988 4709 2140 4765 finxit

565 4791 816 4863 populum
844 4806 999 4846 suum
1033 4794 1183 4863 quasi
1234 4794 1284 4848 in
1332 4796 1502 4867 fugam
1546 4813 1779 4853 versum.
1824 4804 1889 4855 At
1926 4801 2002 4855 illi
2034 4805 2142 4858 solo

558 4872 748 4940 rentes
785 4883 1073 4967 phalanges
1114 4872 1219 4941 bos
1254 4888 1371 4941 sine
1406 4876 1701 4946 retentione
1746 4896 1993 4966 persequi
2017 4899 2140 4951 exi-

565 4970 876 5031 stimabant.
918 4972 1177 5032 Conversi
1212 4993 1339 5049 ergo
1370 4978 1624 5049 Romani,
1657 4986 1755 5037 bos
1782 5001 1933 5051 aequo
1956 4987 2137 5041 animo

564 5056 878 5148 verterunt,
931 5083 997 5125 ex
1036 5068 1124 5123 bis
1178 5070 1357 5127 multis
1410 5076 1723 5144 peremptis.
1799 5075 2139 5148 lnsequentes

562 5146 743 5214 autem
774 5173 869 5215 eos
892 5163 944 5215 in
970 5174 1167 5227 monte,
1205 5162 1256 5216 in
1286 5162 1574 5234 przecipitia
1625 5176 1678 5221 et
1712 5168 1823 5222 loca
1862 5146 2008 5223 devia
2043 5171 2141 5225 im-

560 5244 849 5315 ‘miserunt,
888 5252 1094 5305 cunctis
1130 5246 1238 5307 illic
1266 5257 1527 5309 contritis.
1572 5256 1712 5311 Inter
1754 5275 1812 5311 ea
1854 5262 2142 5333 praecipitia

558 5340 737 5395 instar
779 5356 1060 5411 caprarum
1120 5345 1459 5414 sylvestrium
1510 5349 1872 5404 morabantur.
1946 5352 2141 5411 Multos

562 5432 758 5487 autem'
789 5433 1028 5490 viventes
1060 5437 1596 5506 comprehenderunt.
1637 5434 1904 5512 Cepernnt
1935 5461 2144 5517 quoque

574 5533 627 5579 et
658 5526 845 5581 borum
892 5538 1090 5593 castra,
1121 5538 1174 5583 et
1214 5544 1425 5601 omnem
1466 5533 1847 5599 supellectilem
1884 5538 2141 5607 ipsorum.

566 5612 743 5673 Porro
792 5620 1058 5690 Romani,
1108 5626 1343 5680 extensis
1375 5624 1426 5678 in
1471 5626 1669 5679 coelum
1727 5629 2000 5701 manibus,
2038 5632 2148 5686 Deo

568 5708 772 5777 gratias
816 5711 1154 5781 referebant,
1208 5726 1260 5771 et
1294 5728 1386 5785 pro
1414 5717 1766 5787 imperatore,
1803 5726 1889 5791 qui
1929 5740 1986 5778 se
2013 5723 2150 5780 bene

579 5800 912 5871 probaverat,
955 5807 1323 5865 indeﬁcienter
1369 5811 1610 5868 orabant.
1665 5816 1767 5883 Qui
1805 5818 1947 5871 enim
1993 5828 2145 5874 antea

2250 4616 2559 4670 interiorem
2583 4613 2831 4679 accessit,
2861 4615 2979 4684 igne
3004 4616 3332 4672 comburens
3356 4616 3529 4677 urbes,
3555 4620 3600 4666 et
3618 4615 3753 4671 casm-

2249 4698 2336 4763 Fit
2385 4698 2544 4761 etiam
2600 4704 2835 4761 terribile
2886 4696 2975 4760 hic
3028 4700 3303 4781 quoddam
3356 4704 3662 4762 miraculum.
3716 4688 3755 4747 in

2253 4795 2476 4852 :estivali
2506 4796 2699 4867 quippe
2728 4790 2954 4850 solstitio
2981 4794 3151 4852 aether
3178 4797 3383 4853 sudore
3415 4790 3571 4850 fartus
3597 4800 3661 4847 est
3680 4801 3755 4841 mav

2251 4884 2429 4954 didus,
2475 4889 2684 4942 animos
2721 4880 2947 4943 Romani
2993 4889 3264 4944 exercitus
3297 4902 3569 4949 recreans,
3596 4880 3700 4963 adeo
3723 4882 3759 4929 υι

2248 4978 2377 5035 hinc
2416 4998 2565 5050 spem
2610 4981 2869 5051 optimam
2918 4992 3212 5037 sumerent.
3289 4976 3524 5037 Audiens
3568 4983 3754 5049 praeter?“

2249 5068 2529 5127 Heraclius
2552 5113 2567 5137 ,
2614 5072 2751 5141 quod
2784 5070 3091 5151 Chosdroes
3130 5073 3272 5142 apud
3304 5056 3593 5145 Cazacreon
3626 5054 3759 5151 civil?

2250 5170 2358 5217 tem
2390 5178 2514 5217 cum
2563 5163 2914 5234 quadraginta
2970 5148 3202 5220 millibus
3268 5148 3759 5221 bellicosorum'essel

2253 5250 2511 5320 virorum,
2564 5272 2683 5310 cuni
2732 5257 2932 5325 impetu
2980 5257 3242 5312 adversus
3289 5258 3438 5312 illum
3482 5238 3762 5333 ρέςτέξῐμει

2253 5334 2517 5419 praemissi
2549 5349 2764 5420 quidam
2798 5350 2864 5404 ab
2892 5365 2957 5405 eo
2990 5338 3413 5407 Sarracenorum
3443 5332 3760 5427 sibi'stlbjuil“

2254 5442 2429 5511 torum
2458 5434 2758 5500 Chosdroes
2788 5453 3077 5501 occurrunt
3112 5444 3329 5517 vigiliae,
3376 5456 3430 5503 et
3458 5428 3625 5513 horum
3647 5449 3761 5523 quos.

2254 5524 2375 5592 dant
2408 5534 2740 5602 occiderunt,
2780 5536 3034 5607 quosdam
3074 5552 3202 5611 vero
3240 5540 3452 5605 vinctos
3486 5526 3760 5613 εοῃῳοάὶωε

2256 5618 2376 5684 cum
2406 5640 2636 5703 prwtnre
2661 5629 2897 5700 ipsorum
2935 5631 3240 5699 imperatori
3271 5632 3652 5701 praesentaruut.
3688 5616 3756 5672 ΗΟ(

2258 5733 2532 5793 comperto
2573 5718 2875 5779 Chosdroes
2916 5722 3170 5791 derelicta
3200 5764 3213 5787 ,
3268 5708 3376 5777 tam
3407 5721 3627 5782 civitate,
3650 5722 3753 5779 qua"

2260 5818 2471 5885 militia,
2506 5818 2621 5886 fuga
2664 5834 2791 5873 usus
2823 5829 2923 5874 est.
2991 5822 3057 5874 ‘At
3088 5814 3217 5875 vero
3240 5818 3515 5875 Heraclius
3537 5816 3753 5871 insecutus
