3956 6342
581 402 678 458 051

1390 395 1595 453 PAULI
1635 390 1904 448 DIACONI
1939 386 2092 444 OPP.
2134 383 2313 441 PARS
2349 385 2393 440 l.
2434 412 2493 425 —
2542 381 2934 441 HISTORICA.

3588 389 3686 444 1032

561 528 698 577 .ens,
721 510 1003 567 multitudo
1024 523 1137 575 vos,
1161 510 1373 574 fratres,
1392 506 1726 564 inimicorum
1754 521 1857 561 non
1886 512 2099 560 contur-
2121 498 2182 557 Α
2203 506 2524 553 mentorum.
2567 498 2716 554 Hanc
2751 497 3043 568 praeferunt
3084 512 3301 562 omnes,
3334 498 3443 556 licet
3476 502 3687 573 abruptior

566 615 673 674 tet,
707 605 819 660 Deo
865 603 1060 672 quippe
1109 602 1323 657 volente
1368 615 1506 655 unus
1553 605 1898 668 persequetur
1946 595 2112 651 mille.

561 698 838 751 dactetnus
885 710 1014 764 ergo
1043 695 1397 763 nosmetipsos
1426 708 1523 761 pro
1555 693 1727 747 salute
1771 690 1991 745 fratrum
2021 703 2118 744 no-

560 795 807 852 ttrorum,
836 794 890 839 et
914 798 1184 840 sumamus
1210 797 1463 838 coronam
1492 781 1774 851 'tnartyrii,
1805 794 1911 848 quo
1949 786 2003 831 et
2029 777 2119 832 fu-

552 894 732 934 turum
765 888 973 946 tempus
1004 892 1101 933 nos
1132 877 1334 938 laudet,
1363 886 1416 931 et
1448 876 1586 930 Deus
1616 875 1803 929 reddat
1826 871 2118 927 mercedes.

559 970 650 1024 His
678 980 732 1025 et
760 968 877 1023 aliis
915 967 1313 1037 quampluribus
1359 964 1534 1021 verbis
1563 965 1833 1019 audaciam
1868 961 2121 1018 exercitui

556 1058 854 1123 conferens,
886 1057 1036 1111 hilari
1062 1057 1207 1111 vultu
1240 1056 1478 1125 praelium
1517 1055 1751 1119 ordinat,
1782 1062 1836 1107 et
1862 1053 2123 1107 distantes

555 1152 621 1205 ab
657 1151 886 1206 invicem
935 1150 1217 1205 intervallo
1247 1149 1474 1218 pusillo,
1503 1162 1535 1200 a
1563 1161 1721 1201 mane
1752 1159 1922 1214 usque
1947 1144 2013 1197 ad
2038 1158 2125 1197 ve-

554 1256 764 1310 speram
815 1241 1046 1312 aggressi
1096 1256 1200 1297 non
1249 1248 1374 1296 sunt
1420 1240 1470 1293 in
1516 1239 1851 1294 alterutrum.
1894 1235 2126 1301 Vespere

557 1345 682 1386 vero
730 1333 1040 1398 imperator,
1085 1339 1299 1399 arrepto
1343 1329 1568 1395 itinere,
1611 1325 1879 1396 pergebat.
1910 1322 2128 1377 Barbari

558 1437 683 1477 vero
714 1424 902 1478 iterum
926 1431 1043 1489 post
1067 1437 1188 1479 cum
1210 1421 1566 1488 sequebantur
1587 1427 1611 1453 υ
1635 1419 1945 1473 comitantes
1966 1415 2125 1482 viam,

558 1512 697 1566 hunc
717 1527 1086 1581 praeoccupare
1107 1512 1367 1575 volentes,
1387 1510 1625 1564 incidunt
1648 1508 1699 1561 in
1724 1508 1836 1560 loca
1857 1505 2127 1574 palustria,

558 1609 614 1656 et
639 1602 952 1657 oberrantes
1000 1602 1054 1656 in
1090 1614 1338 1669 magnum
1378 1600 1667 1654 discrimen
1694 1596 2001 1652 deveniunt.
2029 1596 2131 1650 lin-

557 1701 770 1763 perator
800 1701 977 1747 autem
1008 1694 1271 1745 transiens
1302 1691 1435 1745 fines
1464 1690 1743 1744 Persarum
1771 1729 1787 1755 ,
1820 1703 1912 1756 per
1940 1689 2131 1741 Arme-

559 1786 701 1839 niam
744 1785 1080 1855 peragrabat.
1114 1782 1247 1839 Cum
1289 1793 1468 1839 autem
1499 1793 1637 1838 terra
1668 1782 1757 1836 illa
1802 1790 2068 1835 teneretur
2102 1794 2132 1832 a

2212 600 2375 657 esset,
2408 601 2462 646 et
2487 592 2607 646 nive
2636 593 2798 646 multa
2841 593 3101 647 severior.
3135 592 3246 646 Hac
3274 591 3434 662 itaque
3469 597 3605 649 multo
3633 598 3690 653 la—

2216 682 2346 737 bore
2393 694 2655 738 transacta
2688 684 2740 737 in
2776 698 2848 738 vn
2877 684 3067 738 diebus
3106 685 3405 752 perveniunt
3439 686 3496 740 ad
3534 686 3694 744 ﬂuvium

2218 772 2412 843 Tigris,
2438 780 2492 828 et
2514 775 2654 830 hunc
2677 789 2797 829 cum
2826 784 3258 842 transmeassent,
3287 776 3485 831 veniunt
3507 776 3701 850 Martyru-

2220 866 2400 936 polim,
2428 877 2480 920 et
2503 866 2747 920 Amidam
2767 909 2781 931 ,
2817 878 2871 922 et
2896 869 3179 936 quiescunt
3210 878 3313 923 tam
3334 872 3567 924 exercitus
3588 888 3701 941 qua

2220 955 2515 1023 captivitas.
2546 957 2676 1009 llinc
2702 968 2758 1011 et
2788 958 2993 1012 litteras
3026 958 3334 1027 Byzantium
3371 961 3615 1028 imperator
3636 978 3704 1029 po.

2223 1045 2324 1098 tuit
2355 1047 2564 1100 mittere
2584 1087 2600 1110 ,
2641 1053 2697 1099 et
2724 1061 2841 1115 quae
2863 1048 3006 1102 circa
3046 1063 3106 1104 se
3142 1056 3291 1101 erant
3318 1051 3480 1103 omnia
3508 1051 3703 1118 iudicare,

2223 1144 2278 1192 et
2312 1137 2501 1207 ingens
2533 1138 2711 1195 facere
2737 1142 2987 1209 gaudium
3026 1142 3253 1196 civitati.
3285 1144 3521 1199 Sarbaras
3554 1155 3706 1212 autem,

2226 1228 2420 1296 pupulo
2441 1244 2537 1283 suo
2565 1230 2655 1299 qui
2688 1230 2858 1285 fuerat
2885 1231 3163 1301 dispersus
3203 1233 3418 1287 collecto
3438 1273 3452 1297 ,
3491 1235 3709 1289 insurrexit

2227 1318 2281 1371 in
2325 1319 2472 1373 illum
2497 1359 2512 1382 ,
2546 1321 2837 1387 imperator
2867 1338 2998 1378 vero
3039 1322 3263 1376 electam
3308 1322 3512 1376 militum
3539 1323 3644 1377 alant
3664 1325 3710 1379 ad

2228 1411 2632 1467 custodiendum
2663 1413 2803 1467 misit
2835 1414 3109 1469 clausuras
3128 1457 3143 1477 ,
3175 1430 3291 1483 qua:
3320 1414 3382 1468 ad
3405 1428 3459 1469 se
3493 1416 3710 1481 ducebant,

2230 1508 2287 1555 et
2314 1502 2488 1556 aditus
2513 1504 2602 1572 qui
2629 1504 2693 1557 ad
2728 1504 2996 1559 Orientem
3055 1516 3226 1560 erant.
3270 1506 3381 1573 Ipse
3423 1520 3537 1559 vero
3569 1506 3714 1561 discur-

2232 1608 2377 1657 rens,
2401 1593 2454 1647 in
2478 1595 2663 1648 faciem
2688 1596 2920 1651 efficitur
2941 1596 3453 1667 Sarbarae.Cumqne
3474 1606 3714 1653 transmeat-

2232 1694 2315 1738 set
2344 1684 2646 1754 Nymphion
2676 1701 2924 1752 amnem,
2972 1687 3039 1740 ad
3086 1686 3404 1755 Euphratem
3441 1686 3717 1754 pervenit,in

2238 1790 2346 1843 quo
2375 1785 2496 1830 erat
2526 1792 2657 1843 pons
2689 1793 2858 1832 nexus
2888 1794 2916 1832 e
2948 1778 3162 1832 funibus
3193 1778 3350 1831 simul
3380 1788 3430 1832 et
3458 1778 3653 1831 navibus.
3674 1778 3717 1831 At

561 1838 765 1945 Persis:
798 1838 946 1933 multi
974 1893 1093 1932 cum
1131 1877 1363 1933 Sarbara
1391 1883 1804 1938 concurrerunt,
1827 1889 1890 1928 ac
1915 1889 2009 1943 per
2036 1874 2137 1928 hoc
2164 1838 2214 1901 Β
2240 1883 2369 1922 vero
2396 1868 2660 1924 Sarbaras
2705 1869 2982 1926 dissolutis
3011 1869 3225 1924 funibus
3279 1868 3473 1938 pontis,
3512 1868 3569 1923 ab
3607 1870 3719 1923 altera

559 1969 785 2038 populus
808 1968 926 2038 ejus
957 1969 1141 2023 crevit.
1177 1968 1465 2034 Prteterea,
1500 1968 1674 2022 hieme
1701 1965 2019 2028 accedente,
2051 1964 2135 2018 di-

562 2060 759 2126 spersit
786 2056 1176 2111 multitudinem
1210 2072 1302 2126 per
1330 2058 1444 2111 loca
1475 2056 1731 2125 ipsorum,
1754 2065 1809 2109 ut
1839 2058 2138 2123 requiesce-

560 2156 681 2201 rent
711 2148 760 2200 in
788 2145 1035 2202 domibus
1062 2150 1192 2202 suis.
1227 2148 1343 2213 Quo
1372 2156 1650 2213 comperto
1672 2144 1944 2200 lleraclius
1984 2156 2138 2200 nocte

560 2236 725 2291 furari
759 2238 1115 2292 meditabatur
1143 2239 1364 2292 bellum.
1397 2238 1640 2307 Cumque
1667 2239 1820 2293 turbo
1846 2248 2136 2307 tempesta-

560 2328 629 2381 tis
675 2328 923 2393 adesset,
960 2337 1015 2382 et
1050 2327 1299 2383 Sarbaraa
1330 2327 1472 2381 nulla
1510 2328 1740 2396 suspicio
1770 2327 2135 2393 incumberet,

562 2419 746 2473 electis
769 2420 1267 2490 fortissimis‘equis,
1300 2431 1355 2476 et
1379 2423 1764 2477 robustioribus
1784 2423 1850 2477 ab
1870 2425 2134 2492 exercitu,

564 2504 662 2557 bos
691 2504 973 2575 dupliciter
1022 2522 1273 2575 armans,
1325 2509 1580 2575 quosdam
1625 2524 1689 2563 ex
1726 2509 1804 2563 eis
1835 2510 2139 2578 praecedere

559 2595 720 2665 jussit
748 2607 929 2650 contra
952 2596 1258 2668 Sarbaram,
1293 2598 1407 2668 ipse
1433 2615 1560 2655 vero
1591 2616 1710 2655 cum
1742 2602 1863 2656 aliis
1895 2612 2014 2662 post
2045 2616 2138 2658 eos

563 2688 876 2743 subsecutus
905 2700 1004 2744 est.
1037 2692 1473 2747 Accelerantibus
1518 2709 1645 2763 ergo
1678 2709 1772 2763 per
1810 2707 2055 2762 noctem,
2084 2704 2141 2751 et

562 2781 989 2849 pervenientibus
1018 2783 1084 2835 ad
1118 2783 1394 2849 praedium,
1420 2785 1505 2838 cui
1529 2786 1844 2841 vocabulum
1869 2798 1984 2842 erat
2004 2788 2137 2842 Las-

559 2870 776 2937 banum,
808 2871 938 2927 hora
971 2873 1142 2928 noctis
1166 2890 1325 2940 nona,
1351 2875 1551 2942 Persae,
1582 2877 1673 2944 qui
1709 2878 1762 2931 in
1787 2893 1854 2933 eo
1880 2885 2053 2944 erant,
2086 2886 2141 2933 et

562 2962 816 3033 impetum
859 2974 1255 3033 cognoverant,
1308 2966 1709 3022 insurrexerunt
1762 2969 1817 3022 in
1871 2984 1985 3023 eos.
2034 2968 2140 3038 Ipsi

559 3064 732 3109 autem
763 3054 1140 3110 interfecerunt
1170 3058 1267 3110 hos
1291 3072 1497 3121 omnes,
1530 3069 1754 3126 excepto
1786 3075 1892 3114 uno
1919 3060 2006 3128 qtti
2034 3059 2137 3115 hoc

560 3143 802 3199 Sarbaraa
825 3147 1106 3201 nuntiavit.
1138 3148 1208 3201 At
1232 3163 1360 3202 vero
1385 3149 1643 3204 Sarbaras
1674 3152 1914 3206 ascendit
1937 3167 2133 3220 equum

564 3237 736 3291 nudus
756 3276 773 3300 ,
816 3246 975 3307 atque
1022 3238 1374 3293 discalceatus
1396 3282 1413 3308 ,
1446 3222 1564 3310 fuga
1592 3240 1820 3296 salutem
1848 3253 2133 3297 mercatus.

564 3329 733 3400 Hujus
764 3338 940 3384 autem
970 3332 1223 3386 mulieres
1247 3372 1266 3399 ,
1294 3342 1349 3386 et
1375 3346 1589 3386 omnem
1617 3332 1884 3387 Persicum
1916 3334 2100 3388 ﬂorem
2118 3377 2134 3404 ,

563 3423 956 3490 principesque,
989 3437 1054 3478 ac
1088 3433 1332 3492 satrapas
1356 3440 1477 3479 cum
1521 3425 1709 3481 electis
1736 3426 2019 3496 militibus,
2048 3427 2138 3495 qui

562 3517 613 3568 in
643 3512 926 3567 domorum
973 3522 1115 3569 tecta
1157 3517 1611 3583 conscenderant,
1643 3525 1699 3571 et
1724 3516 1923 3572 bellum
1951 3526 2139 3573 contra

562 3622 621 3662 se
650 3618 1106 3676 prasparaverunt,
1132 3624 1226 3679 per
1255 3611 1431 3681 ignem
1460 3611 1735 3681 deposuit,
1766 3623 1820 3668 et
1859 3614 1995 3669 alios
2024 3613 2138 3683 qui-

561 3702 682 3757 dem
709 3704 939 3772 occidit,
971 3707 1105 3761 alios
1136 3722 1262 3762 vero
1307 3709 1430 3779 igne
1473 3713 1839 3779 consumpsit,
1885 3712 1972 3766 alii
2012 3728 2138 3767 vero

563 3797 788 3852 manicis
831 3807 885 3853 et
932 3801 1275 3869 compedibus
1321 3804 1555 3874 colligati
1601 3814 1759 3873 sunt,
1807 3806 1966 3861 itaut
2004 3821 2140 3875 pene

563 3889 737 3942 nullus
765 3906 830 3945 ex
860 3890 941 3945 his
970 3894 1058 3961 qui
1087 3891 1333 3950 Sarbarte
1362 3895 1596 3961 fuerant,
1620 3899 1941 3953 salvaretur.
1972 3899 2140 3953 Acce—

561 3990 754 4049 perunt
798 3990 979 4038 autem
1023 3994 1078 4040 et
1126 3998 1275 4040 arma
1320 3987 1599 4053 Sarbarae,
1629 4002 1849 4044 aureum
1894 3988 2139 4045 videlicet

559 4073 835 4144 clypeum,
885 4078 1204 4131 machaeram
1237 4078 1400 4133 etiam
1429 4078 1583 4149 ejus,
1614 4089 1669 4136 et
1706 4084 1948 4137 lanceam
1985 4096 2139 4153 atque

559 4179 797 4237 auream,
825 4175 881 4224 et
905 4180 1177 4238 comptam
1208 4170 1471 4242 lapidibus
1510 4175 1759 4243 pretiosis
1787 4189 1976 4229 zonam
2001 4215 2018 4240 ,
2052 4176 2138 4229 ni-

559 4258 849 4314 hilominus
868 4268 922 4315 et
949 4260 1311 4317 calceamenta
1339 4264 1479 4333 ejus.
1503 4265 1599 4319 His
1618 4266 1864 4321 omnibus
1885 4269 2135 4336 sumptis,

558 4350 798 4419 procedit
842 4361 1028 4406 contra
1076 4353 1344 4423 dispersos
1397 4370 1491 4423 per
1538 4356 1724 4424 villas,
1785 4356 1876 4427 qui
1931 4358 2138 4413 scilicet

558 4454 827 4510 comperta
856 4442 1071 4498 Sarbuti
1109 4443 1227 4514 fuga
1252 4485 1269 4511 ,
1315 4446 1432 4501 sine
1477 4450 1784 4505 retentione
1833 4448 2131 4518 fugiebant.

2240 1960 2351 2027 ripa
2386 1960 2440 2013 in
2490 1970 2657 2014 totum
2690 1962 2743 2015 in
2790 1963 3011 2016 alteram
3053 1961 3325 2016 transtulit
3365 1969 3573 2030 pontem.
3612 1958 3720 2013 Cunt-

2240 2066 2343 2121 que
2392 2050 2682 2120 imperator
2713 2052 2984 2121 venisset,
3016 2068 3114 2108 nec
3153 2053 3406 2107 valuisset
3449 2052 3634 2106 transire
3662 2065 3722 2116 per

2239 2153 2477 2211 pontem,
2511 2142 2816 2198 discurrens
2845 2144 3049 2198 invenit
3076 2156 3312 2200 meatum
3331 2184 3347 2210 ,
3376 2155 3423 2199 et
3451 2144 3571 2196 hunc
3594 2142 3723 2196 Martio

2248 2248 2435 2289 mense
2464 2212 2741 2302 inapinate
2766 2235 2881 2289 sine
2907 2235 3223 2291 discrimine
3250 2236 3589 2299 transmeavit,
3609 2233 3724 2287 etSa

2249 2333 2508 2378 mosatam
2549 2324 2809 2393 pervenit.
2840 2324 3151 2392 Rursusque
3179 2341 3302 2380 cum
3332 2326 3548 2380 Taurum
3572 2334 3727 2392 praeter-

2238 2412 2398 2480 isset,
2429 2415 2479 2469 in
2509 2415 2897 2471 Germaniciani
2927 2419 3197 2485 profectus
3222 2430 3325 2483 est,
3354 2428 3407 2473 et
3440 2433 3546 2472 cum
3574 2415 3728 2470 transis-

2238 2514 2323 2559 set
2351 2504 2558 2571 Adana,
2590 2509 2741 2560 venit
2769 2508 2833 2560 ad
2864 2523 3074 2564 amnem
3122 2508 3321 2563 Saron.
3351 2508 3581 2563 Sarba‘ras
3611 2515 3729 2558 autem

2243 2607 2456 2665 pontem
2484 2612 2669 2653 rursus
2697 2598 2749 2651 in
2780 2602 3048 2667 proprium
3094 2599 3271 2653 locum
3319 2608 3525 2653 extenso
3545 2638 3559 2662 ,
3592 2598 3731 2661 alisque

2240 2690 2519 2745 obstaculo
2590 2690 2960 2746 transfretavit
3009 2693 3356 2761 Euphraten.
3401 2703 3452 2747 et
3490 2691 3733 2759 sequebatur

2240 2792 2361 2852 post
2404 2798 2544 2837 eum.
2596 2786 2692 2838 Ast
2745 2784 3029 2852 imperator
3079 2801 3203 2839 cum
3259 2787 3525 2839 transisset
3573 2788 3726 2851 pontem

2242 2875 2378 2941 Sari,
2413 2876 2620 2931 inventa
2649 2877 2831 2946 requie
2858 2888 2963 2931 tam
2996 2879 3270 2932 exercitus
3298 2894 3450 2946 quam
3473 2873 3727 2933 animalium,

2243 2969 2383 3023 circa
2414 2970 2586 3038 ipsum
2614 2980 3020 3025 castrametatus
3051 2981 3128 3025 est
3165 2970 3413 3026 reficiens
3437 2964 3735 3025 eos.Pervenil

2245 3073 2423 3118 autem
2454 3072 2510 3118 et
2538 3063 2801 3119 Sarbaras
2832 3066 2881 3119 in
2924 3074 3126 3135 partem
3158 3080 3281 3134 quae
3322 3074 3497 3120 contra
3540 3078 3595 3117 ex
3623 3061 3736 3113 altera

2246 3165 2399 3224 parte
2424 3170 2543 3210 esse
2572 3156 2873 3211 videbatur.
2909 3157 3132 3211 luvento
3156 3173 3292 3211 vero
3324 3170 3509 3225 ponte,
3538 3165 3582 3209 et
3600 3166 3737 3225 propu—

2242 3250 2478 3317 gnaculis
2505 3264 2621 3318 qua:
2646 3247 2701 3302 in
2729 3263 2795 3304 eo
2824 3258 2979 3305 erant
2998 3264 3028 3303 a
3058 3250 3215 3305 Rom.
3244 3252 3492 3317 obtentis,
3514 3256 3734 3303 castrame-

2239 3347 2384 3394 talus
2410 3351 2511 3395 est.
2555 3341 2910 3397 Excurreutes
2936 3352 3112 3396 autem
3141 3343 3299 3397 multi
3328 3342 3642 3396 Romanorum
3676 3347 3749 3406 per

2240 3439 2456 3498 pontem
2486 3431 2807 3499 inordinate,
2826 3448 2946 3486 cum
2978 3432 3153 3487 Persis
3190 3435 3469 3488 contulere
3488 3430 3737 3487 conﬂictum.

2239 3519 2403 3573 multa
2435 3520 2485 3574 in
2518 3518 2647 3589 ipsis
2667 3521 2816 3577 crede
2842 3523 3146 3577 commissa.
3177 3523 3379 3579 Verum
3408 3524 3656 3591 imperator
3674 3518 3739 3570 bos

2239 3610 2541 3666 inordinate
2573 3613 2893 3682 prohibebat
2920 3612 3251 3682 discurrere,
3284 3631 3352 3669 ne
3374 3616 3506 3669 forte
3533 3614 3619 3667 iter
3637 3610 3741 3662 ﬁeret

2239 3704 2561 3759 adversariis
2590 3720 2709 3760 cum
2738 3705 2842 3759 illis
2871 3705 3225 3763 conveniendi
3255 3708 3322 3760 ad
3351 3719 3570 3776 pontem,
3589 3711 3631 3757 et
3648 3696 3737 3769 pari-

2241 3808 2322 3853 ter
2344 3800 2699 3854 commeandi.
2731 3798 2964 3866 Populus
2983 3809 3159 3854 autem
3189 3817 3300 3855 non
3329 3794 3741 3869 acquiescebatim-

2238 3894 2499 3962 peratori.
2533 3893 2701 3949 Porro
2730 3893 2989 3948 Sarhnras
3018 3896 3340 3962 quibusdam
3367 3891 3649 3950 exercitibus
3670 3885 3740 3937 suis

2237 3987 2374 4041 clam
2404 3988 2456 4038 in
2490 3985 2624 4040 locis
2653 3986 2848 4040 abditis
2875 3987 3149 4041 collocatis
3172 4029 3189 4053 ,
3216 3987 3455 4043 ostendit
3478 4000 3533 4039 se
3556 3980 3670 4050 quasi
3692 3978 3741 4028 lu-

2237 4075 2508 4146 gientem,
2559 4090 2623 4131 ac
2667 4075 2745 4130 sic
2792 4076 3054 4131 abstraxit
3103 4078 3307 4133 multos
3340 4078 3587 4132 Romanos
3611 4062 3741 4140 przléf

2238 4179 2420 4223 votum
2456 4168 2815 4239 imperatoris,
2841 4171 2905 4222 ad
2936 4169 3327 4226 insecutionem
3357 4171 3437 4224 sui
3467 4173 3739 4223 transeuntes.

2236 4257 2504 4314 Reversos
2549 4269 2727 4315 autem
2748 4299 2765 4327 ,
2818 4269 2872 4313 et
2912 4259 2991 4314 bis
3022 4260 3074 4314 in
3126 4260 3310 4329 fugam
3343 4259 3534 4323 versis,
3560 4257 3741 4326 quotun

2237 4362 2389 4407 extra
2422 4360 2638 4421 pontem
2665 4352 2946 4419 occupavit
2971 4352 3187 4415 occidit,
3218 4353 3506 4406 vindictam
3535 4352 3743 4418 perpessis

2238 4444 2633 4500 inobedientite.
2659 4443 2950 4512 Imperator
2970 4458 3100 4498 vero
3122 4484 3136 4510 ,
3166 4459 3293 4498 cum
3329 4445 3569 4498 barbaros
3593 4435 3743 4489 tidisset

561 4535 678 4603 Ipse
700 4544 874 4590 autem
894 4535 1167 4591 insecutus
1188 4537 1382 4593 multos
1401 4553 1587 4594 eorum
1607 4541 1822 4606 occidit,
1845 4549 1900 4594 et
1921 4542 2124 4596 vinctos
2148 4552 2206 4614 υ
2233 4542 2568 4598 insecutione
2598 4538 2816 4593 ordines
2843 4537 3176 4604 dissolvisse,
3207 4547 3265 4592 et
3292 4555 3358 4593 ex
3380 4540 3528 4591 Itoni.
3552 4526 3745 4587 stantibus

559 4625 800 4690 accepit,
832 4623 1124 4695 reliquique
1172 4641 1291 4681 cum
1340 4627 1653 4685 confusione
1701 4632 2025 4700 repedarunt
2074 4628 2159 4687 in~

562 4713 855 4769 Persidem.
884 4715 1049 4770 Porro
1088 4716 1402 4788 imperator,
1444 4722 1678 4776 exercitu
1726 4737 1825 4777 suo
1870 4726 2128 4791 collecto,

557 4819 679 4859 cum
710 4805 902 4874 gaudio
926 4807 978 4861 in
1011 4808 1115 4862 illis
1158 4809 1289 4865 locis
1335 4812 1629 4882 intrepidus
1672 4814 1944 4869 hiemavit.
1975 4815 2130 4870 Anno

558 4896 627 4950 15
655 4897 859 4964 imperii
890 4898 1163 4966 Heraclii,
1214 4903 1450 4959 Arabum
1496 4907 1746 4973 princeps
1795 4905 2130 4960 Muhammad

557 4987 869 5046 habebatur.
899 4991 1174 5049 Heraclius
1201 5004 1377 5050 autem
1418 5006 1730 5051 coacervato
1768 5001 2005 5053 exercitu
2033 5012 2131 5053 suo

559 5083 838 5137 consilium
871 5082 1102 5139 faciebat
1131 5100 1357 5154 quanam
1391 5087 1474 5140 via
1515 5096 1783 5157 pergeret.
1818 5088 1945 5143 Duas
1974 5103 2132 5142 nam-

557 5187 657 5239 que
686 5174 784 5227 viae
813 5175 912 5228 sibi
942 5176 1255 5243 adiacebant
1278 5188 1535 5247 angustae,
1566 5194 1630 5233 ac
1649 5177 1819 5233 deviae
1838 5217 1854 5242 ,
1884 5193 1990 5233 una
2017 5179 2135 5248 qui-

558 5265 676 5318 dem
706 5263 991 5322 Tarentum
1023 5269 1244 5335 ducens,
1270 5272 1435 5325 altera
1464 5281 1642 5326 autem
1671 5272 1725 5325 in
1750 5282 1945 5327 terram
1968 5274 2128 5343 Syro-

557 5373 692 5411 rum.
721 5358 915 5414 Verum
938 5360 1051 5428 illa,
1070 5377 1189 5432 quae
1210 5362 1498 5417 Tarentum
1522 5363 1774 5430 ducebat,
1799 5364 2132 5421 ditl'ereutior

555 5451 768 5517 quidem
796 5463 936 5520 erat,
961 5454 1057 5510 sed
1082 5465 1372 5526 egestatem
1392 5466 1702 5512 cunctarum
1725 5456 1956 5513 habebat
1977 5473 2132 5514 esca-

556 5559 706 5611 rum;
744 5562 865 5615 quae
894 5562 1023 5603 vero
1065 5549 1117 5604 in
1158 5558 1355 5606 terram
1384 5550 1529 5605 ducit
1576 5550 1866 5622 Syrorum,
1895 5551 2128 5609 Taurum

558 5636 765 5703 transit,
797 5647 852 5693 et
879 5638 1277 5708 abundantiam,
1305 5650 1362 5700 et
1386 5642 1747 5714 dapsilitatem
1777 5654 1996 5703 omstat
2021 5645 2133 5702 ali-

624 5805 652 5833 ι
679 5796 789 5868 AL,
817 5808 865 5855 οι
892 5812 1274 5861 cmuciatu.

2235 4634 2287 4686 in
2316 4629 2739 4685 antemuralibus
2765 4628 2960 4682 multos
3000 4629 3304 4682 exstinctos
3321 4667 3341 4695 ,
3367 4636 3542 4682 contra
3566 4637 3640 4675 eos
3661 4629 3743 4683 pro-

2231 4735 2444 4779 secutus
2470 4729 2570 4776 est.
2602 4720 2768 4774 Porro
2799 4718 2879 4773 vir
2906 4720 3118 4789 quidam
3149 4718 3319 4774 Persa
3348 4719 3607 4788 giganteos
3626 4710 3745 4774 impe°

2231 4815 2397 4868 ratori
2445 4825 2734 4866 occurrens
2778 4810 2920 4864 hunc
2968 4810 3019 4862 in
3069 4808 3251 4863 medio
3295 4806 3468 4876 pontis
3495 4798 3742 4872 aggreditur-

2232 4910 2330 4958 Ast
2363 4904 2678 4970 imperator,
2705 4899 2807 4954 hoc
2830 4913 3079 4967 percusso
3101 4942 3114 4963 ,
3151 4898 3205 4951 in
3250 4897 3427 4952 amnis
3464 4896 3634 4950 ﬂuenta
3666 4896 3746 4952 Ρτ⁰⁶

2230 4994 2380 5063 jecit.
2415 4993 2525 5047 Hoc
2555 5007 2685 5046 vero
2719 5004 2907 5045 ruente
2937 4990 3147 5044 barbari
3187 4990 3246 5043 in
3292 4990 3468 5059 fugam
3496 4982 3614 5038 versi
3637 4983 3741 5033 sunt.

2233 5096 2286 5141 et
2316 5101 2425 5154 prae
2452 5085 2692 5154 angustia
2724 5085 2899 5152 pontis
2921 5082 2946 5121 δ
2983 5093 3204 5152 utraque
3238 5096 3398 5152 parte
3435 5087 3589 5135 semet
3613 5074 3652 5129 in
3675 5069 3769 5122 ὕειν
3862 5120 3863 5129 χ

2236 5178 2379 5231 vium
2421 5177 2728 5246 jaciebant,
2785 5176 2872 5229 alii
2918 5185 3095 5229 autem
3145 5176 3347 5245 gladiis
3400 5169 3744 5228 trucidabantur-

2234 5268 2406 5323 Porro
2433 5267 2715 5322 multitudo
2744 5267 3089 5321 barbarorum
3114 5281 3208 5334 per
3230 5264 3471 5319 ﬂutttinis
3491 5262 3612 5327 ripas
3628 5250 3744 5319 sagil°

2233 5362 2402 5428 “bal,
2432 5376 2495 5417 ac
2525 5360 2823 5427 resistebat,
2854 5374 2958 5413 non
2987 5357 3168 5413 sinens
3193 5358 3425 5411 transire
3449 5344 3744 5406 Rom.\’erum

2236 5455 2527 5525 imperator
2576 5453 2839 5510 transiens
2886 5451 3109 5506 viriliter
3155 5447 3406 5503 barbaris
3449 5438 3628 5501 resistit
3663 5441 3746 5534 cum

2235 5550 2425 5622 paucis
2451 5549 2769 5619 quibusdam
2791 5546 3067 5602 societatis
3093 5559 3204 5600 sua:
3242 5538 3679 5613 superagonizans.
3696 5534 3745 5622 III.

2236 5610 2297 5697 ut
2334 5610 2495 5699 etiam
2537 5640 2794 5696 Sarbaras
2840 5652 3001 5708 super
3030 5636 3132 5693 hoc
3173 5610 3596 5704 obstupesceret,
3628 5630 3670 5678 οι
3702 5610 3747 5668 δέ

2290 5800 2338 5839 ’δ
2373 5802 2486 5869 AL,
2513 5808 2570 5855 stt
2597 5812 2751 5855 rana.
