3956 6342
193 326 325 384 1055

1202 320 1519 384 HISTORIA
1558 320 1917 380 MISCELLA.
1958 350 2030 364 -—
2066 320 2196 376 Ltd.
2238 320 2417 376 XVIII.

3302 325 3449 383 1054

187 443 431 499 Cosmam
460 441 742 512 quemdam
763 441 908 509 iuxta
932 455 991 497 se
1010 449 1237 498 stantem
1262 444 1417 498 Rom.
1443 453 1470 481 ι
1492 441 1771 514 perfugam
1794 445 1852 504 Α
1874 436 1966 506 qui
1991 442 2075 491 est
2095 437 2234 504 apud
2264 435 2491 505 gentiles
2519 408 2833 489 extraneas.
2861 434 3120 492 Similiter
3161 444 3218 493 et
3247 410 3449 507 princis

185 535 462 603 Margarita
485 535 706 591 diceret.
738 536 918 601 Vides,
950 536 1219 607 inquiens,
1250 537 1540 603 Caesarem,
1567 551 1599 591 ο
1625 534 1759 590 Cos-

185 642 289 692 ma,
322 643 479 696 quam
507 627 677 681 audax
707 628 774 681 ad
800 643 1029 698 pugnam
1075 636 1212 695 stet,
1257 638 1312 685 et
1339 637 1522 684 contra
1562 636 1762 681 tantam

184 719 575 773 multitudinem
618 719 764 773 solus
809 719 1081 786 decertet,
1112 732 1168 776 et
1212 720 1358 776 velut
1402 721 1553 774 incus
1586 718 1763 787 jacula

184 812 411 865 renuat?
443 809 467 849 b
502 813 578 865 Ex
607 812 784 867 rubris
814 813 959 868 enim
988 815 1162 869 ocreis
1191 814 1603 884 agnoscebatur,
1630 811 1764 865 mul-

183 912 365 973 tasque
396 904 596 973 plagas,
628 904 752 959 licet
780 908 979 960 nullam
1007 908 1059 962 in
1079 907 1181 961 hoc
1204 907 1388 976 prelio
1410 906 1764 975 periculosam

181 996 486 1064 acceperit,
512 995 680 1050 dedit.
710 997 842 1053 Tota
875 1012 1003 1053 vero
1023 998 1109 1054 die
1136 1014 1259 1054 cum
1288 999 1342 1054 in
1371 998 1472 1053 hoc
1497 998 1640 1052 bello
1670 1012 1765 1066 pu-

180 1097 455 1156 gnassent,
474 1089 766 1145 accedente
789 1105 1008 1159 veSpera
1027 1093 1095 1146 ab
1117 1091 1344 1146 invicem
1366 1091 1596 1160 separati
1618 1099 1763 1153 sunt,

180 1191 229 1233 et
256 1180 523 1235 Sarbaras
549 1182 767 1251 quidem
803 1185 995 1239 timens
1024 1200 1117 1253 per
1147 1193 1356 1239 noctem
1389 1197 1636 1238 reversus
1660 1191 1763 1237 est.

180 1272 478 1341 Imperator
508 1283 687 1329 autem
740 1276 940 1344 populo
986 1290 1085 1330 suo
1129 1286 1446 1331 coacervato
1484 1274 1551 1328 ad
1579 1274 1765 1329 urbem

179 1365 483 1431 properavit
527 1365 848 1433 Sebastiani,
899 1378 953 1423 et
1003 1384 1127 1423 cum
1158 1369 1297 1426 Alon
1345 1368 1564 1423 ﬂuvium
1594 1376 1768 1421 trans-

179 1465 433 1520 measset,
465 1456 520 1510 in
547 1458 647 1511 hoc
676 1459 870 1528 gaudio
901 1460 1067 1515 totius
1096 1460 1290 1516 hiemis
1321 1470 1560 1529 tempore
1582 1459 1768 1514 demo-

176 1559 322 1603 ratus
369 1560 474 1604 est.
517 1550 682 1605 Porro
721 1549 1028 1607 Chosdroes
1073 1553 1255 1610 furens
1303 1555 1493 1617 misit,
1540 1562 1598 1609 et
1650 1552 1769 1608 tulit

176 1642 459 1696 thesauros
504 1655 817 1699 cunctarum
868 1647 1214 1703 ecclesiarum
1248 1648 1486 1718 regionis
1518 1662 1637 1716 quae
1667 1648 1765 1702 sub

173 1734 356 1789 Persis
380 1744 468 1791 est
488 1738 783 1791 constituta
801 1782 816 1807 ,
841 1749 896 1793 et
917 1740 1143 1810 cogebat
1170 1739 1508 1796 Christianos
1531 1738 1765 1796 Nestorii

1862 542 1957 598 pes
1986 542 2170 584 eorum
2200 544 2360 596 supra
2392 542 2523 583 saxa
2570 528 3022 596 conscendentes,
3062 530 3253 586 eodem
3295 534 3447 589 sche-

1863 630 2014 675 mate
2054 619 2353 688 procidunt.
2389 620 2591 675 Obtulit
2620 629 2797 675 autem
2839 626 2894 674 et
2922 618 3092 675 Zeibil
3139 623 3453 690 imperatori

1864 712 2031 767 filium
2062 728 2216 767 suum
2244 713 2682 782 primogenitum.
2732 712 2900 782 Hujus
2929 716 3266 770 sermonibus
3296 716 3448 771 dele-

1865 811 2040 857 ctatus
2063 814 2168 857 tam
2215 805 2417 858 vultum
2445 819 2604 873 quam
2626 805 2963 873 prudentiam
2989 805 3103 874 ejus
3128 806 3449 862 admiratur.

1871 894 2179 964 Electisque
2204 895 2370 950 Zeibil
2411 912 2479 950 xr.
2523 896 2759 951 millibus
2795 899 3031 952 virorum
3059 896 3273 952 fortium
3304 898 3454 955 dedit

1866 989 2175 1059 imperatori
2218 991 2270 1043 in
2313 991 2592 1046 auxilium.
2638 992 2953 1061 Porro'ipse
2981 1009 3227 1049 reversus
3271 1004 3353 1050 est
3391 997 3451 1051 in

1867 1083 2141 1151 regionem
2173 1099 2343 1139 suam.
2361 1085 2453 1139 His
2476 1095 2658 1139 autem
2682 1085 2973 1155 imperator
2993 1088 3246 1156 acceptis,
3265 1091 3448 1143 statim

1868 1186 2057 1231 contra
2087 1178 2403 1232 Chosdroen
2435 1180 2698 1248 procedit.
2731 1182 2800 1234 At
2828 1196 2955 1235 vero
3000 1180 3257 1235 Sarbaras
3294 1180 3453 1236 Chal-

1869 1268 2128 1321 cedonem
2160 1283 2460 1337 pr0perans
2482 1312 2497 1335 ,
2542 1272 2852 1340 Avaresque
2878 1271 3070 1326 Thraci
3110 1272 3229 1327 urbi
3254 1288 3453 1342 appro-

1868 1358 2214 1426 pinquantes,
2240 1360 2379 1414 hanc
2400 1361 2708 1430 depopulari
2736 1372 2947 1431 parant,
2981 1364 3163 1418 multis
3186 1366 3452 1419 machinis

1868 1450 2128 1507 adversus
2152 1467 2271 1508 eam
2302 1455 2609 1518 commotis,
2641 1462 2697 1509 et
2727 1456 2939 1510 navium
2971 1453 2997 1491 ά
3026 1457 3355 1525 sculptarum
3383 1474 3455 1513 ex

1868 1541 2006 1598 Istro
2031 1546 2378 1602 multitudine
2406 1548 2640 1616 infinita,
2683 1562 2780 1603 seu
2826 1548 3199 1604 innumerabili
3235 1551 3453 1617 deleta,

1876 1646 1898 1672 θ
1929 1636 2109 1691 sinum
2139 1638 2479 1707 repleverunt
2519 1639 2705 1694 maris.
2740 1637 2937 1695 Decem
2966 1655 3095 1696 sane
3124 1642 3236 1697 dies
3268 1645 3458 1699 urbem

1869 1729 2183 1786 obsidentes
2212 1733 2411 1787 bellum
2456 1741 2598 1787 terra
2641 1734 2881 1804 marique
2924 1744 3171 1805 gerentes
3194 1778 3211 1803 ,
3242 1737 3459 1795 Domini

173 1835 474 1882 sectatores
496 1828 609 1882 fieri
630 1828 695 1882 ad
715 1830 1205 1901 perstringendum,
1226 1835 1340 1888 sive
1358 1833 1757 1902 percellendum

1868 1821 2064 1876 virtute
2088 1825 2287 1890 pariter
2308 1835 2361 1878 et
2382 1826 2779 1893 cooperatione,
2805 1840 3013 1881 necnon
3041 1838 3096 1883 et
3120 1828 3456 1887 intemeratae

174 1919 587 1988 imperatorem.
617 1924 773 1976 Anno
815 1922 881 1977 16
913 1924 1125 1994 imperii
1159 1924 1391 1979 Heraclii
1414 1967 1430 1992 ,
1459 1924 1764 1980 Chosdroes

170 2009 462 2067 Persarum
486 2029 581 2068 rex
602 2028 795 2069 novatn
818 2013 1206 2071 fecitmilitiam
1230 2018 1470 2086 praelium
1512 2018 1762 2084 initurus,

169 2108 512 2176 peregrinos,
542 2116 597 2163 et
615 2108 787 2175 cives,
809 2124 872 2164 ac
894 2124 1099 2178 servos,
1119 2126 1185 2166 ex
1209 2111 1355 2166 omni
1384 2112 1601 2165 natione
1626 2111 1763 2165 facta

167 2197 441 2253 electione
484 2213 828 2255 coacervans.
870 2202 983 2266 Qua
1030 2201 1296 2257 electione
1340 2201 1529 2257 Satbin
1573 2202 1765 2259 tradita

167 2292 424 2359 praetori,
478 2291 584 2346 alia
630 2310 663 2347 ι.
708 2293 874 2347 millia
902 2308 970 2348 ex
1002 2292 1259 2363 phalange
1302 2294 1548 2349 Sarharm
1594 2294 1765 2349 electa

166 2382 395 2448 tollens,
428 2382 553 2437 huic
579 2385 839 2453 sociavit,
873 2386 1274 2456 nominavitque
1313 2386 1436 2441 illos
1462 2396 1484 2423 ε
1508 2386 1766 2441 Cumulos

162 2489 389 2541 aureos,
422 2485 475 2532 et
503 2475 603 2530 hos
630 2477 890 2533 adversus
920 2479 1297 2548 imperatorem
1335 2479 1551 2535 direxit.
1597 2481 1765 2537 Porro

161 2569 458 2625 Sarbaram
488 2586 608 2625 cum
635 2571 843 2641 reliquo
868 2574 1107 2627 exercitu
1128 2587 1226 2628 suo
1240 2572 1763 2643 Constantinopolim

158 2662 317 2717 misit
348 2672 615 2732 quatenus
641 2665 865 2720 Hunnos
887 2666 978 2733 qui
1005 2674 1188 2722 essent
1214 2667 1267 2721 in
1288 2666 1600 2735 Occidente,
1629 2682 1764 2738 quos

155 2754 372 2809 Avares
400 2767 626 2823 vocant,
661 2772 781 2811 cum
813 2757 1130 2828 Bulgaribus
1176 2768 1229 2813 et
1272 2757 1537 2815 Sclavinis
1557 2802 1570 2824 ,
1602 2768 1765 2829 atque

156 2847 489 2918 Gepidibus,
519 2853 809 2907 concordia
837 2855 1138 2919 sociarent,
1166 2855 1351 2924 sicque
1378 2855 1637 2911 adversus
1666 2870 1761 2910 ur-

150 2939 287 2995 bem
318 2954 714 3011 properarent,
761 2952 819 2999 et
862 2944 1001 3000 hanc
1052 2947 1381 3003 unanimiter
1429 2947 1758 3002 obsiderent.

147 3033 297 3086 Cum
327 3045 508 3089 autem
530 3035 632 3090 hoc
652 3036 929 3093 didicisset
943 3037 1258 3109 imperator,
1283 3040 1577 3095 exercitum
1601 3054 1760 3093 suum

147 3127 367 3195 triplici
398 3138 552 3197 parte
591 3130 857 3197 divisum,
900 3134 1195 3188 transmisit
1242 3134 1308 3187 ad
1354 3132 1757 3188 custodiendam

1868 1912 1960 1967 Dei
2018 1916 2292 1983 genitricis
2333 1924 2386 1970 et
2443 1918 2662 1987 virginis
2711 1919 2891 1974 Mariae
2938 1920 3455 1990 intercessionibus,

1870 2008 2107 2074 superati
2141 2018 2285 2062 sunt.
2314 2008 2455 2075 Quin
2486 2019 2542 2066 et
2580 2011 2921 2068 multitudine
2967 2016 3185 2084 copiosa
3235 2032 3458 2072 suorum

1868 2106 1975 2151 tam
2007 2099 2058 2152 in
2086 2110 2228 2156 terra
2270 2102 2518 2169 deposita
2564 2118 2727 2171 quam
2789 2107 2842 2158 in
2890 2108 3058 2173 mari,
3091 2124 3211 2163 cum
3252 2112 3460 2180 ingenti

1866 2191 2181 2246 confusione
2208 2194 2274 2248 ad
2304 2194 2420 2249 loca
2448 2211 2546 2250 sua
2573 2199 2778 2252 reversi
2805 2210 2950 2255 sunt.
2986 2201 3149 2257 Porro
3194 2205 3458 2260 Sarbaras

1864 2277 2261 2338 Chalcedonem
2308 2284 2600 2355 obsidens,
2650 2304 2756 2344 non
2797 2295 3101 2361 emigravit,
3135 2296 3228 2350 sed
3257 2298 3461 2356 ibidem

1866 2373 2151 2443 hiemavit,
2186 2388 2289 2432 tam
2342 2378 2679 2437 incursiones
2718 2400 2913 2454 agens,
2943 2403 3102 2457 quam
3143 2391 3459 2459 depraedans

1866 2467 2163 2523 conlinales
2192 2480 2391 2537 partes,
2424 2481 2480 2526 et
2507 2474 2752 2529 civitates
2782 2476 2906 2546 igne
2932 2479 3271 2547 diSperdens.
3301 2484 3461 2540 Anno

1867 2556 2079 2614 decimo
2102 2560 2332 2629 septimo
2355 2563 2564 2633 imperii
2592 2567 2674 2619 sui
2704 2567 2980 2624 lleraclius
3006 2587 3189 2629 mense
3215 2576 3461 2644 Septem-

1866 2646 1950 2702 bri
1982 2652 2254 2719 ingressus
2284 2651 2604 2722 Persidem,
2634 2673 2738 2711 una
2786 2674 2909 2714 cum
2951 2662 3139 2718 Turcis
3187 2665 3460 2736 inopinate

1867 2751 2087 2809 propter
2114 2742 2347 2799 hiemem
2377 2786 2391 2809 ,
2425 2748 2477 2799 in
2506 2752 2735 2803 ecstasin
2779 2752 2926 2806 misit
2949 2752 3264 2813 Chosdroen
3285 2800 3300 2827 ,
3332 2775 3458 2817 cum

1867 2831 1969 2887 hoc
2000 2833 2297 2890 didicisset.
2332 2841 2402 2891 At
2437 2854 2563 2894 vero
2592 2840 2752 2895 Turci
2781 2830 2885 2897 tam
2914 2846 3090 2903 hieme
3116 2892 3130 2915 ,
3164 2867 3321 2920 quam
3348 2854 3460 2910 fre-

1867 2927 2156 2994 quentibus
2202 2928 2483 2984 Persarum
2535 2932 2836 2990 incursibus
2888 2941 3294 3011 contemplatis,
3346 2962 3457 3004 non

1867 3017 2103 3071 ferentes
2155 3020 2355 3088 pariter
2414 3037 2537 3076 cum
2596 3024 2920 3092 imperatore
2981 3032 3277 3101 sustinere,
3343 3050 3457 3095 coev,

1869 3119 2064 3180 perunt
2115 3114 2369 3180 paulatim
2426 3114 2702 3184 difﬂuere,
2756 3128 2813 3174 et
2850 3136 3058 3191 omnes,
3090 3126 3311 3183 dimisso
3364 3146 3450 3199 eo,

144 3192 375 3272 urbem.
398 3192 736 3286 Quibusdam
759 3192 892 3279 γε,ζο
914 3225 1123 3301 "adius
1148 3224 1434 3280 Theodoro
1462 3224 1613 3279 [mm
1636 3240 1756 3293 suo,
1790 3192 1838 3256 C
1868 3204 2264 3301 reversi-sunt.
2312 3209 2392 3301 fit
2431 3208 2725 3301 imperator
2755 3213 3020 3272 allocutus
3067 3230 3151 3274 est
3198 3225 3456 3293 p0pulum

137 3320 350 3365 contra
381 3310 573 3367 Satbin
607 3313 806 3370 bellare
831 3317 1106 3385 praecepit.
1135 3316 1433 3372 Humiliore
1460 3332 1587 3373 vero
1611 3328 1761 3387 parte

137 3406 279 3473 ipse
326 3414 551 3475 accepta
585 3407 637 3462 in
669 3408 913 3464 Lazicam
945 3419 1217 3480 properat,
1248 3420 1302 3465 et
1331 3411 1383 3465 in
1412 3412 1528 3481 ipsa
1558 3412 1761 3481 degens

134 3495 375 3552 Turcos
402 3498 469 3551 ab
497 3498 738 3567 Oriente,
761 3515 897 3569 quos
923 3502 1154 3558 Cazaros
1179 3512 1391 3568 vocant,
1421 3502 1474 3557 in
1499 3503 1757 3559 auxilium

127 3590 416 3646 advocat.
449 3589 639 3646 Satbin
666 3607 818 3659 vero,
843 3608 948 3648 una
972 3609 1097 3649 cum
1139 3593 1348 3651 noviter
1387 3595 1565 3650 electo
1596 3610 1758 3651 exer-

126 3686 262 3739 citu
300 3686 629 3753 perveniens
656 3686 722 3740 ad
748 3687 969 3743 fratrem
1012 3688 1353 3757 imperatoris
1383 3687 1756 3754 Theodorum,

116 3775 388 3830 bellavit
435 3787 622 3833 contra
664 3793 811 3833 eum.
843 3780 954 3835 Deo
996 3790 1175 3834 autem
1215 3795 1310 3849 per
1346 3780 1759 3835 intercessiones

114 3885 194 3923 su
204 3868 617 3937 perlaudabilis
648 3871 745 3926 Dei
769 3871 1062 3928 Genitricis
1088 3872 1385 3942 opitulante
1402 3912 1418 3937 ,
1445 3872 1589 3928 bello
1610 3887 1760 3927 com-

116 3962 376 4026 misso,
422 3962 624 4031 grando
653 3963 805 4019 mira:
844 3964 1234 4036 magnitudinis
1276 3973 1464 4019 contra
1497 3964 1756 4019 barbaros

105 4054 401 4121 cecidit,
434 4069 725 4125 eorumque
754 4058 1013 4127 plurimos
1044 4058 1289 4127 perculit.
1338 4057 1407 4112 At
1444 4073 1573 4113 vero
1614 4059 1757 4114 acies

102 4149 323 4203 Rom.
356 4149 746 4218 tranquillitate
770 4152 935 4219 potita
955 4159 1056 4206 est.
1074 4152 1306 4206 Vertunt
1327 4160 1503 4205 autem
1527 4151 1754 4207 Romani

100 4241 393 4303 Persas,
426 4251 478 4293 et
509 4241 837 4298 interficiunt
878 4243 1272 4298 multitudinem
1318 4243 1611 4313 copiosam.
1642 4244 1755 4298 Hoc
1782 4236 1790 4247 “

91 4343 465 4403 comperto,
507 4332 814 4391 Chosdroes
844 4336 1091 4391 irascitur
1117 4347 1307 4392 contra
1334 4336 1542 4404 Satbin,
1572 4338 1661 4407 qui
1687 4352 1752 4393 ex

88 4428 326 4479 multo
374 4424 572 4478 animae
604 4424 813 4481 defectu
860 4427 1170 4496 languorem
1216 4429 1456 4483 incidens
1502 4428 1748 4495 moritur,

84 4519 307 4585 cujus
343 4530 560 4584 corpus,
586 4516 875 4575 Chosdrois
900 4519 1055 4590 jussu
1080 4522 1300 4587 salsum,
1336 4521 1401 4574 ad
1445 4535 1566 4576 eum
1597 4521 1748 4575 dela-

79 4620 251 4664 tum
300 4617 414 4671 est,
445 4623 601 4677 quem
634 4608 729 4664 ille
756 4604 1025 4666 mortuum
1057 4612 1323 4667 submittit
1352 4613 1534 4667 multis
1566 4614 1751 4669 verhc-

68 4701 322 4758 ribus.
348 4698 516 4754 Porro
530 4700 746 4767 Cazari,
770 4702 1027 4772 disruptis
1042 4705 1245 4774 Caspiis
1271 4705 1457 4774 portis,
1478 4704 1752 4760 Persidem

62 4794 363 4849 adeunt
388 4788 442 4843 in
474 4792 691 4859 regione
717 4792 986 4863 Adragiae,
1020 4811 1121 4849 una
1150 4810 1268 4848 cum
1303 4805 1529 4863 praetore
1556 4795 1753 4863 Zeibil,

60 4882 199 4954 qui
269 4878 556 4948 dignitate
605 4881 873 4936 secundus
901 4897 932 4936 a
954 4882 1196 4952 Chajano
1225 4892 1372 4949 erat,
1400 4894 1456 4938 et
1500 4886 1552 4939 in
1600 4900 1757 4955 quaa-

52 4985 377 5044 cunque
406 4971 525 5026 loca
554 4976 914 5045 peragrabant
933 5014 949 5041 ,
985 4984 1089 5029 tam
1124 4977 1316 5031 Persas
1342 4977 1751 5047 deprsedabant,

48 5081 314 5142 quam
370 5064 654 5133 civitates,
684 5074 739 5121 et
769 5067 921 5122 villas
971 5066 1079 5137 igni
1122 5068 1419 5123 tradebant.
1472 5068 1750 5126 Profectus

38 5176 255 5220 vero
284 5166 363 5213 et
388 5157 681 5226 imperator
706 5158 787 5214 his
803 5159 1037 5214 occurrit
1057 5175 1085 5213 a
1109 5160 1320 5215 Lazica.
1348 5161 1519 5216 Zeibil
1545 5172 1750 5232 autem,

30 5261 204 5315 hoc
281 5250 447 5316 viso,
482 5253 791 5309 accelerans
836 5254 1206 5325 complectitur
1257 5255 1453 5310 collum
1502 5257 1650 5325 ejus,
1699 5266 1752 5312 et

27 5353 347 5411 adorat
376 5359 500 5398 eum
536 5344 712 5419 Persis
742 5346 979 5401 civitatis
1021 5348 1429 5417 aspicientibus.
1466 5348 1752 5405 Universus

27 5456 332 5506 autem
364 5439 592 5508 populus
615 5440 914 5496 Turcorum
954 5442 1008 5495 in
1042 5451 1238 5496 terram
1267 5443 1519 5498 cadentes
1562 5444 1713 5512 proni
1734 5483 1750 5509 ,

27 5548 299 5611 super
348 5528 542 5583 faciem
568 5530 792 5597 extenti,
820 5532 1198 5601 imperatorem
1224 5532 1433 5589 honore
1461 5533 1747 5605 honorant,

115 5708 165 5736 ιι
224 5687 644 5763 Transfugam
665 5690 993 5759 appellabant
1023 5691 1389 5763 Margaritum.

114 5772 165 5813 ιι
220 5764 367 5818 ἐκ
382 5766 481 5837 τῶξι
502 5760 779 5837 ’βασιλικῶν
803 5769 1146 5837 παρασήμων.

114 5850 157 5881 c
208 5830 646 5905 xpuaoléxac.

562 5927 841 5991 Paeon.
894 5928 1085 5993 XCV.

1778 4563 1831 4622 D

1866 3309 2022 3349 suum
2054 3294 2239 3350 dicens
2265 3315 2277 3349 :
2307 3298 2531 3365 Scitote,
2566 3300 2782 3370 fratres,
2814 3308 2936 3375 quia
2967 3324 3124 3365 nemo
3157 3314 3310 3370 nobis
3342 3318 3456 3373 vult

1865 3393 2139 3462 auxiliari,
2174 3396 2276 3451 nisi
2304 3398 2451 3452 solus
2482 3399 2648 3466 Deus,
2681 3411 2731 3456 et
2762 3419 2881 3472 quae
2910 3405 3051 3461 hunc
3089 3413 3295 3479 peperit
3331 3413 3452 3471 sine

1863 3488 2069 3543 semine
2095 3488 2283 3558 Mater,
2309 3501 2369 3545 ut
2389 3492 2637 3547 ostendat
2671 3498 2968 3563 potentiam
2995 3515 3167 3565 suam,
3193 3506 3449 3572 quoniam

1864 3597 1971 3636 non
1998 3582 2057 3637 in
2082 3583 2423 3640 multitudine
2453 3589 2773 3656 populorum
2810 3606 2908 3645 seu
2935 3607 3208 3650 armorum
3252 3608 3332 3652 est
3367 3614 3455 3654 sa-

1864 3675 1983 3741 lus,
2027 3675 2123 3731 sed
2172 3677 2224 3731 in
2276 3692 2369 3732 eos
2415 3680 2504 3748 qui
2549 3692 2769 3749 sperant
2812 3685 2864 3737 in
2904 3686 3273 3745 misericordia
3301 3691 3457 3761 ejus,

1862 3769 2025 3824 mittit
2052 3771 2372 3839 adjutorium
2404 3787 2584 3829 suum.
2625 3775 2693 3829 At
2722 3791 2851 3831 vero
2890 3777 3190 3838 Chosdroes
3225 3797 3450 3842 coacer-

1860 3863 1999 3917 vatis
2045 3863 2249 3918 militiis
2305 3875 2592 3934 praetorem
2653 3868 2902 3936 provehit
2965 3886 3124 3941 super
3175 3875 3295 3931 illos
3342 3879 3446 3931 Ra-

1859 3963 2030 4010 zatem
2051 3996 2067 4021 ,
2096 3956 2271 4011 virum
2317 3956 2633 4013 bellicosum
2659 4000 2674 4025 ,
2707 3974 2771 4014 ac
2807 3961 3149 4019 fortissimum
3174 4006 3188 4031 ,
3217 3976 3271 4021 et
3309 3967 3453 4025 hunc

1860 4049 2119 4103 adversus
2150 4049 2452 4105 Heraclium
2495 4051 2749 4108 destinat.
2782 4055 2851 4110 At
2880 4058 3171 4125 imperator
3210 4061 3450 4119 civitates

1863 4140 2098 4195 Persidis
2123 4151 2284 4211 atque
2311 4142 2532 4215 castella
2561 4143 2668 4213 igni
2701 4146 2877 4213 tradit,
2910 4157 2963 4202 et
2982 4151 3300 4207 accedentes
3323 4152 3452 4211 Per-

1858 4247 1945 4287 sas
1960 4234 2229 4303 romphaea
2245 4236 2533 4290 consumit.
2551 4236 2790 4304 Septimo
2804 4254 2930 4293 vero
2943 4240 3064 4296 ldus
3076 4241 3318 4299 Octobris
3333 4260 3458 4315 per.

1858 4326 2003 4380 venit
2025 4327 2077 4380 in
2100 4329 2373 4397 regionem
2398 4329 2691 4395 Chamaita,
2716 4341 2769 4387 et
2787 4332 3049 4389 refocillat
3068 4338 3321 4407 populum
3353 4358 3446 4410 per

1856 4415 2116 4487 integram
2140 4418 2548 4477 hebdomadam.
2575 4422 2805 4479 Razates
2826 4434 3003 4481 autem
3037 4431 3251 4486 veniens
3265 4431 3446 4490 Ganza

1858 4523 1978 4579 post
1999 4529 2119 4566 eum
2138 4523 2356 4569 secutus
2384 4525 2485 4569 est.
2512 4515 2767 4571 Romanis
2794 4528 2969 4573 autem
2997 4525 3359 4595 pergentibus,
3393 4538 3449 4584 et

1858 4605 2293 4660 consumentibus
2330 4621 2483 4661 escas
2505 4649 2518 4672 ,
2564 4608 2676 4676 ipse
2720 4624 2848 4665 vero
2874 4623 2995 4680 post
3034 4623 3238 4685 tergum
3267 4626 3325 4671 ut
3354 4634 3448 4672 ca-

1860 4699 1943 4754 nis
1979 4697 2174 4755 famem
2218 4701 2455 4770 patiens,
2507 4702 2591 4755 vix
2636 4708 2655 4746 f
2694 4703 2916 4759 decimis
2951 4721 3137 4762 eorum
3176 4713 3446 4767 nutrieba-

1862 4801 1967 4858 tur,
2004 4802 2059 4848 et
2090 4809 2209 4847 cum
2245 4808 2350 4848 non
2382 4793 2670 4851 invenisset
2705 4806 2981 4866 sumptus,
3024 4801 3185 4855 multa
3221 4818 3284 4855 ex
3333 4805 3449 4858 ani-

1862 4888 2131 4939 mantibus
2155 4896 2471 4955 consumpta
2502 4896 2645 4942 sunt.
2673 4887 2927 4944 Kalendis
2949 4891 3328 4949 Decembribus
3355 4910 3447 4950 ve-

1862 4977 1942 5032 nit
1994 4978 2285 5047 imperator
2331 4978 2397 5033 ad
2434 4978 2651 5033 fluvium
2684 4996 2933 5050 magnum
2970 4982 3145 5039 Zaban
3170 5025 3185 5050 ,
3236 4994 3290 5040 et
3322 5000 3447 5043 cum

1860 5073 2002 5129 hunc
2036 5075 2329 5138 transisset,
2359 5083 2763 5128 castrarnetatus
2800 5087 2882 5129 est
2911 5076 3058 5144 juxta
3086 5077 3327 5132 Ninivem
3361 5077 3442 5133 ci—

1857 5163 2096 5217 vitatem.
2134 5163 2294 5218 Venit
2327 5173 2503 5219 autem
2536 5164 2792 5230 Razates,
2829 5174 2883 5221 et
2925 5182 3087 5236 penes
3130 5168 3320 5223 vadum
3356 5186 3443 5226 se-

1855 5263 2013 5310 cutus
2038 5264 2140 5321 est,
2164 5265 2358 5311 etcum
2386 5258 2619 5311 venisset
2640 5272 2669 5311 a
2696 5258 2864 5312 tribus
2887 5259 3217 5327 milliaribus,
3243 5264 3443 5330 reperit

1857 5347 2000 5402 aliud
2038 5349 2264 5413 vadum,
2305 5358 2359 5403 et
2399 5348 2664 5404 transivit.
2695 5355 2764 5406 At
2794 5352 3105 5419 imperator,
3140 5354 3302 5409 misso
3336 5356 3440 5408 Bao

1860 5438 2023 5494 thano
2047 5440 2303 5509 magistro
2340 5441 2567 5499 militum
2592 5456 2711 5495 cum
2740 5443 2920 5510 paucis
2946 5445 3128 5500 electis
3161 5446 3439 5514 militibus,
3490 5426 3505 5433 ⁴

1855 5529 2058 5588 invenit
2082 5533 2313 5588 bandum
2346 5533 2591 5603 praetoris
2630 5532 2935 5607 Persarum;
2962 5545 3016 5591 et
3044 5552 3167 5593 cum
3197 5539 3313 5609 ejus
3348 5555 3442 5596 co«

1925 5695 1952 5732 ιι
1982 5694 2094 5764 ΔΙ.,
2119 5694 2419 5749 οεηιιανιιηι.

1931 5775 1955 5804 °
1986 5768 2096 5835 AL,
2128 5767 2390 5820 sinistrum
2412 5780 2591 5822 cornu.

1932 5835 1952 5875 τ
1986 5838 2101 5910 AL,
2127 5841 2190 5894 de
2210 5840 2373 5894 nucis.
2402 5903 2410 5913 θ

3038 5935 3116 5995 33
