3956 6342
580 350 725 415 1085

1453 357 1658 416 PAULI
1698 354 1970 416 DIACONI
1997 354 2148 413 OPP.
2188 352 2364 412 PARS
2400 350 2443 409 1.
2469 372 2543 397 —-‘
2577 346 2959 410 HISTORICA.
3612 362 3709 424 1οῖιὸ

577 472 762 529 mitem
797 466 1103 539 occidisset,
1128 462 1319 528 detulit
1340 481 1496 542 caput
1518 471 1653 543 ejus,
1679 481 1733 527 et
1758 481 1920 527 totam
1944 484 2155 526 auream
2181 472 2234 539 Α
2257 465 2550 539 juvamine.
2579 465 2877 534 Imperator
2901 476 3032 520 vero
3068 476 3097 517 a
3126 464 3184 520 se
3214 462 3545 527 conformatum
3568 477 3712 531 exemi.

578 575 786 634 spatam
822 563 961 633 ejus,
998 562 1369 633 nonnullisque
1396 564 1703 633 peremptis,
1736 564 1887 617 vivos
1909 550 2057 616 duxit
2089 561 2154 615 ad
2257 568 2370 615 tum
2399 567 2585 615 contra
2607 556 2918 613 Cbosdroen
2950 555 3201 620 minabat,
3218 566 3449 626 quatenus
3466 560 3716 623 buuctleter-

577 659 961 728 imperatorem
998 672 1090 712 sex
1124 664 1180 713 et
1203 656 1413 728 viginti,
1439 658 1491 711 in
1518 656 1714 725 quibus
1750 665 1864 711 erat
1894 655 2157 724 Spatarius
2257 650 3716 729 reret.PorrodecirnotertioKalendasJanuariascompeno

576 747 818 818 Razatis,
854 747 945 819 qui
973 748 1229 803 nuntiavit
1265 748 1572 818 imperatori
1610 748 1749 817 quod
1775 746 1998 804 Razates
2029 761 2157 802 con-

566 850 662 911 ,tra
700 856 821 897 eum
858 850 1093 909 pugnare
1124 839 1317 905 vellet,
1352 840 1429 894 sic
1469 848 1499 893 a
1539 837 1816 893 Chosdroe
1851 839 2033 909 jussus
2055 879 2069 902 ,
2105 845 2160 892 et

566 914 683 987 ‘tria
720 931 885 987 millia
919 940 1123 987 armata
1152 930 1205 987 in
1239 930 1489 986 auxilium
1524 930 1730 986 miserit
1763 931 1847 996 ei,
1880 944 1997 1000 quae
2036 938 2161 984 tunc

576 1028 817 1084 nondum
865 1036 1137 1083 venerant.
1189 1025 1282 1081 His
1324 1024 1612 1095 compertis
1657 1025 1845 1094 imper.
1904 1024 2160 1094 praemisit

577 1118 845 1172 sarcinam
882 1125 1007 1173 ante
1041 1130 1132 1182 se,
1167 1116 1386 1186 ipseque
1422 1115 1741 1171 subsecutus
1775 1121 1892 1181 est,
1930 1123 2161 1169 tractans

577 1214 811 1283 qualiter
866 1214 1132 1268 inveniret
1181 1212 1357 1267 locum
1399 1212 1451 1266 in
1503 1227 1607 1281 quo
1648 1224 1881 1281 pugnare
1912 1210 2157 1277 deberet,

575 1306 891 1375 priusquam
923 1305 1202 1359 unirentur
1226 1305 1303 1359 eis
1336 1302 1423 1359 illa
1459 1303 1560 1359 tria
1585 1303 1768 1357 millia.
1798 1303 2027 1369 lleperto
2064 1300 2163 1355 ita-

576 1411 683 1466 que
708 1412 897 1467 campo
918 1404 1042 1467 apto
1068 1396 1133 1451 ad
1160 1397 1420 1465 praelium,
1446 1396 1705 1452 allocutus
1728 1394 2002 1465 populum,
2028 1408 2163 1458 pra:-

577 1488 708 1544 lium
746 1489 1031 1544 ordinavit.
1074 1489 1297 1544 Razates
1333 1500 1461 1544 vero
1496 1500 1616 1544 cum
1653 1488 1981 1557 pervenisset
2014 1486 2161 1554 illuc,

575 1592 633 1639 et
659 1584 773 1651 ipse
807 1582 1049 1651 praelium
1086 1580 1303 1652 dirigit,
1338 1580 1391 1636 in
1423 1582 1606 1637 cuneis
1638 1580 1806 1635 tribus
1844 1586 2029 1634 contra
2060 1578 2161 1633 im-

574 1684 877 1744 peratorem
931 1672 1188 1741 procedit.
1235 1672 1411 1729 Pridie
1445 1684 1575 1728 sane
1618 1671 1738 1728 ldus
1776 1670 2026 1727 Decemb.
2064 1685 2161 1741 ge-

570 1770 718 1821 stum
746 1774 828 1818 est
851 1764 1071 1830 bellum,
1096 1774 1149 1819 et
1173 1775 1298 1819 ante
1319 1776 1502 1819 omnes
1536 1763 1820 1832 prosiliens
1842 1763 2159 1831 imperator,

2257 748 2571 819 imperator,
2598 748 2739 817 quod
2765 748 2990 817 populus
3020 745 3247 813 Raaatis,
3270 748 3352 816 qui
3375 762 3431 804 ex
3459 748 3572 806 bello
3589 755 3717 823 evasit,

2260 841 2439 896 unitus
2469 840 2629 895 fuerit
2663 839 2834 895 tribus
2870 838 3137 904 millibus,
3171 852 3285 908 qua:
3312 853 3340 894 a
3362 838 3592 898 Cbosdroe
3610 845 3719 900 desti-

2260 939 2385 985 nata
2412 930 2646 997 fuerant,
2679 939 2731 983 et
2760 938 3077 999 sequeretur
3107 936 3223 999 post
3245 943 3321 996 se,
3346 930 3473 1001 cepit
3494 931 3608 988 illico
3627 932 3725 989 Nini-

2261 1038 2401 1080 vem.
2448 1021 2910 1092 Transmeansque
2956 1037 3204 1094 magnum
3240 1021 3435 1091 Zaban,
3464 1026 3594 1081 mittit
3613 1026 3724 1084 Geor-

2262 1115 2405 1185 gium
2436 1115 2747 1170 tumarchen
2774 1128 2896 1169 cum
2920 1114 3067 1169 mille
3088 1113 3350 1181 militibus,
3373 1128 3468 1185 quo
3487 1126 3669 1172 curreret
3685 1119 3729 1173 ad

2262 1207 2599 1262 retinendum
2654 1216 2842 1275 pontes
2890 1206 3109 1261 minoris
3160 1204 3369 1273 Zaban,
3417 1207 3660 1277 priusquam
3692 1207 3727 1264 id

2261 1298 2567 1353 Cbosdroes
2592 1307 2960 1368 cognosceret.
2986 1295 3223 1367 Cumque
3243 1295 3480 1366 Georgius
3500 1297 3733 1354 cucurrisse

2262 1400 2425 1447 noctu
2462 1391 2719 1447 milliariis
2748 1392 3096 1462 quadraginta
3136 1400 3191 1445 et
3228 1399 3377 1456 octo,
3421 1391 3564 1445 tenuit
3600 1402 3731 1459 pontes

2263 1482 2485 1539 minoris
2508 1480 2690 1539 Zaban
2710 1490 2956 1553 quatuor,
2983 1489 3035 1537 et
3060 1482 3299 1537 inventos
3318 1481 3370 1535 in
3391 1481 3589 1535 castellis
3604 1479 3735 1535 Persas

2263 1576 2510 1632 obtinuit.
2538 1576 2754 1632 Decimo
2780 1586 3041 1645 praeterea
3070 1574 3330 1631 Kalendas
3352 1575 3591 1631 ianuarias
3610 1588 3736 1644 perre-

2263 1670 2420 1726 niens
2449 1669 2745 1742 imperator
2769 1669 2840 1725 ad
2875 1681 3064 1741 pontes
3082 1713 3097 1739 ,
3133 1667 3503 1734 transfretavit,
3526 1676 3572 1723 et
3592 1665 3740 1723 dirertit

2264 1762 2319 1816 in
2347 1762 2537 1816 domos
2566 1761 2830 1832 Hyesdem
2852 1800 2868 1827 ,
2891 1767 2948 1816 et
2976 1760 3164 1815 reiecit
3207 1768 3309 1813 tam
3338 1757 3608 1822 exercitum,
3634 1770 3739 1825 quam

570 1856 914 1927 principique
941 1856 1222 1912 Persarum
1247 1870 1557 1923 occurrens,
1584 1857 1760 1911 divina
1784 1857 1998 1921 virtute,
2036 1855 2157 1910 Dei-
2194 1854 2240 1915 Β
2266 1852 2576 1919 animantia,
2607 1852 2837 1923 iecitque
2863 1852 3210 1907 festivitatem
3239 1850 3519 1906 Nativitatis
3538 1848 3684 1904 Christi
3705 1848 3741 1901 in

574 1966 681 2022 que
703 1951 973 2019 genitricis
1007 1950 1376 2021 opitulatione,
1410 1949 1553 2005 hunc
1589 1949 1799 2018 dejecit,
1838 1959 1891 2003 et
1918 1950 2006 2016 qui
2038 1962 2158 2002 cum

570 2058 640 2100 eo
682 2053 867 2111 erant,
906 2043 1216 2099 exsilientes
1244 2051 1398 2096 antea
1428 2041 1690 2111 fugerunt.
1720 2040 2034 2109 Rursusque
2064 2039 2161 2092 im-

568 2136 810 2207 peratori
842 2134 977 2190 alius
1012 2136 1269 2200 occurrit,
1299 2135 1525 2189 et'bunc
1550 2146 1759 2202 quoque
1792 2131 2057 2199 deposuit.
2089 2130 2162 2183 lr-

568 2228 875 2285 ruitetiam
912 2226 1165 2280 adversus
1209 2240 1330 2279 eum
1378 2225 1598 2289 tertius,
1640 2225 1727 2292 qui
1771 2222 1916 2276 dedit
1945 2222 1993 2277 ei
2038 2236 2160 2276 cum

568 2332 830 2374 mucrone
853 2316 1019 2371 ictum
1040 2317 1092 2369 in
1121 2314 1342 2379 labium,
1370 2323 1423 2368 et
1449 2315 1584 2367 hanc
1608 2314 1683 2367 illi
1708 2314 1913 2383 plagam
1940 2311 2157 2366 inﬂixit.

570 2410 671 2465 Ast
697 2408 987 2475 imperator
1010 2413 1065 2461 et
1084 2406 1224 2459 hunc
1257 2403 1541 2467 exstinxit,
1559 2412 1613 2458 et
1641 2403 1778 2457 tubis
1796 2402 2161 2471 clangenttbus

570 2506 816 2566 atraeque
837 2497 980 2552 acies
1005 2497 1231 2551 invicem
1256 2510 1556 2566 congressae
1580 2502 1723 2549 sunt.
1752 2493 1817 2549 Et
1840 2509 1960 2549 cum
1985 2508 2160 2563 pugna

570 2592 748 2646 valida
772 2597 1069 2661 gereretur,
1095 2589 1246 2659 plaga
1274 2588 1444 2643 valida
1468 2589 1777 2642 vulneratus
1807 2596 1889 2642 est
1910 2601 1938 2641 a
1968 2587 2161 2655 pediti-

569 2684 673 2740 bus
725 2683 1066 2750 imperatoris
1099 2686 1125 2712 ⁸³
1164 2695 1331 2750 equus
1356 2721 1369 2742 ,
1413 2679 1501 2749 qui
1538 2679 1816 2734 dicebatur
1863 2677 2069 2732 Dorcon
2107 2676 2157 2732 in

570 2774 777 2831 femore
813 2775 1015 2829 lanceae
1042 2773 1147 2826 ictu
1183 2784 1489 2838 percussus.
1517 2770 1709 2824 Multas
1741 2778 1917 2825 autem
1951 2778 2005 2823 et
2035 2784 2159 2838 Spa-

570 2875 747 2921 tarum
788 2866 837 2919 in
878 2866 1015 2919 facie
1051 2863 1421 2933 percussiones
1454 2864 1692 2933 accepit,
1730 2863 1825 2918 sed
1866 2862 2041 2917 ferens
2084 2872 2162 2917 te-

570 2961 749 3031 gimen
783 2974 850 3013 ex
878 2957 1056 3011 nervis
1092 2965 1425 3020 contextum,
1455 2956 1659 3026 plagam
1695 2956 2022 3010 mortiferam
2050 2968 2157 3009 non

568 3051 793 3119 accepit.
843 3047 1000 3102 Cadit
1042 3054 1219 3101 autem
1258 3047 1309 3100 in
1348 3045 1449 3099 hoc
1486 3046 1625 3099 bello
1663 3046 1887 3100 llazates
1912 3086 1928 3113 ,
1969 3054 2019 3100 et
2053 3055 2160 3099 tres

2263 1944 2457 1999 eodem
2488 1946 2626 2000 loco.
2661 1944 2965 2000 Clrosdroes
2994 1958 3123 1999 vero
3148 1951 3418 2015 comperto
3442 1941 3563 2012 quod
3586 1938 3738 1995 Romani

2265 2046 2510 2093 tenerent
2547 2046 2735 2107 pontes
2777 2039 2997 2093 minoris
3036 2036 3196 2093 Zabze
3218 2078 3234 2104 ,
3278 2035 3421 2093 misit
3452 2034 3511 2090 ad
3548 2034 3743 2089 Persicum

2264 2130 2538 2198 populum,
2566 2130 2651 2183 cui
2685 2129 2909 2184 liaaates
2951 2138 3200 2199 praeerat,
3227 2135 3287 2183 ut
3312 2127 3496 2198 oppido
3521 2126 3745 2181 festinantes

2264 2223 2626 2291 praevenirent
2673 2221 3050 2290 imperatorem
3076 2264 3092 2289 ,
3131 2230 3185 2277 et
3223 2220 3291 2275 ad
3336 2219 3496 2290 ipsum
3528 2222 3745 2290 pergerem

2264 2314 2641 2369 Accelera‘ntes
2673 2324 2850 2369 autem
2899 2314 3009 2382 illi,
3059 2323 3115 2370 et
3163 2322 3533 2371 transmeantes
3566 2312 3748 2367 minorem

2263 2406 2464 2472 Zaban,
2498 2407 2549 2461 in
2576 2405 2695 2461 aliis
2717 2406 2851 2463 locis
2870 2416 3250 2477 praevenerunt
3268 2404 3627 2475 imperatorem,
3648 2412 3752 2469 atque

2263 2499 2545 2568 praeibam.
2581 2498 2825 2567 Cumque
2859 2499 3151 2568 imperator
3182 2497 3451 2567 palatium,
3473 2494 3593 2566 quod
3614 2491 3753 2547 diceba-

2263 2597 2351 2644 tur
2380 2589 2704 2657 Dezeridan,
2739 2592 3001 2661 cepisset,
3049 2591 3152 2646 hoe
3178 2590 3454 2647 "destruxit
3486 2597 3619 2657 atque
3660 2596 3753 2639 eon-

2262 2681 2456 2737 bussit.
2502 2682 2577 2736 At
2598 2696 2727 2737 vero
2767 2682 2968 2749 Persas,
2998 2694 3118 2737 eum
3147 2691 3364 2752 pontem
3402 2681 3577 2735 Torna:
3596 2673 3756 2730 ﬂaminis

2263 2776 2713 2845 pertransissent,
2750 2776 2947 2832 ibidem
2989 2776 3362 2833 castrametati
3389 2783 3524 2832 sunt.
3552 2771 3758 2838 Astiupe-

2262 2875 2414 2920 rator
2445 2866 2837 2937 comprehenso
2861 2868 2967 2922 alio
2994 2869 3193 2938 palatio
3230 2869 3545 2935 Chosdrois,
3568 2862 3675 2937 Quod
3699 2873 3758 2913 '0-

2263 2954 2491 3010 cabatur
2519 2958 2659 3011 ltusa
2678 2995 2695 3022 ,
2739 2964 2795 3012 et
2821 2956 2923 3012 hoc
2951 2958 3239 3014 subvertit.
3273 2956 3527 3013 Caeterum
3554 2964 3573 2993 θ
3597 2948 3762 3008 tenebit

2262 3048 2406 3117 quod
2439 3048 2493 3102 in
2534 3058 2694 3119 ponte
2722 3050 2915 3105 Torna
2956 3049 3199 3107 ﬂuminis
3247 3051 3432 3107 hostes
3455 3052 3606 3105 iorem
3640 3051 3763 3099 contra

570 3138 900 3194 turmarchae
924 3137 1232 3201 Persarum,
1258 3144 1313 3190 et
1343 3137 1607 3207 principes
1641 3137 1750 3192 fere
1776 3137 1972 3199 cuncti,
2002 3145 2163 3205 atque
2208 3206 2213 3208 _
2262 3153 2324 3194 se
2370 3139 2636 3195 bellaturi.
2682 3140 2791 3195 Sed
2819 3149 2878 3197 et
2919 3140 3021 3197 hoc
3057 3142 3135 3197 illi
3178 3144 3438 3208 scientes,
3462 3140 3621 3197 relicto
3636 3140 3760 3207 βοτηε.

570 3234 745 3302 major
791 3246 911 3301 pars
961 3231 1231 3287 exercitus
1278 3231 1533 3298 ipsorum.
1580 3230 1757 3285 Occisi
1812 3238 1990 3284 autem
2036 3206 2237 3284 suntc
2266 3229 2533 3300 fugerunt.
2561 3206 3763 3303 lmperatorverocumsiueimpedimentom

572 3324 733 3381 etiam
783 3322 1012 3377 Romani
1057 3336 1281 3377 numero
1320 3321 1740 3392 quinquaginta,
1795 3329 1848 3376 et
1896 3323 2155 3376 vulnerati

571 3416 835 3480 nonnulli,
863 3430 929 3470 ex
955 3414 1147 3483 quibus
1169 3414 1352 3469 decem
1379 3415 1570 3469 mortui
1601 3422 1745 3468 sunt.
1772 3413 1939 3468 Porro
1961 3413 2155 3469 bellum

572 3518 781 3580 gestum
806 3517 891 3563 est
916 3521 945 3560 a
978 3520 1133 3561 mane
1162 3520 1325 3575 usque
1347 3506 1413 3560 ad
1441 3506 1625 3560 horam
1653 3520 1868 3560 nonam.
1900 3505 2160 3561 'l'ulerunt

572 3600 779 3654 interea
815 3596 1043 3652 Romani
1082 3596 1251 3651 banda
1289 3596 1571 3650 Persarth
1611 3594 1796 3663 viginti
1824 3602 1965 3660 octo,
2001 3607 2158 3650 exce-

582 3689 692 3759 ptis
729 3690 812 3743 llis
846 3704 964 3757 quae
1007 3688 1279 3742 confracta
1307 3696 1458 3755 sunt,
1502 3697 1555 3742 et
1592 3686 1897 3757 deSpoliatis
1930 3691 2158 3745 mortuis

576 3792 899 3850 acceperunt
925 3782 1115 3837 loricas
1138 3794 1349 3845 eorum,
1373 3789 1426 3835 et
1448 3780 1703 3848 cassides,
1737 3794 1944 3836 necnon
1969 3792 2022 3836 et
2043 3797 2159 3838 om-

575 3889 674 3928 nes
704 3888 892 3928 currus
919 3886 1101 3927 eorum
1123 3912 1139 3939 ,
1171 3876 1224 3926 et
1260 3879 1572 3925 manserunt
1597 3871 1664 3925 ab
1702 3871 1929 3926 invicem
1969 3886 2161 3942 seque-

574 3966 751 4030 strati,
790 3973 1046 4033 quantum
1073 3962 1271 4031 duplex
1290 3962 1560 4032 estjactus
1585 3964 1813 4033 sagitta.
1839 3962 1984 4031 Fuga
2012 3978 2160 4018 nam-

577 4073 684 4129 que
709 4058 847 4111 lacta
877 4072 983 4110 non
1005 4062 1108 4110 est.
1135 4054 1514 4110 Verumtamen
1542 4055 1763 4110 Romani
1792 4056 2041 4111 animalia
2062 4071 2161 4112 sua

579 4163 739 4209 nocte
773 4162 829 4207 et
868 4152 1298 4223 adaquaverunt,
1329 4161 1385 4207 et
1412 4162 1750 4224 acceperunt.
1786 4154 2002 4225 Equites
2030 4168 2161 4209 vero

518 4236 522 4245 ’
577 4247 671 4315 qui
697 4245 833 4298 ultra
858 4252 1047 4309 erant,
1077 4252 1337 4298 steterunt
1363 4258 1535 4313 usque
1563 4244 1628 4299 ad
1658 4245 1847 4300 boram
1876 4246 2160 4315 septimam

578 4338 786 4402 noctis,
820 4346 877 4391 et
920 4336 1048 4390 moti
1082 4337 1471 4405 repedaverunt
1499 4338 1563 4391 ad
1592 4348 1763 4393 castra
1806 4354 1921 4395 sua.
1970 4341 2034 4394 Et
2079 4339 2161 4393 his

578 4430 816 4497 acceptis
862 4427 1147 4493 abierunt,
1188 4437 1243 4482 et
1287 4431 1648 4484 castrametati
1689 4437 1814 4485 sunt
1858 4433 1922 4485 ad
1972 4432 2159 4501 pedem

581 4522 759 4590 asperi
782 4522 977 4575 montis
997 4530 1316 4576 metuentes.
1336 4524 1523 4576 uultus
1549 4534 1802 4591 praeterea
1825 4535 2004 4593 spatas
2026 4539 2160 4581 auro

2266 3324 2421 3390 isset,
2452 3323 2802 3394 apprehendit
2832 3324 2976 3379 aliud
3006 3325 3273 3395 palatium
3310 3314 3764 3396 eognomeuto‘ﬂti-

2265 3415 2378 3484 bal,
2408 3417 2496 3471 ubi
2543 3426 2600 3473 et
2646 3416 3053 3486 hippodromum
3090 3418 3487 3482 teditlcaverat,
3511 3415 3594 3472 sed
3615 3406 3768 3469 etilli

2267 3510 2415 3565 casui
2438 3508 2609 3565 dedit.
2646 3509 2788 3565 Sane
2813 3509 3028 3579 quidam
3058 3513 3448 3567 Armeniorum
3472 3509 3557 3580 qui
3577 3519 3665 3561 mn
3685 3501 3771 3555 Ρα-

2266 3603 2341 3659 sis
2380 3603 2636 3670 aderant,
2663 3611 2923 3659 venerunt
2962 3604 3029 3658 ad
3068 3603 3459 3673 imperatorem
3488 3595 3771 3655 nostum

2269 3706 2349 3751 tes
2396 3712 2410 3749 :
2461 3695 2766 3751 Chosdroes
2809 3709 2931 3751 cum
2978 3696 3329 3766 elephantis,
3380 3703 3437 3752 et
3476 3689 3675 3750 uadi!
3706 3693 3770 3736 9°

2266 3785 2506 3855 quinque
2552 3787 2787 3842 millibus
2832 3795 3019 3843 contra
3076 3789 3348 3856 palatium
3399 3800 3549 3843 suum
3591 3774 3775 3837 vocabulo

2271 3889 2296 3917 ο
2327 3879 2674 3949 Damastager
2720 3882 2774 3936 in
2822 3882 2942 3938 loco
2984 3891 3304 3952 nuncupato
3334 3876 3603 3937 Bastarotls
3634 3877 3773 3928 ea“?

2269 3982 2501 4028 metatus
2521 3983 2633 4041 est,
2661 3984 2715 4031 et
2738 3974 3007 4031 mandavit
3031 3985 3208 4031 totum
3240 3977 3377 4032 illac
3403 3972 3667 4031 exercitum
3690 3976 3776 4017 αι’

2267 4067 2487 4133 venire,
2524 4079 2581 4122 ut
2620 4068 2880 4124 adversus
2917 4078 2970 4124 te
3010 4070 3313 4139 praelietur.
3346 4070 3444 4126 Est
3479 4066 3611 4125 enim
3641 4056 3719 4116 illic
3745 4057 3779 4107 ti

2271 4156 2465 4213 ﬂuvius
2512 4160 2773 4216 meatibus
2808 4174 3028 4225 carens,
3060 4162 3153 4231 qui
3188 4171 3411 4218 arctum
3437 4169 3632 4231 pontem
3661 4149 3778 4207 Μαι

2269 4260 2325 4304 et
2350 4252 2624 4319 angustias
2664 4267 2774 4322 pra:
2801 4253 3229 4309 habitationibus
3253 4254 3460 4309 multas
3480 4290 3498 4319 ,
3535 4263 3621 4305 nec
3647 4255 3724 4299 non
3747 4242 3783 4289 εί

2268 4339 2462 4397 fetidos
2482 4345 2647 4398 rivos.
2664 4343 2958 4412 imperator
2977 4358 3131 4415 ergo,
3148 4346 3394 4401 consilio
3405 4360 3526 4400 cum
3549 4331 3788 4411 priscile

2270 4436 2401 4491 inito
2424 4477 2439 4503 ,
2468 4450 2589 4491 cum
2620 4437 2857 4492 exercitu
2901 4436 3039 4492 sedit
3074 4440 3126 4492 in
3158 4438 3372 4507 palatio
3404 4433 3603 4493 Becbal.
3637 4419 3787 4494 ηειναῆ

2270 4524 2468 4594 quippe
2497 4528 2549 4579 in
2579 4540 2680 4581 una
2710 4541 2775 4581 ex
2805 4525 3096 4595 porticibus
3121 4529 3417 4597 saginatas
3438 4540 3561 4581 aves
3582 4522 3785 4576 treceni”:

582 4613 983 4679 circumclusas,
1005 4623 1059 4668 et
1079 4628 1243 4668 zonas
1263 4628 1451 4669 aureas
1470 4629 1594 4668 cum
1613 4617 1857 4684 gemmis,
1882 4624 1936 4670 et
1955 4626 2161 4672 scutum
2190 4586 2249 4650 Β
2268 4618 2392 4672 etin
2415 4617 2516 4672 alia
2541 4618 2747 4687 porticu
2772 4586 2991 4687 capreas
3017 4586 3309 4688 saginatas
3328 4619 3664 4690 quingentas:
3683 4610 3788 4677 PM"

582 4707 801 4761 Bazatis
828 4717 1000 4762 totum
1028 4721 1192 4763 aureo
1226 4722 1530 4777 respersum
1564 4717 1913 4776 acceperunt,
1961 4707 2162 4765 habens

579 4800 816 4870 petalam
842 4810 1053 4853 centum
1084 4799 1303 4868 viginti,
1339 4808 1393 4854 et
1423 4798 1640 4855 loricam
1666 4800 1836 4868 ipsius
1872 4813 2003 4853 auro
2042 4814 2164 4854 con-

581 4901 804 4961 textam,
834 4898 937 4948 eth
962 4895 1323 4963 scaramaggin
1359 4891 1478 4962 ejus
1514 4893 1818 4947 detulerunt
1842 4907 1962 4947 cum
1990 4896 2165 4963 capite

579 4986 787 5055 ipsius,
835 4994 996 5054 atque
1032 4984 1300 5039 dextraria
1326 5023 1342 5048 ,
1383 4993 1436 5038 et
1481 4984 1671 5036 sellam
1710 4992 1873 5037 totam
1920 4999 1984 5038 ex
2029 4999 2161 5039 auro

581 5080 949 5134 fabrefactam.
997 5079 1167 5133 Porro
1197 5080 1375 5131 tentus
1403 5085 1486 5132 est
1528 5091 1663 5130 unus
1708 5076 1989 5132 Barsnmes
2030 5077 2163 5147 prin-

579 5187 708 5241 ceps
755 5172 1027 5226 [berorum
1064 5170 1167 5226 sub
1195 5168 1371 5225 Persis
1415 5169 1739 5239 degentium.
1774 5168 1938 5226 Nemo
1983 5180 2163 5227 autem

581 5265 773 5320 recolit
818 5263 1120 5332 huiusmodi
1169 5262 1364 5319 bellum
1404 5264 1540 5319 inter
1596 5266 1816 5319 Romam
1864 5274 1917 5319 et
1946 5264 2156 5334 Persas,

582 5359 724 5427 quod
758 5358 1004 5413 videlicet
1029 5372 1122 5427 per
1162 5367 1329 5413 totum
1359 5357 1501 5413 diem
1532 5360 1713 5414 habuit
1756 5369 1983 5428 statum,
2016 5362 2159 5417 viec-

581 5459 813 5516 runtque
855 5444 1104 5502 Romani.
1156 5448 1351 5505 Verum
1404 5451 1501 5504 hoc
1530 5448 1727 5506 factum
1771 5461 1852 5507 est
1903 5451 2020 5508 solo
2066 5451 2161 5509 Dei

655 5609 681 5671 fl
714 5603 821 5665 AL,
856 5601 1056 5655 Phalba
1094 5619 1269 5671 equus.

651 5668 683 5711 ι
712 5671 769 5753 P.
802 5672 961 5739 Pith.,
991 5668 1253 5730 charrure.
1284 5674 1396 5743 AL,
1421 5677 1679 5734 chamarc.
1725 5675 1884 5735 Cedr.
1903 5716 1924 5748 ,
1967 5677 2162 5736 Scaru-

583 5756 869 5813 magnum.

659 5823 683 5852 °
717 5814 824 5879 AL,
855 5814 1135 5869 verebatur.

2265 4708 2322 4763 in
2349 4709 2449 4764 alia
2482 4724 2711 4779 onagros
2746 4710 3015 4780 saginatus
3039 4719 3279 4766 centum
3307 4752 3325 4778 ,
3364 4724 3536 4780 eaque
3560 4709 3716 4762 cuncto
3734 4708 3791 4764 P9"

2266 4804 2398 4873 pulo
2418 4803 2665 4874 donavit,
2695 4813 2750 4859 et
2789 4803 2980 4877 Kalen.
3004 4802 3309 4861 ianuarias
3338 4804 3453 4860 illic
3480 4802 3703 4858 iecerunt.
3726 4789 3791 4843 Be-

2267 4901 2434 4967 nique
2463 4899 2693 4953 inventis
2717 4900 2935 4967 ovibus,
2969 4908 3021 4955 et
3066 4901 3283 4969 porcis,
3319 4910 3379 4957 et
3424 4900 3607 4958 bubus,
3633 4893 3794 4963 quam

2220 5037 2224 5041 .
2268 5006 2375 5046 non
2408 5002 2524 5047 erat
2555 5007 2832 5060 numerus,
2861 4992 3119 5061 requievit
3156 4995 3405 5062 populus
3438 4987 3792 5049 universosid”

2265 5088 2441 5144 iantes
2462 5130 2475 5153 ,
2503 5096 2559 5144 et
2584 5088 2942 5158 gloriﬁcantes
2969 5090 3163 5146 Deum.
3211 5091 3494 5149 Praeterea
3523 5079 3797 5156 comprehell'

2265 5183 2337 5237 sis
2371 5182 2450 5237 his
2478 5197 2598 5252 quae
2619 5181 2717 5237 ista
2747 5179 3079 5251 deferebant,
3108 5183 3439 5243 didicerunt
3471 5185 3535 5242 ab
3572 5181 3661 5238 illis
3686 5168 3796 5244 li‘l‘ﬁ'

2266 5276 2409 5343 dius,
2433 5276 2576 5347 quod
2595 5275 2902 5334 Chosdroes
2922 5293 2952 5333 a
2971 5278 3246 5337 vicesimo
3275 5281 3440 5338 tertio
3462 5280 3545 5336 die
3564 5265 3797 5331 Decembris

2266 5368 2488 5437 mensis,
2518 5378 2794 5438 comperto
2831 5368 2973 5439 quod
3001 5368 3131 5439 imp.
3171 5381 3405 5439 pontem
3442 5367 3691 5426 transisset
3706 5352 3796 5411 Tor-

2265 5477 2381 5531 ηε,
2411 5460 2699 5519 confestim
2732 5472 2908 5519 motus
2942 5461 3103 5520 fuerit
3129 5463 3211 5520 de
3243 5466 3476 5538 palatio,
3508 5460 3637 5534 quod
3660 5448 3800 5514 eratin

2264 5616 2503 5834 “iiii;
2528 5618 2823 5761 milia.
2854 5687 2967 5761 AL,
3007 5687 3329 5765 om
3380 5689 3625 5756 σάοι..
3661 5678 3804 5740 Μ
