  <div class='ocr_page' id='page_1' title='image "/cluster/home/n/w/nwhite01/storage/ocr_20150623/95/hvd.32044010719722/546.png"; bbox 0 0 3956 6342; ppageno 0'>
   <div class='ocr_carea' id='block_1_1' title="bbox 178 307 334 426">
    <p class='ocr_par' dir='ltr' id='par_1_1' title="bbox 178 307 334 426">
     <span class='ocr_line' id='line_1_1' title="bbox 178 307 334 426; baseline -0.038 -26"><span class='ocrx_word' id='word_1_1' title='bbox 178 307 334 426; x_wconf 46' lang='grc' dir='ltr'><strong>λθειν</strong></span> 
     </span>
    </p>
   </div>
   <div class='ocr_carea' id='block_1_2' title="bbox 1247 328 2475 395">
    <p class='ocr_par' dir='ltr' id='par_1_2' title="bbox 1247 328 2475 395">
     <span class='ocr_line' id='line_1_2' title="bbox 1247 328 2475 395; baseline -0.003 -2"><span class='ocrx_word' id='word_1_2' title='bbox 1247 330 1567 395; x_wconf 77' lang='lat' dir='ltr'><strong>HISTORIA</strong></span> <span class='ocrx_word' id='word_1_3' title='bbox 1606 328 1964 392; x_wconf 78' lang='lat' dir='ltr'><strong>MISCELLA.</strong></span> <span class='ocrx_word' id='word_1_4' title='bbox 1993 336 2079 375; x_wconf 84' lang='grc'><strong>’--</strong></span> <span class='ocrx_word' id='word_1_5' title='bbox 2115 329 2245 389; x_wconf 82' lang='lat' dir='ltr'><strong>LIB.</strong></span> <span class='ocrx_word' id='word_1_6' title='bbox 2285 330 2475 389; x_wconf 80' lang='lat' dir='ltr'><strong>XVIII.</strong></span> 
     </span>
    </p>
   </div>
   <div class='ocr_carea' id='block_1_3' title="bbox 3337 332 3474 391">
    <p class='ocr_par' dir='ltr' id='par_1_3' title="bbox 3337 332 3474 391">
     <span class='ocr_line' id='line_1_3' title="bbox 3337 332 3474 391; baseline 0.015 -2"><span class='ocrx_word' id='word_1_7' title='bbox 3337 332 3474 391; x_wconf 69' lang='grc'><strong>1058</strong></span> 
     </span>
    </p>
   </div>
   <div class='ocr_carea' id='block_1_4' title="bbox 192 442 3486 523">
    <p class='ocr_par' dir='ltr' id='par_1_4' title="bbox 192 442 3486 523">
     <span class='ocr_line' id='line_1_4' title="bbox 192 442 3486 523; baseline -0.002 -13"><span class='ocrx_word' id='word_1_8' title='bbox 192 451 539 523; x_wconf 83' lang='lat' dir='ltr'><strong>Damastager</strong></span> <span class='ocrx_word' id='word_1_9' title='bbox 566 460 686 507; x_wconf 86' lang='lat' dir='ltr'><strong>cum</strong></span> <span class='ocrx_word' id='word_1_10' title='bbox 711 460 885 521; x_wconf 87' lang='lat' dir='ltr'><strong>pugna</strong></span> <span class='ocrx_word' id='word_1_11' title='bbox 914 442 1319 519; x_wconf 77' lang='lat' dir='ltr'><strong>Ctesiphontem</strong></span> <span class='ocrx_word' id='word_1_12' title='bbox 1345 450 1625 521; x_wconf 85' lang='lat' dir='ltr'><strong>petiturus,</strong></span> <span class='ocrx_word' id='word_1_13' title='bbox 1648 463 1784 503; x_wconf 87' lang='lat' dir='ltr'><strong>onu-</strong></span> <span class='ocrx_word' id='word_1_14' title='bbox 1810 449 1864 511; x_wconf 72' lang='grc' dir='ltr'><strong>Α</strong></span> <span class='ocrx_word' id='word_1_15' title='bbox 1887 446 1984 502; x_wconf 84' lang='lat' dir='ltr'><strong>ivit</strong></span> <span class='ocrx_word' id='word_1_16' title='bbox 2026 445 2335 504; x_wconf 83' lang='lat' dir='ltr'><strong>Cbosdroes</strong></span> <span class='ocrx_word' id='word_1_17' title='bbox 2378 446 2434 502; x_wconf 89' lang='lat' dir='ltr'><strong>in</strong></span> <span class='ocrx_word' id='word_1_18' title='bbox 2481 444 2701 501; x_wconf 75' lang='lat' dir='ltr'><strong>domum</strong></span> <span class='ocrx_word' id='word_1_19' title='bbox 2740 442 2992 515; x_wconf 66' lang='lat' dir='ltr'><strong>agricola</strong></span> <span class='ocrx_word' id='word_1_20' title='bbox 3016 444 3207 515; x_wconf 84' lang='lat' dir='ltr'><strong>nihili,</strong></span> <span class='ocrx_word' id='word_1_21' title='bbox 3239 447 3294 503; x_wconf 88' lang='lat' dir='ltr'><strong>in</strong></span> <span class='ocrx_word' id='word_1_22' title='bbox 3324 449 3486 517; x_wconf 80' lang='lat' dir='ltr'><strong>cujus</strong></span> 
     </span>
    </p>
   </div>
   <div class='ocr_carea' id='block_1_5' title="bbox 191 537 3487 613">
    <p class='ocr_par' dir='ltr' id='par_1_5' title="bbox 191 537 3487 613">
     <span class='ocr_line' id='line_1_5' title="bbox 191 537 3487 613; baseline -0.001 -14"><span class='ocrx_word' id='word_1_23' title='bbox 191 542 290 599; x_wconf 83' lang='lat' dir='ltr'><strong>stis</strong></span> <span class='ocrx_word' id='word_1_24' title='bbox 333 560 400 598; x_wconf 86' lang='lat' dir='ltr'><strong>ex</strong></span> <span class='ocrx_word' id='word_1_25' title='bbox 447 542 693 598; x_wconf 87' lang='lat' dir='ltr'><strong>omnibus</strong></span> <span class='ocrx_word' id='word_1_26' title='bbox 728 541 970 613; x_wconf 83' lang='lat' dir='ltr'><strong>pecuniis</strong></span> <span class='ocrx_word' id='word_1_27' title='bbox 995 583 1010 608; x_wconf 92' lang='lat'><strong>,</strong></span> <span class='ocrx_word' id='word_1_28' title='bbox 1051 554 1184 611; x_wconf 90' lang='lat' dir='ltr'><strong>quas</strong></span> <span class='ocrx_word' id='word_1_29' title='bbox 1232 541 1462 597; x_wconf 83' lang='lat' dir='ltr'><strong>habebat</strong></span> <span class='ocrx_word' id='word_1_30' title='bbox 1509 542 1558 595; x_wconf 92' lang='lat' dir='ltr'><strong>in</strong></span> <span class='ocrx_word' id='word_1_31' title='bbox 1593 540 1787 609; x_wconf 90' lang='lat' dir='ltr'><strong>palatio</strong></span> <span class='ocrx_word' id='word_1_32' title='bbox 1888 538 2121 609; x_wconf 86' lang='lat' dir='ltr'><strong>hospitio</strong></span> <span class='ocrx_word' id='word_1_33' title='bbox 2156 542 2245 595; x_wconf 88' lang='lat' dir='ltr'><strong>vix</strong></span> <span class='ocrx_word' id='word_1_34' title='bbox 2287 553 2505 596; x_wconf 85' lang='lat' dir='ltr'><strong>manere</strong></span> <span class='ocrx_word' id='word_1_35' title='bbox 2534 539 2836 609; x_wconf 69' lang='lat' dir='ltr'><strong>pravaluit.</strong></span> <span class='ocrx_word' id='word_1_36' title='bbox 2868 537 3029 606; x_wconf 81' lang='lat' dir='ltr'><strong>Quod</strong></span> <span class='ocrx_word' id='word_1_37' title='bbox 3069 539 3259 597; x_wconf 86' lang='lat' dir='ltr'><strong>videns</strong></span> <span class='ocrx_word' id='word_1_38' title='bbox 3304 540 3487 599; x_wconf 81' lang='lat' dir='ltr'><strong>Hera-</strong></span> 
     </span>
    </p>
   </div>
   <div class='ocr_carea' id='block_1_6' title="bbox 193 630 3490 705">
    <p class='ocr_par' dir='ltr' id='par_1_6' title="bbox 193 630 3490 705">
     <span class='ocr_line' id='line_1_6' title="bbox 193 630 3490 705; baseline -0 -13"><span class='ocrx_word' id='word_1_39' title='bbox 193 643 299 692; x_wconf 86' lang='lat' dir='ltr'><strong>tam</strong></span> <span class='ocrx_word' id='word_1_40' title='bbox 334 632 655 705; x_wconf 80' lang='lat' dir='ltr'><strong>elephantis,</strong></span> <span class='ocrx_word' id='word_1_41' title='bbox 683 646 839 703; x_wconf 86' lang='lat' dir='ltr'><strong>quam</strong></span> <span class='ocrx_word' id='word_1_42' title='bbox 872 634 1115 699; x_wconf 85' lang='lat' dir='ltr'><strong>camelis,</strong></span> <span class='ocrx_word' id='word_1_43' title='bbox 1141 644 1299 704; x_wconf 87' lang='lat' dir='ltr'><strong>atque</strong></span> <span class='ocrx_word' id='word_1_44' title='bbox 1330 632 1657 693; x_wconf 84' lang='lat' dir='ltr'><strong>burdonibus</strong></span> <span class='ocrx_word' id='word_1_45' title='bbox 1687 631 1787 686; x_wconf 79' lang='lat' dir='ltr'><strong>mi-</strong></span> <span class='ocrx_word' id='word_1_46' title='bbox 1890 630 2024 687; x_wconf 89' lang='lat' dir='ltr'><strong>clius</strong></span> <span class='ocrx_word' id='word_1_47' title='bbox 2064 634 2403 701; x_wconf 84' lang='lat' dir='ltr'><strong>postmodum</strong></span> <span class='ocrx_word' id='word_1_48' title='bbox 2439 633 2736 687; x_wconf 70' lang='lat' dir='ltr'><strong>admiratus</strong></span> <span class='ocrx_word' id='word_1_49' title='bbox 2764 639 2867 687; x_wconf 85' lang='lat' dir='ltr'><strong>eat.</strong></span> <span class='ocrx_word' id='word_1_50' title='bbox 2896 631 3002 688; x_wconf 88' lang='lat' dir='ltr'><strong>Per</strong></span> <span class='ocrx_word' id='word_1_51' title='bbox 3027 639 3136 689; x_wconf 80' lang='lat' dir='ltr'><strong>tres</strong></span> <span class='ocrx_word' id='word_1_52' title='bbox 3159 644 3341 689; x_wconf 83' lang='lat' dir='ltr'><strong>autem</strong></span> <span class='ocrx_word' id='word_1_53' title='bbox 3369 634 3490 691; x_wconf 76' lang='lat' dir='ltr'><strong>dies</strong></span> 
     </span>
    </p>
   </div>
   <div class='ocr_carea' id='block_1_7' title="bbox 201 720 1790 797">
    <p class='ocr_par' dir='ltr' id='par_1_7' title="bbox 201 720 1790 797">
     <span class='ocr_line' id='line_1_7' title="bbox 201 720 1790 797; baseline -0.003 -14"><span class='ocrx_word' id='word_1_54' title='bbox 201 728 391 783; x_wconf 88' lang='lat' dir='ltr'><strong>nistris</strong></span> <span class='ocrx_word' id='word_1_55' title='bbox 422 729 533 783; x_wconf 85' lang='lat' dir='ltr'><strong>suis</strong></span> <span class='ocrx_word' id='word_1_56' title='bbox 563 725 805 782; x_wconf 87' lang='lat' dir='ltr'><strong>scribens</strong></span> <span class='ocrx_word' id='word_1_57' title='bbox 828 772 842 795; x_wconf 91' lang='lat'><strong>,</strong></span> <span class='ocrx_word' id='word_1_58' title='bbox 874 736 927 782; x_wconf 91' lang='lat' dir='ltr'><strong>et</strong></span> <span class='ocrx_word' id='word_1_59' title='bbox 959 727 1151 797; x_wconf 85' lang='lat' dir='ltr'><strong>populo</strong></span> <span class='ocrx_word' id='word_1_60' title='bbox 1180 720 1425 791; x_wconf 74' lang='lat' dir='ltr'><strong>Bazatis,</strong></span> <span class='ocrx_word' id='word_1_61' title='bbox 1461 734 1516 780; x_wconf 90' lang='lat' dir='ltr'><strong>ut</strong></span> <span class='ocrx_word' id='word_1_62' title='bbox 1544 724 1790 795; x_wconf 77' lang='lat' dir='ltr'><strong>ingrede-</strong></span> 
     </span>
    </p>
   </div>
   <div class='ocr_carea' id='block_1_8' title="bbox 192 816 1786 889">
    <p class='ocr_par' dir='ltr' id='par_1_8' title="bbox 192 816 1786 889">
     <span class='ocr_line' id='line_1_8' title="bbox 192 816 1786 889; baseline -0.006 -12"><span class='ocrx_word' id='word_1_63' title='bbox 192 830 381 877; x_wconf 79' lang='lat' dir='ltr'><strong>rentur</strong></span> <span class='ocrx_word' id='word_1_64' title='bbox 415 816 555 874; x_wconf 85' lang='lat' dir='ltr'><strong>idetn</strong></span> <span class='ocrx_word' id='word_1_65' title='bbox 588 818 863 889; x_wconf 83' lang='lat' dir='ltr'><strong>palatium,</strong></span> <span class='ocrx_word' id='word_1_66' title='bbox 893 827 947 873; x_wconf 91' lang='lat' dir='ltr'><strong>et</strong></span> <span class='ocrx_word' id='word_1_67' title='bbox 977 819 1167 873; x_wconf 85' lang='lat' dir='ltr'><strong>domus</strong></span> <span class='ocrx_word' id='word_1_68' title='bbox 1197 817 1515 886; x_wconf 84' lang='lat' dir='ltr'><strong>principum,</strong></span> <span class='ocrx_word' id='word_1_69' title='bbox 1548 826 1600 871; x_wconf 89' lang='lat' dir='ltr'><strong>et</strong></span> <span class='ocrx_word' id='word_1_70' title='bbox 1627 816 1786 884; x_wconf 85' lang='lat' dir='ltr'><strong>quid-</strong></span> 
     </span>
    </p>
   </div>
   <div class='ocr_carea' id='block_1_9' title="bbox 192 910 1786 981">
    <p class='ocr_par' dir='ltr' id='par_1_9' title="bbox 192 910 1786 981">
     <span class='ocr_line' id='line_1_9' title="bbox 192 910 1786 981; baseline 0.001 -18"><span class='ocrx_word' id='word_1_71' title='bbox 192 911 320 981; x_wconf 89' lang='lat' dir='ltr'><strong>quid</strong></span> <span class='ocrx_word' id='word_1_72' title='bbox 370 910 559 965; x_wconf 86' lang='lat' dir='ltr'><strong>inhis</strong></span> <span class='ocrx_word' id='word_1_73' title='bbox 606 910 941 966; x_wconf 75' lang='lat' dir='ltr'><strong>inveniretur</strong></span> <span class='ocrx_word' id='word_1_74' title='bbox 985 910 1276 966; x_wconf 78' lang='lat' dir='ltr'><strong>auferrent.</strong></span> <span class='ocrx_word' id='word_1_75' title='bbox 1322 910 1504 979; x_wconf 78' lang='lat' dir='ltr'><strong>Itaque</strong></span> <span class='ocrx_word' id='word_1_76' title='bbox 1541 911 1786 978; x_wconf 86' lang='lat' dir='ltr'><strong>imperat.</strong></span> 
     </span>
    </p>
   </div>
   <div class='ocr_carea' id='block_1_10' title="bbox 193 1003 1791 1074">
    <p class='ocr_par' dir='ltr' id='par_1_10' title="bbox 193 1003 1791 1074">
     <span class='ocr_line' id='line_1_10' title="bbox 193 1003 1791 1074; baseline -0.001 -15"><span class='ocrx_word' id='word_1_77' title='bbox 193 1004 479 1059; x_wconf 86' lang='lat' dir='ltr'><strong>dimidium</strong></span> <span class='ocrx_word' id='word_1_78' title='bbox 525 1004 739 1074; x_wconf 86' lang='lat' dir='ltr'><strong>quidem</strong></span> <span class='ocrx_word' id='word_1_79' title='bbox 788 1005 1081 1059; x_wconf 87' lang='lat' dir='ltr'><strong>exercitum</strong></span> <span class='ocrx_word' id='word_1_80' title='bbox 1127 1004 1273 1059; x_wconf 80' lang='lat' dir='ltr'><strong>misit</strong></span> <span class='ocrx_word' id='word_1_81' title='bbox 1310 1003 1377 1059; x_wconf 84' lang='lat' dir='ltr'><strong>ad</strong></span> <span class='ocrx_word' id='word_1_82' title='bbox 1424 1004 1791 1073; x_wconf 85' lang='lat' dir='ltr'><strong>Damastager,</strong></span> 
     </span>
    </p>
   </div>
   <div class='ocr_carea' id='block_1_11' title="bbox 191 1093 1791 1166">
    <p class='ocr_par' dir='ltr' id='par_1_11' title="bbox 191 1093 1791 1166">
     <span class='ocr_line' id='line_1_11' title="bbox 191 1093 1791 1166; baseline -0.003 -12"><span class='ocrx_word' id='word_1_83' title='bbox 191 1096 310 1166; x_wconf 87' lang='lat' dir='ltr'><strong>ipse</strong></span> <span class='ocrx_word' id='word_1_84' title='bbox 338 1111 469 1152; x_wconf 86' lang='lat' dir='ltr'><strong>vero</strong></span> <span class='ocrx_word' id='word_1_85' title='bbox 499 1102 595 1166; x_wconf 86' lang='lat' dir='ltr'><strong>per</strong></span> <span class='ocrx_word' id='word_1_86' title='bbox 637 1096 793 1150; x_wconf 82' lang='lat' dir='ltr'><strong>aliam</strong></span> <span class='ocrx_word' id='word_1_87' title='bbox 840 1093 979 1150; x_wconf 82' lang='lat' dir='ltr'><strong>viam</strong></span> <span class='ocrx_word' id='word_1_88' title='bbox 1030 1095 1157 1151; x_wconf 86' lang='lat' dir='ltr'><strong>abiit</strong></span> <span class='ocrx_word' id='word_1_89' title='bbox 1201 1095 1269 1150; x_wconf 90' lang='lat' dir='ltr'><strong>ad</strong></span> <span class='ocrx_word' id='word_1_90' title='bbox 1314 1096 1457 1151; x_wconf 80' lang='lat' dir='ltr'><strong>aliud</strong></span> <span class='ocrx_word' id='word_1_91' title='bbox 1498 1096 1791 1165; x_wconf 85' lang='lat' dir='ltr'><strong>palatium,</strong></span> 
     </span>
    </p>
   </div>
   <div class='ocr_carea' id='block_1_12' title="bbox 191 1186 1797 1258">
    <p class='ocr_par' dir='ltr' id='par_1_12' title="bbox 191 1186 1797 1258">
     <span class='ocr_line' id='line_1_12' title="bbox 191 1186 1797 1258; baseline 0 -17"><span class='ocrx_word' id='word_1_92' title='bbox 191 1187 339 1258; x_wconf 88' lang='lat' dir='ltr'><strong>quod</strong></span> <span class='ocrx_word' id='word_1_93' title='bbox 388 1187 870 1257; x_wconf 81' lang='lat' dir='ltr'><strong>cognmninabatur</strong></span> <span class='ocrx_word' id='word_1_94' title='bbox 914 1186 1257 1255; x_wconf 84' lang='lat' dir='ltr'><strong>Beddarach,</strong></span> <span class='ocrx_word' id='word_1_95' title='bbox 1305 1195 1361 1243; x_wconf 90' lang='lat' dir='ltr'><strong>et</strong></span> <span class='ocrx_word' id='word_1_96' title='bbox 1398 1188 1481 1243; x_wconf 83' lang='lat' dir='ltr'><strong>his</strong></span> <span class='ocrx_word' id='word_1_97' title='bbox 1520 1188 1706 1253; x_wconf 88' lang='lat' dir='ltr'><strong>ruinis,</strong></span> <span class='ocrx_word' id='word_1_98' title='bbox 1739 1196 1797 1242; x_wconf 88' lang='lat' dir='ltr'><strong>et</strong></span> 
     </span>
    </p>
   </div>
   <div class='ocr_carea' id='block_1_13' title="bbox 191 1278 1797 1352">
    <p class='ocr_par' dir='ltr' id='par_1_13' title="bbox 191 1278 1797 1352">
     <span class='ocr_line' id='line_1_13' title="bbox 191 1278 1797 1352; baseline 0.001 -16"><span class='ocrx_word' id='word_1_99' title='bbox 191 1278 304 1352; x_wconf 86' lang='lat' dir='ltr'><strong>igni</strong></span> <span class='ocrx_word' id='word_1_100' title='bbox 341 1280 585 1346; x_wconf 80' lang='lat' dir='ltr'><strong>traditis,</strong></span> <span class='ocrx_word' id='word_1_101' title='bbox 616 1280 817 1351; x_wconf 80' lang='lat' dir='ltr'><strong>gratias</strong></span> <span class='ocrx_word' id='word_1_102' title='bbox 848 1292 1070 1349; x_wconf 84' lang='lat' dir='ltr'><strong>egerunt</strong></span> <span class='ocrx_word' id='word_1_103' title='bbox 1106 1279 1251 1349; x_wconf 82' lang='lat' dir='ltr'><strong>Deo,</strong></span> <span class='ocrx_word' id='word_1_104' title='bbox 1282 1280 1372 1350; x_wconf 88' lang='lat' dir='ltr'><strong>qui</strong></span> <span class='ocrx_word' id='word_1_105' title='bbox 1402 1296 1496 1349; x_wconf 89' lang='lat' dir='ltr'><strong>per</strong></span> <span class='ocrx_word' id='word_1_106' title='bbox 1535 1281 1797 1337; x_wconf 79' lang='lat' dir='ltr'><strong>interces-</strong></span> 
     </span>
    </p>
   </div>
   <div class='ocr_carea' id='block_1_14' title="bbox 191 1372 1794 1443">
    <p class='ocr_par' dir='ltr' id='par_1_14' title="bbox 191 1372 1794 1443">
     <span class='ocr_line' id='line_1_14' title="bbox 191 1372 1794 1443; baseline -0.002 -13"><span class='ocrx_word' id='word_1_107' title='bbox 191 1375 375 1430; x_wconf 83' lang='lat' dir='ltr'><strong>siones</strong></span> <span class='ocrx_word' id='word_1_108' title='bbox 406 1372 498 1427; x_wconf 87' lang='lat' dir='ltr'><strong>Dei</strong></span> <span class='ocrx_word' id='word_1_109' title='bbox 528 1372 805 1443; x_wconf 78' lang='lat' dir='ltr'><strong>genitricis</strong></span> <span class='ocrx_word' id='word_1_110' title='bbox 829 1372 951 1427; x_wconf 87' lang='lat' dir='ltr'><strong>talia</strong></span> <span class='ocrx_word' id='word_1_111' title='bbox 973 1373 1231 1428; x_wconf 86' lang='lat' dir='ltr'><strong>miracula</strong></span> <span class='ocrx_word' id='word_1_112' title='bbox 1263 1380 1457 1443; x_wconf 88' lang='lat' dir='ltr'><strong>patrat.</strong></span> <span class='ocrx_word' id='word_1_113' title='bbox 1486 1374 1617 1441; x_wconf 83' lang='lat' dir='ltr'><strong>Quis</strong></span> <span class='ocrx_word' id='word_1_114' title='bbox 1647 1374 1794 1429; x_wconf 86' lang='lat' dir='ltr'><strong>enim</strong></span> 
     </span>
    </p>
   </div>
   <div class='ocr_carea' id='block_1_15' title="bbox 192 1465 1794 1536">
    <p class='ocr_par' dir='ltr' id='par_1_15' title="bbox 192 1465 1794 1536">
     <span class='ocr_line' id='line_1_15' title="bbox 192 1465 1794 1536; baseline -0.002 -13"><span class='ocrx_word' id='word_1_115' title='bbox 192 1467 436 1536; x_wconf 85' lang='lat' dir='ltr'><strong>speravit</strong></span> <span class='ocrx_word' id='word_1_116' title='bbox 482 1474 717 1536; x_wconf 85' lang='lat' dir='ltr'><strong>unquam</strong></span> <span class='ocrx_word' id='word_1_117' title='bbox 771 1466 1083 1522; x_wconf 78' lang='lat' dir='ltr'><strong>L‘hosdroen</strong></span> <span class='ocrx_word' id='word_1_118' title='bbox 1141 1467 1323 1535; x_wconf 82' lang='lat' dir='ltr'><strong>iugere</strong></span> <span class='ocrx_word' id='word_1_119' title='bbox 1370 1480 1400 1519; x_wconf 89' lang='lat' dir='ltr'><strong>a</strong></span> <span class='ocrx_word' id='word_1_120' title='bbox 1446 1465 1581 1519; x_wconf 88' lang='lat' dir='ltr'><strong>facie</strong></span> <span class='ocrx_word' id='word_1_121' title='bbox 1635 1465 1794 1519; x_wconf 81' lang='lat' dir='ltr'><strong>ltum.</strong></span> 
     </span>
    </p>
   </div>
   <div class='ocr_carea' id='block_1_16' title="bbox 198 1555 1794 1630">
    <p class='ocr_par' dir='ltr' id='par_1_16' title="bbox 198 1555 1794 1630">
     <span class='ocr_line' id='line_1_16' title="bbox 198 1555 1794 1630; baseline -0.003 -16"><span class='ocrx_word' id='word_1_122' title='bbox 198 1558 465 1630; x_wconf 88' lang='lat' dir='ltr'><strong>principis</strong></span> <span class='ocrx_word' id='word_1_123' title='bbox 495 1556 563 1613; x_wconf 89' lang='lat' dir='ltr'><strong>de</strong></span> <span class='ocrx_word' id='word_1_124' title='bbox 594 1555 805 1626; x_wconf 87' lang='lat' dir='ltr'><strong>palatiis</strong></span> <span class='ocrx_word' id='word_1_125' title='bbox 833 1558 964 1624; x_wconf 88' lang='lat' dir='ltr'><strong>suis,</strong></span> <span class='ocrx_word' id='word_1_126' title='bbox 999 1572 1120 1628; x_wconf 69' lang='lat' dir='ltr'><strong>quas</strong></span> <span class='ocrx_word' id='word_1_127' title='bbox 1150 1566 1304 1613; x_wconf 88' lang='lat' dir='ltr'><strong>erant</strong></span> <span class='ocrx_word' id='word_1_128' title='bbox 1340 1557 1394 1610; x_wconf 88' lang='lat' dir='ltr'><strong>in</strong></span> <span class='ocrx_word' id='word_1_129' title='bbox 1426 1557 1794 1625; x_wconf 85' lang='lat' dir='ltr'><strong>Damastagcr,</strong></span> 
     </span>
    </p>
   </div>
   <div class='ocr_carea' id='block_1_17' title="bbox 196 1649 1802 1721">
    <p class='ocr_par' dir='ltr' id='par_1_17' title="bbox 196 1649 1802 1721">
     <span class='ocr_line' id='line_1_17' title="bbox 196 1649 1802 1721; baseline -0.004 -13"><span class='ocrx_word' id='word_1_130' title='bbox 196 1660 255 1708; x_wconf 90' lang='lat' dir='ltr'><strong>et</strong></span> <span class='ocrx_word' id='word_1_131' title='bbox 307 1660 492 1721; x_wconf 87' lang='lat' dir='ltr'><strong>petere</strong></span> <span class='ocrx_word' id='word_1_132' title='bbox 537 1649 943 1717; x_wconf 85' lang='lat' dir='ltr'><strong>Ctesiphontem</strong></span> <span class='ocrx_word' id='word_1_133' title='bbox 968 1690 984 1718; x_wconf 93' lang='lat'><strong>,</strong></span> <span class='ocrx_word' id='word_1_134' title='bbox 1026 1650 1153 1705; x_wconf 87' lang='lat' dir='ltr'><strong>dum</strong></span> <span class='ocrx_word' id='word_1_135' title='bbox 1195 1665 1226 1705; x_wconf 89' lang='lat' dir='ltr'><strong>a</strong></span> <span class='ocrx_word' id='word_1_136' title='bbox 1263 1663 1389 1704; x_wconf 80' lang='lat' dir='ltr'><strong>xxiv</strong></span> <span class='ocrx_word' id='word_1_137' title='bbox 1419 1649 1572 1704; x_wconf 84' lang='lat' dir='ltr'><strong>annis</strong></span> <span class='ocrx_word' id='word_1_138' title='bbox 1609 1661 1802 1717; x_wconf 84' lang='lat' dir='ltr'><strong>passus</strong></span> 
     </span>
    </p>
   </div>
   <div class='ocr_carea' id='block_1_18' title="bbox 198 1742 1801 1814">
    <p class='ocr_par' dir='ltr' id='par_1_18' title="bbox 198 1742 1801 1814">
     <span class='ocr_line' id='line_1_18' title="bbox 198 1742 1801 1814; baseline -0.003 -14"><span class='ocrx_word' id='word_1_139' title='bbox 198 1744 619 1814; x_wconf 84' lang='lat' dir='ltr'><strong>Ctesiphontem</strong></span> <span class='ocrx_word' id='word_1_140' title='bbox 648 1744 833 1799; x_wconf 87' lang='lat' dir='ltr'><strong>videre</strong></span> <span class='ocrx_word' id='word_1_141' title='bbox 868 1758 975 1801; x_wconf 90' lang='lat' dir='ltr'><strong>non</strong></span> <span class='ocrx_word' id='word_1_142' title='bbox 1006 1744 1195 1812; x_wconf 85' lang='lat' dir='ltr'><strong>luerit,</strong></span> <span class='ocrx_word' id='word_1_143' title='bbox 1229 1744 1323 1798; x_wconf 85' lang='lat' dir='ltr'><strong>sed</strong></span> <span class='ocrx_word' id='word_1_144' title='bbox 1359 1743 1413 1797; x_wconf 86' lang='lat' dir='ltr'><strong>in</strong></span> <span class='ocrx_word' id='word_1_145' title='bbox 1455 1742 1801 1810; x_wconf 77' lang='lat' dir='ltr'><strong>Damastager</strong></span> 
     </span>
    </p>
   </div>
   <div class='ocr_carea' id='block_1_19' title="bbox 1893 724 3491 797">
    <p class='ocr_par' dir='ltr' id='par_1_19' title="bbox 1893 724 3491 797">
     <span class='ocr_line' id='line_1_19' title="bbox 1893 724 3491 797; baseline 0.005 -21"><span class='ocrx_word' id='word_1_146' title='bbox 1893 724 2024 778; x_wconf 89' lang='lat' dir='ltr'><strong>adiit</strong></span> <span class='ocrx_word' id='word_1_147' title='bbox 2060 724 2483 795; x_wconf 71' lang='lat' dir='ltr'><strong>Ctesiphontem.</strong></span> <span class='ocrx_word' id='word_1_148' title='bbox 2523 725 2664 782; x_wconf 81' lang='lat' dir='ltr'><strong>Sane</strong></span> <span class='ocrx_word' id='word_1_149' title='bbox 2697 724 3006 782; x_wconf 80' lang='lat' dir='ltr'><strong>Chosdroea</strong></span> <span class='ocrx_word' id='word_1_150' title='bbox 3037 740 3299 797; x_wconf 80' lang='lat' dir='ltr'><strong>responsa</strong></span> <span class='ocrx_word' id='word_1_151' title='bbox 3334 741 3491 783; x_wconf 65' lang='lat' dir='ltr'><strong>now</strong></span> 
     </span>
    </p>
   </div>
   <div class='ocr_carea' id='block_1_20' title="bbox 1895 816 3488 886">
    <p class='ocr_par' dir='ltr' id='par_1_20' title="bbox 1895 816 3488 886">
     <span class='ocr_line' id='line_1_20' title="bbox 1895 816 3488 886; baseline 0.002 -16"><span class='ocrx_word' id='word_1_152' title='bbox 1895 823 2044 886; x_wconf 89' lang='lat' dir='ltr'><strong>perat</strong></span> <span class='ocrx_word' id='word_1_153' title='bbox 2070 829 2099 871; x_wconf 86' lang='lat' dir='ltr'><strong>a</strong></span> <span class='ocrx_word' id='word_1_154' title='bbox 2130 817 2423 883; x_wconf 82' lang='lat' dir='ltr'><strong>maleﬁcis,</strong></span> <span class='ocrx_word' id='word_1_155' title='bbox 2471 826 2630 886; x_wconf 81' lang='lat' dir='ltr'><strong>atque</strong></span> <span class='ocrx_word' id='word_1_156' title='bbox 2658 816 2940 886; x_wconf 78' lang='lat' dir='ltr'><strong>astrologis</strong></span> <span class='ocrx_word' id='word_1_157' title='bbox 2972 826 3101 873; x_wconf 78' lang='lat' dir='ltr'><strong>ante</strong></span> <span class='ocrx_word' id='word_1_158' title='bbox 3128 830 3260 874; x_wconf 79' lang='lat' dir='ltr'><strong>xxiv</strong></span> <span class='ocrx_word' id='word_1_159' title='bbox 3287 830 3488 884; x_wconf 71' lang='lat' dir='ltr'><strong>annos.</strong></span> 
     </span>
    </p>
   </div>
   <div class='ocr_carea' id='block_1_21' title="bbox 1896 908 3489 981">
    <p class='ocr_par' dir='ltr' id='par_1_21' title="bbox 1896 908 3489 981">
     <span class='ocr_line' id='line_1_21' title="bbox 1896 908 3489 981; baseline 0.003 -20"><span class='ocrx_word' id='word_1_160' title='bbox 1896 908 2110 976; x_wconf 79' lang='lat' dir='ltr'><strong>quando</strong></span> <span class='ocrx_word' id='word_1_161' title='bbox 2162 910 2330 965; x_wconf 83' lang='lat' dir='ltr'><strong>Duras</strong></span> <span class='ocrx_word' id='word_1_162' title='bbox 2376 910 2732 981; x_wconf 71' lang='lat' dir='ltr'><strong>depopulatus</strong></span> <span class='ocrx_word' id='word_1_163' title='bbox 2783 918 2868 965; x_wconf 77' lang='lat' dir='ltr'><strong>est</strong></span> <span class='ocrx_word' id='word_1_164' title='bbox 2913 909 3247 980; x_wconf 54' lang='lat' dir='ltr'><strong>munibus</strong></span> <span class='ocrx_word' id='word_1_165' title='bbox 3294 908 3489 967; x_wconf 70' lang='lat' dir='ltr'><strong>Phoe-</strong></span> 
     </span>
    </p>
   </div>
   <div class='ocr_carea' id='block_1_22' title="bbox 1898 997 3493 1071">
    <p class='ocr_par' dir='ltr' id='par_1_22' title="bbox 1898 997 3493 1071">
     <span class='ocr_line' id='line_1_22' title="bbox 1898 997 3493 1071; baseline 0.002 -17"><span class='ocrx_word' id='word_1_166' title='bbox 1898 997 2052 1054; x_wconf 75' lang='lat' dir='ltr'><strong>ltorn.</strong></span> <span class='ocrx_word' id='word_1_167' title='bbox 2104 1000 2392 1070; x_wconf 85' lang='lat' dir='ltr'><strong>principis,</strong></span> <span class='ocrx_word' id='word_1_168' title='bbox 2445 1001 2587 1071; x_wconf 89' lang='lat' dir='ltr'><strong>quod</strong></span> <span class='ocrx_word' id='word_1_169' title='bbox 2630 1011 2905 1070; x_wconf 82' lang='lat' dir='ltr'><strong>tempore,</strong></span> <span class='ocrx_word' id='word_1_170' title='bbox 2951 1016 3061 1070; x_wconf 80' lang='lat' dir='ltr'><strong>quo</strong></span> <span class='ocrx_word' id='word_1_171' title='bbox 3105 1002 3280 1057; x_wconf 87' lang='lat' dir='ltr'><strong>adiret</strong></span> <span class='ocrx_word' id='word_1_172' title='bbox 3313 998 3493 1058; x_wconf 77' lang='lat' dir='ltr'><strong>Ctesi-</strong></span> 
     </span>
    </p>
   </div>
   <div class='ocr_carea' id='block_1_23' title="bbox 1899 1089 3492 1163">
    <p class='ocr_par' dir='ltr' id='par_1_23' title="bbox 1899 1089 3492 1163">
     <span class='ocr_line' id='line_1_23' title="bbox 1899 1089 3492 1163; baseline 0.005 -21"><span class='ocrx_word' id='word_1_173' title='bbox 1899 1089 2181 1160; x_wconf 86' lang='lat' dir='ltr'><strong>phontem,</strong></span> <span class='ocrx_word' id='word_1_174' title='bbox 2215 1091 2436 1161; x_wconf 82' lang='lat' dir='ltr'><strong>periret.</strong></span> <span class='ocrx_word' id='word_1_175' title='bbox 2485 1092 2553 1148; x_wconf 78' lang='lat' dir='ltr'><strong>Et</strong></span> <span class='ocrx_word' id='word_1_176' title='bbox 2600 1092 2798 1147; x_wconf 85' lang='lat' dir='ltr'><strong>idcirco</strong></span> <span class='ocrx_word' id='word_1_177' title='bbox 2842 1107 2950 1148; x_wconf 81' lang='lat' dir='ltr'><strong>non</strong></span> <span class='ocrx_word' id='word_1_178' title='bbox 2990 1101 3075 1148; x_wconf 88' lang='lat' dir='ltr'><strong>est</strong></span> <span class='ocrx_word' id='word_1_179' title='bbox 3111 1106 3350 1163; x_wconf 84' lang='lat' dir='ltr'><strong>passasa</strong></span> <span class='ocrx_word' id='word_1_180' title='bbox 3381 1092 3492 1150; x_wconf 83' lang='lat' dir='ltr'><strong>Da-</strong></span> 
     </span>
    </p>
   </div>
   <div class='ocr_carea' id='block_1_24' title="bbox 1899 1186 3495 1255">
    <p class='ocr_par' dir='ltr' id='par_1_24' title="bbox 1899 1186 3495 1255">
     <span class='ocr_line' id='line_1_24' title="bbox 1899 1186 3495 1255; baseline 0.003 -16"><span class='ocrx_word' id='word_1_181' title='bbox 1899 1193 2176 1255; x_wconf 84' lang='lat' dir='ltr'><strong>mastager</strong></span> <span class='ocrx_word' id='word_1_182' title='bbox 2203 1199 2273 1239; x_wconf 74' lang='lat' dir='ltr'><strong>ex</strong></span> <span class='ocrx_word' id='word_1_183' title='bbox 2306 1193 2434 1240; x_wconf 88' lang='lat' dir='ltr'><strong>tunc</strong></span> <span class='ocrx_word' id='word_1_184' title='bbox 2463 1187 2515 1239; x_wconf 89' lang='lat' dir='ltr'><strong>in</strong></span> <span class='ocrx_word' id='word_1_185' title='bbox 2547 1196 2750 1254; x_wconf 87' lang='lat' dir='ltr'><strong>partem</strong></span> <span class='ocrx_word' id='word_1_186' title='bbox 2789 1186 2967 1253; x_wconf 85' lang='lat' dir='ltr'><strong>illam,</strong></span> <span class='ocrx_word' id='word_1_187' title='bbox 3008 1201 3117 1241; x_wconf 79' lang='lat' dir='ltr'><strong>uno</strong></span> <span class='ocrx_word' id='word_1_188' title='bbox 3141 1186 3335 1243; x_wconf 80' lang='lat' dir='ltr'><strong>saltem</strong></span> <span class='ocrx_word' id='word_1_189' title='bbox 3362 1186 3495 1243; x_wconf 54' lang='lat' dir='ltr'><strong>mil.</strong></span> 
     </span>
    </p>
   </div>
   <div class='ocr_carea' id='block_1_25' title="bbox 1900 1277 3500 1349">
    <p class='ocr_par' dir='ltr' id='par_1_25' title="bbox 1900 1277 3500 1349">
     <span class='ocr_line' id='line_1_25' title="bbox 1900 1277 3500 1349; baseline 0.003 -17"><span class='ocrx_word' id='word_1_190' title='bbox 1900 1277 2057 1333; x_wconf 87' lang='lat' dir='ltr'><strong>liario</strong></span> <span class='ocrx_word' id='word_1_191' title='bbox 2083 1292 2326 1347; x_wconf 79' lang='lat' dir='ltr'><strong>pergere,</strong></span> <span class='ocrx_word' id='word_1_192' title='bbox 2352 1278 2446 1335; x_wconf 85' lang='lat' dir='ltr'><strong>sed</strong></span> <span class='ocrx_word' id='word_1_193' title='bbox 2471 1278 2596 1333; x_wconf 86' lang='lat' dir='ltr'><strong>hinc</strong></span> <span class='ocrx_word' id='word_1_194' title='bbox 2632 1279 2838 1349; x_wconf 76' lang='lat' dir='ltr'><strong>fugiens</strong></span> <span class='ocrx_word' id='word_1_195' title='bbox 2860 1279 2928 1335; x_wconf 90' lang='lat' dir='ltr'><strong>ad</strong></span> <span class='ocrx_word' id='word_1_196' title='bbox 2955 1280 3092 1336; x_wconf 85' lang='lat' dir='ltr'><strong>hanc</strong></span> <span class='ocrx_word' id='word_1_197' title='bbox 3112 1280 3262 1335; x_wconf 80' lang='lat' dir='ltr'><strong>abiit.</strong></span> <span class='ocrx_word' id='word_1_198' title='bbox 3296 1280 3500 1336; x_wconf 79' lang='lat' dir='ltr'><strong>Verum</strong></span> 
     </span>
    </p>
   </div>
   <div class='ocr_carea' id='block_1_26' title="bbox 1900 1370 3497 1444">
    <p class='ocr_par' dir='ltr' id='par_1_26' title="bbox 1900 1370 3497 1444">
     <span class='ocr_line' id='line_1_26' title="bbox 1900 1370 3497 1444; baseline 0.003 -19"><span class='ocrx_word' id='word_1_199' title='bbox 1900 1385 2002 1425; x_wconf 92' lang='lat' dir='ltr'><strong>nec</strong></span> <span class='ocrx_word' id='word_1_200' title='bbox 2030 1370 2083 1424; x_wconf 91' lang='lat' dir='ltr'><strong>in</strong></span> <span class='ocrx_word' id='word_1_201' title='bbox 2107 1371 2220 1439; x_wconf 89' lang='lat' dir='ltr'><strong>ipsa</strong></span> <span class='ocrx_word' id='word_1_202' title='bbox 2245 1372 2538 1440; x_wconf 78' lang='lat' dir='ltr'><strong>persistere</strong></span> <span class='ocrx_word' id='word_1_203' title='bbox 2559 1380 2722 1431; x_wconf 80' lang='lat' dir='ltr'><strong>ausas</strong></span> <span class='ocrx_word' id='word_1_204' title='bbox 2742 1381 2845 1440; x_wconf 89' lang='lat' dir='ltr'><strong>est,</strong></span> <span class='ocrx_word' id='word_1_205' title='bbox 2869 1372 2964 1428; x_wconf 90' lang='lat' dir='ltr'><strong>sed</strong></span> <span class='ocrx_word' id='word_1_206' title='bbox 2990 1373 3253 1429; x_wconf 87' lang='lat' dir='ltr'><strong>transiens</strong></span> <span class='ocrx_word' id='word_1_207' title='bbox 3278 1382 3497 1444; x_wconf 79' lang='lat' dir='ltr'><strong>pontem</strong></span> 
     </span>
    </p>
   </div>
   <div class='ocr_carea' id='block_1_27' title="bbox 1902 1464 3498 1540">
    <p class='ocr_par' dir='ltr' id='par_1_27' title="bbox 1902 1464 3498 1540">
     <span class='ocr_line' id='line_1_27' title="bbox 1902 1464 3498 1540; baseline 0.005 -23"><span class='ocrx_word' id='word_1_208' title='bbox 1902 1464 2137 1534; x_wconf 84' lang='lat' dir='ltr'><strong>Tigridis</strong></span> <span class='ocrx_word' id='word_1_209' title='bbox 2166 1465 2402 1521; x_wconf 82' lang='lat' dir='ltr'><strong>ﬂuminis</strong></span> <span class='ocrx_word' id='word_1_210' title='bbox 2431 1467 2569 1521; x_wconf 87' lang='lat' dir='ltr'><strong>ultra</strong></span> <span class='ocrx_word' id='word_1_211' title='bbox 2614 1468 2843 1535; x_wconf 84' lang='lat' dir='ltr'><strong>positam</strong></span> <span class='ocrx_word' id='word_1_212' title='bbox 2882 1468 3152 1525; x_wconf 85' lang='lat' dir='ltr'><strong>civitatem</strong></span> <span class='ocrx_word' id='word_1_213' title='bbox 3183 1469 3347 1537; x_wconf 90' lang='lat' dir='ltr'><strong>adiit,</strong></span> <span class='ocrx_word' id='word_1_214' title='bbox 3377 1485 3498 1540; x_wconf 76' lang='lat' dir='ltr'><strong>quas</strong></span> 
     </span>
    </p>
   </div>
   <div class='ocr_carea' id='block_1_28' title="bbox 1902 1556 3494 1630">
    <p class='ocr_par' dir='ltr' id='par_1_28' title="bbox 1902 1556 3494 1630">
     <span class='ocr_line' id='line_1_28' title="bbox 1902 1556 3494 1630; baseline 0.004 -20"><span class='ocrx_word' id='word_1_215' title='bbox 1902 1556 2118 1626; x_wconf 84' lang='lat' dir='ltr'><strong>quidem</strong></span> <span class='ocrx_word' id='word_1_216' title='bbox 2146 1559 2283 1627; x_wconf 92' lang='lat' dir='ltr'><strong>apud</strong></span> <span class='ocrx_word' id='word_1_217' title='bbox 2314 1571 2415 1613; x_wconf 87' lang='lat' dir='ltr'><strong>nos</strong></span> <span class='ocrx_word' id='word_1_218' title='bbox 2442 1570 2465 1598; x_wconf 74' lang='grc' dir='ltr'>α</span> <span class='ocrx_word' id='word_1_219' title='bbox 2491 1558 2759 1627; x_wconf 88' lang='lat' dir='ltr'><strong>Seleucia,</strong></span> <span class='ocrx_word' id='word_1_220' title='bbox 2790 1559 2930 1629; x_wconf 89' lang='lat' dir='ltr'><strong>apud</strong></span> <span class='ocrx_word' id='word_1_221' title='bbox 2957 1559 3103 1630; x_wconf 84' lang='lat' dir='ltr'><strong>ipsos</strong></span> <span class='ocrx_word' id='word_1_222' title='bbox 3130 1574 3259 1615; x_wconf 91' lang='lat' dir='ltr'><strong>vero</strong></span> <span class='ocrx_word' id='word_1_223' title='bbox 3286 1559 3494 1617; x_wconf 82' lang='lat' dir='ltr'><strong>Gueser</strong></span> 
     </span>
    </p>
   </div>
   <div class='ocr_carea' id='block_1_29' title="bbox 1903 1650 3502 1722">
    <p class='ocr_par' dir='ltr' id='par_1_29' title="bbox 1903 1650 3502 1722">
     <span class='ocr_line' id='line_1_29' title="bbox 1903 1650 3502 1722; baseline 0.005 -20"><span class='ocrx_word' id='word_1_224' title='bbox 1903 1650 2193 1703; x_wconf 81' lang='lat' dir='ltr'><strong>vocitatur.</strong></span> <span class='ocrx_word' id='word_1_225' title='bbox 2225 1650 2282 1703; x_wconf 90' lang='lat' dir='ltr'><strong>In</strong></span> <span class='ocrx_word' id='word_1_226' title='bbox 2311 1665 2413 1720; x_wconf 87' lang='lat' dir='ltr'><strong>qua</strong></span> <span class='ocrx_word' id='word_1_227' title='bbox 2444 1665 2633 1706; x_wconf 87' lang='lat' dir='ltr'><strong>omnes</strong></span> <span class='ocrx_word' id='word_1_228' title='bbox 2671 1653 2927 1720; x_wconf 87' lang='lat' dir='ltr'><strong>pecunias</strong></span> <span class='ocrx_word' id='word_1_229' title='bbox 2958 1651 3229 1721; x_wconf 82' lang='lat' dir='ltr'><strong>reposuit,</strong></span> <span class='ocrx_word' id='word_1_230' title='bbox 3254 1651 3502 1722; x_wconf 78' lang='lat' dir='ltr'><strong>seditque</strong></span> 
     </span>
    </p>
   </div>
   <div class='ocr_carea' id='block_1_30' title="bbox 1903 1741 3499 1815">
    <p class='ocr_par' dir='ltr' id='par_1_30' title="bbox 1903 1741 3499 1815">
     <span class='ocr_line' id='line_1_30' title="bbox 1903 1741 3499 1815; baseline 0.006 -20"><span class='ocrx_word' id='word_1_231' title='bbox 1903 1741 2016 1799; x_wconf 88' lang='lat' dir='ltr'><strong>illic</strong></span> <span class='ocrx_word' id='word_1_232' title='bbox 2046 1759 2168 1799; x_wconf 90' lang='lat' dir='ltr'><strong>cum</strong></span> <span class='ocrx_word' id='word_1_233' title='bbox 2206 1744 2340 1814; x_wconf 84' lang='lat' dir='ltr'><strong>Syra</strong></span> <span class='ocrx_word' id='word_1_234' title='bbox 2368 1760 2538 1800; x_wconf 85' lang='lat' dir='ltr'><strong>uxore</strong></span> <span class='ocrx_word' id='word_1_235' title='bbox 2567 1762 2662 1802; x_wconf 89' lang='lat' dir='ltr'><strong>sua</strong></span> <span class='ocrx_word' id='word_1_236' title='bbox 2683 1787 2699 1814; x_wconf 93' lang='lat'><strong>,</strong></span> <span class='ocrx_word' id='word_1_237' title='bbox 2729 1757 2784 1802; x_wconf 89' lang='lat' dir='ltr'><strong>et</strong></span> <span class='ocrx_word' id='word_1_238' title='bbox 2811 1746 2931 1802; x_wconf 84' lang='lat' dir='ltr'><strong>aliis</strong></span> <span class='ocrx_word' id='word_1_239' title='bbox 2962 1748 3133 1804; x_wconf 84' lang='lat' dir='ltr'><strong>tribus</strong></span> <span class='ocrx_word' id='word_1_240' title='bbox 3160 1747 3499 1815; x_wconf 74' lang='lat' dir='ltr'><strong>mulieribus,</strong></span> 
     </span>
    </p>
   </div>
   <div class='ocr_carea' id='block_1_31' title="bbox 192 1825 3497 1911">
    <p class='ocr_par' dir='ltr' id='par_1_31' title="bbox 192 1825 3497 1911">
     <span class='ocr_line' id='line_1_31' title="bbox 192 1825 3497 1911; baseline 0.001 -15"><span class='ocrx_word' id='word_1_241' title='bbox 192 1838 405 1910; x_wconf 77' lang='lat' dir='ltr'><strong>regalia</strong></span> <span class='ocrx_word' id='word_1_242' title='bbox 435 1837 555 1909; x_wconf 83' lang='lat' dir='ltr'><strong>ejus</strong></span> <span class='ocrx_word' id='word_1_243' title='bbox 584 1848 754 1892; x_wconf 80' lang='lat' dir='ltr'><strong>erant.</strong></span> <span class='ocrx_word' id='word_1_244' title='bbox 791 1837 1112 1892; x_wconf 79' lang='lat' dir='ltr'><strong>Invenerunt</strong></span> <span class='ocrx_word' id='word_1_245' title='bbox 1136 1837 1317 1908; x_wconf 88' lang='lat' dir='ltr'><strong>itaque</strong></span> <span class='ocrx_word' id='word_1_246' title='bbox 1345 1835 1525 1906; x_wconf 83' lang='lat' dir='ltr'><strong>populi</strong></span> <span class='ocrx_word' id='word_1_247' title='bbox 1552 1835 1711 1890; x_wconf 76' lang='lat' dir='ltr'><strong>Rom.</strong></span> <span class='ocrx_word' id='word_1_248' title='bbox 1740 1834 1795 1887; x_wconf 89' lang='lat' dir='ltr'><strong>in</strong></span> <span class='ocrx_word' id='word_1_249' title='bbox 1826 1825 2018 1905; x_wconf 80' lang='lat' dir='ltr'><strong>Bquae</strong></span> <span class='ocrx_word' id='word_1_250' title='bbox 2068 1838 2189 1891; x_wconf 70' lang='lat' dir='ltr'><strong>filiae</strong></span> <span class='ocrx_word' id='word_1_251' title='bbox 2242 1839 2405 1907; x_wconf 85' lang='lat' dir='ltr'><strong>ipsius</strong></span> <span class='ocrx_word' id='word_1_252' title='bbox 2453 1849 2625 1895; x_wconf 88' lang='lat' dir='ltr'><strong>erant.</strong></span> <span class='ocrx_word' id='word_1_253' title='bbox 2666 1839 2917 1910; x_wconf 79' lang='lat' dir='ltr'><strong>Reliquas</strong></span> <span class='ocrx_word' id='word_1_254' title='bbox 2954 1855 3085 1897; x_wconf 87' lang='lat' dir='ltr'><strong>vero</strong></span> <span class='ocrx_word' id='word_1_255' title='bbox 3112 1855 3311 1898; x_wconf 74' lang='lat' dir='ltr'><strong>uxores</strong></span> <span class='ocrx_word' id='word_1_256' title='bbox 3348 1853 3497 1911; x_wconf 81' lang='lat' dir='ltr'><strong>suas,</strong></span> 
     </span>
    </p>
   </div>
   <div class='ocr_carea' id='block_1_32' title="bbox 191 1930 1798 2008">
    <p class='ocr_par' dir='ltr' id='par_1_32' title="bbox 191 1930 1798 2008">
     <span class='ocr_line' id='line_1_32' title="bbox 191 1930 1798 2008; baseline -0.004 -17"><span class='ocrx_word' id='word_1_257' title='bbox 191 1934 415 2008; x_wconf 86' lang='lat' dir='ltr'><strong>palatiis</strong></span> <span class='ocrx_word' id='word_1_258' title='bbox 436 1935 556 2004; x_wconf 64' lang='lat' dir='ltr'><strong>eius</strong></span> <span class='ocrx_word' id='word_1_259' title='bbox 577 1933 715 2003; x_wconf 86' lang='lat' dir='ltr'><strong>apud</strong></span> <span class='ocrx_word' id='word_1_260' title='bbox 747 1933 1089 2005; x_wconf 86' lang='lat' dir='ltr'><strong>Damastager</strong></span> <span class='ocrx_word' id='word_1_261' title='bbox 1112 1941 1349 1990; x_wconf 81' lang='lat' dir='ltr'><strong>trecenta</strong></span> <span class='ocrx_word' id='word_1_262' title='bbox 1373 1930 1654 1996; x_wconf 77' lang='lat' dir='ltr'><strong>Robanda,</strong></span> <span class='ocrx_word' id='word_1_263' title='bbox 1676 1945 1798 1997; x_wconf 63' lang='lat' dir='ltr'><strong>qua</strong></span> 
     </span>
    </p>
   </div>
   <div class='ocr_carea' id='block_1_33' title="bbox 194 2024 1798 2099">
    <p class='ocr_par' dir='ltr' id='par_1_33' title="bbox 194 2024 1798 2099">
     <span class='ocr_line' id='line_1_33' title="bbox 194 2024 1798 2099; baseline -0.004 -15"><span class='ocrx_word' id='word_1_264' title='bbox 194 2043 297 2099; x_wconf 86' lang='lat' dir='ltr'><strong>per</strong></span> <span class='ocrx_word' id='word_1_265' title='bbox 322 2029 541 2089; x_wconf 86' lang='lat' dir='ltr'><strong>diversa</strong></span> <span class='ocrx_word' id='word_1_266' title='bbox 564 2032 824 2095; x_wconf 79' lang='lat' dir='ltr'><strong>ceperunt</strong></span> <span class='ocrx_word' id='word_1_267' title='bbox 849 2035 1110 2094; x_wconf 85' lang='lat' dir='ltr'><strong>tempora.</strong></span> <span class='ocrx_word' id='word_1_268' title='bbox 1139 2024 1463 2080; x_wconf 88' lang='lat' dir='ltr'><strong>Invenerunt</strong></span> <span class='ocrx_word' id='word_1_269' title='bbox 1484 2024 1647 2079; x_wconf 88' lang='lat' dir='ltr'><strong>etiam</strong></span> <span class='ocrx_word' id='word_1_270' title='bbox 1671 2037 1798 2091; x_wconf 88' lang='lat' dir='ltr'><strong>spe-</strong></span> 
     </span>
    </p>
   </div>
   <div class='ocr_carea' id='block_1_34' title="bbox 192 2116 1800 2191">
    <p class='ocr_par' dir='ltr' id='par_1_34' title="bbox 192 2116 1800 2191">
     <span class='ocr_line' id='line_1_34' title="bbox 192 2116 1800 2191; baseline -0.006 -14"><span class='ocrx_word' id='word_1_271' title='bbox 192 2123 313 2177; x_wconf 89' lang='lat' dir='ltr'><strong>cies</strong></span> <span class='ocrx_word' id='word_1_272' title='bbox 346 2132 467 2191; x_wconf 66' lang='lat' dir='ltr'><strong>qute</strong></span> <span class='ocrx_word' id='word_1_273' title='bbox 499 2126 870 2175; x_wconf 78' lang='lat' dir='ltr'><strong>remanserant</strong></span> <span class='ocrx_word' id='word_1_274' title='bbox 911 2120 1108 2173; x_wconf 87' lang='lat' dir='ltr'><strong>multas</strong></span> <span class='ocrx_word' id='word_1_275' title='bbox 1133 2160 1150 2188; x_wconf 90' lang='lat'><strong>,</strong></span> <span class='ocrx_word' id='word_1_276' title='bbox 1199 2119 1355 2172; x_wconf 81' lang='lat' dir='ltr'><strong>aloen</strong></span> <span class='ocrx_word' id='word_1_277' title='bbox 1407 2118 1615 2172; x_wconf 86' lang='lat' dir='ltr'><strong>scilicet</strong></span> <span class='ocrx_word' id='word_1_278' title='bbox 1661 2116 1800 2170; x_wconf 86' lang='lat' dir='ltr'><strong>mul-</strong></span> 
     </span>
    </p>
   </div>
   <div class='ocr_carea' id='block_1_35' title="bbox 191 2208 1803 2284">
    <p class='ocr_par' dir='ltr' id='par_1_35' title="bbox 191 2208 1803 2284">
     <span class='ocr_line' id='line_1_35' title="bbox 191 2208 1803 2284; baseline -0.004 -14"><span class='ocrx_word' id='word_1_279' title='bbox 191 2224 340 2279; x_wconf 87' lang='lat' dir='ltr'><strong>tam,</strong></span> <span class='ocrx_word' id='word_1_280' title='bbox 373 2224 427 2269; x_wconf 90' lang='lat' dir='ltr'><strong>et</strong></span> <span class='ocrx_word' id='word_1_281' title='bbox 457 2214 596 2284; x_wconf 81' lang='lat' dir='ltr'><strong>ligna</strong></span> <span class='ocrx_word' id='word_1_282' title='bbox 640 2212 785 2268; x_wconf 85' lang='lat' dir='ltr'><strong>aloes</strong></span> <span class='ocrx_word' id='word_1_283' title='bbox 813 2225 1001 2280; x_wconf 83' lang='lat' dir='ltr'><strong>magna</strong></span> <span class='ocrx_word' id='word_1_284' title='bbox 1028 2253 1042 2278; x_wconf 93' lang='lat'><strong>,</strong></span> <span class='ocrx_word' id='word_1_285' title='bbox 1077 2227 1106 2265; x_wconf 91' lang='lat' dir='ltr'><strong>e</strong></span> <span class='ocrx_word' id='word_1_286' title='bbox 1148 2210 1344 2281; x_wconf 85' lang='lat' dir='ltr'><strong>quibus</strong></span> <span class='ocrx_word' id='word_1_287' title='bbox 1388 2208 1803 2279; x_wconf 74' lang='lat' dir='ltr'><strong>unumquodque</strong></span> 
     </span>
    </p>
   </div>
   <div class='ocr_carea' id='block_1_36' title="bbox 192 2301 1800 2375">
    <p class='ocr_par' dir='ltr' id='par_1_36' title="bbox 192 2301 1800 2375">
     <span class='ocr_line' id='line_1_36' title="bbox 192 2301 1800 2375; baseline -0.005 -13"><span class='ocrx_word' id='word_1_288' title='bbox 192 2320 305 2363; x_wconf 63' lang='grc' dir='ltr'><strong>ιιι</strong></span> <span class='ocrx_word' id='word_1_289' title='bbox 340 2305 577 2375; x_wconf 82' lang='lat' dir='ltr'><strong>pondera</strong></span> <span class='ocrx_word' id='word_1_290' title='bbox 609 2302 875 2369; x_wconf 86' lang='lat' dir='ltr'><strong>habebat,</strong></span> <span class='ocrx_word' id='word_1_291' title='bbox 903 2303 986 2357; x_wconf 90' lang='lat' dir='ltr'><strong>vel</strong></span> <span class='ocrx_word' id='word_1_292' title='bbox 1017 2304 1286 2371; x_wconf 79' lang='lat' dir='ltr'><strong>octoginta</strong></span> <span class='ocrx_word' id='word_1_293' title='bbox 1312 2301 1596 2365; x_wconf 88' lang='lat' dir='ltr'><strong>librarum,</strong></span> <span class='ocrx_word' id='word_1_294' title='bbox 1628 2311 1684 2355; x_wconf 88' lang='lat' dir='ltr'><strong>et</strong></span> <span class='ocrx_word' id='word_1_295' title='bbox 1711 2314 1800 2354; x_wconf 78' lang='lat' dir='ltr'><strong>se-</strong></span> 
     </span>
    </p>
   </div>
   <div class='ocr_carea' id='block_1_37' title="bbox 191 2390 1805 2466">
    <p class='ocr_par' dir='ltr' id='par_1_37' title="bbox 191 2390 1805 2466">
     <span class='ocr_line' id='line_1_37' title="bbox 191 2390 1805 2466; baseline -0.007 -12"><span class='ocrx_word' id='word_1_296' title='bbox 191 2399 371 2454; x_wconf 88' lang='lat' dir='ltr'><strong>ricum</strong></span> <span class='ocrx_word' id='word_1_297' title='bbox 425 2396 709 2466; x_wconf 81' lang='lat' dir='ltr'><strong>cupiosum</strong></span> <span class='ocrx_word' id='word_1_298' title='bbox 733 2438 748 2463; x_wconf 95' lang='lat'><strong>,</strong></span> <span class='ocrx_word' id='word_1_299' title='bbox 791 2406 854 2450; x_wconf 88' lang='lat' dir='ltr'><strong>ac</strong></span> <span class='ocrx_word' id='word_1_300' title='bbox 893 2394 1060 2463; x_wconf 81' lang='lat' dir='ltr'><strong>piper,</strong></span> <span class='ocrx_word' id='word_1_301' title='bbox 1107 2404 1161 2448; x_wconf 87' lang='lat' dir='ltr'><strong>et</strong></span> <span class='ocrx_word' id='word_1_302' title='bbox 1198 2395 1226 2424; x_wconf 84' lang='grc'>⁸</span> <span class='ocrx_word' id='word_1_303' title='bbox 1257 2392 1525 2447; x_wconf 85' lang='lat' dir='ltr'><strong>calbasias</strong></span> <span class='ocrx_word' id='word_1_304' title='bbox 1555 2390 1805 2445; x_wconf 85' lang='lat' dir='ltr'><strong>camisias</strong></span> 
     </span>
    </p>
   </div>
   <div class='ocr_carea' id='block_1_38' title="bbox 192 2481 1800 2557">
    <p class='ocr_par' dir='ltr' id='par_1_38' title="bbox 192 2481 1800 2557">
     <span class='ocr_line' id='line_1_38' title="bbox 192 2481 1800 2557; baseline -0.005 -12"><span class='ocrx_word' id='word_1_305' title='bbox 192 2491 447 2557; x_wconf 86' lang='lat' dir='ltr'><strong>multas,</strong></span> <span class='ocrx_word' id='word_1_306' title='bbox 493 2487 719 2543; x_wconf 86' lang='lat' dir='ltr'><strong>sacchar</strong></span> <span class='ocrx_word' id='word_1_307' title='bbox 767 2500 1009 2556; x_wconf 87' lang='lat' dir='ltr'><strong>quoque,</strong></span> <span class='ocrx_word' id='word_1_308' title='bbox 1062 2494 1219 2555; x_wconf 88' lang='lat' dir='ltr'><strong>atque</strong></span> <span class='ocrx_word' id='word_1_309' title='bbox 1247 2484 1515 2548; x_wconf 86' lang='lat' dir='ltr'><strong>zinziber,</strong></span> <span class='ocrx_word' id='word_1_310' title='bbox 1564 2493 1619 2537; x_wconf 91' lang='lat' dir='ltr'><strong>et</strong></span> <span class='ocrx_word' id='word_1_311' title='bbox 1669 2481 1800 2537; x_wconf 88' lang='lat' dir='ltr'><strong>alias</strong></span> 
     </span>
    </p>
   </div>
   <div class='ocr_carea' id='block_1_39' title="bbox 191 2574 1802 2651">
    <p class='ocr_par' dir='ltr' id='par_1_39' title="bbox 191 2574 1802 2651">
     <span class='ocr_line' id='line_1_39' title="bbox 191 2574 1802 2651; baseline -0.006 -14"><span class='ocrx_word' id='word_1_312' title='bbox 191 2580 416 2651; x_wconf 81' lang='lat' dir='ltr'><strong>species</strong></span> <span class='ocrx_word' id='word_1_313' title='bbox 446 2582 583 2633; x_wconf 85' lang='lat' dir='ltr'><strong>ultra</strong></span> <span class='ocrx_word' id='word_1_314' title='bbox 626 2592 928 2635; x_wconf 89' lang='lat' dir='ltr'><strong>numerum.</strong></span> <span class='ocrx_word' id='word_1_315' title='bbox 960 2574 1187 2645; x_wconf 80' lang='lat' dir='ltr'><strong>Quidam</strong></span> <span class='ocrx_word' id='word_1_316' title='bbox 1218 2592 1348 2631; x_wconf 87' lang='lat' dir='ltr'><strong>vero</strong></span> <span class='ocrx_word' id='word_1_317' title='bbox 1369 2616 1386 2644; x_wconf 91' lang='lat'><strong>,</strong></span> <span class='ocrx_word' id='word_1_318' title='bbox 1415 2586 1473 2631; x_wconf 86' lang='lat' dir='ltr'><strong>et</strong></span> <span class='ocrx_word' id='word_1_319' title='bbox 1497 2581 1802 2643; x_wconf 64' lang='lat' dir='ltr'><strong>argentum,</strong></span> 
     </span>
    </p>
   </div>
   <div class='ocr_carea' id='block_1_40' title="bbox 199 2669 1808 2740">
    <p class='ocr_par' dir='ltr' id='par_1_40' title="bbox 199 2669 1808 2740">
     <span class='ocr_line' id='line_1_40' title="bbox 199 2669 1808 2740; baseline -0.002 -13"><span class='ocrx_word' id='word_1_320' title='bbox 199 2678 263 2727; x_wconf 86' lang='lat' dir='ltr'><strong>et</strong></span> <span class='ocrx_word' id='word_1_321' title='bbox 298 2671 601 2740; x_wconf 82' lang='lat' dir='ltr'><strong>holoserica</strong></span> <span class='ocrx_word' id='word_1_322' title='bbox 645 2671 965 2725; x_wconf 87' lang='lat' dir='ltr'><strong>vestimenta</strong></span> <span class='ocrx_word' id='word_1_323' title='bbox 1019 2669 1381 2735; x_wconf 86' lang='lat' dir='ltr'><strong>lectisternia,</strong></span> <span class='ocrx_word' id='word_1_324' title='bbox 1425 2683 1522 2723; x_wconf 88' lang='lat' dir='ltr'><strong>seu</strong></span> <span class='ocrx_word' id='word_1_325' title='bbox 1552 2676 1808 2723; x_wconf 82' lang='lat' dir='ltr'><strong>contexta</strong></span> 
     </span>
    </p>
   </div>
   <div class='ocr_carea' id='block_1_41' title="bbox 200 2760 1808 2833">
    <p class='ocr_par' dir='ltr' id='par_1_41' title="bbox 200 2760 1808 2833">
     <span class='ocr_line' id='line_1_41' title="bbox 200 2760 1808 2833; baseline -0.003 -14"><span class='ocrx_word' id='word_1_326' title='bbox 200 2765 414 2833; x_wconf 86' lang='lat' dir='ltr'><strong>tapetia</strong></span> <span class='ocrx_word' id='word_1_327' title='bbox 442 2807 457 2832; x_wconf 89' lang='lat'><strong>,</strong></span> <span class='ocrx_word' id='word_1_328' title='bbox 488 2776 717 2832; x_wconf 87' lang='lat' dir='ltr'><strong>quorum</strong></span> <span class='ocrx_word' id='word_1_329' title='bbox 747 2772 863 2818; x_wconf 90' lang='lat' dir='ltr'><strong>erat</strong></span> <span class='ocrx_word' id='word_1_330' title='bbox 896 2762 1051 2831; x_wconf 88' lang='lat' dir='ltr'><strong>c0pia</strong></span> <span class='ocrx_word' id='word_1_331' title='bbox 1096 2761 1263 2817; x_wconf 84' lang='lat' dir='ltr'><strong>multa</strong></span> <span class='ocrx_word' id='word_1_332' title='bbox 1288 2803 1303 2827; x_wconf 97' lang='lat'><strong>,</strong></span> <span class='ocrx_word' id='word_1_333' title='bbox 1331 2769 1594 2829; x_wconf 85' lang='lat' dir='ltr'><strong>erantque</strong></span> <span class='ocrx_word' id='word_1_334' title='bbox 1627 2760 1808 2816; x_wconf 69' lang='lat' dir='ltr'><strong>omnia</strong></span> 
     </span>
    </p>
   </div>
   <div class='ocr_carea' id='block_1_42' title="bbox 194 2854 1810 2925">
    <p class='ocr_par' dir='ltr' id='par_1_42' title="bbox 194 2854 1810 2925">
     <span class='ocr_line' id='line_1_42' title="bbox 194 2854 1810 2925; baseline -0.002 -13"><span class='ocrx_word' id='word_1_335' title='bbox 194 2856 349 2912; x_wconf 85' lang='lat' dir='ltr'><strong>bona</strong></span> <span class='ocrx_word' id='word_1_336' title='bbox 384 2854 569 2922; x_wconf 81' lang='lat' dir='ltr'><strong>valde,</strong></span> <span class='ocrx_word' id='word_1_337' title='bbox 602 2870 720 2925; x_wconf 70' lang='lat' dir='ltr'><strong>quae</strong></span> <span class='ocrx_word' id='word_1_338' title='bbox 753 2864 970 2925; x_wconf 81' lang='lat' dir='ltr'><strong>propter</strong></span> <span class='ocrx_word' id='word_1_339' title='bbox 994 2857 1136 2925; x_wconf 88' lang='lat' dir='ltr'><strong>quod</strong></span> <span class='ocrx_word' id='word_1_340' title='bbox 1161 2856 1344 2924; x_wconf 83' lang='lat' dir='ltr'><strong>gravia</strong></span> <span class='ocrx_word' id='word_1_341' title='bbox 1383 2861 1567 2911; x_wconf 83' lang='lat' dir='ltr'><strong>essent</strong></span> <span class='ocrx_word' id='word_1_342' title='bbox 1594 2855 1810 2924; x_wconf 83' lang='lat' dir='ltr'><strong>penitus</strong></span> 
     </span>
    </p>
   </div>
   <div class='ocr_carea' id='block_1_43' title="bbox 195 2944 1808 3012">
    <p class='ocr_par' dir='ltr' id='par_1_43' title="bbox 195 2944 1808 3012">
     <span class='ocr_line' id='line_1_43' title="bbox 195 2944 1808 3012; baseline -0.003 -8"><span class='ocrx_word' id='word_1_343' title='bbox 195 2947 594 3005; x_wconf 87' lang='lat' dir='ltr'><strong>incenderunt.</strong></span> <span class='ocrx_word' id='word_1_344' title='bbox 630 2944 738 3003; x_wconf 82' lang='lat' dir='ltr'><strong>Sed</strong></span> <span class='ocrx_word' id='word_1_345' title='bbox 766 2954 822 3002; x_wconf 90' lang='lat' dir='ltr'><strong>et</strong></span> <span class='ocrx_word' id='word_1_346' title='bbox 848 2946 1074 3002; x_wconf 83' lang='lat' dir='ltr'><strong>tentoria</strong></span> <span class='ocrx_word' id='word_1_347' title='bbox 1103 2946 1418 3012; x_wconf 86' lang='lat' dir='ltr'><strong>Cbosdrois,</strong></span> <span class='ocrx_word' id='word_1_348' title='bbox 1456 2954 1514 3001; x_wconf 89' lang='lat' dir='ltr'><strong>et</strong></span> <span class='ocrx_word' id='word_1_349' title='bbox 1548 2947 1808 3012; x_wconf 75' lang='lat' dir='ltr'><strong>cortinas,</strong></span> 
     </span>
    </p>
   </div>
   <div class='ocr_carea' id='block_1_44' title="bbox 196 3040 1811 3113">
    <p class='ocr_par' dir='ltr' id='par_1_44' title="bbox 196 3040 1811 3113">
     <span class='ocr_line' id='line_1_44' title="bbox 196 3040 1811 3113; baseline -0.002 -16"><span class='ocrx_word' id='word_1_350' title='bbox 196 3057 342 3113; x_wconf 86' lang='lat' dir='ltr'><strong>quas</strong></span> <span class='ocrx_word' id='word_1_351' title='bbox 371 3042 428 3096; x_wconf 88' lang='lat' dir='ltr'><strong>in</strong></span> <span class='ocrx_word' id='word_1_352' title='bbox 456 3042 674 3097; x_wconf 85' lang='lat' dir='ltr'><strong>modum</strong></span> <span class='ocrx_word' id='word_1_353' title='bbox 702 3041 919 3098; x_wconf 86' lang='lat' dir='ltr'><strong>tenebat</strong></span> <span class='ocrx_word' id='word_1_354' title='bbox 948 3042 1274 3110; x_wconf 85' lang='lat' dir='ltr'><strong>porticuum,</strong></span> <span class='ocrx_word' id='word_1_355' title='bbox 1297 3040 1513 3111; x_wconf 84' lang='lat' dir='ltr'><strong>quando</strong></span> <span class='ocrx_word' id='word_1_356' title='bbox 1535 3040 1591 3094; x_wconf 79' lang='lat' dir='ltr'><strong>in</strong></span> <span class='ocrx_word' id='word_1_357' title='bbox 1617 3052 1811 3108; x_wconf 81' lang='lat' dir='ltr'><strong>eampo</strong></span> 
     </span>
    </p>
   </div>
   <div class='ocr_carea' id='block_1_45' title="bbox 198 3134 1810 3202">
    <p class='ocr_par' dir='ltr' id='par_1_45' title="bbox 198 3134 1810 3202">
     <span class='ocr_line' id='line_1_45' title="bbox 198 3134 1810 3202; baseline -0.003 -12"><span class='ocrx_word' id='word_1_358' title='bbox 198 3135 722 3200; x_wconf 82' lang='lat' dir='ltr'><strong>castrametabatur,</strong></span> <span class='ocrx_word' id='word_1_359' title='bbox 757 3142 948 3190; x_wconf 87' lang='lat' dir='ltr'><strong>cuncta</strong></span> <span class='ocrx_word' id='word_1_360' title='bbox 976 3144 1315 3200; x_wconf 87' lang='lat' dir='ltr'><strong>eremarunt,</strong></span> <span class='ocrx_word' id='word_1_361' title='bbox 1348 3134 1475 3202; x_wconf 88' lang='lat' dir='ltr'><strong>quin</strong></span> <span class='ocrx_word' id='word_1_362' title='bbox 1511 3140 1569 3188; x_wconf 88' lang='lat' dir='ltr'><strong>et</strong></span> <span class='ocrx_word' id='word_1_363' title='bbox 1605 3141 1810 3187; x_wconf 82' lang='lat' dir='ltr'><strong>statuas</strong></span> 
     </span>
    </p>
   </div>
   <div class='ocr_carea' id='block_1_46' title="bbox 199 3226 1813 3297">
    <p class='ocr_par' dir='ltr' id='par_1_46' title="bbox 199 3226 1813 3297">
     <span class='ocr_line' id='line_1_46' title="bbox 199 3226 1813 3297; baseline -0.003 -10"><span class='ocrx_word' id='word_1_364' title='bbox 199 3230 433 3287; x_wconf 88' lang='lat' dir='ltr'><strong>multas.</strong></span> <span class='ocrx_word' id='word_1_365' title='bbox 467 3228 787 3286; x_wconf 86' lang='lat' dir='ltr'><strong>Invenerunt</strong></span> <span class='ocrx_word' id='word_1_366' title='bbox 807 3239 985 3285; x_wconf 87' lang='lat' dir='ltr'><strong>autem</strong></span> <span class='ocrx_word' id='word_1_367' title='bbox 1014 3230 1141 3285; x_wconf 88' lang='lat' dir='ltr'><strong>etin</strong></span> <span class='ocrx_word' id='word_1_368' title='bbox 1165 3226 1251 3284; x_wconf 77' lang='lat' dir='ltr'><strong>bis</strong></span> <span class='ocrx_word' id='word_1_369' title='bbox 1273 3229 1481 3297; x_wconf 85' lang='lat' dir='ltr'><strong>palatiis</strong></span> <span class='ocrx_word' id='word_1_370' title='bbox 1498 3227 1726 3293; x_wconf 87' lang='lat' dir='ltr'><strong>aviaria,</strong></span> <span class='ocrx_word' id='word_1_371' title='bbox 1758 3235 1813 3282; x_wconf 88' lang='lat' dir='ltr'><strong>et</strong></span> 
     </span>
    </p>
   </div>
   <div class='ocr_carea' id='block_1_47' title="bbox 201 3320 1819 3394">
    <p class='ocr_par' dir='ltr' id='par_1_47' title="bbox 201 3320 1819 3394">
     <span class='ocr_line' id='line_1_47' title="bbox 201 3320 1819 3394; baseline -0.002 -15"><span class='ocrx_word' id='word_1_372' title='bbox 201 3322 500 3389; x_wconf 81' lang='lat' dir='ltr'><strong>dorcades,</strong></span> <span class='ocrx_word' id='word_1_373' title='bbox 525 3330 579 3379; x_wconf 91' lang='lat' dir='ltr'><strong>et</strong></span> <span class='ocrx_word' id='word_1_374' title='bbox 599 3324 781 3380; x_wconf 87' lang='lat' dir='ltr'><strong>asinos</strong></span> <span class='ocrx_word' id='word_1_375' title='bbox 808 3331 1066 3394; x_wconf 73' lang='lat' dir='ltr'><strong>agrestes,</strong></span> <span class='ocrx_word' id='word_1_376' title='bbox 1090 3328 1146 3377; x_wconf 88' lang='lat' dir='ltr'><strong>et</strong></span> <span class='ocrx_word' id='word_1_377' title='bbox 1167 3336 1421 3391; x_wconf 84' lang='lat' dir='ltr'><strong>pavones,</strong></span> <span class='ocrx_word' id='word_1_378' title='bbox 1447 3328 1503 3377; x_wconf 89' lang='lat' dir='ltr'><strong>et</strong></span> <span class='ocrx_word' id='word_1_379' title='bbox 1531 3320 1819 3391; x_wconf 65' lang='lat' dir='ltr'><strong>phasianae</strong></span> 
     </span>
    </p>
   </div>
   <div class='ocr_carea' id='block_1_48' title="bbox 200 3413 1817 3483">
    <p class='ocr_par' dir='ltr' id='par_1_48' title="bbox 200 3413 1817 3483">
     <span class='ocr_line' id='line_1_48' title="bbox 200 3413 1817 3483; baseline -0.002 -11"><span class='ocrx_word' id='word_1_380' title='bbox 200 3414 448 3473; x_wconf 60' lang='lat' dir='ltr'><strong>infinitis</strong></span> <span class='ocrx_word' id='word_1_381' title='bbox 480 3416 858 3483; x_wconf 86' lang='lat' dir='ltr'><strong>multitudinis,</strong></span> <span class='ocrx_word' id='word_1_382' title='bbox 889 3430 984 3471; x_wconf 88' lang='lat' dir='ltr'><strong>nec</strong></span> <span class='ocrx_word' id='word_1_383' title='bbox 1012 3430 1118 3471; x_wconf 92' lang='lat' dir='ltr'><strong>non</strong></span> <span class='ocrx_word' id='word_1_384' title='bbox 1146 3416 1200 3470; x_wconf 91' lang='lat' dir='ltr'><strong>in</strong></span> <span class='ocrx_word' id='word_1_385' title='bbox 1231 3415 1436 3470; x_wconf 86' lang='lat' dir='ltr'><strong>vivario</strong></span> <span class='ocrx_word' id='word_1_386' title='bbox 1456 3414 1576 3483; x_wconf 82' lang='lat' dir='ltr'><strong>ejus</strong></span> <span class='ocrx_word' id='word_1_387' title='bbox 1604 3413 1817 3481; x_wconf 79' lang='lat' dir='ltr'><strong>leones,</strong></span> 
     </span>
    </p>
   </div>
   <div class='ocr_carea' id='block_1_49' title="bbox 201 3508 1820 3580">
    <p class='ocr_par' dir='ltr' id='par_1_49' title="bbox 201 3508 1820 3580">
     <span class='ocr_line' id='line_1_49' title="bbox 201 3508 1820 3580; baseline -0.004 -14"><span class='ocrx_word' id='word_1_388' title='bbox 201 3525 279 3566; x_wconf 79' lang='lat' dir='ltr'><strong>ac</strong></span> <span class='ocrx_word' id='word_1_389' title='bbox 315 3509 535 3580; x_wconf 83' lang='lat' dir='ltr'><strong>tigrides</strong></span> <span class='ocrx_word' id='word_1_390' title='bbox 565 3510 715 3564; x_wconf 78' lang='lat' dir='ltr'><strong>mirae</strong></span> <span class='ocrx_word' id='word_1_391' title='bbox 748 3509 1125 3579; x_wconf 86' lang='lat' dir='ltr'><strong>magnitudinis</strong></span> <span class='ocrx_word' id='word_1_392' title='bbox 1162 3509 1330 3564; x_wconf 83' lang='lat' dir='ltr'><strong>vivos.</strong></span> <span class='ocrx_word' id='word_1_393' title='bbox 1364 3508 1440 3562; x_wconf 86' lang='lat' dir='ltr'><strong>De</strong></span> <span class='ocrx_word' id='word_1_394' title='bbox 1467 3516 1667 3563; x_wconf 65' lang='lat' dir='ltr'><strong>caetero</strong></span> <span class='ocrx_word' id='word_1_395' title='bbox 1686 3522 1820 3561; x_wconf 79' lang='lat' dir='ltr'><strong>con-</strong></span> 
     </span>
    </p>
   </div>
   <div class='ocr_carea' id='block_1_50' title="bbox 198 3600 1821 3673">
    <p class='ocr_par' dir='ltr' id='par_1_50' title="bbox 198 3600 1821 3673">
     <span class='ocr_line' id='line_1_50' title="bbox 198 3600 1821 3673; baseline -0.003 -12"><span class='ocrx_word' id='word_1_396' title='bbox 198 3602 475 3673; x_wconf 78' lang='lat' dir='ltr'><strong>fugerunt</strong></span> <span class='ocrx_word' id='word_1_397' title='bbox 501 3602 567 3657; x_wconf 90' lang='lat' dir='ltr'><strong>ad</strong></span> <span class='ocrx_word' id='word_1_398' title='bbox 604 3601 982 3673; x_wconf 84' lang='lat' dir='ltr'><strong>imperatorem</strong></span> <span class='ocrx_word' id='word_1_399' title='bbox 1015 3602 1231 3672; x_wconf 89' lang='lat' dir='ltr'><strong>plurimi</strong></span> <span class='ocrx_word' id='word_1_400' title='bbox 1261 3614 1327 3657; x_wconf 85' lang='lat' dir='ltr'><strong>ex</strong></span> <span class='ocrx_word' id='word_1_401' title='bbox 1360 3601 1621 3671; x_wconf 86' lang='lat' dir='ltr'><strong>captivis,</strong></span> <span class='ocrx_word' id='word_1_402' title='bbox 1654 3600 1821 3656; x_wconf 63' lang='lat' dir='ltr'><strong>Edes«</strong></span> 
     </span>
    </p>
   </div>
   <div class='ocr_carea' id='block_1_51' title="bbox 200 3693 1821 3764">
    <p class='ocr_par' dir='ltr' id='par_1_51' title="bbox 200 3693 1821 3764">
     <span class='ocr_line' id='line_1_51' title="bbox 200 3693 1821 3764; baseline -0.003 -11"><span class='ocrx_word' id='word_1_403' title='bbox 200 3697 342 3753; x_wconf 79' lang='lat' dir='ltr'><strong>seni</strong></span> <span class='ocrx_word' id='word_1_404' title='bbox 374 3696 612 3763; x_wconf 85' lang='lat' dir='ltr'><strong>scilicet,</strong></span> <span class='ocrx_word' id='word_1_405' title='bbox 645 3705 698 3752; x_wconf 89' lang='lat' dir='ltr'><strong>et</strong></span> <span class='ocrx_word' id='word_1_406' title='bbox 737 3696 1122 3764; x_wconf 80' lang='lat' dir='ltr'><strong>Alexandrini,</strong></span> <span class='ocrx_word' id='word_1_407' title='bbox 1161 3696 1255 3750; x_wconf 87' lang='lat' dir='ltr'><strong>sed</strong></span> <span class='ocrx_word' id='word_1_408' title='bbox 1283 3704 1340 3750; x_wconf 92' lang='lat' dir='ltr'><strong>et</strong></span> <span class='ocrx_word' id='word_1_409' title='bbox 1368 3696 1487 3749; x_wconf 70' lang='lat' dir='ltr'><strong>alite</strong></span> <span class='ocrx_word' id='word_1_410' title='bbox 1516 3693 1821 3750; x_wconf 74' lang='lat' dir='ltr'><strong>multitudi~</strong></span> 
     </span>
    </p>
   </div>
   <div class='ocr_carea' id='block_1_52' title="bbox 198 3788 1822 3859">
    <p class='ocr_par' dir='ltr' id='par_1_52' title="bbox 198 3788 1822 3859">
     <span class='ocr_line' id='line_1_52' title="bbox 198 3788 1822 3859; baseline -0.004 -11"><span class='ocrx_word' id='word_1_411' title='bbox 198 3803 325 3848; x_wconf 77' lang='lat' dir='ltr'><strong>nes</strong></span> <span class='ocrx_word' id='word_1_412' title='bbox 379 3790 629 3858; x_wconf 67' lang='lat' dir='ltr'><strong>copiosae.</strong></span> <span class='ocrx_word' id='word_1_413' title='bbox 690 3789 895 3845; x_wconf 86' lang='lat' dir='ltr'><strong>interea</strong></span> <span class='ocrx_word' id='word_1_414' title='bbox 952 3790 1080 3845; x_wconf 88' lang='lat' dir='ltr'><strong>fecit</strong></span> <span class='ocrx_word' id='word_1_415' title='bbox 1135 3791 1424 3859; x_wconf 85' lang='lat' dir='ltr'><strong>imperator</strong></span> <span class='ocrx_word' id='word_1_416' title='bbox 1478 3788 1822 3844; x_wconf 86' lang='lat' dir='ltr'><strong>festivitatem</strong></span> 
     </span>
    </p>
   </div>
   <div class='ocr_carea' id='block_1_53' title="bbox 197 3880 1824 3954">
    <p class='ocr_par' dir='ltr' id='par_1_53' title="bbox 197 3880 1824 3954">
     <span class='ocr_line' id='line_1_53' title="bbox 197 3880 1824 3954; baseline -0.002 -15"><span class='ocrx_word' id='word_1_417' title='bbox 197 3880 493 3939; x_wconf 82' lang='lat' dir='ltr'><strong>luminum</strong></span> <span class='ocrx_word' id='word_1_418' title='bbox 528 3894 693 3951; x_wconf 85' lang='lat' dir='ltr'><strong>penes</strong></span> <span class='ocrx_word' id='word_1_419' title='bbox 726 3882 1067 3954; x_wconf 85' lang='lat' dir='ltr'><strong>Damastager</strong></span> <span class='ocrx_word' id='word_1_420' title='bbox 1092 3882 1319 3948; x_wconf 82' lang='lat' dir='ltr'><strong>laetatus,</strong></span> <span class='ocrx_word' id='word_1_421' title='bbox 1349 3892 1405 3937; x_wconf 91' lang='lat' dir='ltr'><strong>et</strong></span> <span class='ocrx_word' id='word_1_422' title='bbox 1425 3896 1679 3938; x_wconf 83' lang='lat' dir='ltr'><strong>recreans</strong></span> <span class='ocrx_word' id='word_1_423' title='bbox 1715 3889 1824 3935; x_wconf 84' lang='lat' dir='ltr'><strong>tam</strong></span> 
     </span>
    </p>
   </div>
   <div class='ocr_carea' id='block_1_54' title="bbox 203 3972 1826 4046">
    <p class='ocr_par' dir='ltr' id='par_1_54' title="bbox 203 3972 1826 4046">
     <span class='ocr_line' id='line_1_54' title="bbox 203 3972 1826 4046; baseline -0.003 -17"><span class='ocrx_word' id='word_1_424' title='bbox 203 3973 531 4046; x_wconf 78' lang='lat' dir='ltr'><strong>populum,</strong></span> <span class='ocrx_word' id='word_1_425' title='bbox 574 3986 733 4044; x_wconf 89' lang='lat' dir='ltr'><strong>quam</strong></span> <span class='ocrx_word' id='word_1_426' title='bbox 770 3976 1030 4044; x_wconf 74' lang='lat' dir='ltr'><strong>iumenta.</strong></span> <span class='ocrx_word' id='word_1_427' title='bbox 1063 3975 1203 4040; x_wconf 82' lang='lat' dir='ltr'><strong>Quin</strong></span> <span class='ocrx_word' id='word_1_428' title='bbox 1243 3984 1297 4029; x_wconf 88' lang='lat' dir='ltr'><strong>et</strong></span> <span class='ocrx_word' id='word_1_429' title='bbox 1324 3974 1588 4031; x_wconf 88' lang='lat' dir='ltr'><strong>Chosdroi</strong></span> <span class='ocrx_word' id='word_1_430' title='bbox 1633 3972 1826 4043; x_wconf 76' lang='lat' dir='ltr'><strong>palatia</strong></span> 
     </span>
    </p>
   </div>
   <div class='ocr_carea' id='block_1_55' title="bbox 199 4062 1827 4136">
    <p class='ocr_par' dir='ltr' id='par_1_55' title="bbox 199 4062 1827 4136">
     <span class='ocr_line' id='line_1_55' title="bbox 199 4062 1827 4136; baseline -0.001 -16"><span class='ocrx_word' id='word_1_431' title='bbox 199 4062 553 4131; x_wconf 78' lang='lat' dir='ltr'><strong>destructis,</strong></span> <span class='ocrx_word' id='word_1_432' title='bbox 596 4064 825 4121; x_wconf 73' lang='lat' dir='ltr'><strong>aedificia</strong></span> <span class='ocrx_word' id='word_1_433' title='bbox 854 4067 1104 4122; x_wconf 83' lang='lat' dir='ltr'><strong>videlicet</strong></span> <span class='ocrx_word' id='word_1_434' title='bbox 1139 4066 1535 4136; x_wconf 84' lang='lat' dir='ltr'><strong>comptissima,</strong></span> <span class='ocrx_word' id='word_1_435' title='bbox 1567 4074 1621 4120; x_wconf 89' lang='lat' dir='ltr'><strong>et</strong></span> <span class='ocrx_word' id='word_1_436' title='bbox 1652 4063 1827 4119; x_wconf 83' lang='lat' dir='ltr'><strong>admi-</strong></span> 
     </span>
    </p>
   </div>
   <div class='ocr_carea' id='block_1_56' title="bbox 202 4157 1829 4230">
    <p class='ocr_par' dir='ltr' id='par_1_56' title="bbox 202 4157 1829 4230">
     <span class='ocr_line' id='line_1_56' title="bbox 202 4157 1829 4230; baseline -0.004 -14"><span class='ocrx_word' id='word_1_437' title='bbox 202 4157 425 4224; x_wconf 79' lang='lat' dir='ltr'><strong>randa,</strong></span> <span class='ocrx_word' id='word_1_438' title='bbox 455 4159 755 4228; x_wconf 85' lang='lat' dir='ltr'><strong>domusque</strong></span> <span class='ocrx_word' id='word_1_439' title='bbox 775 4158 1087 4229; x_wconf 75' lang='lat' dir='ltr'><strong>stupendae,</strong></span> <span class='ocrx_word' id='word_1_440' title='bbox 1114 4174 1233 4230; x_wconf 66' lang='lat' dir='ltr'><strong>qua:</strong></span> <span class='ocrx_word' id='word_1_441' title='bbox 1257 4170 1426 4229; x_wconf 88' lang='lat' dir='ltr'><strong>usque</strong></span> <span class='ocrx_word' id='word_1_442' title='bbox 1451 4160 1517 4213; x_wconf 88' lang='lat' dir='ltr'><strong>ad</strong></span> <span class='ocrx_word' id='word_1_443' title='bbox 1547 4158 1829 4228; x_wconf 75' lang='lat' dir='ltr'><strong>pavimen-</strong></span> 
     </span>
    </p>
   </div>
   <div class='ocr_carea' id='block_1_57' title="bbox 1903 1930 3496 2005">
    <p class='ocr_par' dir='ltr' id='par_1_57' title="bbox 1903 1930 3496 2005">
     <span class='ocr_line' id='line_1_57' title="bbox 1903 1930 3496 2005; baseline 0.004 -20"><span class='ocrx_word' id='word_1_444' title='bbox 1903 1930 2206 2000; x_wconf 85' lang='lat' dir='ltr'><strong>multosque</strong></span> <span class='ocrx_word' id='word_1_445' title='bbox 2230 1931 2428 1987; x_wconf 91' lang='lat' dir='ltr'><strong>liberos</strong></span> <span class='ocrx_word' id='word_1_446' title='bbox 2444 1946 2569 1987; x_wconf 86' lang='lat' dir='ltr'><strong>suos</strong></span> <span class='ocrx_word' id='word_1_447' title='bbox 2586 1948 2653 1987; x_wconf 80' lang='lat' dir='ltr'><strong>xi.</strong></span> <span class='ocrx_word' id='word_1_448' title='bbox 2674 1935 2909 1989; x_wconf 85' lang='lat' dir='ltr'><strong>millibus</strong></span> <span class='ocrx_word' id='word_1_449' title='bbox 2929 1935 3086 2005; x_wconf 84' lang='lat' dir='ltr'><strong>longe</strong></span> <span class='ocrx_word' id='word_1_450' title='bbox 3106 1936 3404 1992; x_wconf 80' lang='lat' dir='ltr'><strong>transmisit</strong></span> <span class='ocrx_word' id='word_1_451' title='bbox 3423 1934 3496 1992; x_wconf 77' lang='lat' dir='ltr'><strong>ad</strong></span> 
     </span>
    </p>
   </div>
   <div class='ocr_carea' id='block_1_58' title="bbox 1906 2025 3497 2094">
    <p class='ocr_par' dir='ltr' id='par_1_58' title="bbox 1906 2025 3497 2094">
     <span class='ocr_line' id='line_1_58' title="bbox 1906 2025 3497 2094; baseline 0.004 -15"><span class='ocrx_word' id='word_1_452' title='bbox 1906 2025 2215 2080; x_wconf 90' lang='lat' dir='ltr'><strong>interiorem</strong></span> <span class='ocrx_word' id='word_1_453' title='bbox 2249 2036 2457 2094; x_wconf 86' lang='lat' dir='ltr'><strong>partem</strong></span> <span class='ocrx_word' id='word_1_454' title='bbox 2489 2028 2720 2083; x_wconf 87' lang='lat' dir='ltr'><strong>On&#39;enlis</strong></span> <span class='ocrx_word' id='word_1_455' title='bbox 2754 2030 2804 2083; x_wconf 91' lang='lat' dir='ltr'><strong>in</strong></span> <span class='ocrx_word' id='word_1_456' title='bbox 2845 2029 3261 2085; x_wconf 86' lang='lat' dir='ltr'><strong>munitissimum</strong></span> <span class='ocrx_word' id='word_1_457' title='bbox 3294 2030 3497 2087; x_wconf 71' lang='lat' dir='ltr'><strong>locum.</strong></span> 
     </span>
    </p>
   </div>
   <div class='ocr_carea' id='block_1_59' title="bbox 1907 2118 3502 2190">
    <p class='ocr_par' dir='ltr' id='par_1_59' title="bbox 1907 2118 3502 2190">
     <span class='ocr_line' id='line_1_59' title="bbox 1907 2118 3502 2190; baseline 0.006 -21"><span class='ocrx_word' id='word_1_458' title='bbox 1907 2118 2133 2184; x_wconf 83' lang='lat' dir='ltr'><strong>Quidam</strong></span> <span class='ocrx_word' id='word_1_459' title='bbox 2165 2128 2297 2173; x_wconf 84' lang='lat' dir='ltr'><strong>sane</strong></span> <span class='ocrx_word' id='word_1_460' title='bbox 2331 2119 2613 2174; x_wconf 80' lang='lat' dir='ltr'><strong>Persarum</strong></span> <span class='ocrx_word' id='word_1_461' title='bbox 2637 2120 3029 2189; x_wconf 79' lang='lat' dir='ltr'><strong>derogaverunl</strong></span> <span class='ocrx_word' id='word_1_462' title='bbox 3058 2121 3302 2178; x_wconf 82' lang='lat' dir='ltr'><strong>Sarbarae</strong></span> <span class='ocrx_word' id='word_1_463' title='bbox 3336 2132 3502 2190; x_wconf 70' lang='lat' dir='ltr'><strong>penes</strong></span> 
     </span>
    </p>
   </div>
   <div class='ocr_carea' id='block_1_60' title="bbox 1905 2210 3505 2282">
    <p class='ocr_par' dir='ltr' id='par_1_60' title="bbox 1905 2210 3505 2282">
     <span class='ocr_line' id='line_1_60' title="bbox 1905 2210 3505 2282; baseline 0.004 -17"><span class='ocrx_word' id='word_1_464' title='bbox 1905 2210 2245 2277; x_wconf 88' lang='lat' dir='ltr'><strong>Chosdroen,</strong></span> <span class='ocrx_word' id='word_1_465' title='bbox 2279 2213 2420 2282; x_wconf 89' lang='lat' dir='ltr'><strong>quod</strong></span> <span class='ocrx_word' id='word_1_466' title='bbox 2451 2228 2576 2267; x_wconf 87' lang='lat' dir='ltr'><strong>cum</strong></span> <span class='ocrx_word' id='word_1_467' title='bbox 2607 2212 2859 2269; x_wconf 78' lang='lat' dir='ltr'><strong>Romanis</strong></span> <span class='ocrx_word' id='word_1_468' title='bbox 2898 2216 3159 2281; x_wconf 82' lang='lat' dir='ltr'><strong>sentiret,</strong></span> <span class='ocrx_word' id='word_1_469' title='bbox 3187 2224 3242 2270; x_wconf 88' lang='lat' dir='ltr'><strong>et</strong></span> <span class='ocrx_word' id='word_1_470' title='bbox 3285 2216 3362 2270; x_wconf 92' lang='lat' dir='ltr'><strong>illi</strong></span> <span class='ocrx_word' id='word_1_471' title='bbox 3407 2215 3505 2271; x_wconf 80' lang='lat' dir='ltr'><strong>de-</strong></span> 
     </span>
    </p>
   </div>
   <div class='ocr_carea' id='block_1_61' title="bbox 1909 2303 3505 2376">
    <p class='ocr_par' dir='ltr' id='par_1_61' title="bbox 1909 2303 3505 2376">
     <span class='ocr_line' id='line_1_61' title="bbox 1909 2303 3505 2376; baseline 0.004 -20"><span class='ocrx_word' id='word_1_472' title='bbox 1909 2303 2168 2358; x_wconf 85' lang='lat' dir='ltr'><strong>traheret.</strong></span> <span class='ocrx_word' id='word_1_473' title='bbox 2205 2303 2273 2357; x_wconf 87' lang='lat' dir='ltr'><strong>Et</strong></span> <span class='ocrx_word' id='word_1_474' title='bbox 2312 2304 2460 2360; x_wconf 87' lang='lat' dir='ltr'><strong>misit</strong></span> <span class='ocrx_word' id='word_1_475' title='bbox 2504 2306 2795 2373; x_wconf 82' lang='lat' dir='ltr'><strong>spatarinm</strong></span> <span class='ocrx_word' id='word_1_476' title='bbox 2824 2320 2978 2359; x_wconf 88' lang='lat' dir='ltr'><strong>suum</strong></span> <span class='ocrx_word' id='word_1_477' title='bbox 3015 2320 3140 2360; x_wconf 89' lang='lat' dir='ltr'><strong>cum</strong></span> <span class='ocrx_word' id='word_1_478' title='bbox 3166 2304 3406 2376; x_wconf 77' lang='lat' dir='ltr'><strong>iussione</strong></span> <span class='ocrx_word' id='word_1_479' title='bbox 3436 2306 3505 2361; x_wconf 81' lang='lat' dir='ltr'><strong>ad</strong></span> 
     </span>
    </p>
   </div>
   <div class='ocr_carea' id='block_1_62' title="bbox 1909 2394 3505 2465">
    <p class='ocr_par' dir='ltr' id='par_1_62' title="bbox 1909 2394 3505 2465">
     <span class='ocr_line' id='line_1_62' title="bbox 1909 2394 3505 2465; baseline 0.001 -17"><span class='ocrx_word' id='word_1_480' title='bbox 1909 2394 2294 2465; x_wconf 86' lang='lat' dir='ltr'><strong>Chardarigam</strong></span> <span class='ocrx_word' id='word_1_481' title='bbox 2346 2404 2755 2464; x_wconf 72' lang='lat' dir='ltr'><strong>compraetorem</strong></span> <span class='ocrx_word' id='word_1_482' title='bbox 2802 2396 3049 2451; x_wconf 74' lang='lat' dir='ltr'><strong>Sarbarm</strong></span> <span class='ocrx_word' id='word_1_483' title='bbox 3086 2395 3505 2464; x_wconf 76' lang='lat' dir='ltr'><strong>Chalcedonem,</strong></span> 
     </span>
    </p>
   </div>
   <div class='ocr_carea' id='block_1_63' title="bbox 1907 2488 3507 2560">
    <p class='ocr_par' dir='ltr' id='par_1_63' title="bbox 1907 2488 3507 2560">
     <span class='ocr_line' id='line_1_63' title="bbox 1907 2488 3507 2560; baseline 0.004 -19"><span class='ocrx_word' id='word_1_484' title='bbox 1907 2488 2151 2545; x_wconf 73' lang='lat' dir='ltr'><strong>scribens</strong></span> <span class='ocrx_word' id='word_1_485' title='bbox 2177 2488 2227 2542; x_wconf 90' lang='lat' dir='ltr'><strong>ei</strong></span> <span class='ocrx_word' id='word_1_486' title='bbox 2261 2497 2317 2542; x_wconf 83' lang='lat' dir='ltr'><strong>ut</strong></span> <span class='ocrx_word' id='word_1_487' title='bbox 2363 2488 2648 2544; x_wconf 88' lang='lat' dir='ltr'><strong>Sarbaram</strong></span> <span class='ocrx_word' id='word_1_488' title='bbox 2693 2488 3053 2555; x_wconf 76' lang='lat' dir='ltr'><strong>interﬁceret,</strong></span> <span class='ocrx_word' id='word_1_489' title='bbox 3085 2498 3139 2544; x_wconf 85' lang='lat' dir='ltr'><strong>et</strong></span> <span class='ocrx_word' id='word_1_490' title='bbox 3164 2488 3278 2559; x_wconf 86' lang='lat' dir='ltr'><strong>ipse</strong></span> <span class='ocrx_word' id='word_1_491' title='bbox 3308 2490 3507 2560; x_wconf 82' lang='lat' dir='ltr'><strong>populo</strong></span> 
     </span>
    </p>
   </div>
   <div class='ocr_carea' id='block_1_64' title="bbox 1910 2581 3511 2650">
    <p class='ocr_par' dir='ltr' id='par_1_64' title="bbox 1910 2581 3511 2650">
     <span class='ocr_line' id='line_1_64' title="bbox 1910 2581 3511 2650; baseline 0.001 -15"><span class='ocrx_word' id='word_1_492' title='bbox 1910 2581 2195 2635; x_wconf 86' lang='lat' dir='ltr'><strong>Persarum</strong></span> <span class='ocrx_word' id='word_1_493' title='bbox 2227 2591 2451 2650; x_wconf 83' lang='lat' dir='ltr'><strong>accepto</strong></span> <span class='ocrx_word' id='word_1_494' title='bbox 2496 2583 2824 2638; x_wconf 82' lang='lat' dir='ltr'><strong>acceleraret</strong></span> <span class='ocrx_word' id='word_1_495' title='bbox 2864 2583 2918 2636; x_wconf 88' lang='lat' dir='ltr'><strong>in</strong></span> <span class='ocrx_word' id='word_1_496' title='bbox 2962 2582 3234 2638; x_wconf 82' lang='lat' dir='ltr'><strong>Persidem</strong></span> <span class='ocrx_word' id='word_1_497' title='bbox 3263 2584 3314 2637; x_wconf 91' lang='lat' dir='ltr'><strong>in</strong></span> <span class='ocrx_word' id='word_1_498' title='bbox 3356 2584 3511 2639; x_wconf 79' lang='lat' dir='ltr'><strong>anxi-</strong></span> 
     </span>
    </p>
   </div>
   <div class='ocr_carea' id='block_1_65' title="bbox 1908 2673 3509 2744">
    <p class='ocr_par' dir='ltr' id='par_1_65' title="bbox 1908 2673 3509 2744">
     <span class='ocr_line' id='line_1_65' title="bbox 1908 2673 3509 2744; baseline 0.001 -15"><span class='ocrx_word' id='word_1_499' title='bbox 1908 2674 2038 2729; x_wconf 81' lang='lat' dir='ltr'><strong>liuta</strong></span> <span class='ocrx_word' id='word_1_500' title='bbox 2072 2674 2174 2729; x_wconf 90' lang='lat' dir='ltr'><strong>sui.</strong></span> <span class='ocrx_word' id='word_1_501' title='bbox 2217 2674 2265 2727; x_wconf 88' lang='lat' dir='ltr'><strong>is</strong></span> <span class='ocrx_word' id='word_1_502' title='bbox 2294 2685 2471 2729; x_wconf 89' lang='lat' dir='ltr'><strong>autem</strong></span> <span class='ocrx_word' id='word_1_503' title='bbox 2502 2676 2593 2744; x_wconf 88' lang='lat' dir='ltr'><strong>qui</strong></span> <span class='ocrx_word' id='word_1_504' title='bbox 2637 2677 2840 2729; x_wconf 88' lang='lat' dir='ltr'><strong>litteras</strong></span> <span class='ocrx_word' id='word_1_505' title='bbox 2868 2673 3145 2729; x_wconf 77' lang='lat' dir='ltr'><strong>deferebat</strong></span> <span class='ocrx_word' id='word_1_506' title='bbox 3172 2675 3314 2729; x_wconf 75' lang='lat' dir='ltr'><strong>ci-ca</strong></span> <span class='ocrx_word' id='word_1_507' title='bbox 3345 2675 3509 2730; x_wconf 59' lang='lat' dir='ltr'><strong>Galae</strong></span> 
     </span>
    </p>
   </div>
   <div class='ocr_carea' id='block_1_66' title="bbox 1916 2764 3511 2833">
    <p class='ocr_par' dir='ltr' id='par_1_66' title="bbox 1916 2764 3511 2833">
     <span class='ocr_line' id='line_1_66' title="bbox 1916 2764 3511 2833; baseline 0 -13"><span class='ocrx_word' id='word_1_508' title='bbox 1916 2765 2043 2820; x_wconf 87' lang='lat' dir='ltr'><strong>tiam</strong></span> <span class='ocrx_word' id='word_1_509' title='bbox 2075 2764 2555 2833; x_wconf 85' lang='lat' dir='ltr'><strong>comprehenditur</strong></span> <span class='ocrx_word' id='word_1_510' title='bbox 2599 2781 2629 2818; x_wconf 90' lang='lat' dir='ltr'><strong>a</strong></span> <span class='ocrx_word' id='word_1_511' title='bbox 2679 2764 2958 2819; x_wconf 80' lang='lat' dir='ltr'><strong>Romanis.</strong></span> <span class='ocrx_word' id='word_1_512' title='bbox 2989 2764 3089 2831; x_wconf 79' lang='lat' dir='ltr'><strong>Qui</strong></span> <span class='ocrx_word' id='word_1_513' title='bbox 3118 2765 3511 2833; x_wconf 74' lang='lat' dir='ltr'><strong>comprehenso</strong></span> 
     </span>
    </p>
   </div>
   <div class='ocr_carea' id='block_1_67' title="bbox 1910 2858 3508 2931">
    <p class='ocr_par' dir='ltr' id='par_1_67' title="bbox 1910 2858 3508 2931">
     <span class='ocr_line' id='line_1_67' title="bbox 1910 2858 3508 2931; baseline 0.001 -17"><span class='ocrx_word' id='word_1_514' title='bbox 1910 2874 1996 2925; x_wconf 89' lang='lat' dir='ltr'><strong>eo,</strong></span> <span class='ocrx_word' id='word_1_515' title='bbox 2028 2858 2392 2915; x_wconf 81' lang='lat' dir='ltr'><strong>nescientibus</strong></span> <span class='ocrx_word' id='word_1_516' title='bbox 2417 2859 2616 2928; x_wconf 85' lang='lat' dir='ltr'><strong>Persis,</strong></span> <span class='ocrx_word' id='word_1_517' title='bbox 2645 2859 2784 2915; x_wconf 91' lang='lat' dir='ltr'><strong>hunc</strong></span> <span class='ocrx_word' id='word_1_518' title='bbox 2808 2860 3120 2931; x_wconf 82' lang='lat' dir='ltr'><strong>Byzantium</strong></span> <span class='ocrx_word' id='word_1_519' title='bbox 3150 2860 3508 2929; x_wconf 69' lang='lat' dir='ltr'><strong>deduxerunt,</strong></span> 
     </span>
    </p>
   </div>
   <div class='ocr_carea' id='block_1_68' title="bbox 1912 2950 3517 3022">
    <p class='ocr_par' dir='ltr' id='par_1_68' title="bbox 1912 2950 3517 3022">
     <span class='ocr_line' id='line_1_68' title="bbox 1912 2950 3517 3022; baseline 0 -13"><span class='ocrx_word' id='word_1_520' title='bbox 1912 2958 1967 3009; x_wconf 87' lang='lat' dir='ltr'><strong>et</strong></span> <span class='ocrx_word' id='word_1_521' title='bbox 1990 2951 2333 3018; x_wconf 86' lang='lat' dir='ltr'><strong>imperatoris</strong></span> <span class='ocrx_word' id='word_1_522' title='bbox 2364 2952 2475 3005; x_wconf 79' lang='lat' dir='ltr'><strong>lilio</strong></span> <span class='ocrx_word' id='word_1_523' title='bbox 2503 2951 2854 3006; x_wconf 87' lang='lat' dir='ltr'><strong>tradiderunt.</strong></span> <span class='ocrx_word' id='word_1_524' title='bbox 2884 2950 2956 3006; x_wconf 71' lang='lat' dir='ltr'><strong>At</strong></span> <span class='ocrx_word' id='word_1_525' title='bbox 2984 2954 3273 3020; x_wconf 82' lang='lat' dir='ltr'><strong>Imperator</strong></span> <span class='ocrx_word' id='word_1_526' title='bbox 3298 2953 3517 3022; x_wconf 62' lang='lat' dir='ltr'><strong>Cognita</strong></span> 
     </span>
    </p>
   </div>
   <div class='ocr_carea' id='block_1_69' title="bbox 1921 3041 3597 3114">
    <p class='ocr_par' dir='ltr' id='par_1_69' title="bbox 1921 3041 3597 3114">
     <span class='ocr_line' id='line_1_69' title="bbox 1921 3041 3597 3114; baseline 0 -15"><span class='ocrx_word' id='word_1_527' title='bbox 1921 3046 2147 3101; x_wconf 79' lang='lat' dir='ltr'><strong>veritate</strong></span> <span class='ocrx_word' id='word_1_528' title='bbox 2177 3045 2419 3114; x_wconf 82' lang='lat' dir='ltr'><strong>protinus</strong></span> <span class='ocrx_word' id='word_1_529' title='bbox 2445 3044 2737 3101; x_wconf 85' lang='lat' dir='ltr'><strong>Sarbaram</strong></span> <span class='ocrx_word' id='word_1_530' title='bbox 2765 3045 3011 3111; x_wconf 69' lang='lat' dir='ltr'><strong>accersit,</strong></span> <span class='ocrx_word' id='word_1_531' title='bbox 3036 3047 3123 3114; x_wconf 91' lang='lat' dir='ltr'><strong>qui</strong></span> <span class='ocrx_word' id='word_1_532' title='bbox 3150 3058 3272 3099; x_wconf 84' lang='lat' dir='ltr'><strong>eum</strong></span> <span class='ocrx_word' id='word_1_533' title='bbox 3299 3045 3518 3099; x_wconf 83' lang='lat' dir='ltr'><strong>introis-</strong></span> <span class='ocrx_word' id='word_1_534' title='bbox 3588 3041 3597 3044; x_wconf 72' lang='grc'><em>’</em></span> 
     </span>
    </p>
   </div>
   <div class='ocr_carea' id='block_1_70' title="bbox 1917 3135 3512 3206">
    <p class='ocr_par' dir='ltr' id='par_1_70' title="bbox 1917 3135 3512 3206">
     <span class='ocr_line' id='line_1_70' title="bbox 1917 3135 3512 3206; baseline -0.002 -12"><span class='ocrx_word' id='word_1_535' title='bbox 1917 3147 2018 3202; x_wconf 89' lang='lat' dir='ltr'><strong>set,</strong></span> <span class='ocrx_word' id='word_1_536' title='bbox 2043 3138 2213 3192; x_wconf 84' lang='lat' dir='ltr'><strong>astitit</strong></span> <span class='ocrx_word' id='word_1_537' title='bbox 2236 3136 2566 3206; x_wconf 85' lang='lat' dir='ltr'><strong>imperatori.</strong></span> <span class='ocrx_word' id='word_1_538' title='bbox 2592 3137 2889 3204; x_wconf 88' lang='lat' dir='ltr'><strong>Imperator</strong></span> <span class='ocrx_word' id='word_1_539' title='bbox 2909 3146 3086 3191; x_wconf 83' lang='lat' dir='ltr'><strong>autem</strong></span> <span class='ocrx_word' id='word_1_540' title='bbox 3110 3136 3234 3191; x_wconf 86' lang='lat' dir='ltr'><strong>huic</strong></span> <span class='ocrx_word' id='word_1_541' title='bbox 3257 3135 3512 3205; x_wconf 79' lang='lat' dir='ltr'><strong>epistola,</strong></span> 
     </span>
    </p>
   </div>
   <div class='ocr_carea' id='block_1_71' title="bbox 1920 3226 3517 3300">
    <p class='ocr_par' dir='ltr' id='par_1_71' title="bbox 1920 3226 3517 3300">
     <span class='ocr_line' id='line_1_71' title="bbox 1920 3226 3517 3300; baseline -0.003 -15"><span class='ocrx_word' id='word_1_542' title='bbox 1920 3244 2080 3300; x_wconf 77' lang='lat' dir='ltr'><strong>quam</strong></span> <span class='ocrx_word' id='word_1_543' title='bbox 2130 3229 2435 3286; x_wconf 85' lang='lat' dir='ltr'><strong>Chosdroes</strong></span> <span class='ocrx_word' id='word_1_544' title='bbox 2477 3229 2545 3283; x_wconf 88' lang='lat' dir='ltr'><strong>ad</strong></span> <span class='ocrx_word' id='word_1_545' title='bbox 2596 3229 2943 3297; x_wconf 86' lang='lat' dir='ltr'><strong>Cardarigam</strong></span> <span class='ocrx_word' id='word_1_546' title='bbox 2997 3226 3252 3294; x_wconf 78' lang='lat' dir='ltr'><strong>miserat,</strong></span> <span class='ocrx_word' id='word_1_547' title='bbox 3297 3226 3517 3297; x_wconf 77' lang='lat' dir='ltr'><strong>tradita,</strong></span> 
     </span>
    </p>
   </div>
   <div class='ocr_carea' id='block_1_72' title="bbox 1923 3318 3521 3395">
    <p class='ocr_par' dir='ltr' id='par_1_72' title="bbox 1923 3318 3521 3395">
     <span class='ocr_line' id='line_1_72' title="bbox 1923 3318 3521 3395; baseline -0.001 -16"><span class='ocrx_word' id='word_1_548' title='bbox 1923 3323 2194 3395; x_wconf 86' lang='lat' dir='ltr'><strong>missoque</strong></span> <span class='ocrx_word' id='word_1_549' title='bbox 2221 3333 2470 3389; x_wconf 84' lang='lat' dir='ltr'><strong>ostenso,</strong></span> <span class='ocrx_word' id='word_1_550' title='bbox 2509 3322 2639 3391; x_wconf 86' lang='lat' dir='ltr'><strong>legit</strong></span> <span class='ocrx_word' id='word_1_551' title='bbox 2670 3321 2975 3391; x_wconf 87' lang='lat' dir='ltr'><strong>epistolam.</strong></span> <span class='ocrx_word' id='word_1_552' title='bbox 3007 3323 3075 3375; x_wconf 75' lang='lat' dir='ltr'><strong>At</strong></span> <span class='ocrx_word' id='word_1_553' title='bbox 3118 3318 3206 3375; x_wconf 88' lang='lat' dir='ltr'><strong>ille</strong></span> <span class='ocrx_word' id='word_1_554' title='bbox 3232 3330 3413 3377; x_wconf 81' lang='lat' dir='ltr'><strong>certas</strong></span> <span class='ocrx_word' id='word_1_555' title='bbox 3435 3321 3521 3377; x_wconf 77' lang='lat' dir='ltr'><strong>rei</strong></span> 
     </span>
    </p>
   </div>
   <div class='ocr_carea' id='block_1_73' title="bbox 1926 3410 3520 3485">
    <p class='ocr_par' dir='ltr' id='par_1_73' title="bbox 1926 3410 3520 3485">
     <span class='ocr_line' id='line_1_73' title="bbox 1926 3410 3520 3485; baseline -0.001 -14"><span class='ocrx_word' id='word_1_556' title='bbox 1926 3416 2153 3473; x_wconf 80' lang='lat' dir='ltr'><strong>veritate</strong></span> <span class='ocrx_word' id='word_1_557' title='bbox 2176 3416 2417 3485; x_wconf 77' lang='lat' dir='ltr'><strong>effectus,</strong></span> <span class='ocrx_word' id='word_1_558' title='bbox 2445 3414 2699 3469; x_wconf 88' lang='lat' dir='ltr'><strong>continuo</strong></span> <span class='ocrx_word' id='word_1_559' title='bbox 2717 3426 3009 3469; x_wconf 74' lang='lat' dir='ltr'><strong>convenas</strong></span> <span class='ocrx_word' id='word_1_560' title='bbox 3034 3412 3233 3468; x_wconf 69' lang='lat' dir='ltr'><strong>fmdera</strong></span> <span class='ocrx_word' id='word_1_561' title='bbox 3256 3424 3379 3467; x_wconf 80' lang='lat' dir='ltr'><strong>cum</strong></span> <span class='ocrx_word' id='word_1_562' title='bbox 3406 3410 3520 3469; x_wconf 71' lang='lat' dir='ltr'><strong>ﬁlio</strong></span> 
     </span>
    </p>
   </div>
   <div class='ocr_carea' id='block_1_74' title="bbox 1925 3503 3519 3579">
    <p class='ocr_par' dir='ltr' id='par_1_74' title="bbox 1925 3503 3519 3579">
     <span class='ocr_line' id='line_1_74' title="bbox 1925 3503 3519 3579; baseline -0.002 -16"><span class='ocrx_word' id='word_1_563' title='bbox 1925 3508 2180 3579; x_wconf 82' lang='lat' dir='ltr'><strong>principis</strong></span> <span class='ocrx_word' id='word_1_564' title='bbox 2206 3553 2220 3578; x_wconf 91' lang='lat'><strong>,</strong></span> <span class='ocrx_word' id='word_1_565' title='bbox 2268 3517 2322 3563; x_wconf 91' lang='lat' dir='ltr'><strong>et</strong></span> <span class='ocrx_word' id='word_1_566' title='bbox 2370 3506 2673 3576; x_wconf 81' lang='lat' dir='ltr'><strong>patriarcha</strong></span> <span class='ocrx_word' id='word_1_567' title='bbox 2725 3505 2867 3560; x_wconf 80' lang='lat' dir='ltr'><strong>facit.</strong></span> <span class='ocrx_word' id='word_1_568' title='bbox 2912 3504 3015 3571; x_wconf 86' lang='lat' dir='ltr'><strong>Qui</strong></span> <span class='ocrx_word' id='word_1_569' title='bbox 3057 3503 3186 3560; x_wconf 86' lang='lat' dir='ltr'><strong>falsa</strong></span> <span class='ocrx_word' id='word_1_570' title='bbox 3223 3503 3519 3561; x_wconf 74' lang='lat' dir='ltr'><strong>Cdtoadroia</strong></span> 
     </span>
    </p>
   </div>
   <div class='ocr_carea' id='block_1_75' title="bbox 1923 3595 3520 3672">
    <p class='ocr_par' dir='ltr' id='par_1_75' title="bbox 1923 3595 3520 3672">
     <span class='ocr_line' id='line_1_75' title="bbox 1923 3595 3520 3672; baseline -0.004 -14"><span class='ocrx_word' id='word_1_571' title='bbox 1923 3603 2150 3672; x_wconf 87' lang='lat' dir='ltr'><strong>epistola</strong></span> <span class='ocrx_word' id='word_1_572' title='bbox 2183 3599 2345 3667; x_wconf 88' lang='lat' dir='ltr'><strong>facta,</strong></span> <span class='ocrx_word' id='word_1_573' title='bbox 2380 3600 2528 3654; x_wconf 85' lang='lat' dir='ltr'><strong>addit</strong></span> <span class='ocrx_word' id='word_1_574' title='bbox 2569 3599 2621 3653; x_wconf 92' lang='lat' dir='ltr'><strong>in</strong></span> <span class='ocrx_word' id='word_1_575' title='bbox 2654 3613 2714 3654; x_wconf 79' lang='lat' dir='ltr'><strong>ea</strong></span> <span class='ocrx_word' id='word_1_576' title='bbox 2744 3598 2905 3652; x_wconf 88' lang='lat' dir='ltr'><strong>etiam</strong></span> <span class='ocrx_word' id='word_1_577' title='bbox 2944 3596 3079 3653; x_wconf 88' lang='lat' dir='ltr'><strong>alios</strong></span> <span class='ocrx_word' id='word_1_578' title='bbox 3102 3595 3520 3665; x_wconf 71' lang='lat' dir='ltr'><strong>quadringentos</strong></span> 
     </span>
    </p>
   </div>
   <div class='ocr_carea' id='block_1_76' title="bbox 1925 3687 3516 3764">
    <p class='ocr_par' dir='ltr' id='par_1_76' title="bbox 1925 3687 3516 3764">
     <span class='ocr_line' id='line_1_76' title="bbox 1925 3687 3516 3764; baseline -0.007 -11"><span class='ocrx_word' id='word_1_579' title='bbox 1925 3707 2204 3764; x_wconf 82' lang='lat' dir='ltr'><strong>satrapas,</strong></span> <span class='ocrx_word' id='word_1_580' title='bbox 2247 3700 2303 3750; x_wconf 87' lang='lat' dir='ltr'><strong>et</strong></span> <span class='ocrx_word' id='word_1_581' title='bbox 2334 3694 2611 3755; x_wconf 88' lang='lat' dir='ltr'><strong>tribunos,</strong></span> <span class='ocrx_word' id='word_1_582' title='bbox 2643 3699 2698 3746; x_wconf 88' lang='lat' dir='ltr'><strong>et</strong></span> <span class='ocrx_word' id='word_1_583' title='bbox 2733 3689 3075 3746; x_wconf 88' lang='lat' dir='ltr'><strong>centuriones</strong></span> <span class='ocrx_word' id='word_1_584' title='bbox 3109 3687 3516 3755; x_wconf 60' lang='lat' dir='ltr'><strong>interimenda,</strong></span> 
     </span>
    </p>
   </div>
   <div class='ocr_carea' id='block_1_77' title="bbox 1926 3781 3522 3857">
    <p class='ocr_par' dir='ltr' id='par_1_77' title="bbox 1926 3781 3522 3857">
     <span class='ocr_line' id='line_1_77' title="bbox 1926 3781 3522 3857; baseline -0.007 -13"><span class='ocrx_word' id='word_1_585' title='bbox 1926 3798 1981 3845; x_wconf 90' lang='lat' dir='ltr'><strong>et</strong></span> <span class='ocrx_word' id='word_1_586' title='bbox 2022 3790 2245 3843; x_wconf 89' lang='lat' dir='ltr'><strong>invento</strong></span> <span class='ocrx_word' id='word_1_587' title='bbox 2273 3785 2488 3857; x_wconf 87' lang='lat' dir='ltr'><strong>ingenio</strong></span> <span class='ocrx_word' id='word_1_588' title='bbox 2523 3783 2842 3851; x_wconf 86' lang='lat' dir='ltr'><strong>adimposito</strong></span> <span class='ocrx_word' id='word_1_589' title='bbox 2880 3781 3150 3851; x_wconf 81' lang='lat' dir='ltr'><strong>signaculo</strong></span> <span class='ocrx_word' id='word_1_590' title='bbox 3174 3821 3189 3848; x_wconf 91' lang='lat'><strong>,</strong></span> <span class='ocrx_word' id='word_1_591' title='bbox 3229 3793 3522 3850; x_wconf 66' lang='lat' dir='ltr'><strong>congregao</strong></span> 
     </span>
    </p>
   </div>
   <div class='ocr_carea' id='block_1_78' title="bbox 1932 3870 3524 3946">
    <p class='ocr_par' dir='ltr' id='par_1_78' title="bbox 1932 3870 3524 3946">
     <span class='ocr_line' id='line_1_78' title="bbox 1932 3870 3524 3946; baseline -0.004 -12"><span class='ocrx_word' id='word_1_592' title='bbox 1932 3879 2107 3946; x_wconf 85' lang='lat' dir='ltr'><strong>tisque</strong></span> <span class='ocrx_word' id='word_1_593' title='bbox 2136 3877 2360 3932; x_wconf 88' lang='lat' dir='ltr'><strong>ducibus</strong></span> <span class='ocrx_word' id='word_1_594' title='bbox 2380 3920 2394 3944; x_wconf 89' lang='lat'><strong>,</strong></span> <span class='ocrx_word' id='word_1_595' title='bbox 2426 3882 2483 3931; x_wconf 88' lang='lat' dir='ltr'><strong>et</strong></span> <span class='ocrx_word' id='word_1_596' title='bbox 2528 3877 2645 3945; x_wconf 89' lang='lat' dir='ltr'><strong>ipso</strong></span> <span class='ocrx_word' id='word_1_597' title='bbox 2690 3872 2979 3944; x_wconf 81' lang='lat' dir='ltr'><strong>Cardariga</strong></span> <span class='ocrx_word' id='word_1_598' title='bbox 2998 3906 3015 3938; x_wconf 85' lang='lat'><strong>,</strong></span> <span class='ocrx_word' id='word_1_599' title='bbox 3045 3880 3098 3927; x_wconf 86' lang='lat' dir='ltr'><strong>et</strong></span> <span class='ocrx_word' id='word_1_600' title='bbox 3127 3871 3263 3927; x_wconf 82' lang='lat' dir='ltr'><strong>lecta</strong></span> <span class='ocrx_word' id='word_1_601' title='bbox 3293 3870 3524 3940; x_wconf 72' lang='lat' dir='ltr'><strong>epiatda</strong></span> 
     </span>
    </p>
   </div>
   <div class='ocr_carea' id='block_1_79' title="bbox 1928 3961 3525 4037">
    <p class='ocr_par' dir='ltr' id='par_1_79' title="bbox 1928 3961 3525 4037">
     <span class='ocr_line' id='line_1_79' title="bbox 1928 3961 3525 4037; baseline -0.005 -11"><span class='ocrx_word' id='word_1_602' title='bbox 1928 3971 2065 4027; x_wconf 73' lang='lat' dir='ltr'><strong>dixit</strong></span> <span class='ocrx_word' id='word_1_603' title='bbox 2105 3969 2171 4024; x_wconf 90' lang='lat' dir='ltr'><strong>ad</strong></span> <span class='ocrx_word' id='word_1_604' title='bbox 2204 3966 2549 4037; x_wconf 84' lang='lat' dir='ltr'><strong>Cardarigam</strong></span> <span class='ocrx_word' id='word_1_605' title='bbox 2584 3983 2597 4019; x_wconf 88' lang='lat'><strong>:</strong></span> <span class='ocrx_word' id='word_1_606' title='bbox 2630 3964 2903 4033; x_wconf 82' lang='lat' dir='ltr'><strong>Perspieis</strong></span> <span class='ocrx_word' id='word_1_607' title='bbox 2948 3972 3007 4018; x_wconf 87' lang='lat' dir='ltr'><strong>ut</strong></span> <span class='ocrx_word' id='word_1_608' title='bbox 3052 3963 3166 4017; x_wconf 67' lang='lat' dir='ltr'><strong>hac</strong></span> <span class='ocrx_word' id='word_1_609' title='bbox 3212 3961 3417 4017; x_wconf 68' lang='lat' dir='ltr'><strong>facias!</strong></span> <span class='ocrx_word' id='word_1_610' title='bbox 3452 3962 3525 4018; x_wconf 77' lang='lat' dir='ltr'><strong>At</strong></span> 
     </span>
    </p>
   </div>
   <div class='ocr_carea' id='block_1_80' title="bbox 1932 4050 3522 4130">
    <p class='ocr_par' dir='ltr' id='par_1_80' title="bbox 1932 4050 3522 4130">
     <span class='ocr_line' id='line_1_80' title="bbox 1932 4050 3522 4130; baseline -0.003 -17"><span class='ocrx_word' id='word_1_611' title='bbox 1932 4074 2062 4116; x_wconf 73' lang='lat' dir='ltr'><strong>vero</strong></span> <span class='ocrx_word' id='word_1_612' title='bbox 2099 4060 2365 4130; x_wconf 84' lang='lat' dir='ltr'><strong>principes</strong></span> <span class='ocrx_word' id='word_1_613' title='bbox 2397 4059 2579 4113; x_wconf 84' lang='lat' dir='ltr'><strong>furore</strong></span> <span class='ocrx_word' id='word_1_614' title='bbox 2611 4056 2898 4123; x_wconf 70' lang='lat' dir='ltr'><strong>coniuncti,</strong></span> <span class='ocrx_word' id='word_1_615' title='bbox 2940 4053 3189 4109; x_wconf 85' lang='lat' dir='ltr'><strong>abdicato</strong></span> <span class='ocrx_word' id='word_1_616' title='bbox 3222 4050 3522 4122; x_wconf 68' lang='lat' dir='ltr'><strong>Choaan</strong></span> 
     </span>
    </p>
   </div>
   <div class='ocr_carea' id='block_1_81' title="bbox 1934 4143 3523 4233">
    <p class='ocr_par' dir='ltr' id='par_1_81' title="bbox 1934 4143 3523 4233">
     <span class='ocr_line' id='line_1_81' title="bbox 1934 4143 3523 4233; baseline -0.004 -24"><span class='ocrx_word' id='word_1_617' title='bbox 1934 4152 2250 4224; x_wconf 85' lang='lat' dir='ltr'><strong>imperatori</strong></span> <span class='ocrx_word' id='word_1_618' title='bbox 2283 4149 2501 4233; x_wconf 78' lang='lat' dir='ltr'><strong>paciﬁca</strong></span> <span class='ocrx_word' id='word_1_619' title='bbox 2532 4154 2841 4218; x_wconf 85' lang='lat' dir='ltr'><strong>patrarunt,</strong></span> <span class='ocrx_word' id='word_1_620' title='bbox 2866 4154 2922 4201; x_wconf 84' lang='lat' dir='ltr'><strong>et</strong></span> <span class='ocrx_word' id='word_1_621' title='bbox 2962 4154 3147 4201; x_wconf 74' lang='lat' dir='ltr'><strong>mutuo</strong></span> <span class='ocrx_word' id='word_1_622' title='bbox 3176 4143 3307 4200; x_wconf 90' lang='lat' dir='ltr'><strong>inito</strong></span> <span class='ocrx_word' id='word_1_623' title='bbox 3340 4144 3523 4202; x_wconf 64' lang='lat' dir='ltr'><strong>conat-</strong></span> 
     </span>
    </p>
   </div>
   <div class='ocr_carea' id='block_1_82' title="bbox 206 4236 3528 4322">
    <p class='ocr_par' dir='ltr' id='par_1_82' title="bbox 206 4236 3528 4322">
     <span class='ocr_line' id='line_1_82' title="bbox 206 4236 3528 4322; baseline -0.005 -12"><span class='ocrx_word' id='word_1_624' title='bbox 206 4261 353 4310; x_wconf 78' lang='lat' dir='ltr'><strong>tum</strong></span> <span class='ocrx_word' id='word_1_625' title='bbox 399 4251 685 4322; x_wconf 88' lang='lat' dir='ltr'><strong>deposuit,</strong></span> <span class='ocrx_word' id='word_1_626' title='bbox 736 4263 1000 4321; x_wconf 82' lang='lat' dir='ltr'><strong>quatenus</strong></span> <span class='ocrx_word' id='word_1_627' title='bbox 1047 4252 1353 4308; x_wconf 86' lang='lat' dir='ltr'><strong>Cbosdroes</strong></span> <span class='ocrx_word' id='word_1_628' title='bbox 1393 4252 1624 4307; x_wconf 87' lang='lat' dir='ltr'><strong>disceret</strong></span> <span class='ocrx_word' id='word_1_629' title='bbox 1670 4264 1829 4319; x_wconf 84' lang='lat' dir='ltr'><strong>quam</strong></span> <span class='ocrx_word' id='word_1_630' title='bbox 1936 4247 2077 4311; x_wconf 87' lang='lat' dir='ltr'><strong>silio,</strong></span> <span class='ocrx_word' id='word_1_631' title='bbox 2111 4244 2310 4315; x_wconf 88' lang='lat' dir='ltr'><strong>placuit</strong></span> <span class='ocrx_word' id='word_1_632' title='bbox 2333 4252 2389 4298; x_wconf 90' lang='lat' dir='ltr'><strong>ut</strong></span> <span class='ocrx_word' id='word_1_633' title='bbox 2416 4241 2754 4298; x_wconf 86' lang='lat' dir='ltr'><strong>discederent</strong></span> <span class='ocrx_word' id='word_1_634' title='bbox 2784 4252 2814 4293; x_wconf 89' lang='lat' dir='ltr'><strong>a</strong></span> <span class='ocrx_word' id='word_1_635' title='bbox 2840 4237 3199 4302; x_wconf 81' lang='lat' dir='ltr'><strong>Chalcedone,</strong></span> <span class='ocrx_word' id='word_1_636' title='bbox 3224 4246 3278 4292; x_wconf 87' lang='lat' dir='ltr'><strong>et</strong></span> <span class='ocrx_word' id='word_1_637' title='bbox 3305 4236 3373 4291; x_wconf 85' lang='lat' dir='ltr'><strong>ad</strong></span> <span class='ocrx_word' id='word_1_638' title='bbox 3402 4251 3528 4305; x_wconf 84' lang='lat' dir='ltr'><strong>pro-</strong></span> 
     </span>
    </p>
   </div>
   <div class='ocr_carea' id='block_1_83' title="bbox 203 4328 3530 4408">
    <p class='ocr_par' dir='ltr' id='par_1_83' title="bbox 203 4328 3530 4408">
     <span class='ocr_line' id='line_1_83' title="bbox 203 4328 3530 4408; baseline -0.005 -7"><span class='ocrx_word' id='word_1_639' title='bbox 203 4346 432 4401; x_wconf 82' lang='lat' dir='ltr'><strong>durum</strong></span> <span class='ocrx_word' id='word_1_640' title='bbox 457 4343 613 4398; x_wconf 83' lang='lat' dir='ltr'><strong>Rom.</strong></span> <span class='ocrx_word' id='word_1_641' title='bbox 640 4342 921 4400; x_wconf 89' lang='lat' dir='ltr'><strong>habuerint</strong></span> <span class='ocrx_word' id='word_1_642' title='bbox 944 4345 1183 4401; x_wconf 85' lang='lat' dir='ltr'><strong>dolorem</strong></span> <span class='ocrx_word' id='word_1_643' title='bbox 1206 4344 1425 4399; x_wconf 82' lang='lat' dir='ltr'><strong>urbibus</strong></span> <span class='ocrx_word' id='word_1_644' title='bbox 1446 4345 1559 4398; x_wconf 88' lang='lat' dir='ltr'><strong>suis</strong></span> <span class='ocrx_word' id='word_1_645' title='bbox 1580 4341 1834 4397; x_wconf 87' lang='lat' dir='ltr'><strong>desolatis</strong></span> <span class='ocrx_word' id='word_1_646' title='bbox 1937 4339 2049 4408; x_wconf 88' lang='lat' dir='ltr'><strong>pria</strong></span> <span class='ocrx_word' id='word_1_647' title='bbox 2092 4344 2430 4403; x_wconf 88' lang='lat' dir='ltr'><strong>remearent,</strong></span> <span class='ocrx_word' id='word_1_648' title='bbox 2477 4334 2549 4388; x_wconf 90' lang='lat' dir='ltr'><strong>nil</strong></span> <span class='ocrx_word' id='word_1_649' title='bbox 2594 4330 3022 4389; x_wconf 73' lang='lat' dir='ltr'><strong>exterminaturi.</strong></span> <span class='ocrx_word' id='word_1_650' title='bbox 3064 4330 3329 4385; x_wconf 67' lang='lat' dir='ltr'><strong>Praterea</strong></span> <span class='ocrx_word' id='word_1_651' title='bbox 3357 4328 3530 4385; x_wconf 82' lang='lat' dir='ltr'><strong>Hera-</strong></span> 
     </span>
    </p>
   </div>
   <div class='ocr_carea' id='block_1_84' title="bbox 204 4420 3533 4504">
    <p class='ocr_par' dir='ltr' id='par_1_84' title="bbox 204 4420 3533 4504">
     <span class='ocr_line' id='line_1_84' title="bbox 204 4420 3533 4504; baseline -0.005 -11"><span class='ocrx_word' id='word_1_652' title='bbox 204 4437 300 4493; x_wconf 80' lang='lat' dir='ltr'><strong>ab</strong></span> <span class='ocrx_word' id='word_1_653' title='bbox 331 4450 397 4491; x_wconf 83' lang='lat' dir='ltr'><strong>eo</strong></span> <span class='ocrx_word' id='word_1_654' title='bbox 424 4434 595 4492; x_wconf 86' lang='lat' dir='ltr'><strong>nihilo</strong></span> <span class='ocrx_word' id='word_1_655' title='bbox 634 4436 847 4504; x_wconf 88' lang='lat' dir='ltr'><strong>minus,</strong></span> <span class='ocrx_word' id='word_1_656' title='bbox 891 4446 945 4491; x_wconf 89' lang='lat' dir='ltr'><strong>et</strong></span> <span class='ocrx_word' id='word_1_657' title='bbox 994 4438 1246 4493; x_wconf 88' lang='lat' dir='ltr'><strong>incensis.</strong></span> <span class='ocrx_word' id='word_1_658' title='bbox 1299 4435 1452 4491; x_wconf 84' lang='lat' dir='ltr'><strong>Tenti</strong></span> <span class='ocrx_word' id='word_1_659' title='bbox 1490 4444 1669 4490; x_wconf 84' lang='lat' dir='ltr'><strong>autent</strong></span> <span class='ocrx_word' id='word_1_660' title='bbox 1711 4443 1837 4488; x_wconf 86' lang='lat' dir='ltr'><strong>sunt</strong></span> <span class='ocrx_word' id='word_1_661' title='bbox 1937 4431 2072 4486; x_wconf 86' lang='lat' dir='ltr'><strong>clins</strong></span> <span class='ocrx_word' id='word_1_662' title='bbox 2101 4428 2315 4499; x_wconf 89' lang='lat' dir='ltr'><strong>scripsit</strong></span> <span class='ocrx_word' id='word_1_663' title='bbox 2341 4426 2409 4483; x_wconf 87' lang='lat' dir='ltr'><strong>ad</strong></span> <span class='ocrx_word' id='word_1_664' title='bbox 2433 4426 2747 4482; x_wconf 87' lang='lat' dir='ltr'><strong>Chosdroen</strong></span> <span class='ocrx_word' id='word_1_665' title='bbox 2778 4440 2793 4479; x_wconf 90' lang='lat'><strong>:</strong></span> <span class='ocrx_word' id='word_1_666' title='bbox 2822 4421 2935 4494; x_wconf 86' lang='lat' dir='ltr'><strong>Ego</strong></span> <span class='ocrx_word' id='word_1_667' title='bbox 2982 4434 3275 4492; x_wconf 78' lang='lat' dir='ltr'><strong>persequor</strong></span> <span class='ocrx_word' id='word_1_668' title='bbox 3302 4458 3319 4489; x_wconf 93' lang='lat'><strong>,</strong></span> <span class='ocrx_word' id='word_1_669' title='bbox 3367 4431 3424 4477; x_wconf 84' lang='lat' dir='ltr'><strong>et</strong></span> <span class='ocrx_word' id='word_1_670' title='bbox 3461 4420 3533 4477; x_wconf 74' lang='lat' dir='ltr'><strong>ad</strong></span> 
     </span>
    </p>
   </div>
   <div class='ocr_carea' id='block_1_85' title="bbox 207 4517 3533 4599">
    <p class='ocr_par' dir='ltr' id='par_1_85' title="bbox 207 4517 3533 4599">
     <span class='ocr_line' id='line_1_85' title="bbox 207 4517 3533 4599; baseline -0.005 -13"><span class='ocrx_word' id='word_1_671' title='bbox 207 4544 301 4586; x_wconf 81' lang='lat' dir='ltr'><strong>ex</strong></span> <span class='ocrx_word' id='word_1_672' title='bbox 336 4528 525 4583; x_wconf 89' lang='lat' dir='ltr'><strong>aulicis</strong></span> <span class='ocrx_word' id='word_1_673' title='bbox 554 4527 737 4597; x_wconf 86' lang='lat' dir='ltr'><strong>palatii</strong></span> <span class='ocrx_word' id='word_1_674' title='bbox 767 4529 951 4595; x_wconf 89' lang='lat' dir='ltr'><strong>multi,</strong></span> <span class='ocrx_word' id='word_1_675' title='bbox 990 4530 1082 4599; x_wconf 89' lang='lat' dir='ltr'><strong>qui</strong></span> <span class='ocrx_word' id='word_1_676' title='bbox 1136 4529 1442 4599; x_wconf 87' lang='lat' dir='ltr'><strong>interrogati</strong></span> <span class='ocrx_word' id='word_1_677' title='bbox 1485 4527 1699 4597; x_wconf 88' lang='lat' dir='ltr'><strong>quando</strong></span> <span class='ocrx_word' id='word_1_678' title='bbox 1726 4526 1833 4580; x_wconf 88' lang='lat' dir='ltr'><strong>dis-</strong></span> <span class='ocrx_word' id='word_1_679' title='bbox 1858 4566 1912 4599; x_wconf 56' lang='grc' dir='ltr'><strong>η</strong></span> <span class='ocrx_word' id='word_1_680' title='bbox 1941 4542 2129 4597; x_wconf 86' lang='lat' dir='ltr'><strong>pacem</strong></span> <span class='ocrx_word' id='word_1_681' title='bbox 2179 4536 2358 4579; x_wconf 88' lang='lat' dir='ltr'><strong>curro.</strong></span> <span class='ocrx_word' id='word_1_682' title='bbox 2403 4522 2518 4577; x_wconf 78' lang='lat' dir='ltr'><strong>Non</strong></span> <span class='ocrx_word' id='word_1_683' title='bbox 2566 4520 2709 4575; x_wconf 86' lang='lat' dir='ltr'><strong>enim</strong></span> <span class='ocrx_word' id='word_1_684' title='bbox 2760 4517 3093 4573; x_wconf 86' lang='lat' dir='ltr'><strong>voluntarius</strong></span> <span class='ocrx_word' id='word_1_685' title='bbox 3124 4517 3245 4586; x_wconf 83' lang='lat' dir='ltr'><strong>igne</strong></span> <span class='ocrx_word' id='word_1_686' title='bbox 3273 4528 3533 4571; x_wconf 79' lang='lat' dir='ltr'><strong>consumo</strong></span> 
     </span>
    </p>
   </div>
   <div class='ocr_carea' id='block_1_86' title="bbox 206 4610 3532 4691">
    <p class='ocr_par' dir='ltr' id='par_1_86' title="bbox 206 4610 3532 4691">
     <span class='ocr_line' id='line_1_86' title="bbox 206 4610 3532 4691; baseline -0.005 -13"><span class='ocrx_word' id='word_1_687' title='bbox 206 4620 473 4678; x_wconf 85' lang='lat' dir='ltr'><strong>cesserit</strong></span> <span class='ocrx_word' id='word_1_688' title='bbox 518 4620 826 4677; x_wconf 89' lang='lat' dir='ltr'><strong>Chosdroes</strong></span> <span class='ocrx_word' id='word_1_689' title='bbox 877 4635 909 4676; x_wconf 89' lang='lat' dir='ltr'><strong>a</strong></span> <span class='ocrx_word' id='word_1_690' title='bbox 955 4621 1323 4691; x_wconf 87' lang='lat' dir='ltr'><strong>Damastager,</strong></span> <span class='ocrx_word' id='word_1_691' title='bbox 1374 4629 1657 4688; x_wconf 85' lang='lat' dir='ltr'><strong>asserunt,</strong></span> <span class='ocrx_word' id='word_1_692' title='bbox 1712 4629 1836 4674; x_wconf 86' lang='lat' dir='ltr'><strong>ante</strong></span> <span class='ocrx_word' id='word_1_693' title='bbox 1860 4610 1910 4629; x_wconf 70' lang='grc' dir='ltr'>ν</span> <span class='ocrx_word' id='word_1_694' title='bbox 1941 4619 2250 4685; x_wconf 83' lang='lat' dir='ltr'><strong>Persidem,</strong></span> <span class='ocrx_word' id='word_1_695' title='bbox 2279 4616 2375 4672; x_wconf 88' lang='lat' dir='ltr'><strong>sed</strong></span> <span class='ocrx_word' id='word_1_696' title='bbox 2404 4617 2511 4671; x_wconf 88' lang='lat' dir='ltr'><strong>vim</strong></span> <span class='ocrx_word' id='word_1_697' title='bbox 2548 4628 2735 4685; x_wconf 88' lang='lat' dir='ltr'><strong>passus</strong></span> <span class='ocrx_word' id='word_1_698' title='bbox 2771 4614 2865 4669; x_wconf 84' lang='lat' dir='ltr'><strong>abs</strong></span> <span class='ocrx_word' id='word_1_699' title='bbox 2897 4621 2966 4667; x_wconf 91' lang='lat' dir='ltr'><strong>te.</strong></span> <span class='ocrx_word' id='word_1_700' title='bbox 3016 4610 3367 4681; x_wconf 73' lang='lat' dir='ltr'><strong>Projiciamus</strong></span> <span class='ocrx_word' id='word_1_701' title='bbox 3403 4622 3532 4679; x_wconf 82' lang='lat' dir='ltr'><strong>ergo</strong></span> 
     </span>
    </p>
   </div>
   <div class='ocr_carea' id='block_1_87' title="bbox 210 4701 3530 4786">
    <p class='ocr_par' dir='ltr' id='par_1_87' title="bbox 210 4701 3530 4786">
     <span class='ocr_line' id='line_1_87' title="bbox 210 4701 3530 4786; baseline -0.006 -12"><span class='ocrx_word' id='word_1_702' title='bbox 210 4730 444 4774; x_wconf 82' lang='lat' dir='ltr'><strong>novem</strong></span> <span class='ocrx_word' id='word_1_703' title='bbox 472 4713 589 4771; x_wconf 88' lang='lat' dir='ltr'><strong>dies</strong></span> <span class='ocrx_word' id='word_1_704' title='bbox 622 4714 929 4786; x_wconf 88' lang='lat' dir='ltr'><strong>priusquam</strong></span> <span class='ocrx_word' id='word_1_705' title='bbox 963 4728 1058 4770; x_wconf 78' lang='lat' dir='ltr'><strong>vos</strong></span> <span class='ocrx_word' id='word_1_706' title='bbox 1084 4714 1361 4781; x_wconf 83' lang='lat' dir='ltr'><strong>veniretis,</strong></span> <span class='ocrx_word' id='word_1_707' title='bbox 1392 4713 1577 4767; x_wconf 89' lang='lat' dir='ltr'><strong>audito</strong></span> <span class='ocrx_word' id='word_1_708' title='bbox 1608 4712 1838 4768; x_wconf 83' lang='lat' dir='ltr'><strong>adventu</strong></span> <span class='ocrx_word' id='word_1_709' title='bbox 1940 4715 2130 4769; x_wconf 83' lang='lat' dir='ltr'><strong>saltem</strong></span> <span class='ocrx_word' id='word_1_710' title='bbox 2165 4726 2305 4766; x_wconf 88' lang='lat' dir='ltr'><strong>nunc</strong></span> <span class='ocrx_word' id='word_1_711' title='bbox 2334 4724 2514 4778; x_wconf 88' lang='lat' dir='ltr'><strong>arma,</strong></span> <span class='ocrx_word' id='word_1_712' title='bbox 2556 4717 2609 4763; x_wconf 87' lang='lat' dir='ltr'><strong>et</strong></span> <span class='ocrx_word' id='word_1_713' title='bbox 2645 4720 2826 4777; x_wconf 84' lang='lat' dir='ltr'><strong>pacem</strong></span> <span class='ocrx_word' id='word_1_714' title='bbox 2866 4703 3253 4774; x_wconf 86' lang='lat' dir='ltr'><strong>amplectamur</strong></span> <span class='ocrx_word' id='word_1_715' title='bbox 3286 4701 3530 4757; x_wconf 85' lang='lat' dir='ltr'><strong>:exstin-</strong></span> 
     </span>
    </p>
   </div>
   <div class='ocr_carea' id='block_1_88' title="bbox 206 4793 3533 4880">
    <p class='ocr_par' dir='ltr' id='par_1_88' title="bbox 206 4793 3533 4880">
     <span class='ocr_line' id='line_1_88' title="bbox 206 4793 3533 4880; baseline -0.005 -13"><span class='ocrx_word' id='word_1_716' title='bbox 206 4819 431 4868; x_wconf 74' lang='lat' dir='ltr'><strong>vestro</strong></span> <span class='ocrx_word' id='word_1_717' title='bbox 450 4849 467 4875; x_wconf 96' lang='lat'><strong>,</strong></span> <span class='ocrx_word' id='word_1_718' title='bbox 495 4808 724 4864; x_wconf 88' lang='lat' dir='ltr'><strong>latenter</strong></span> <span class='ocrx_word' id='word_1_719' title='bbox 752 4819 967 4879; x_wconf 87' lang='lat' dir='ltr'><strong>pertuso</strong></span> <span class='ocrx_word' id='word_1_720' title='bbox 990 4822 1143 4863; x_wconf 89' lang='lat' dir='ltr'><strong>muro</strong></span> <span class='ocrx_word' id='word_1_721' title='bbox 1169 4808 1405 4864; x_wconf 86' lang='lat' dir='ltr'><strong>civitatis</strong></span> <span class='ocrx_word' id='word_1_722' title='bbox 1424 4849 1438 4875; x_wconf 92' lang='lat'><strong>,</strong></span> <span class='ocrx_word' id='word_1_723' title='bbox 1465 4806 1555 4876; x_wconf 87' lang='lat' dir='ltr'><strong>qui</strong></span> <span class='ocrx_word' id='word_1_724' title='bbox 1583 4814 1666 4861; x_wconf 80' lang='lat' dir='ltr'><strong>est</strong></span> <span class='ocrx_word' id='word_1_725' title='bbox 1687 4806 1839 4876; x_wconf 81' lang='lat' dir='ltr'><strong>juxta</strong></span> <span class='ocrx_word' id='word_1_726' title='bbox 1941 4822 2166 4880; x_wconf 80' lang='lat' dir='ltr'><strong>guamus</strong></span> <span class='ocrx_word' id='word_1_727' title='bbox 2193 4807 2392 4877; x_wconf 89' lang='lat' dir='ltr'><strong>ignem,</strong></span> <span class='ocrx_word' id='word_1_728' title='bbox 2417 4804 2727 4874; x_wconf 88' lang='lat' dir='ltr'><strong>priusquam</strong></span> <span class='ocrx_word' id='word_1_729' title='bbox 2752 4800 2997 4854; x_wconf 88' lang='lat' dir='ltr'><strong>universa</strong></span> <span class='ocrx_word' id='word_1_730' title='bbox 3029 4793 3342 4852; x_wconf 79' lang='lat' dir='ltr'><strong>inﬂammet.</strong></span> <span class='ocrx_word' id='word_1_731' title='bbox 3371 4793 3533 4849; x_wconf 82' lang='lat' dir='ltr'><strong>Cum-</strong></span> 
     </span>
    </p>
   </div>
   <div class='ocr_carea' id='block_1_89' title="bbox 209 4884 3534 4974">
    <p class='ocr_par' dir='ltr' id='par_1_89' title="bbox 209 4884 3534 4974">
     <span class='ocr_line' id='line_1_89' title="bbox 209 4884 3534 4974; baseline -0.005 -19"><span class='ocrx_word' id='word_1_732' title='bbox 209 4901 531 4974; x_wconf 84' lang='lat' dir='ltr'><strong>palatium,</strong></span> <span class='ocrx_word' id='word_1_733' title='bbox 563 4908 766 4956; x_wconf 89' lang='lat' dir='ltr'><strong>temere</strong></span> <span class='ocrx_word' id='word_1_734' title='bbox 796 4915 889 4969; x_wconf 90' lang='lat' dir='ltr'><strong>per</strong></span> <span class='ocrx_word' id='word_1_735' title='bbox 911 4896 939 4935; x_wconf 75' lang='grc'><strong>¹&gt;</strong></span> <span class='ocrx_word' id='word_1_736' title='bbox 970 4908 1145 4955; x_wconf 88' lang='lat' dir='ltr'><strong>crates</strong></span> <span class='ocrx_word' id='word_1_737' title='bbox 1171 4900 1334 4955; x_wconf 78' lang='lat' dir='ltr'><strong>exivit</strong></span> <span class='ocrx_word' id='word_1_738' title='bbox 1362 4900 1493 4967; x_wconf 83' lang='lat' dir='ltr'><strong>ipse,</strong></span> <span class='ocrx_word' id='word_1_739' title='bbox 1526 4909 1581 4955; x_wconf 87' lang='lat' dir='ltr'><strong>et</strong></span> <span class='ocrx_word' id='word_1_740' title='bbox 1610 4912 1764 4966; x_wconf 82' lang='lat' dir='ltr'><strong>uxor,</strong></span> <span class='ocrx_word' id='word_1_741' title='bbox 1787 4906 1843 4954; x_wconf 90' lang='lat' dir='ltr'><strong>et</strong></span> <span class='ocrx_word' id='word_1_742' title='bbox 1946 4918 2048 4972; x_wconf 87' lang='lat' dir='ltr'><strong>que</strong></span> <span class='ocrx_word' id='word_1_743' title='bbox 2067 4899 2374 4955; x_wconf 88' lang='lat' dir='ltr'><strong>Chosdroes</strong></span> <span class='ocrx_word' id='word_1_744' title='bbox 2401 4896 2500 4952; x_wconf 89' lang='lat' dir='ltr'><strong>hoc</strong></span> <span class='ocrx_word' id='word_1_745' title='bbox 2523 4909 2629 4950; x_wconf 93' lang='lat' dir='ltr'><strong>non</strong></span> <span class='ocrx_word' id='word_1_746' title='bbox 2655 4891 2979 4957; x_wconf 85' lang='lat' dir='ltr'><strong>admisisset,</strong></span> <span class='ocrx_word' id='word_1_747' title='bbox 3006 4899 3328 4958; x_wconf 80' lang='lat' dir='ltr'><strong>magnopere</strong></span> <span class='ocrx_word' id='word_1_748' title='bbox 3349 4884 3534 4940; x_wconf 83' lang='lat' dir='ltr'><strong>odium</strong></span> 
     </span>
    </p>
   </div>
   <div class='ocr_carea' id='block_1_90' title="bbox 210 4978 3537 5065">
    <p class='ocr_par' dir='ltr' id='par_1_90' title="bbox 210 4978 3537 5065">
     <span class='ocr_line' id='line_1_90' title="bbox 210 4978 3537 5065; baseline -0.007 -13"><span class='ocrx_word' id='word_1_749' title='bbox 210 4998 343 5053; x_wconf 74' lang='lat' dir='ltr'><strong>ﬁlii</strong></span> <span class='ocrx_word' id='word_1_750' title='bbox 386 4995 543 5064; x_wconf 83' lang='lat' dir='ltr'><strong>ejus,</strong></span> <span class='ocrx_word' id='word_1_751' title='bbox 587 5004 656 5051; x_wconf 87' lang='lat' dir='ltr'><strong>ne</strong></span> <span class='ocrx_word' id='word_1_752' title='bbox 698 4994 853 5050; x_wconf 86' lang='lat' dir='ltr'><strong>lieret</strong></span> <span class='ocrx_word' id='word_1_753' title='bbox 900 4995 1155 5050; x_wconf 85' lang='lat' dir='ltr'><strong>tumultus</strong></span> <span class='ocrx_word' id='word_1_754' title='bbox 1199 4995 1253 5049; x_wconf 85' lang='lat' dir='ltr'><strong>in</strong></span> <span class='ocrx_word' id='word_1_755' title='bbox 1292 4994 1539 5061; x_wconf 85' lang='lat' dir='ltr'><strong>civitate,</strong></span> <span class='ocrx_word' id='word_1_756' title='bbox 1579 5004 1633 5049; x_wconf 89' lang='lat' dir='ltr'><strong>et</strong></span> <span class='ocrx_word' id='word_1_757' title='bbox 1672 5008 1844 5063; x_wconf 89' lang='lat' dir='ltr'><strong>neque</strong></span> <span class='ocrx_word' id='word_1_758' title='bbox 1947 4992 2130 5065; x_wconf 92' lang='lat' dir='ltr'><strong>populi</strong></span> <span class='ocrx_word' id='word_1_759' title='bbox 2183 4989 2417 5047; x_wconf 84' lang='lat' dir='ltr'><strong>Persidis</strong></span> <span class='ocrx_word' id='word_1_760' title='bbox 2468 4986 2637 5043; x_wconf 82' lang='lat' dir='ltr'><strong>crevit</strong></span> <span class='ocrx_word' id='word_1_761' title='bbox 2681 4985 2941 5040; x_wconf 86' lang='lat' dir='ltr'><strong>adversus</strong></span> <span class='ocrx_word' id='word_1_762' title='bbox 2995 4994 3139 5036; x_wconf 84' lang='lat' dir='ltr'><strong>eum.</strong></span> <span class='ocrx_word' id='word_1_763' title='bbox 3198 4978 3359 5033; x_wconf 81' lang='lat' dir='ltr'><strong>Movit</strong></span> <span class='ocrx_word' id='word_1_764' title='bbox 3406 4989 3537 5046; x_wconf 83' lang='lat' dir='ltr'><strong>ergo</strong></span> 
     </span>
    </p>
   </div>
   <div class='ocr_carea' id='block_1_91' title="bbox 204 5069 3539 5159">
    <p class='ocr_par' dir='ltr' id='par_1_91' title="bbox 204 5069 3539 5159">
     <span class='ocr_line' id='line_1_91' title="bbox 204 5069 3539 5159; baseline -0.005 -17"><span class='ocrx_word' id='word_1_765' title='bbox 204 5087 462 5149; x_wconf 70' lang='lat' dir='ltr'><strong>militias</strong></span> <span class='ocrx_word' id='word_1_766' title='bbox 489 5088 658 5157; x_wconf 89' lang='lat' dir='ltr'><strong>ipsius</strong></span> <span class='ocrx_word' id='word_1_767' title='bbox 682 5102 1001 5158; x_wconf 81' lang='lat' dir='ltr'><strong>cognovere,</strong></span> <span class='ocrx_word' id='word_1_768' title='bbox 1026 5103 1199 5158; x_wconf 88' lang='lat' dir='ltr'><strong>neque</strong></span> <span class='ocrx_word' id='word_1_769' title='bbox 1222 5088 1491 5159; x_wconf 85' lang='lat' dir='ltr'><strong>principes</strong></span> <span class='ocrx_word' id='word_1_770' title='bbox 1514 5088 1653 5155; x_wconf 72' lang='lat' dir='ltr'><strong>eius,</strong></span> <span class='ocrx_word' id='word_1_771' title='bbox 1680 5100 1846 5157; x_wconf 89' lang='lat' dir='ltr'><strong>usque</strong></span> <span class='ocrx_word' id='word_1_772' title='bbox 1946 5084 2253 5153; x_wconf 85' lang='lat' dir='ltr'><strong>Chosdroes</strong></span> <span class='ocrx_word' id='word_1_773' title='bbox 2284 5081 2527 5137; x_wconf 88' lang='lat' dir='ltr'><strong>homines</strong></span> <span class='ocrx_word' id='word_1_774' title='bbox 2560 5077 2856 5148; x_wconf 86' lang='lat' dir='ltr'><strong>principum</strong></span> <span class='ocrx_word' id='word_1_775' title='bbox 2889 5088 3127 5135; x_wconf 89' lang='lat' dir='ltr'><strong>suorum,</strong></span> <span class='ocrx_word' id='word_1_776' title='bbox 3159 5078 3216 5126; x_wconf 90' lang='lat' dir='ltr'><strong>et</strong></span> <span class='ocrx_word' id='word_1_777' title='bbox 3240 5083 3398 5125; x_wconf 86' lang='lat' dir='ltr'><strong>omne</strong></span> <span class='ocrx_word' id='word_1_778' title='bbox 3429 5069 3539 5126; x_wconf 92' lang='lat' dir='ltr'><strong>ob-</strong></span> 
     </span>
    </p>
   </div>
   <div class='ocr_carea' id='block_1_92' title="bbox 206 5160 3527 5255">
    <p class='ocr_par' dir='ltr' id='par_1_92' title="bbox 206 5160 3527 5255">
     <span class='ocr_line' id='line_1_92' title="bbox 206 5160 3527 5255; baseline -0.006 -20"><span class='ocrx_word' id='word_1_779' title='bbox 206 5196 360 5255; x_wconf 83' lang='lat' dir='ltr'><strong>quo</strong></span> <span class='ocrx_word' id='word_1_780' title='bbox 385 5180 657 5236; x_wconf 88' lang='lat' dir='ltr'><strong>milliariis</strong></span> <span class='ocrx_word' id='word_1_781' title='bbox 684 5182 917 5252; x_wconf 90' lang='lat' dir='ltr'><strong>quinque</strong></span> <span class='ocrx_word' id='word_1_782' title='bbox 941 5180 1194 5251; x_wconf 87' lang='lat' dir='ltr'><strong>perrexit.</strong></span> <span class='ocrx_word' id='word_1_783' title='bbox 1222 5178 1279 5237; x_wconf 88' lang='lat' dir='ltr'><strong>Si</strong></span> <span class='ocrx_word' id='word_1_784' title='bbox 1302 5180 1517 5251; x_wconf 86' lang='lat' dir='ltr'><strong>quidem</strong></span> <span class='ocrx_word' id='word_1_785' title='bbox 1544 5191 1669 5236; x_wconf 85' lang='lat' dir='ltr'><strong>tune</strong></span> <span class='ocrx_word' id='word_1_786' title='bbox 1696 5195 1845 5235; x_wconf 86' lang='lat' dir='ltr'><strong>man-</strong></span> <span class='ocrx_word' id='word_1_787' title='bbox 1948 5178 2192 5248; x_wconf 86' lang='lat' dir='ltr'><strong>sequium</strong></span> <span class='ocrx_word' id='word_1_788' title='bbox 2222 5190 2398 5241; x_wconf 88' lang='lat' dir='ltr'><strong>suum,</strong></span> <span class='ocrx_word' id='word_1_789' title='bbox 2435 5182 2488 5229; x_wconf 91' lang='lat' dir='ltr'><strong>et</strong></span> <span class='ocrx_word' id='word_1_790' title='bbox 2518 5171 2803 5228; x_wconf 88' lang='lat' dir='ltr'><strong>mulierum</strong></span> <span class='ocrx_word' id='word_1_791' title='bbox 2832 5180 3072 5232; x_wconf 85' lang='lat' dir='ltr'><strong>suarum,</strong></span> <span class='ocrx_word' id='word_1_792' title='bbox 3094 5173 3148 5221; x_wconf 87' lang='lat' dir='ltr'><strong>et</strong></span> <span class='ocrx_word' id='word_1_793' title='bbox 3176 5160 3276 5218; x_wconf 84' lang='lat' dir='ltr'><strong>hos</strong></span> <span class='ocrx_word' id='word_1_794' title='bbox 3300 5170 3527 5255; x_wconf 51' lang='grc' dir='ltr'><strong>κηπαίᾳ</strong></span> 
     </span>
    </p>
   </div>
   <div class='ocr_carea' id='block_1_93' title="bbox 1950 5251 3534 5325">
    <p class='ocr_par' dir='ltr' id='par_1_93' title="bbox 1950 5251 3534 5325">
     <span class='ocr_line' id='line_1_93' title="bbox 1950 5251 3534 5325; baseline -0.009 -2"><span class='ocrx_word' id='word_1_795' title='bbox 1950 5268 2145 5323; x_wconf 75' lang='lat' dir='ltr'><strong>direxit</strong></span> <span class='ocrx_word' id='word_1_796' title='bbox 2187 5264 2443 5322; x_wconf 81' lang='lat' dir='ltr'><strong>exercitui</strong></span> <span class='ocrx_word' id='word_1_797' title='bbox 2480 5264 2741 5319; x_wconf 85' lang='lat' dir='ltr'><strong>nniendos</strong></span> <span class='ocrx_word' id='word_1_798' title='bbox 2770 5260 3014 5325; x_wconf 80' lang='lat' dir='ltr'><strong>Razatis,</strong></span> <span class='ocrx_word' id='word_1_799' title='bbox 3042 5266 3096 5311; x_wconf 86' lang='lat' dir='ltr'><strong>et</strong></span> <span class='ocrx_word' id='word_1_800' title='bbox 3133 5264 3369 5311; x_wconf 83' lang='lat' dir='ltr'><strong>staturos</strong></span> <span class='ocrx_word' id='word_1_801' title='bbox 3395 5251 3534 5324; x_wconf 84' lang='lat' dir='ltr'><strong>apud</strong></span> 
     </span>
    </p>
   </div>
   <div class='ocr_carea' id='block_1_94' title="bbox 1952 5347 3542 5419">
    <p class='ocr_par' dir='ltr' id='par_1_94' title="bbox 1952 5347 3542 5419">
     <span class='ocr_line' id='line_1_94' title="bbox 1952 5347 3542 5419; baseline -0.008 -6"><span class='ocrx_word' id='word_1_802' title='bbox 1952 5357 2185 5413; x_wconf 83' lang='lat' dir='ltr'><strong>Narbam</strong></span> <span class='ocrx_word' id='word_1_803' title='bbox 2209 5356 2427 5413; x_wconf 82' lang='lat' dir='ltr'><strong>fluvium</strong></span> <span class='ocrx_word' id='word_1_804' title='bbox 2450 5369 2527 5412; x_wconf 85' lang='lat' dir='ltr'><strong>xtr</strong></span> <span class='ocrx_word' id='word_1_805' title='bbox 2550 5354 2784 5410; x_wconf 85' lang='lat' dir='ltr'><strong>millibus</strong></span> <span class='ocrx_word' id='word_1_806' title='bbox 2806 5366 2837 5407; x_wconf 85' lang='lat' dir='ltr'><strong>a</strong></span> <span class='ocrx_word' id='word_1_807' title='bbox 2858 5349 3207 5419; x_wconf 87' lang='lat' dir='ltr'><strong>Ctesiphonte</strong></span> <span class='ocrx_word' id='word_1_808' title='bbox 3228 5347 3542 5415; x_wconf 80' lang='lat' dir='ltr'><strong>distantem,</strong></span> 
     </span>
    </p>
   </div>
   <div class='ocr_carea' id='block_1_95' title="bbox 1953 5440 3539 5520">
    <p class='ocr_par' dir='ltr' id='par_1_95' title="bbox 1953 5440 3539 5520">
     <span class='ocr_line' id='line_1_95' title="bbox 1953 5440 3539 5520; baseline -0.009 -13"><span class='ocrx_word' id='word_1_809' title='bbox 1953 5458 2010 5507; x_wconf 88' lang='lat' dir='ltr'><strong>et</strong></span> <span class='ocrx_word' id='word_1_810' title='bbox 2031 5450 2194 5520; x_wconf 84' lang='lat' dir='ltr'><strong>jussit</strong></span> <span class='ocrx_word' id='word_1_811' title='bbox 2232 5463 2325 5505; x_wconf 86' lang='lat' dir='ltr'><strong>eos</strong></span> <span class='ocrx_word' id='word_1_812' title='bbox 2353 5489 2369 5515; x_wconf 96' lang='lat'><strong>,</strong></span> <span class='ocrx_word' id='word_1_813' title='bbox 2401 5457 2460 5503; x_wconf 89' lang='lat' dir='ltr'><strong>ut</strong></span> <span class='ocrx_word' id='word_1_814' title='bbox 2501 5449 2627 5502; x_wconf 88' lang='lat' dir='ltr'><strong>dum</strong></span> <span class='ocrx_word' id='word_1_815' title='bbox 2676 5458 2888 5499; x_wconf 89' lang='lat' dir='ltr'><strong>amnem</strong></span> <span class='ocrx_word' id='word_1_816' title='bbox 2934 5442 3186 5497; x_wconf 79' lang='lat' dir='ltr'><strong>transiret</strong></span> <span class='ocrx_word' id='word_1_817' title='bbox 3224 5440 3539 5509; x_wconf 82' lang='lat' dir='ltr'><strong>imperator,</strong></span> 
     </span>
    </p>
   </div>
   <div class='ocr_carea' id='block_1_96' title="bbox 1955 5528 3542 5613">
    <p class='ocr_par' dir='ltr' id='par_1_96' title="bbox 1955 5528 3542 5613">
     <span class='ocr_line' id='line_1_96' title="bbox 1955 5528 3542 5613; baseline -0.01 -12"><span class='ocrx_word' id='word_1_818' title='bbox 1955 5542 2254 5601; x_wconf 86' lang='lat' dir='ltr'><strong>inciderent</strong></span> <span class='ocrx_word' id='word_1_819' title='bbox 2282 5548 2491 5613; x_wconf 88' lang='lat' dir='ltr'><strong>pontes.</strong></span> <span class='ocrx_word' id='word_1_820' title='bbox 2540 5544 2639 5595; x_wconf 83' lang='lat' dir='ltr'><strong>Ast</strong></span> <span class='ocrx_word' id='word_1_821' title='bbox 2674 5539 2966 5608; x_wconf 85' lang='lat' dir='ltr'><strong>imperator</strong></span> <span class='ocrx_word' id='word_1_822' title='bbox 3002 5548 3075 5591; x_wconf 86' lang='lat' dir='ltr'><strong>vn</strong></span> <span class='ocrx_word' id='word_1_823' title='bbox 3112 5533 3234 5589; x_wconf 85' lang='lat' dir='ltr'><strong>Idus</strong></span> <span class='ocrx_word' id='word_1_824' title='bbox 3261 5528 3542 5588; x_wconf 71' lang='lat' dir='ltr'><strong>Ianuarias</strong></span> 
     </span>
    </p>
   </div>
   <div class='ocr_carea' id='block_1_97' title="bbox 1956 5625 3540 5706">
    <p class='ocr_par' dir='ltr' id='par_1_97' title="bbox 1956 5625 3540 5706">
     <span class='ocr_line' id='line_1_97' title="bbox 1956 5625 3540 5706; baseline -0.011 -10"><span class='ocrx_word' id='word_1_825' title='bbox 1956 5647 2135 5698; x_wconf 87' lang='lat' dir='ltr'><strong>motus</strong></span> <span class='ocrx_word' id='word_1_826' title='bbox 2159 5651 2189 5693; x_wconf 90' lang='lat' dir='ltr'><strong>a</strong></span> <span class='ocrx_word' id='word_1_827' title='bbox 2218 5634 2599 5706; x_wconf 86' lang='lat' dir='ltr'><strong>Damastager,</strong></span> <span class='ocrx_word' id='word_1_828' title='bbox 2630 5646 2753 5689; x_wconf 86' lang='lat' dir='ltr'><strong>cum</strong></span> <span class='ocrx_word' id='word_1_829' title='bbox 2798 5630 3018 5686; x_wconf 83' lang='lat' dir='ltr'><strong>abiisset</strong></span> <span class='ocrx_word' id='word_1_830' title='bbox 3044 5626 3214 5684; x_wconf 82' lang='lat' dir='ltr'><strong>tribus</strong></span> <span class='ocrx_word' id='word_1_831' title='bbox 3236 5625 3428 5683; x_wconf 79' lang='lat' dir='ltr'><strong>diebus</strong></span> <span class='ocrx_word' id='word_1_832' title='bbox 3448 5636 3540 5679; x_wconf 60' lang='lat' dir='ltr'><strong>ean</strong></span> 
     </span>
    </p>
   </div>
   <div class='ocr_carea' id='block_1_98' title="bbox 206 5272 1851 5344">
    <p class='ocr_par' dir='ltr' id='par_1_98' title="bbox 206 5272 1851 5344">
     <span class='ocr_line' id='line_1_98' title="bbox 206 5272 1851 5344; baseline 0 -17"><span class='ocrx_word' id='word_1_833' title='bbox 206 5274 417 5338; x_wconf 76' lang='lat' dir='ltr'><strong>davit,</strong></span> <span class='ocrx_word' id='word_1_834' title='bbox 453 5273 595 5344; x_wconf 88' lang='lat' dir='ltr'><strong>quod</strong></span> <span class='ocrx_word' id='word_1_835' title='bbox 627 5283 979 5341; x_wconf 89' lang='lat' dir='ltr'><strong>sequerentur</strong></span> <span class='ocrx_word' id='word_1_836' title='bbox 1008 5272 1415 5342; x_wconf 85' lang='lat' dir='ltr'><strong>Ctesiphontem</strong></span> <span class='ocrx_word' id='word_1_837' title='bbox 1446 5273 1762 5339; x_wconf 89' lang='lat' dir='ltr'><strong>tendentes,</strong></span> <span class='ocrx_word' id='word_1_838' title='bbox 1794 5282 1851 5328; x_wconf 93' lang='lat' dir='ltr'><strong>et</strong></span> 
     </span>
    </p>
   </div>
   <div class='ocr_carea' id='block_1_99' title="bbox 203 5356 1850 5434">
    <p class='ocr_par' dir='ltr' id='par_1_99' title="bbox 203 5356 1850 5434">
     <span class='ocr_line' id='line_1_99' title="bbox 203 5356 1850 5434; baseline -0.002 -13"><span class='ocrx_word' id='word_1_839' title='bbox 203 5370 289 5426; x_wconf 61' lang='lat' dir='ltr'><strong>is</strong></span> <span class='ocrx_word' id='word_1_840' title='bbox 348 5366 443 5434; x_wconf 90' lang='lat' dir='ltr'><strong>qui</strong></span> <span class='ocrx_word' id='word_1_841' title='bbox 491 5378 597 5419; x_wconf 92' lang='lat' dir='ltr'><strong>non</strong></span> <span class='ocrx_word' id='word_1_842' title='bbox 643 5372 851 5433; x_wconf 88' lang='lat' dir='ltr'><strong>poterat</strong></span> <span class='ocrx_word' id='word_1_843' title='bbox 880 5356 1061 5420; x_wconf 86' lang='lat' dir='ltr'><strong>facere</strong></span> <span class='ocrx_word' id='word_1_844' title='bbox 1088 5380 1120 5419; x_wconf 91' lang='lat' dir='ltr'><strong>v</strong></span> <span class='ocrx_word' id='word_1_845' title='bbox 1150 5364 1401 5421; x_wconf 88' lang='lat' dir='ltr'><strong>milliaria</strong></span> <span class='ocrx_word' id='word_1_846' title='bbox 1434 5378 1528 5433; x_wconf 89' lang='lat' dir='ltr'><strong>per</strong></span> <span class='ocrx_word' id='word_1_847' title='bbox 1556 5366 1731 5431; x_wconf 90' lang='lat' dir='ltr'><strong>diem,</strong></span> <span class='ocrx_word' id='word_1_848' title='bbox 1764 5363 1850 5419; x_wconf 88' lang='lat' dir='ltr'><strong>fu-</strong></span> 
     </span>
    </p>
   </div>
   <div class='ocr_carea' id='block_1_100' title="bbox 206 5452 1854 5531">
    <p class='ocr_par' dir='ltr' id='par_1_100' title="bbox 206 5452 1854 5531">
     <span class='ocr_line' id='line_1_100' title="bbox 206 5452 1854 5531; baseline -0.001 -21"><span class='ocrx_word' id='word_1_849' title='bbox 206 5458 411 5531; x_wconf 77' lang='lat' dir='ltr'><strong>giens</strong></span> <span class='ocrx_word' id='word_1_850' title='bbox 437 5453 561 5509; x_wconf 83' lang='lat' dir='ltr'><strong>fecit</strong></span> <span class='ocrx_word' id='word_1_851' title='bbox 588 5464 692 5509; x_wconf 77' lang='lat' dir='ltr'><strong>xxv</strong></span> <span class='ocrx_word' id='word_1_852' title='bbox 720 5452 908 5509; x_wconf 89' lang='lat' dir='ltr'><strong>millia.</strong></span> <span class='ocrx_word' id='word_1_853' title='bbox 948 5453 1230 5520; x_wconf 80' lang='lat' dir='ltr'><strong>Mulieres,</strong></span> <span class='ocrx_word' id='word_1_854' title='bbox 1261 5466 1324 5509; x_wconf 89' lang='lat' dir='ltr'><strong>ac</strong></span> <span class='ocrx_word' id='word_1_855' title='bbox 1357 5452 1447 5507; x_wconf 86' lang='lat' dir='ltr'><strong>lilii</strong></span> <span class='ocrx_word' id='word_1_856' title='bbox 1486 5453 1604 5521; x_wconf 83' lang='lat' dir='ltr'><strong>ejus</strong></span> <span class='ocrx_word' id='word_1_857' title='bbox 1624 5495 1638 5519; x_wconf 90' lang='lat'><strong>,</strong></span> <span class='ocrx_word' id='word_1_858' title='bbox 1666 5453 1755 5523; x_wconf 86' lang='lat' dir='ltr'><strong>qui</strong></span> <span class='ocrx_word' id='word_1_859' title='bbox 1792 5466 1854 5508; x_wconf 90' lang='lat' dir='ltr'><strong>se</strong></span> 
     </span>
    </p>
   </div>
   <div class='ocr_carea' id='block_1_101' title="bbox 207 5543 1857 5623">
    <p class='ocr_par' dir='ltr' id='par_1_101' title="bbox 207 5543 1857 5623">
     <span class='ocr_line' id='line_1_101' title="bbox 207 5543 1857 5623; baseline 0 -24"><span class='ocrx_word' id='word_1_860' title='bbox 207 5544 414 5623; x_wconf 80' lang='lat' dir='ltr'><strong>prius</strong></span> <span class='ocrx_word' id='word_1_861' title='bbox 444 5544 734 5599; x_wconf 80' lang='lat' dir='ltr'><strong>alteruth</strong></span> <span class='ocrx_word' id='word_1_862' title='bbox 760 5559 867 5599; x_wconf 91' lang='lat' dir='ltr'><strong>non</strong></span> <span class='ocrx_word' id='word_1_863' title='bbox 890 5544 1163 5612; x_wconf 85' lang='lat' dir='ltr'><strong>videbant,</strong></span> <span class='ocrx_word' id='word_1_864' title='bbox 1198 5554 1324 5599; x_wconf 91' lang='lat' dir='ltr'><strong>tunc</strong></span> <span class='ocrx_word' id='word_1_865' title='bbox 1351 5543 1556 5599; x_wconf 89' lang='lat' dir='ltr'><strong>mixtim</strong></span> <span class='ocrx_word' id='word_1_866' title='bbox 1580 5543 1857 5614; x_wconf 85' lang='lat' dir='ltr'><strong>fugiebant</strong></span> 
     </span>
    </p>
   </div>
   <div class='ocr_carea' id='block_1_102' title="bbox 209 5636 1917 5713">
    <p class='ocr_par' dir='ltr' id='par_1_102' title="bbox 209 5636 1917 5713">
     <span class='ocr_line' id='line_1_102' title="bbox 209 5636 1917 5713; baseline -0.003 -16"><span class='ocrx_word' id='word_1_867' title='bbox 209 5638 497 5702; x_wconf 75' lang='lat' dir='ltr'><strong>invicem</strong></span> <span class='ocrx_word' id='word_1_868' title='bbox 527 5638 888 5709; x_wconf 85' lang='lat' dir='ltr'><strong>impellentes.</strong></span> <span class='ocrx_word' id='word_1_869' title='bbox 916 5636 1161 5707; x_wconf 88' lang='lat' dir='ltr'><strong>Cumque</strong></span> <span class='ocrx_word' id='word_1_870' title='bbox 1191 5651 1300 5695; x_wconf 84' lang='lat' dir='ltr'><strong>nox</strong></span> <span class='ocrx_word' id='word_1_871' title='bbox 1324 5637 1656 5696; x_wconf 77' lang='lat' dir='ltr'><strong>accessisset.</strong></span> <span class='ocrx_word' id='word_1_872' title='bbox 1686 5636 1857 5694; x_wconf 82' lang='lat' dir='ltr'><strong>lntro-</strong></span> <span class='ocrx_word' id='word_1_873' title='bbox 1897 5705 1917 5713; x_wconf 23' lang='grc' dir='ltr'>η</span> 
     </span>
    </p>
   </div>
   <div class='ocr_carea' id='block_1_103' title="bbox 344 5790 1806 5876">
    <p class='ocr_par' dir='ltr' id='par_1_103' title="bbox 344 5801 1165 5876">
     <span class='ocr_line' id='line_1_103' title="bbox 344 5801 1165 5876; baseline 0.002 -21"><span class='ocrx_word' id='word_1_874' title='bbox 344 5807 371 5876; x_wconf 71' lang='lat'><strong>_‘</strong></span> <span class='ocrx_word' id='word_1_875' title='bbox 399 5801 623 5876; x_wconf 51' lang='grc' dir='ltr'><strong>Ἀρτάξαν</strong></span> <span class='ocrx_word' id='word_1_876' title='bbox 649 5801 908 5876; x_wconf 74' lang='grc' dir='ltr'><strong>καρϐἀσια</strong></span> <span class='ocrx_word' id='word_1_877' title='bbox 931 5802 1165 5873; x_wconf 74' lang='grc' dir='ltr'><strong>κοιμίσαι.</strong></span> 
     </span>
    </p>
   </div>
   <div class='ocr_carea' id='block_1_104' title="bbox 1916 5790 2818 5876">
    <p class='ocr_par' dir='ltr' id='par_1_104' title="bbox 2037 5790 2818 5862">
     <span class='ocr_line' id='line_1_104' title="bbox 2037 5790 2818 5862; baseline -0.013 -7"><span class='ocrx_word' id='word_1_878' title='bbox 2037 5808 2061 5839; x_wconf 81' lang='grc' dir='ltr'><strong><em>ο</em></strong></span> <span class='ocrx_word' id='word_1_879' title='bbox 2088 5796 2152 5855; x_wconf 84' lang='grc' dir='ltr'><strong>Ρ.</strong></span> <span class='ocrx_word' id='word_1_880' title='bbox 2180 5795 2346 5862; x_wconf 84' lang='lat' dir='ltr'><strong>Pith.,</strong></span> <span class='ocrx_word' id='word_1_881' title='bbox 2376 5790 2818 5849; x_wconf 75' lang='lat' dir='ltr'><strong>Guescrselcttcia.</strong></span> 
     </span>
    </p>
   </div>
   <div class='ocr_carea' id='block_1_105' title="bbox 347 5869 741 5942">
    <p class='ocr_par' dir='ltr' id='par_1_105' title="bbox 347 5869 741 5942">
     <span class='ocr_line' id='line_1_105' title="bbox 347 5869 741 5942; baseline -0.003 -15"><span class='ocrx_word' id='word_1_882' title='bbox 347 5869 373 5910; x_wconf 75' lang='grc' dir='ltr'>δ</span> <span class='ocrx_word' id='word_1_883' title='bbox 402 5871 519 5942; x_wconf 74' lang='lat' dir='ltr'><strong>AL,</strong></span> <span class='ocrx_word' id='word_1_884' title='bbox 546 5869 741 5926; x_wconf 64' lang='lat' dir='ltr'><strong>hortos.</strong></span> 
     </span>
    </p>
   </div>
  </div>
