3956 6342
534 347 674 410 I039

1414 352 1617 410 PAULI
1658 352 1926 409 DIACONI
1956 351 2104 407 OPP.
2148 349 2323 405 PARS
2362 350 2402 404 Ι.
2444 380 2512 392 -
2548 349 2933 407 HISTORICA.

3613 345 3728 412 loto.

488 472 495 479 '
535 474 884 525 strametatus
906 475 1008 534 est,
1035 467 1428 538 duodecimque
1455 467 1691 521 millibus
1729 465 1915 537 procul
1942 472 2059 519 erat
2088 477 2117 515 a
2147 469 2200 528 Α
2224 469 2388 515 ratur.
2419 460 2615 516 Verum
2642 461 2728 515 ille
2758 460 2900 514 hunc
2957 472 3144 513 rursus
3194 457 3258 512 ad
3302 457 3484 530 Syroen
3528 463 3731 537 absolvit,‘

533 557 711 612 Narba
752 559 1009 625 ﬂumine,
1046 561 1132 613 ubi
1165 570 1282 614 erat
1313 558 1594 614 Persarum
1639 558 1933 622 exercitus,
1986 555 2123 609 inter

470 708 477 715 ,
531 664 667 719 quos
688 650 848 703 etiam
884 650 1152 704 habebant
1181 651 1493 718 elephantes
1520 651 1802 704 ducentos.
1850 649 1917 702 Et
1948 648 2123 715 impe-

462 750 465 753 ‘
530 750 683 796 rator
709 741 858 794 misit
886 739 1170 811 Georgium
1202 743 1547 797 turmarcben
1578 742 2039 805 Armeniacorum,
2066 749 2127 793 ut

528 831 640 889 iret
671 846 841 901 usque
877 834 944 887 ad
972 834 1193 901 ﬂumen,
1225 843 1280 889 et
1316 836 1549 889 disceret
1588 843 1764 887 utrum
1802 832 2004 886 Narbas
2036 845 2126 884 va-

533 923 663 979 dum
695 926 937 980 haberet.
970 924 1041 979 Et
1066 940 1190 980 cum
1230 926 1559 991 invenisset,
1587 926 1727 995 quod
1769 934 1956 994 pontes
1996 923 2118 977 inci-

534 1015 722 1084 disset,
754 1028 808 1073 et
838 1017 1031 1072 vadum
1060 1034 1166 1072 non
1192 1029 1359 1086 esset,
1390 1020 1457 1073 ad
1483 1020 1612 1089 imp.
1641 1018 1840 1074 reversi
1864 1026 2007 1083 sunt,
2035 1015 2126 1084 qui

529 1119 752 1175 motus,
804 1109 1023 1163 Ziturnn
1064 1110 1198 1164 adiit
1239 1110 1530 1165 incendens
1570 1109 1838 1179 regiones,
1882 1118 1936 1163 et
1966 1106 2122 1162 urbes

529 1214 632 1271 per
661 1208 828 1254 totum
859 1200 1207 1255 Februarium
1240 1216 1502 1256 mensem.
1548 1202 1732 1255 Martio
1768 1215 1895 1255 vero
1940 1212 2125 1252 mense

529 1308 654 1349 cum
684 1295 922 1350 venisset
965 1296 1017 1349 in
1064 1296 1323 1364 prtedium
1351 1334 1367 1360 ,
1405 1294 1545 1364 quod
1591 1294 1868 1348 dicebatur
1900 1292 2118 1356 Barsan,

530 1386 712 1443 fecere
761 1404 831 1442 vn
888 1389 1042 1453 dies,
1095 1398 1150 1442 et
1201 1388 1344 1442 misit
1390 1388 1672 1442 Mezetium
1730 1396 2010 1456 przetorem
2066 1388 2121 1439 in

530 1493 780 1544 cursum,
809 1489 864 1535 et
913 1480 1194 1548 adjunctus
1245 1487 1329 1533 est
1374 1479 1421 1533 ei
1461 1477 1857 1532 Gundabuudas
1905 1475 2122 1529 chiliar-

529 1585 627 1627 cus
673 1571 875 1625 militia:
906 1572 1151 1626 Sarbarre
1182 1586 1303 1625 cum
1347 1571 1464 1624 aliis
1511 1572 1773 1640 quinque,
1816 1569 1983 1622 tribus
2035 1582 2125 1622 co-

528 1660 751 1717 mitibus
777 1703 793 1727 ,
824 1661 1034 1715 duobus
1060 1676 1188 1716 vero
1214 1662 1583 1727 axiontaticis,
1633 1670 1685 1714 et
1728 1660 1877 1713 duxit
1924 1674 2019 1713 eos
2055 1658 2122 1712 ad

526 1752 906 1822 imperatorem
935 1796 949 1821 ,
1000 1752 1091 1821 qui
1154 1752 1398 1806 videlicet
1441 1750 1840 1805 liundabundas
1888 1763 1975 1804 res
2024 1764 2122 1803 ne-

2228 552 2486 606 mandans
2513 553 2562 606 ei
2611 561 2668 606 ut
2705 565 2958 606 carceres
3003 550 3262 620 aperiret,
3306 561 3354 605 et
3380 556 3724 614 retentosineis

2228 645 2385 699 Rom.
2410 645 2684 710 educeret,
2714 655 2767 698 et
2788 660 2937 698 arma
2986 644 3066 699 eis
3094 644 3361 708 tribueret,
3403 644 3561 715 sicque
3585 646 3733 705 contra

2227 736 2538 793 Cbosdroen
2573 754 2631 793 se
2661 720 2921 793 moveret.
2955 736 3125 792 Porro
3156 736 3346 807 Syroes
3366 737 3725 811 obediensimpe.

2230 833 2413 898 ratori,
2455 835 2480 861 “
2507 836 2700 887 retrusi
2730 832 2910 888 educti
2935 842 3078 898 sunt,
3106 841 3160 886 et
3184 831 3466 900 pr0pcravit
3491 842 3643 886 contra
3660 848 3726 901 pa-

2230 935 2388 991 trem,
2422 925 2733 980 Cbosdroen
2759 925 2985 979 scilicet.
3012 925 3251 994 Cumque
3278 921 3363 978 ille
3400 923 3728 992 fugeretentas-

2228 1026 2331 1084 set,
2356 1033 2454 1073 nec
2487 1018 2765 1082 valuisset,
2788 1027 2968 1071 tentus
2996 1026 3174 1085 e_st,et
3204 1014 3369 1070 valide
3390 1016 3572 1070 vinctus
3591 1014 3731 1070 ferreis

2229 1110 2579 1179 Compedibus
2600 1109 2885 1179 colligatis,
2908 1109 2993 1164 cui
3022 1117 3078 1162 et
3100 1109 3241 1163 circa
3268 1106 3447 1162 collum
3475 1106 3619 1161 ferrea
3636 1122 3729 1175 pon-

2228 1204 2354 1258 dera
2386 1204 2687 1272 impunnnt,
2720 1212 2774 1258 et
2799 1204 3015 1257 mittunt
3038 1217 3158 1257 eum
3202 1202 3254 1256 in
3308 1201 3503 1255 domum
3543 1199 3731 1254 tenebra-

2229 1313 2366 1363 rum,
2399 1312 2557 1366 quam
2608 1298 2724 1365 ipse
2782 1295 3010 1350 munivit
3036 1311 3065 1348 a
3096 1294 3332 1349 novitate
3379 1302 3648 1348 construens
3683 1293 3729 1345 ad

2228 1390 2597 1446 recondendas
2628 1390 2904 1460 pecunias,
2960 1390 3215 1459 panisque
3266 1402 3440 1458 parum
3469 1387 3511 1441 ei
3556 1394 3731 1455 etaqua:

2231 1488 2527 1543 tribuentes
2569 1487 2711 1540 hunc
2767 1486 2906 1539 fame
2958 1483 3239 1553 necabant.
3283 1482 3368 1536 Ait
3392 1482 3518 1535 enim
3544 1479 3725 1550 Syroes:

2233 1586 2490 1641 Comedat
2506 1574 2692 1640 aurum
2712 1583 2858 1654 quod
2884 1584 3151 1637 incassum
3172 1581 3403 1650 collegit,
3434 1587 3619 1647 propter
3631 1572 3730 1643 quod

2228 1679 2390 1733 etiam
2436 1678 2637 1731 multos
2689 1676 2830 1730 fame
2883 1674 3125 1737 necavit,
3188 1671 3526 1739 mundumque
3573 1666 3727 1721 delevit.

2229 1771 2396 1825 Porro
2434 1771 2575 1825 misit
2604 1769 2859 1839 Satrapas
2905 1765 3195 1842 Syroesad
3223 1780 3345 1819 eum
3386 1762 3571 1831 injuriis
3609 1761 3729 1824 impe-

527 1844 795 1900 cessarias
850 1843 1161 1912 imperatori
1205 1843 1487 1906 nuntiavit,
1519 1842 1706 1897 dicens
1742 1858 1755 1894 :
1782 1841 2004 1906 Quando
2037 1840 2117 1893 fu-
2147 1845 2197 1905 Β
2223 1863 2463 1926 tendum,
2495 1872 2547 1916 el
2570 1860 2992 1930 conspuendum’
3020 1840 3310 1913 “ductum
3335 1854 3726 1917 Hennamquem

528 1937 708 2008 giebat
735 1937 1044 1992 Cbosdroes
1070 1953 1099 1991 a
1128 1937 1496 2007 DamaStager,
1555 1953 1617 1991 ac
1645 1932 1774 1991 adiit
1800 1934 2119 2005 Ctesiphon—

526 2037 666 2097 tem,
701 2041 859 2099 atque
888 2031 1208 2098 Seleuciam,
1260 2030 1579 2101 dysenteria:
1612 2030 1919 2099 languorem
1948 2028 2122 2082 incur-

527 2122 623 2188 rit,
654 2131 710 2176 et
734 2122 903 2176 voluit
933 2123 1096 2176 filium
1125 2139 1281 2178 suum
1313 2122 1612 2188 Merdasan,
1657 2138 1812 2190 quem
1852 2122 2035 2189 genuit
2055 2136 2119 2175 ex

526 2215 1160 2286 Syra,coronare,atque
1183 2231 1459 2285 regressus
1482 2230 1695 2270 amnem
1724 2216 1919 2269 iterum
1947 2226 2119 2270 trans-

528 2306 651 2374 ivit,
705 2319 759 2362 et
815 2324 999 2364 secum
1045 2309 1197 2363 duxit
1241 2309 1542 2375 Merdasan,
1591 2319 1751 2378 atque
1796 2309 2003 2377 Serem,
2059 2324 2121 2363 ac

527 2399 699 2453 filium
726 2402 843 2468 ejus
868 2401 1030 2454 alium
1082 2400 1247 2455 Adar.
1293 2401 1706 2470 l’rimogenitum
1749 2412 1926 2455 autem
1968 2416 2120 2457 suum

532 2491 772 2562 Syroen,
801 2502 854 2548 et
886 2494 1078 2549 fratres
1137 2495 1272 2563 ejus,
1323 2512 1422 2550 nec
1469 2513 1573 2551 non
1607 2507 1660 2551 et
1700 2498 1954 2552 mulieres
1997 2512 2121 2551 suas

527 2583 736 2640 dimisit
792 2587 927 2641 ultra
974 2587 1189 2642 fiumen.
1256 2588 1652 2660 Compertoque
1706 2591 1924 2659 Syroes,
1978 2591 2119 2659 quod

522 2677 805 2733 Merdasan
831 2678 1053 2734 fratrem
1078 2695 1231 2735 suum
1253 2696 1512 2737 coronare
1538 2682 1720 2749 vellet,
1749 2684 1991 2737 turbatus
2013 2692 2118 2749 est,

521 2779 579 2825 et
602 2770 746 2824 misit
774 2773 1159 2829 collactaneum
1192 2788 1347 2827 suum
1373 2774 1438 2828 ad
1469 2774 1913 2837 Gttndabundam,
1961 2790 2118 2828 man-

522 2859 660 2914 dans
688 2862 738 2915 ei
767 2870 822 2916 et
848 2861 1033 2917 dicens
1064 2881 1074 2914 :
1111 2863 1239 2917 Veni
1269 2864 1348 2917 eis
1382 2866 1600 2933 flumen,
1626 2874 1681 2919 et
1701 2865 1890 2934 loquar
1920 2873 2116 2919 tecum.

519 2951 702 3006 Atille
733 2952 909 3006 timuit
939 2953 1274 3021 Cbosdroen,
1305 2967 1359 3010 et
1400 2971 1505 3009 non
1538 2956 1802 3020 transivit,
1845 2956 1937 3009 sed
1971 2972 2119 3009 mau-

524 3045 616 3100 dat
642 3046 946 3111 ei:Scribe,
965 3048 1232 3117 inquiens,
1259 3049 1389 3103 mibi
1415 3066 1507 3119 per
1529 3051 1916 3104 collactaneum
1942 3065 2117 3104 meum

523 3143 783 3213 quidquid
817 3143 1071 3208 volueris,
1103 3154 1155 3197 et
1205 3146 1421 3212 scripsit
1477 3145 1524 3198 ei
1570 3144 1769 3214 Syroes
1797 3162 1808 3196 :
1838 3144 2117 3209 Quomodo

527 3206 691 3290 nosti-
718 3235 949 3304 qualiter
978 3206 1215 3303 respubl.
1252 3206 1534 3290 Persarum
1567 3206 1664 3304 per
1695 3206 1922 3304 nequam
1951 3234 2120 3289 bomi-
2151 3206 2199 3269 (ἶ

522 3342 649 3383 nem
680 3328 838 3383 istum
870 3326 1183 3383 Chosdroen
1208 3338 1409 3397 pereat,
1442 3329 1628 3383 etvult
1673 3343 1934 3383 coronare
1985 3329 2120 3383 Mer-

531 3419 794 3486 dasan,et
824 3420 1236 3489 primogenitum
1268 3436 1421 3474 suum
1454 3420 1796 3489 contempsit,
1820 3428 1874 3473 et
1903 3419 1947 3473 si
1973 3420 2119 3474 locu-

528 3520 617 3567 tus
636 3512 801 3567 fueris
822 3514 887 3566 ad
917 3513 1233 3573 exercitum,
1260 3521 1316 3565 ut
1336 3511 1598 3578 recipiant
1627 3526 1730 3573 me,
1759 3521 1811 3565 et
1844 3526 2002 3581 rogas
2023 3526 2117 3565 eo-

527 3618 649 3659 rum
681 3604 907 3672 augebo,
927 3614 981 3659 et
1012 3619 1193 3673 pacem
1213 3619 1332 3657 cum
1356 3602 1513 3657 Rom.
1539 3604 1886 3672 imperatore,
1904 3619 1967 3658 ac
1983 3603 2119 3658 Tur-

524 3695 606 3751 cis
637 3696 847 3762 faciam,
880 3706 934 3750 et
963 3697 1099 3750 bene
1128 3696 1389 3764 vivemus,
1447 3704 1500 3749 et
1544 3696 1700 3749 stude
1750 3706 1871 3749 eum
1923 3696 2119 3764 populo

521 3795 636 3853 tuo,
666 3795 727 3840 ut
757 3802 857 3857 ego
899 3802 1138 3856 regnem,
1172 3797 1225 3841 ct
1277 3802 1465 3841 omnes
1524 3802 1618 3841 vos
1661 3802 2025 3856 promoveam,
2065 3795 2119 3842 et

522 3880 844 3947 auxiliabor,
867 3890 923 3934 et
959 3877 1225 3948 praecipue
1258 3888 1326 3932 te.
1369 3878 1766 3933 Gundabundas
1816 3888 1994 3933 autem
2026 3893 2115 3933 re-

524 3975 678 4028 misit
734 3973 784 4028 ei
838 3988 933 4040 per
983 3972 1373 4026 collactaneum
1400 3987 1557 4025 suum
1587 3973 1769 4026 dicens
1805 3989 1815 4023 :
1848 3968 2114 4039 Quidquid

521 4080 747 4135 possum
774 4067 959 4134 loquar
986 4079 1107 4118 cum
1133 4072 1380 4130 praetore,
1416 4073 1469 4117 et
1518 4064 1783 4117 sollicitus
1817 4062 1914 4127 fui,
1946 4070 2001 4116 et
2030 4061 2112 4114 lo-

521 4171 680 4215 cutus
701 4175 819 4214 sum
849 4172 971 4211 cum
995 4156 1183 4224 viginti
1213 4156 1419 4209 duobus
1462 4154 1768 4218 comitibus,
1811 4164 1863 4207 et
1892 4153 1991 4206 feci
2020 4166 2112 4206 eos

521 4266 646 4307 esse
683 4264 819 4304 mete
845 4248 1156 4311 voluntatis,
1189 4246 1283 4301 sed
1315 4258 1369 4300 et
1397 4246 1529 4301 alios
1579 4246 1845 4314 principes
1894 4245 2111 4298 multus.

519 4345 587 4398 Et
614 4344 727 4397 haec
749 4342 965 4411 quidem
999 4339 1396 4395 Gundabuudas
1419 4339 1693 4394 mandavit
1715 4338 1897 4408 Syroi.
1924 4342 1991 4392 At
2024 4337 2113 4391 ille

516 4432 729 4487 remisit
768 4432 815 4485 ei
857 4433 1057 4496 dicens,
1092 4438 1151 4483 ut
1177 4430 1385 4483 decimo
1440 4427 1801 4482 Kalendarum
1850 4427 2110 4495 Aprilium

520 4534 761 4579 sumeret
785 4521 1048 4590 juniores,
1083 4531 1137 4574 et
1158 4530 1469 4574 occurreret
1508 4520 1557 4573 ei
1608 4518 1747 4588 apud
1778 4519 1998 4572 Pontem
2024 4517 2110 4572 Ti-

523 4612 693 4684 gridis
718 4612 975 4677 fluminis,
999 4622 1052 4665 et
1082 4612 1416 4679 susciperent
1459 4626 1580 4666 eum
1624 4611 1677 4664 in
1704 4612 2023 4676 exercitum,
2056 4619 2111 4664 et

522 4713 868 4762 moverentur
919 4705 1173 4757 adversus
1216 4704 1543 4759 Cbosdroen.
1600 4703 1885 4760 Referebat
1931 4717 2107 4760 autem

521 4801 665 4870 quod
696 4815 815 4853 cum
848 4797 1020 4868 Syroe
1063 4806 1247 4853 essent
1292 4798 1398 4851 duo
1449 4798 1538 4852 lilii
1587 4798 1850 4864 Sarbarae,
1887 4808 1942 4853 et
1972 4800 2108 4853 filius

521 4891 795 4960 Hiesdem,
848 4901 901 4945 et
945 4891 1035 4944 alii
1082 4891 1232 4945 multi
1270 4890 1571 4962 principum
1617 4890 1729 4954 lilii,
1783 4901 1941 4957 atque
1972 4891 2108 4944 filius

521 4986 708 5050 Aram,
731 4999 919 5039 omnes
942 4984 1135 5051 electi;
1168 4996 1222 5040 et
1246 4985 1387 5054 quod
1410 4985 1456 5039 si
1508 4984 1776 5052 potuerint
1797 4983 2106 5037 Cbosdroeu

524 5082 815 5149 perimere,
860 5080 996 5134 bene
1042 5089 1096 5135 et
1134 5080 1362 5148 Optime;
1417 5079 1497 5132 sin
1537 5088 1736 5141 autem,
1771 5092 1959 5131 omnes
1986 5092 2107 5130 cum

518 5171 692 5241 Syroe
723 5170 1056 5225 confluerent
1088 5169 1153 5223 ad
1187 5171 1583 5239 imperatorem.
1616 5171 1680 5222 Et
1722 5169 1864 5224 venit
1893 5169 2108 5224 Gnnda-

513 5265 729 5319 'bnndas
757 5266 824 5318 ad
852 5266 1227 5333 imperatorem
1260 5264 1443 5317 dicens
1470 5280 1483 5315 :
1518 5261 1656 5315 Misit
1696 5278 1779 5316 me
1830 5262 2015 5333 Syrois
2039 5262 2106 5315 ad

518 5367 598 5421 te,
629 5358 865 5422 domine,
896 5368 1111 5412 veretur
1139 5357 1279 5410 enim
1314 5356 1589 5423 imperium
1624 5355 1942 5420 Romanum,
1965 5354 2104 5422 quod

521 5447 829 5501 Chosdroen
852 5448 1116 5515 quondam
1146 5446 1391 5511 salvavit,
1417 5456 1471 5499 et
1499 5447 1658 5499 multa
1694 5446 1828 5497 tnala
1857 5460 1887 5499 e
1918 5455 2100 5499 contra

517 5536 590 5590 ab
616 5551 682 5591 eo
711 5536 1072 5592 Romanorum
1117 5546 1256 5593 terra
1285 5552 1435 5606 passa
1462 5545 1563 5603 est,
1614 5546 1667 5590 et
1720 5537 1838 5605 quia
1890 5547 2103 5606 propter

518 5625 664 5684 illius
689 5627 1123 5697 ingratitudinem
1182 5642 1283 5682 nec
1331 5626 1461 5681 mihi
1491 5626 1710 5683 credere
1742 5627 1901 5682 babet
1925 5630 2099 5697 impe-

502 5850 503 5853 η
547 5857 551 5858 ί
588 5785 724 5839 “Al.
758 5804 769 5839 :
807 5785 1043 5843 Retrusis
1064 5788 1277 5855 eductis,
1319 5789 1604 5858 praperavit
1650 5796 1830 5843 contra
1876 5790 2098 5857 parrici-

502 5857 642 5915 dam
659 5866 876 5930 patrem.

2229 1970 2491 2012 coronare
2521 1956 2757 2023 volebat,
2790 1954 2954 2008 lilium
2985 1952 3124 2023 ejus,
3150 1962 3351 2005 antese
3370 1946 3560 2011 occidit,
3586 1953 3627 1997 et
3646 1941 3732 1996 reli-

2225 2065 2357 2119 quos
2389 2049 2527 2103 filios
2555 2048 2674 2118 ejus
2705 2048 2756 2101 in
2806 2055 3102 2115 conspectu
3152 2043 3321 2114 ipsius
3368 2044 3673 2110 peremerunt,
3693 2040 3728 2086 et

2225 2145 2373 2199 misit
2401 2158 2615 2198 onmem
2647 2141 2918 2197 inimicum
2952 2140 3070 2209 ejus
3119 2137 3332 2205 injuriis
3357 2150 3470 2191 eum
3507 2129 3728 2190 cumulare,

2227 2246 2281 2292 et
2310 2247 2615 2307 percutere,
2639 2246 2692 2289 et
2716 2248 3015 2303 conspuere
3045 2231 3223 2287 illum.
3285 2228 3507 2295 Denique
3533 2239 3607 2292 per
3625 2220 3730 2289 quin-

2224 2342 2330 2396 que
2351 2326 2469 2381 dies
2498 2327 2598 2379 hoc
2622 2326 2782 2389 facto,
2812 2324 2974 2392 jussit
3001 2324 3201 2394 Syroes
3226 2320 3364 2375 hunc
3390 2316 3591 2372 arcubus
3612 2313 3726 2366 inter-

2224 2419 2402 2483 ficere,
2427 2419 2609 2486 sicque
2631 2417 2884 2485 paulatim
2910 2417 2959 2469 iu
2992 2415 3148 2468 malis
3173 2412 3534 2483 nequissimam
3558 2406 3725 2460 animam

2226 2528 2377 2567 suam
2408 2510 2645 2585 tradidit.
2708 2508 2859 2565 Tunc
2899 2508 3106 2578 Syroes
3152 2503 3454 2574 scripsitad
3479 2496 3725 2555 Heracliam,

2224 2608 2595 2677 evangelizans
2615 2606 2664 2661 ei
2693 2606 2939 2661 scelerati
2970 2603 3270 2659 Chosdrois
3293 2601 3725 2665 interitum,paeem-

2223 2718 2327 2773 que
2385 2716 2507 2756 cum
2558 2716 2623 2755 eo
2665 2699 2847 2769 jugem
2903 2697 3269 2752 ﬁrmissimam
3318 2693 3521 2765 pepigit,
3547 2687 3727 2745 omnibus

2224 2794 2550 2850 Christianis
2576 2793 2736 2862 quiin
2758 2790 3061 2845 carceribus
3084 2798 3136 2843 et
3156 2790 3212 2843 in
3230 2787 3375 2844 onmi
3392 2783 3580 2840 Perside
3592 2773 3726 2846 captiti

2224 2890 2546 2943 tenebantur
2573 2888 2621 2941 ei
2644 2885 2906 2946 remissis,
2937 2899 3039 2938 una
3074 2899 3197 2937 cum
3247 2880 3493 2935 Zaeltaria
3531 2870 3727 2938 Jerosoly-

2223 2981 2429 3034 mitano
2454 2980 2702 3049 prtesule,
2731 2995 2794 3033 ac
2826 2977 3101 3048 pretiosis,
3124 2986 3181 3031 et
3234 2977 3454 3031 viviticis
3476 2970 3624 3042 lignis,
3649 2975 3727 3034 quae

2222 3076 2434 3131 fuerant
2457 3092 2485 3128 a
2517 3076 2766 3140 Sarbara,
2798 3091 2921 3130 cum
2970 3074 3276 3129 Jerusalem
3318 3070 3553 3138 θερίδδειν
3590 3061 3726 3116 “MM

2229 3170 2384 3223 Anno
2413 3166 2626 3221 decimo
2675 3176 2866 3220 octavo
2906 3163 3115 3232 imperii
3162 3161 3394 3218 Heraclii
3440 3172 3532 3212 rex
3570 3151 3727 3205 habetur

2228 3259 2513 3314 Persarum
2543 3259 2764 3329 Syroes,
2794 3258 2883 3327 qui
2911 3272 3051 3311 anno
3084 3255 3336 3325 regnavit
3367 3268 3484 3317 uno,
3510 3243 3674 3319 quando
3694 3246 3728 3293 et

2228 3353 2592 3408 Muhammath
2616 3334 2893 3418 Arabunt,‘
2904 3365 2995 3406 seu
3026 3350 3418 3405 Saracenorum
3439 3345 3642 3415 print‘el)s
3658 3330 3724 3385 sub

2224 3448 2403 3502 Persis
2431 3447 2658 3515 degens,
2690 3455 2899 3498 sextum
2925 3443 3117 3511 agebat
3144 3457 3349 3497 annum
3380 3419 3727 3509 perventurusad

2223 3555 2446 3595 nonum.
2490 3514 2696 3593 Interea
2746 3537 2883 3591 facta
2916 3549 3046 3604 pace
3086 3549 3213 3589 cum
3246 3532 3419 3589 Persis
3453 3538 3499 3583 et
3524 3514 3720 3578 Romanis,

2225 3634 2424 3689 direxit
2449 3633 2743 3701 imperator
2771 3629 3110 3685 Theodorum
3145 3628 3373 3682 fratrem
3402 3636 3539 3678 suum
3564 3628 3650 3672 cum
3663 3609 3720 3664 li:-

2223 3727 2352 3782 teris
2378 3734 2434 3780 et
2464 3723 2773 3778 hominibus
2816 3721 3001 3792 Syrois
3029 3721 3171 3789 regis
3205 3720 3509 3779 Persarum,
3536 3712 3720 3780 quatenus

2221 3819 2401 3874 Persae
2427 3818 2518 3887 qui
2549 3817 2600 3872 in
2630 3815 2933 3880 Palatstina,
2978 3822 3035 3869 et
3086 3810 3463 3883 Jerosolymis,
3490 3816 3535 3861 et
3565 3801 3722 3857 Edeséii

2218 3913 2534 3980 caeterisque
2587 3910 2807 3966 urbibus
2852 3908 3217 3962 Romanorum
3269 3913 3465 3970 essent,
3516 3910 3613 3953 cum
3634 3899 3720 3960 μεθ

2218 4010 2622 4058 reverterentur
2645 4002 2695 4054 in
2727 4000 3023 4063 Persidem,
3054 4009 3107 4052 et
3132 4000 3370 4053 innocue
3394 4006 3566 4049 terram
3588 3985 3719 4040 Roma-

2218 4110 2409 4151 norum
2432 4096 2743 4149 transirent.
2770 4092 3051 4147 Postremo
3068 4092 3387 4160 imperator,
3403 4102 3511 4143 cum
3529 4096 3602 4136 scr
3619 4072 3719 4129 attuli

2217 4183 2493 4240 Persidem
2518 4192 2895 4253 expugnasset,
2926 4182 3159 4250 septimo
3207 4196 3372 4246 anno,
3413 4191 3531 4247 pace
3556 4171 3718 4233 recci'ut

2218 4290 2339 4331 cum
2357 4272 2558 4345 ingenti
2576 4273 2771 4345 gaudio
2787 4274 3315 4343 Constantinopolim
3332 4268 3581 4327 remeavit,
3592 4255 3715 4327 mysli'

2215 4383 2333 4423 cam
2381 4368 2667 4437 quamdam
2716 4368 2769 4422 in
2811 4366 2913 4422 hoc
2962 4368 3178 4443 Θεωρίαν
3234 4364 3536 4435 adimplcns.
3581 4355 3620 4409 in
3652 4360 3715 4399 εει

2217 4461 2414 4531 quippe
2467 4460 2655 4515 diebus
2704 4461 2842 4516 Deus
2897 4460 3144 4514 universa
3195 4458 3461 4522 condidit,
3508 4447 3713 4533 septimtttn

2216 4552 2418 4620 requiei
2446 4551 2586 4606 diem
2611 4552 2848 4615 vocavit;
2877 4550 2947 4604 ita
2993 4559 3049 4605 et
3093 4551 3211 4619 ipse
3240 4550 3294 4604 in
3327 4564 3421 4603 sex
3449 4541 3577 4598 annis
3596 4531 3713 4590 mullis

2214 4644 2488 4700 laboribus
2513 4646 2788 4714 impensis,
2822 4646 3053 4712 septimo
3083 4660 3230 4698 anno
3252 4655 3487 4697 reversus
3511 4635 3563 4687 ad
3588 4627 3709 4682 urbem

2210 4753 2330 4800 ctIm
2365 4752 2494 4806 pace
2520 4753 2581 4792 ac
2610 4737 2843 4805 tripudio
2880 4738 3168 4806 requievit.
3220 4738 3389 4793 Porro
3424 4729 3611 4802 populus
3625 4716 3710 4776 civi-

2210 4831 2359 4896 tatis,
2392 4830 2575 4883 audito
2616 4829 2850 4884 adventu
2883 4828 3072 4898 ipsius,
3102 4826 3426 4884 intolerabili
3452 4820 3598 4879 cuncti
3621 4810 3709 4866 desi-

2208 4923 2358 4977 derio
2386 4922 2438 4977 in
2466 4920 2493 4960 ι’
2519 4922 2729 4977 Leriam
2754 4921 2962 4975 obviam
2994 4922 3087 4986 illi,
3138 4938 3246 4977 una
3277 4937 3397 4977 cum
3426 4908 3711 4989 patriarchaet

2209 5014 2568 5068 Constantino
2596 5014 2921 5081 imperatore
2948 5013 3056 5068 [ilio
3082 5015 3202 5083 ejus
3224 5014 3422 5083 egressi
3438 5016 3545 5064 sunt
3565 5010 3709 5073 ροτίιη·

2211 5114 2289 5159 tes
2318 5119 2499 5160 ramos
2531 5104 2816 5171 olivarum,
2847 5115 2901 5159 et
2922 5104 3215 5174 lampades,
3230 5105 3498 5160 laudantes
3520 5111 3613 5153 eum
3630 5098 3708 5144 cum

2206 5196 2562 5267 gratulatione
2592 5206 2644 5250 et
2676 5196 2942 5266 lacrymis.
2995 5198 3274 5254 Accedens
3311 5209 3476 5253 autem
3499 5191 3609 5246 ﬁlius
3631 5183 3706 5247 ei“;

2206 5289 2400 5344 cecidit
2424 5289 2488 5342 ad
2514 5290 2676 5358 pedes
2697 5290 2836 5359 ejus,
2881 5303 2932 5345 et
2958 5306 3077 5345 cum
3126 5292 3459 5362 amplexatus
3478 5299 3577 5342 eum
3596 5282 3706 5334 θεων

2208 5380 2519 5436 infuderunt
2548 5382 2707 5436 ambo
2738 5382 2994 5453 lacrymis
3024 5390 3250 5438 terram.
3283 5384 3392 5438 Hoc
3417 5390 3569 5434 autem
3592 5379 3705 5440 pOP“'

2174 5510 2177 5513 -
2206 5473 2289 5528 lus
2311 5474 2575 5549 inSpecto,
2610 5474 2847 5531 universi
2875 5476 2987 5529 Deo
3031 5476 3264 5545 hymnos
3303 5472 3550 5545 gratilicos
3571 5460 3705 5518 renite-

2176 5577 2362 5635 Tum:
2418 5569 2600 5636 Sicque
2656 5568 2871 5623 demum
2930 5580 3183 5637 suscepto
3238 5571 3537 5636 imperatore
3577 5554 3703 5608 uthem

2203 5660 2533 5718 exsultantes
2565 5661 2796 5731 ingressi
2821 5668 2969 5716 sunt.
3000 5663 3157 5718 Anno
3211 5657 3415 5731 imperii
3442 5643 3625 5711 lleraclii
3646 5637 3704 5692 de

2272 5798 2298 5836 1’
2331 5801 2443 5869 AL,
2476 5800 2667 5856 Jert'ar‘

3805 4793 3807 4875 l
