3956 6342
238 386 375 443 1041

1231 377 1552 434 HISTORIA
1590 370 1947 432 MISCELLA.
1988 404 2058 417 —
2096 375 2222 430 LIB.
2268 374 2457 430 XVIII.

3370 376 3517 431 1042

233 506 378 560 cimo
410 513 549 555 nono
580 499 757 554 Persis
772 512 865 554 rex
884 496 1129 569 Adhesyr
1147 506 1351 566 septem
1382 495 1657 550 mensibus
1681 511 1816 564 prae-
1843 488 1902 549 Δ
1924 497 2009 543 tur
2049 490 2217 563 Cyrus
2260 492 2543 561 episcopus
2599 490 2938 545 Alexandriae
2983 490 3371 562 praeferendus.
3415 493 3522 560 Qui

235 598 355 652 fuit.
394 597 690 663 Imperator
712 604 887 649 autem
916 594 1181 662 proiectus
1203 607 1233 647 a
1261 591 1407 661 regia
1437 592 1587 653 urbe,
1613 604 1737 643 mox
1763 598 1822 644 ut

230 703 331 741 ver
354 686 602 750 accessit,
633 685 1020 755 Jerosolymam
1077 684 1264 753 tendit,
1305 685 1534 752 pretiosa
1585 681 1733 744 illuc,
1767 690 1823 736 et

232 781 445 835 vivilica
476 780 617 849 ligna
644 788 948 847 reportans,
981 778 1045 832 ad
1072 778 1362 846 gratiarum
1418 776 1527 831 Deo
1582 775 1821 829 actiones

233 868 562 925 reddendas.
593 869 833 939 Cumque
855 868 1191 923 Tiberiadem
1242 868 1467 933 adisset,
1501 879 1823 919 aceusavere

230 960 527 1015 Christiani
575 959 853 1029 Benjamin
899 961 1182 1028 quemdam
1234 960 1470 1022 nomine,
1517 957 1821 1019 Haebreum,

231 1053 389 1121 quasi
422 1050 523 1106 sibi
550 1053 686 1107 mala
716 1052 1022 1113 facientem,
1051 1061 1165 1106 erat
1196 1050 1337 1106 enim
1382 1050 1664 1103 admodum
1692 1064 1826 1116 opu-

238 1143 443 1210 lentus,
477 1146 565 1212 qui
594 1145 828 1211 suscepit
864 1143 1238 1212 imperatorem
1281 1152 1335 1197 et
1359 1144 1650 1196 exercitum
1682 1142 1822 1210 ejus.

235 1237 332 1287 Ast
362 1235 649 1302 imperator
669 1234 941 1289 damnavit
968 1250 1110 1289 eum.
1142 1235 1524 1303 Quamobrem,
1552 1233 1822 1302 inquiens,

236 1328 500 1381 molestus
525 1340 584 1381 es
606 1326 944 1391 Christianis,
971 1337 1023 1382 et
1054 1328 1175 1382 ﬁdei
1207 1329 1375 1383 meae?
1413 1327 1563 1380 Tunc
1596 1328 1820 1395 impera-

233 1425 325 1470 tor
348 1416 679 1470 admonitum
705 1418 865 1481 hunc,
896 1419 1029 1472 etad
1052 1419 1379 1475 credendum
1410 1435 1624 1473 suasum
1650 1418 1823 1487 bapti-

233 1510 380 1561 zavit
413 1509 465 1562 in
497 1510 657 1563 domo
688 1510 960 1565 Eustachii
985 1512 1340 1582 Neapolitani,
1373 1514 1464 1583 qui
1489 1522 1541 1567 et
1572 1515 1685 1582 ipse
1705 1528 1826 1567 cum

234 1601 578 1655 Christianus
608 1612 768 1668 esset,
818 1604 1053 1673 suscepit
1106 1605 1508 1672 imperatorem.
1553 1605 1828 1674 Ingressus

236 1695 423 1763 itaque
453 1692 744 1762 imperator
770 1693 1182 1765 Jerosolymam,
1218 1698 1462 1750 restituto
1496 1706 1599 1750 tam
1623 1696 1826 1750 Zacha-

242 1786 320 1840 ria
345 1784 597 1852 pontiﬁce
615 1799 772 1855 quam
796 1786 951 1841 alma:
969 1786 1142 1840 crucis
1175 1786 1498 1840 honorandis
1524 1802 1585 1841 ac
1607 1787 1831 1841 viviﬁcis

1927 585 2111 639 unitus
2141 584 2428 640 Theodoro
2454 586 2710 655 episcopo
2740 586 2975 649 Pharan,
3001 584 3127 640 fecit
3155 586 3521 640 decoloratam

1928 678 2152 749 hydram
2184 680 2348 747 illam,
2376 681 2655 746 unitatem,
2680 680 2786 734 imo
2808 680 3122 745 vanitatem,
3151 695 3311 734 unam
3332 688 3389 734 et
3415 680 3521 750 ipsi

1927 772 2223 827 scribentes
2254 774 2307 827 in
2330 774 2544 829 Christo
2563 775 2956 843 operationem.
2980 771 3074 828 His
3099 773 3168 827 ita
3192 786 3520 842 prosequen-

1930 865 2094 933 tibus,
2116 869 2167 923 in
2187 870 2373 939 ingens
2392 871 2740 939 opprobrium
2764 869 3207 925 Chalcedonense
3224 869 3521 924 concilium

1928 978 1982 1022 et
2016 962 2282 1022 catholica
2311 963 2512 1016 corruit
2550 962 2807 1017 Ecclesia.
2850 960 3233 1017 Gloriabantur
3253 961 3397 1016 enim
3428 959 3521 1015 Ja-

1929 1060 2121 1114 cobitze
2149 1071 2212 1110 ac
2262 1054 2643 1115 'I‘heodosiani,
2695 1052 3038 1123 perhibentes
3069 1073 3080 1107 :
3117 1054 3251 1118 Quia
3282 1068 3388 1106 non
3419 1065 3520 1107 nos

1930 1148 2352 1205 Chalcedonensi
2408 1147 2649 1215 synodo,
2692 1146 2786 1199 sed
2839 1145 3020 1214 potius
3067 1143 3519 1199 Chalcedonensis

1931 1243 2168 1314 synodus
2201 1240 2357 1295 nobis
2381 1239 2813 1304 communicavit,
2838 1253 2936 1308 per
2962 1253 3121 1291 unam
3150 1237 3519 1306 operationem

1930 1350 2096 1389 unam
2126 1332 2432 1388 conﬁtendo
2455 1341 2700 1385 naturam
2725 1329 2948 1384 Christi.
2971 1330 3117 1384 Inter
3144 1330 3257 1383 haec
3279 1329 3518 1397 Sophro-

1932 1428 2053 1480 nius
2077 1434 2426 1489 consecratur
2441 1424 2722 1491 episcopus
2739 1421 3237 1494 Jerosolymitanus,
3259 1421 3371 1490 qui,
3390 1436 3518 1475 con-

1933 1520 2165 1590 gregalis
2188 1519 2289 1573 sub
2320 1533 2379 1573 se
2406 1517 2722 1587 degentibus
2743 1516 3031 1585 episcopis,
3078 1516 3295 1583 impium
3324 1515 3521 1568 Mono-

1935 1613 2242 1666 tbelitarum
2274 1612 2467 1680 dogma
2504 1623 2761 1663 mucrone
2798 1607 3155 1662 anathematis
3185 1607 3433 1675 perculit,
3466 1616 3523 1663 et

1934 1706 2245 1777 synodicam
2296 1704 2484 1772 Sergio
2538 1701 3158 1768 Constantinopolitano,
3215 1708 3272 1755 et
3326 1699 3523 1754 Joanni

1936 1794 2177 1849 Romano
2210 1809 2357 1863 papae
2388 1793 2706 1847 transmisit.
2730 1792 2819 1845 His
2843 1806 2972 1846 vero
3000 1791 3217 1855 auditis,
3246 1791 3522 1845 lleraclius

238 1876 404 1945 lignis
436 1876 489 1931 in
522 1879 790 1946 proprium
844 1876 1043 1943 locum,
1096 1880 1461 1947 plurimasque
1488 1880 1683 1948 gratias
1716 1879 1825 1935 Deo

1934 1888 2192 1943 confusus
2211 1859 2323 1951 est,
2368 1895 2420 1941 et
2450 1886 2729 1940 destruere
2769 1884 2983 1954 quidem
3032 1884 3245 1952 propria
3279 1884 3519 1950 nolebat,

238 1970 375 2040 egit,
405 1970 681 2040 pulsisque
711 1970 777 2024 ab
803 1976 934 2025 urbe
973 1985 1154 2025 sancta
1208 1972 1463 2038 llebra-is,
1502 1973 1660 2042 jussit
1707 1974 1829 2028 illos

237 2078 351 2117 non
379 2063 576 2117 habere
600 2072 913 2132 potestatem
941 2066 1157 2132 pr0pius
1198 2066 1353 2118 almae
1398 2063 1616 2129 civitati,
1668 2081 1827 2134 quam

238 2156 416 2209 tribus
458 2155 693 2209 millibus
724 2156 1205 2225 apprOpinquandi.
1253 2157 1383 2210 Cum
1414 2166 1591 2212 autem
1638 2172 1827 2227 perves

235 2248 411 2301 uisset
440 2246 503 2299 ad
526 2246 813 2313 Edessam,
843 2249 1171 2302 Orthodoxis
1231 2249 1522 2305 Ecclesiam
1573 2250 1824 2316 reddidit,

237 2354 365 2408 quae
395 2354 423 2391 a
456 2338 786 2393 Nestorianis
807 2355 836 2392 a
857 2341 1151 2396 Chosdrois
1179 2353 1419 2413 tempore
1446 2346 1749 2409 tenebatur,
1776 2358 1831 2402 et

236 2432 467 2485 veniens
497 2431 823 2501 Hieropolim
846 2475 859 2496 ,
891 2434 1094 2488 audivit
1132 2436 1273 2504 quod
1330 2438 1525 2507 Syroes
1575 2453 1667 2493 rex
1702 2439 1830 2495 Per-

233 2539 421 2579 sarum
451 2526 589 2579 diem
612 2526 889 2581 clausisset
916 2537 1233 2595 extremum,
1265 2539 1319 2586 et
1375 2532 1624 2605 Adhesyr
1672 2534 1829 2604 hujus

232 2615 386 2672 ﬁlius
417 2620 465 2671 ei
522 2618 576 2672 in
634 2620 781 2689 regni
833 2621 1090 2692 regimine
1139 2626 1506 2679 successisset.
1556 2627 1654 2692 Qui
1705 2643 1827 2682 cum

232 2721 445 2777 septem
477 2714 735 2766 tenuisset
780 2714 1053 2767 mensibus
1102 2716 1482 2785 principatum,
1539 2719 1829 2774 insurrexit

232 2805 496 2858 adversus
524 2821 642 2859 eum
671 2807 946 2872 Sarbaras,
982 2808 1092 2877 qui,
1126 2822 1194 2861 eo
1226 2823 1502 2876 percusso,
1547 2810 1828 2877 imperavit

236 2896 426 2950 Persis
467 2898 741 2951 mensibus
772 2913 887 2953 sex.
922 2899 1034 2953 Iloc
1078 2907 1252 2953 autem
1312 2900 1488 2954 Persae
1528 2902 1826 2967 interiecto,

232 2993 265 3021 ⁸
299 2991 555 3046 Bornaitn
602 2994 948 3060 praetulerunt
980 2995 1030 3046 in
1084 3009 1262 3062 regem
1310 2994 1477 3048 ﬁlium
1515 2993 1824 3061 Chosdrois,

230 3085 327 3153 qui
356 3083 526 3137 tenuit
552 3099 772 3153 regnum
796 3084 1078 3139 Persarum
1110 3096 1313 3156 septem
1348 3088 1642 3143 mensibus.
1664 3089 1829 3144 Porro

234 3176 365 3230 huic
394 3178 650 3230 successit
702 3176 1035 3244 Hormisdas,
1092 3196 1196 3248 quo
1243 3197 1272 3234 a
1320 3181 1600 3237 Saracenis
1650 3184 1821 3251 pulso,

234 3267 438 3322 factum
491 3277 573 3323 est
624 3284 843 3337 regnum
882 3270 1161 3325 Persarum
1192 3273 1219 3311 δ
1243 3275 1341 3327 sub
1370 3275 1635 3329 Arabibus
1659 3292 1827 3345 usque

232 3359 296 3413 in
330 3360 647 3413 hodiernum
672 3360 832 3415 diem.
860 3364 1014 3414 Anno
1038 3362 1298 3432 vigesimo
1336 3367 1543 3435 imperii
1568 3367 1823 3423 Heraclii.

232 3451 529 3508 Hormisda
574 3463 760 3521 regnat
808 3457 859 3509 in
918 3456 1115 3511 Persis.
1175 3455 1306 3513 Cum
1338 3469 1514 3514 autem
1552 3460 1825 3516 iieraclius

232 3558 390 3601 esset
423 3547 561 3613 apud
597 3545 942 3614 Hieropolim,
972 3550 1117 3602 venit
1144 3550 1208 3603 ad
1236 3566 1357 3604 eum
1381 3552 1703 3605 Athanasius
1735 3568 1826 3620 pa-

229 3635 479 3690 triarcha
508 3636 886 3703 Jacobitarmn,
918 3640 998 3693 vir
1026 3641 1185 3706 acris,
1218 3652 1273 3696 et
1330 3658 1555 3712 nequam
1606 3644 1824 3713 ingenii,

224 3730 501 3795 Syrorum
531 3729 724 3783 inditas
758 3733 1022 3784 versutias
1044 3734 1342 3801 possidens,
1373 3745 1425 3790 et
1455 3747 1599 3789 moto
1630 3739 1696 3791 de
1721 3737 1825 3791 ﬁde

226 3825 311 3880 ad
344 3825 715 3893 imperatorem
744 3841 1012 3892 sermone,
1048 3831 1352 3898 repromisit
1378 3832 1424 3886 ei
1453 3832 1823 3898 ileracliuspsi

225 3917 736 3973 Chalcedonensem
776 3921 1038 3991 synodum
1092 3924 1434 3990 suscepisset,
1467 3926 1822 3995 patriarcham

222 4014 397 4070 illum
428 4012 720 4068 Antiochia:
746 4031 804 4070 se
837 4016 949 4070 fore
1004 4016 1285 4072 facturum.
1332 4020 1403 4073 At
1455 4020 1546 4075 ille
1574 4021 1823 4076 simulate

222 4110 480 4175 suscepit
536 4110 820 4178 synodum,
868 4112 1129 4166 conﬁtens
1156 4112 1290 4167 duas
1331 4113 1506 4168 unitas
1535 4115 1586 4168 in
1609 4115 1822 4171 Christo

226 4211 481 4257 naturas.
516 4204 859 4274 Interrogavit
889 4216 1066 4260 autem
1112 4208 1491 4277 imperatorem
1539 4209 1603 4263 de
1633 4225 1823 4279 opera-

228 4296 392 4350 tione
412 4309 475 4349 ac
503 4296 881 4363 voluntatibus,
907 4298 1132 4367 qualiter
1157 4299 1250 4351 has
1280 4300 1332 4351 in
1366 4300 1579 4354 Christo
1610 4311 1822 4370 oportet

220 4387 373 4453 dici,
407 4386 594 4455 duplas
619 4403 684 4441 an
716 4387 954 4455 simplas.
989 4388 1137 4444 Tunc
1186 4391 1476 4460 imperator
1502 4392 1647 4446 vocis
1672 4394 1847 4446 novir

226 4491 351 4536 tate
378 4491 770 4549 consternatus,
805 4484 1018 4552 scripsit
1070 4484 1257 4554 Sergio
1284 4488 1819 4557 Constantinopoleos

216 4575 515 4642 episcopo.
551 4572 791 4626 Adrocat
834 4576 992 4629 etiam
1046 4574 1242 4645 Cyrum
1290 4576 1588 4632 Phaselidis
1615 4580 1824 4648 episco-

220 4679 467 4743 puin,et
490 4670 588 4724 hoc
609 4671 955 4741 interrogato,
1002 4673 1199 4740 reperit
1236 4688 1355 4726 eum
1403 4673 1825 4730 consentientem

218 4764 431 4832 Sergio
472 4762 522 4815 in
568 4777 722 4815 uuam
756 4762 1080 4817 voluntatem
1122 4773 1178 4817 et
1223 4779 1382 4818 unam
1433 4767 1822 4835 operationem.

218 4853 463 4923 Sergius
488 4854 626 4907 enim
660 4863 717 4906 ut
746 4864 867 4920 pote
894 4854 1060 4923 Syrus
1082 4868 1301 4923 genere,
1325 4870 1387 4909 ac
1410 4855 1719 4925 parentibus
1739 4857 1824 4913 ια.

216 4944 439 5002 cobitis
458 4946 713 5009 existens,
743 4960 900 4998 unam
922 4945 1220 4999 naturalem
1245 4947 1569 5002 voluntatem
1591 4958 1646 5003 et
1667 4966 1825 5005 unam

1931 1990 1986 2035 et
2013 1996 2199 2034 rursus
2230 1978 2516 2047 opprobria
2540 1992 2646 2031 non
2672 1976 2898 2031 ferebat.
2952 1974 3105 2030 Tunc
3135 1975 3430 2039 lieraclius,
3464 1983 3522 2028 ut

1932 2087 2179 2141 magnum
2209 2069 2462 2137 quiddam
2496 2068 2673 2123 facere
2704 2068 2991 2132 arbitrans,
3014 2066 3236 2135 exponit
3259 2067 3523 2134 scriptum

1932 2165 2081 2229 illud,
2115 2163 2255 2233 quod
2305 2172 2643 2229 nuncupatur
2674 2161 2906 2215 Zenonis
2948 2161 3204 2225 edictum,
3234 2160 3522 2214 continens

1931 2270 2108 2322 neque
2157 2270 2314 2309 unam
2354 2268 2529 2321 neque
2559 2253 2689 2306 duas
2734 2253 3075 2322 operationes
3105 2253 3155 2305 in
3182 2251 3398 2306 Christo
3441 2250 3523 2304 fa-

1933 2357 2129 2415 tentes,
2163 2363 2270 2418 quo
2304 2348 2445 2402 Iccio
2497 2348 2549 2400 hi
2599 2361 2813 2417 quoque
2862 2347 2950 2415 qui
3000 2355 3294 2401 sectatores
3334 2344 3524 2400 Severi

1933 2450 2076 2503 sunt,
2109 2449 2165 2495 et
2191 2441 2260 2493 ita
2306 2439 2551 2507 sapiunt,
2584 2439 2636 2492 in
2673 2438 2882 2507 popinis
2923 2448 2977 2493 et
3006 2437 3212 2492 balneis
3242 2437 3523 2491 catholicas

1932 2533 2285 2589 detrahebant
2313 2533 2587 2597 Ecclesize,
2617 2532 2979 2599 perhibentes.
3029 2531 3263 2586 Primum
3307 2530 3521 2600 quidem

1931 2645 2051 2698 quae
2072 2639 2193 2681 sunt
2222 2628 2621 2682 Chalcedonitte
2652 2627 2881 2682 Nestorii
2930 2627 3225 2682 sentientes
3280 2626 3524 2694 resipue-

1930 2732 2053 2777 runt
2077 2722 2141 2775 ad
2168 2722 2449 2776 veritatem
2480 2720 2742 2783 conversi,
2793 2728 2848 2775 et
2893 2720 3023 2772 uniti
3073 2718 3230 2773 nobis
3276 2727 3399 2771 sunt
3427 2732 3523 2787 per

1932 2829 2093 2867 unam
2121 2812 2469 2882 operationen
2505 2812 2557 2866 in
2607 2826 2767 2865 unam
2810 2809 3006 2865 Christi
3062 2820 3330 2863 naturam.
3371 2808 3522 2862 Nunc

1935 2916 2111 2960 autem
2140 2904 2465 2974 ptenitentes
2487 2920 2647 2981 super
2679 2905 2799 2970 hoc,
2833 2918 2932 2959 nec
2961 2918 3019 2957 se
3050 2903 3306 2956 habentes
3336 2916 3519 2969 sensu,

1932 3001 2225 3052 amiserunt
2278 3007 2579 3066 utrumque,
2633 3011 2805 3064 neque
2861 3010 3017 3050 unam
3068 3008 3242 3063 neque
3285 2994 3417 3047 duas
3469 2994 3523 3047 in

1933 3088 2149 3144 Christo
2172 3089 2511 3157 Operationes
2560 3087 2895 3141 conﬁtentes.
2948 3086 3076 3140 Post
3120 3094 3346 3139 mortem
3393 3099 3522 3139 vero

1935 3181 2106 3252 Sergii
2137 3181 2373 3253 Pyrrhus
2402 3180 3052 3249 ConstantinOpolitanum
3097 3177 3332 3245 suscepit
3373 3176 3521 3230 thro-

1932 3288 2083 3337 num,
2117 3274 2201 3340 qui
2232 3288 2348 3342 quze
2382 3272 2626 3339 praedicta
2658 3282 2780 3325 sunt
2810 3285 2840 3324 a
2871 3271 3055 3340 Sergio
3084 3282 3137 3325 et
3177 3268 3319 3340 Cyro
3358 3269 3522 3339 impie

1932 3367 2225 3420 roboravit.
2262 3365 2509 3419 Heraclio
2549 3381 2675 3419 vero
2708 3373 2940 3428 mortuo,
2987 3380 3108 3418 cum
3140 3364 3523 3419 Constantinus

1933 3458 2075 3513 ﬁlius
2093 3458 2208 3527 ejus
2227 3460 2538 3526 imperaret,
2558 3458 2792 3529 Pyrrhus
2813 3474 2915 3512 una
2932 3475 3051 3513 cum
3072 3458 3295 3513 Martina
3313 3475 3520 3516 veneno

1932 3550 2073 3604 hunc
2105 3552 2333 3614 necavit,
2368 3560 2421 3604 et
2476 3551 2700 3618 imperat
2738 3551 3065 3605 Ileraclonas
3092 3552 3329 3607 Martinte
3358 3552 3519 3608 ﬁlius.

1933 3644 2101 3698 Porro
2118 3653 2336 3696 senatus
2362 3652 2414 3696 et
2440 3650 2545 3695 tota
2577 3642 2763 3695 civitas
2788 3644 3052 3714 Pyrrhum
3082 3654 3139 3698 ut
3161 3646 3378 3712 impium
3396 3661 3517 3699 cum

1932 3735 2155 3788 Martina
2186 3743 2239 3785 et
2270 3733 2375 3786 ﬁlio
2399 3733 2513 3797 ejus
2547 3734 2882 3801 repulerunt,
2914 3744 2967 3788 et
2999 3736 3224 3803 imperat
3255 3735 3521 3789 Constans

1930 3828 2069 3881 ﬁlius
2107 3827 2465 3891 Constantini,
2519 3836 2572 3881 et
2614 3836 2961 3881 consecratur
3010 3826 3202 3881 Paulus
3232 3830 3519 3898 episcopus

1928 3919 2467 3988 Constantinopoleos
2499 3929 2548 3973 et
2575 3919 2687 3988 ipse
2740 3920 3043 3972 haereticus.
3075 3919 3306 3974 Joannes
3332 3931 3513 3973 autem

1926 4012 2208 4068 Romanus
2241 4013 2459 4082 pracsul,
2489 4011 2712 4065 collecto
2741 4013 3112 4080 episcoporum
3135 4011 3359 4064 concilio
3400 4012 3516 4066 Mo-

1926 4106 2306 4161 nOthelitarum
2360 4103 2589 4157 bzeresin
2631 4103 3115 4157 anathematizavit.
3168 4102 3428 4158 Similiter
3454 4114 3513 4161 et

1925 4200 1980 4255 in
2004 4198 2179 4253 Africa
2226 4212 2387 4265 pcnes
2417 4208 2439 4235 ο
2472 4197 2807 4267 Byzantium,
2862 4195 3187 4259 Numidiam,
3224 4203 3279 4248 et
3317 4196 3511 4250 Mauri-

1924 4292 2149 4355 taniam,
2175 4288 2369 4343 diversi
2404 4288 2641 4357 episcopi
2694 4287 3100 4354 convenientes,
3137 4288 3511 4342 Monothelitas

1924 4385 2262 4438 anathemate
2279 4382 2634 4451 perculerunt.
2652 4382 3002 4438 Joannesane
3020 4382 3320 4437 dormiente
3338 4382 3516 4437 Theo-

1924 4477 2088 4531 dorus
2122 4476 2464 4530 constituitur
2494 4487 2592 4542 pro
2632 4489 2696 4526 eo
2752 4488 2907 4543 papa.
2939 4472 3178 4543 Pyrrhus
3228 4488 3355 4528 vero
3387 4488 3510 4528 cum

1852 4603 1908 4662 υ
1929 4567 2261 4637 pervenisset
2277 4565 2342 4618 ad
2372 4564 2603 4619 Alricam
2635 4565 2832 4619 mutuis
2850 4579 2969 4618 cum
2990 4564 3327 4619 sanctissimo
3348 4565 3514 4620 Maxi-

219 5039 613 5110 operationem
655 5036 706 5089 in
748 5035 966 5091 Christo
996 5039 1291 5107 rescripsit,
1334 5050 1492 5108 atque
1547 5041 1828 5096 confessus
1859 5052 1891 5103 ἦ

218 5144 346 5192 est.
391 5137 488 5189 Ast
546 5133 833 5201 imperator
886 5133 1162 5203 utriusque
1207 5134 1552 5203 acquiescens
1574 5136 1823 5204 consilio,

220 5222 449 5296 reperit
478 5232 533 5278 et
580 5224 933 5278 Athanasium
975 5226 1056 5279 eis
1104 5226 1552 5281 consentientem.
1598 5225 1827 5283 Noverat

216 5324 391 5381 enim
415 5322 539 5390 quia
569 5319 639 5373 ibi
669 5334 771 5373 una
799 5318 1041 5387 operatio
1091 5319 1375 5387 reperitur,
1407 5320 1495 5373 ubi
1525 5327 1580 5373 et
1610 5336 1710 5374 una
1734 5336 1826 5375 na-

222 5430 365 5474 tura
396 5413 753 5483 cognoscitur.
788 5413 976 5466 Certus
1006 5420 1188 5466 autem
1221 5413 1509 5482 imperator
1539 5428 1697 5482 super
1726 5413 1827 5468 hoc
1886 5460 1891 5463 _

218 5513 419 5570 factus
470 5507 659 5562 scribit
701 5506 767 5561 ad
795 5507 1061 5562 Joannem
1103 5522 1291 5577 papam
1351 5507 1649 5562 Romanum
1693 5524 1827 5577 pras-

215 5609 512 5664 dictorum
538 5603 880 5665 sententiam,
908 5602 997 5671 qui
1028 5616 1361 5669 nequaquam
1403 5615 1590 5655 eorum
1627 5611 1826 5656 sectam

212 5696 484 5758 admisit.
516 5695 682 5749 Porro
710 5693 941 5763 Georgio
965 5691 1327 5747 Alexandrino
1356 5692 1631 5760 defuncto,
1657 5694 1825 5747 mitti-

324 5844 349 5871 ι·
377 5835 487 5899 AL,
513 5833 772 5887 Boranim.
802 5831 907 5895 AL,
938 5831 1217 5887 Baraman.
1242 5831 1304 5888 P.
1340 5831 1507 5898 Pith.,
1538 5830 1753 5885 Doram.

318 5910 347 5952 ιι
372 5904 484 5975 AL,
515 5906 607 5961 sub
638 5903 1028 5958 Michammalh.

1935 4676 2021 4715 mo
2051 4659 2261 4713 videtur
2292 4657 2618 4725 aspectibus,
2649 4654 2809 4708 Abb;e
2836 4654 3083 4709 videlicet
3106 4656 3511 4726 religiosissimo

1932 4756 1985 4811 in
2010 4752 2338 4809 monachicls
2360 4749 2810 4819 corrcptionibus,
2864 4764 3071 4803 necnon
3129 4760 3180 4802 et
3210 4750 3510 4805 divinorum

1932 4847 2043 4902 illic
2067 4842 2473 4899 consistentium
2504 4843 2813 4912 pontiﬁcum
2841 4850 3187 4909 praesentatur
3210 4842 3503 4896 obtutibus.

1929 4939 2031 5007 Qui
2059 4942 2199 4992 hunc
2230 4936 2569 5005 redargutum
2628 4948 2689 4988 ac
2722 4947 3060 5003 persuasum,
3084 4931 3305 4984 Romam
3337 4933 3401 4986 ad
3425 4948 3517 5003 pa-

1930 5048 2051 5106 pam
2077 5030 2419 5087 Theodorum
2451 5029 2781 5083 direxerunt.
2828 5028 2924 5093 Qui
2956 5026 3285 5082 Ol'lIIOdOXIiB
3319 5028 3505 5082 libello

1931 5130 2126 5185 tradito
2154 5143 2324 5197 papae,
2356 5125 2421 5178 ab
2442 5139 2507 5179 eo
2535 5132 2779 5191 receptus
2815 5129 2916 5176 est.
2950 5121 3152 5175 Interea
3182 5136 3303 5175 cum
3345 5122 3516 5177 Roma

1931 5221 2283 5284 discessisset,
2314 5217 2726 5283 Ravennamque
2775 5213 3124 5282 pervenisset,
3159 5220 3214 5264 ut
3245 5214 3392 5267 canis
3438 5214 3505 5267 ad

1928 5312 2185 5368 vomitum
2237 5325 2389 5363 suum
2445 5320 2692 5362 reversus
2737 5313 2838 5360 est.
2888 5305 3005 5370 Quo
3053 5319 3185 5374 papa
3234 5315 3515 5374 comperto

1930 5404 2261 5467 Theodorus,
2308 5399 2636 5470 plenitudine
2685 5407 2974 5453 convocata
3016 5396 3287 5462 Ecclesiae,
3318 5398 3385 5452 ad
3420 5414 3510 5455 se-

1928 5500 2167 5571 pulcrum
2185 5496 2397 5551 verticis
2418 5494 2777 5562 apostolorum
2805 5493 3050 5558 accessit,
3067 5502 3119 5547 et
3136 5492 3321 5547 divino
3342 5494 3515 5550 calice

1929 5594 2288 5666 expostulato,
2306 5606 2371 5646 ex
2402 5589 2615 5646 viviﬁco
2641 5587 2899 5657 sanguine
2922 5587 2973 5640 in
2997 5594 3355 5641 atramentum
3386 5585 3507 5639 stil-

1929 5692 2078 5760 lavit,
2109 5698 2162 5743 et
2191 5688 2262 5741 ita
2290 5684 2506 5756 propria
2535 5696 2694 5738 manu
2743 5678 3129 5751 depositiouem
3179 5678 3371 5749 Pyrrhi
3407 5694 3506 5735 ex-

1796 5810 1803 5811 ,
1834 5832 1839 5837 ’
1901 5841 1904 5846 ·
1935 5895 1957 5912 Γ
2004 5831 2025 5860 °
2051 5827 2160 5895 AL,
2187 5823 2481 5895 Byzacium.

1806 5978 1947 5995 \-,.,.~f
