3956 6342
582 326 719 389 1045

1424 330 1623 387 psum
1662 316 1935 391 DIACONI
1961 330 2114 397 ore,
2153 327 2334 397 PARS
2369 333 2410 391 ι.
2450 364 2521 379 -
2554 333 2933 395 HISTORICA.

3613 368 3717 429 l0“

577 439 956 554 communicari
1008 442 1151 499 facit.
1203 441 1472 554 Prmterea
1523 462 1643 503 cum
1678 448 1944 554 “Pyrrhus
2000 446 2145 554 Con-
2175 444 2227 509 Δ
2253 453 2305 501 et
2335 448 2417 554 his
2464 450 2765 554 interiores,
2797 455 2885 525 qui
2934 468 3039 511 non
3081 464 3206 515 sunt
3249 460 3315 521 de
3357 467 3479 533 tribu
3511 472 3715 554 imm...

576 532 973 603 stantinopolim
1024 537 1370 609 perveniset,
1415 538 1642 595 obeunte
1677 539 1863 606 Paulo,
1918 540 2153 597 audaces

578 623 813 679 bmetici
884 625 1144 694 Pyrrhum
1200 628 1378 685 denuo
1438 629 1630 687 throno
1696 632 2150 703 Constantinopo-

576 716 740 773 litano
794 716 1105 788 prmﬁciunt.
1176 716 1457 783 Theodoro
1522 733 1697 781 autem
1760 739 1894 795 papa
1954 726 2149 783 defun-

573 817 685 877 cte,
741 810 994 869 Martinus
1026 814 1390 871 sanctissimus
1445 815 1628 877 Roma:
1682 828 2025 879 consecratur
2049 834 2146 873 an-

574 904 745 961 tistes.
797 901 927 959 Cum
955 912 1132 965 autem
1180 905 1441 963 Maximus
1485 907 1712 967 Romam
1769 911 2143 983 pervenisset,

572 1008 868 1069 panemque
905 994 1186 1057 Martiuum
1231 997 1298 1057 ad
1352 998 1743 1057 aemulationem
1788 1002 2146 1065 accendisset,

572 1085 778 1156 synodo
804 1095 1018 1143 centum
1070 1088 1253 1147 decem
1310 1092 1679 1163 episcopurum
1730 1094 1978 1163 collecta,
2019 1095 2147 1155 Ser-

569 1176 739 1245 gium,
762 1187 814 1237 et
836 1178 1119 1251 Pyrrhum,
1147 1191 1200 1245 et
1224 1183 1441 1259 Cyrum,
1481 1194 1531 1243 et
1579 1183 1799 1245 Paulum
1830 1188 2148 1247 anathema-

574 1270 894 1339 tizaverunt,
919 1274 1155 1344 duasque
1178 1276 1477 1337 voluntates
1505 1287 1560 1334 et
1582 1281 1920 1349 operationes
1943 1280 2141 1337 Christi

570 1361 667 1419 Dei
698 1364 868 1417 nostri
903 1370 1206 1441 expressius
1236 1369 1609 1435 prmdicarnnt,
1639 1381 1798 1440 atque
1838 1372 2140 1433 firmarunt.

570 1449 834 1509 Caeterum
870 1471 1008 1513 nono
1039 1473 1182 1515 anno
1212 1458 1417 1530 imperii
1443 1463 1521 1516 sui
1555 1460 1815 1521 Constans
1844 1479 2007 1531 nepos
2034 1464 2145 1518 He-

576 1545 745 1609 raclii,
771 1546 1064 1603 indictione
1092 1559 1300 1618 octava,
1330 1551 1409 1606 liis
1438 1552 1629 1621 agnitis
1676 1553 1852 1609 furore
1884 1557 2137 1623 repletus,

571 1648 816 1693 sanctum
873 1638 1156 1703 Martintttn
1206 1652 1259 1699 et
1305 1642 1591 1707 Maximum
1629 1648 2140 1717 Constantinopolim

568 1728 776 1793 ductos,
811 1744 864 1784 et
888 1733 1155 1795 cruciatos
1184 1738 1322 1805 apud
1354 1737 1703 1803 Chersonam,
1731 1748 1783 1793 et
1806 1741 1901 1803 alia
1928 1740 2138 1795 climata

572 1821 762 1877 ersilio
785 1823 1059 1895 relegavit,
1094 1826 1289 1881 multos
1316 1827 1476 1889 etiam
1520 1829 1891 1899 llesperiarum
1914 1832 2137 1901 punivit.

568 1912 664 1975 Qui
704 1913 831 1971 moti
858 1915 973 1973 zelo
1004 1915 1118 1981 Dei,
1161 1918 1367 1993 synodo
1413 1933 1563 1979 sacra
1594 1929 1646 1983 et
1698 1908 1803 1987 ipsi
1828 1930 2139 1987 convocata,

567 2003 1039 2071 Monotltelitarum
1088 2008 1332 2067 haeresim
1363 2010 1630 2085 abdicant,
1682 2012 1814 2075 duas
1844 2014 2143 2068 voluntates

565 2104 619 2155 et
643 2099 981 2165 operationes
1004 2102 1305 2175 explanant.
1343 2104 1539 2161 Taliter
1576 2119 1703 2181 ergo
1752 2106 1989 2167 Ecclesia
2019 2117 2143 2159 tunc

570 2208 663 2267 per
694 2194 1044 2267 imperatores
1095 2204 1150 2253 et
1198 2197 1391 2266 impios
1420 2199 1725 2253 sacerdotes
1763 2199 1990 2262 turbata,
2022 2213 2143 2252 sur-

567 2283 706 2343 rexit
763 2284 1115 2343 desolatorius
1177 2286 1432 2347 Amalech
1506 2302 1830 2356 persequens
1890 2288 2143 2357 populum

567 2372 790 2437 Christi,
817 2384 870 2435 et
897 2376 950 2429 iit
980 2378 1149 2453 prima
1184 2377 1333 2439 ruina
1384 2379 1633 2437 terribilis
1681 2379 1899 2445 [totnani
1942 2379 2145 2431 exerci-

569 2471 679 2528 tus,
716 2464 802 2518 illa
830 2465 1035 2521 scilicet
1053 2482 1168 2539 qua:
1219 2469 1508 2535 seenndunr
1565 2469 1881 2541 Galiatltam,
1930 2483 1982 2531 et
2016 2467 2144 2520 Iler-

569 2558 841 2623 rnucham,
874 2572 934 2611 ac
962 2557 1349 2633 Demitharnm,
1399 2562 1462 2612 ad
1509 2560 1821 2616 ell‘usiouem
1870 2565 2145 2635 sanguinis

572 2657 655 2701 est
681 2646 887 2711 eileeta,
926 2658 1043 2718 post
1076 2649 1499 2715 Pala'stinarnm,
1531 2661 1583 2703 et
1630 2651 2062 2719 Ca‘sariensium,
2091 2663 2146 2709 et

570 2734 1026 2810 Jerosolymorum
1056 2740 1293 2807 excidia;
1326 2740 1447 2793 dein
1482 2740 1763 2817 Aigyptins
1787 2743 2054 2819 interitus,
2084 2759 2145 2799 ac

566 2828 821 2901 deinceps
875 2830 1409 2898 Mediterraneorum,
1442 2844 1492 2885 et
1527 2835 1836 2894 insularum.
1880 2835 2144 2902 totiusque

564 2922 841 2981 Romaniae
898 2924 1213 3005 captivatio,
1270 2925 1364 2979 sed
1415 2935 1466 2980 et
1524 2936 1731 2996 patrata
1786 2927 1838 2979 in
1893 2927 2143 2981 thnice

563 3004 868 3079 omnimo'da
910 3004 1140 3081 Romani
1195 3018 1490 3086 exercitus,
1543 3031 1596 3073 et
1651 3022 1841 3074 classis
1894 3020 2142 3095 perditio,

561 3109 909 3179 omniumque
958 3108 1386 3167 Christianarum
1438 3113 1707 3182 plebium,
1768 3123 1928 3182 atque
1994 3114 2142 3167 loco-

560 3216 677 3254 rum
708 3200 1018 3273 destructio,
1069 3219 1188 3273 quae
1231 3219 1332 3257 non
1383 3207 1631 3271 cessavit,
1673 3205 1845 3259 donec
1891 3206 2141 3267 Ecclesia

562 3299 876 3367 persecutor
916 3304 1224 3371 peremptus
1265 3306 1345 3348 est
1401 3298 1449 3349 in
1502 3295 1694 3350 Sicilia.
1745 3299 1899 3351 Anno
1953 3298 2142 3367 vigesi-

565 3398 653 3437 mo
722 3368 925 3451 primo
964 3368 1172 3459 imperii
1234 3385 1460 3441 lleraclii
1527 3388 1751 3441 moritur
1819 3387 2140 3443 Mulrammat

560 3465 976 3547 Saracenorum,
1030 3478 1118 3541 qui
1177 3485 1231 3532 et
1277 3480 1510 3532 Arabum
1562 3480 1829 3551 princeps,
1880 3488 1933 3533 et
1981 3495 2140 3546 pseu-

565 3567 947 3643 do-propheta,
1008 3579 1249 3645 promoto
1320 3570 1595 3637 Ebnbezer
1642 3579 1867 3640 cognato
1924 3585 2020 3623 suo
2077 3570 2142 3623 ad

558 3664 914 3733 principatum
972 3678 1147 3717 suum.
1214 3664 1440 3735 Ipsoque
1501 3674 1740 3733 tempore
1800 3663 1941 3716 venit
1990 3661 2141 3719 audi-

564 3754 639 3807 tio
667 3754 805 3825 ejus,
858 3765 912 3809 et
962 3771 1149 3823 omnes
1197 3757 1582 3811 extimuerunt.
1618 3736 1703 3809 ‘At
1751 3769 1876 3809 vero
1930 3754 2141 3827 decepti

562 3848 771 3921 llebraai
822 3850 872 3904 in
927 3850 1187 3923 principio
1236 3851 1518 3917 adventus,
1550 3851 1943 3904 :estimaverunt
1990 3850 2140 3911 illum

558 3952 679 4005 esse
720 3939 810 4021 qui
857 3926 1193 4010 exspectatur
1244 3943 1309 3995 ab
1364 3943 1441 3994 eis
1483 3941 1748 4007 Christus,
1800 3941 1871 3994 ita
1923 3952 1977 3994 ut
2025 3943 2144 4012 qui-

556 4027 678 4084 dam
709 4046 895 4086 eorum
918 4033 1004 4101 qui
1043 4029 1471 4097 intettdcbantei,
1505 4030 1819 4085 accederent
1848 4030 1911 4084 ad
1944 4030 2139 4099 ipsum,

556 4127 613 4173 et
658 4117 777 4191 ejus
822 4119 1130 4189 religionem
1176 4121 1537 4188 susciperent,
1582 4118 1746 4189 Moysi
1790 4120 1906 4190 lege
1960 4108 2141 4189 inspe-

555 4208 721 4277 ctoris
777 4208 872 4265 Dei
931 4210 1175 4263 dimissa.
1234 4209 1395 4271 Erant
1455 4218 1628 4264 autem
1681 4225 1901 4264 numero
1954 4212 2138 4264 decem

555 4302 643 4372 qui
677 4301 777 4355 hoc
808 4301 1095 4369 faciebant,
1127 4317 1248 4355 cum
1284 4300 1400 4368 ipso
1430 4317 1639 4372 quoque
1669 4302 1933 4371 degebant
1971 4315 2143 4371 usque

557 4393 623 4445 ad
667 4392 867 4445 cmdem
901 4393 1036 4463 ejus.
1070 4393 1234 4448 Porro
1266 4408 1385 4446 cum
1417 4408 1535 4445 eum
1582 4394 1953 4446 comedentem
2000 4389 2143 4471 aspi-

2256 541 2349 597 sed
2374 557 2437 601 ex
2465 541 2712 611 Getbam,
2740 548 2983 605 videlicet
3010 548 3063 607 hi
3092 552 3181 621 qui
3208 555 3477 617 vocitantur
3503 565 3702 629 Antoniu

2254 631 2343 726 qui
2372 643 2425 691 α
2477 634 2780 695 "umerum.
2809 637 3033 705 Quidam
3080 619 3207 699 sane
3250 660 3415 711 eorum

2255 724 2308 785 in
2339 726 2555 785 camelis
2582 728 2713 785 suis.
2756 728 2890 789 Cum
2921 740 3097 789 autem
3150 736 3318 809 inops,
3347 748 3398 795 et
3430 724 3647 815 orphanus
3667 768 3722 809 es-

2253 824 2337 909 set
2366 818 2646 889 prmdictus
2686 819 3035 889 Mubammat,
3066 825 3235 887 visum
3266 841 3341 889 est
3371 833 3458 891 sibi
3486 836 3543 897 ad
3581 856 3719 909 quam.

2254 905 2375 967 dam
2431 909 2650 971 introire
2706 913 2983 970 mulierem
3034 917 3382 986 loettpletem.
3422 934 3473 983 et
3513 905 3722 1001 cognatam

2252 1011 2425 1088 suam,
2457 1002 2667 1056 nomine
2697 999 2723 1038 δ
2749 1003 3019 1078 Eadigam,
3050 1014 3395 1073 mercenarius
3432 1016 3492 1071 ad
3518 999 3723 1088 negotian-

2244 1087 2379 1161 dum
2423 1104 2542 1143 cum
2584 1093 2803 1153 camelis
2852 1096 2967 1164 ejus
3008 1099 3147 1169 apud
3178 1100 3453 1173 IEgyptum
3478 1117 3523 1164 et
3549 1087 3725 1169 Palestie

2254 1192 2395 1241 nam.
2430 1179 2686 1239 Paulatim
2713 1194 2890 1243 autem
2918 1185 3108 1251 ﬁducia
3144 1205 3302 1263 penes
3339 1195 3490 1263 ipsam
3518 1201 3725 1259 mulierem

2254 1280 2521 1345 percepta,
2557 1288 2674 1341 quae
2724 1276 2878 1333 vidua
2910 1288 3055 1348 erat,
3087 1283 3287 1351 accepit
3327 1300 3437 1343 eam
3481 1304 3671 1357 uxorem,
3689 1304 3728 1353 et

2251 1359 2482 1421 habebat
2524 1365 2758 1420 camelos
2799 1367 2940 1426 illius
2989 1381 3149 1447 atque
3188 1376 3532 1443 substantiam.
3558 1382 3727 1455 ﬁuntque

2251 1455 2460 1509 veniret
2501 1457 2550 1511 in
2596 1458 2966 1530 l’almstinattt,
3015 1469 3418 1529 conversabatur
3455 1486 3558 1529 cum
3590 1474 3729 1533 ludais

2248 1553 2303 1598 et
2338 1545 2668 1607 Christianis.
2701 1550 2955 1617 Capiebat
2985 1563 3159 1611 autem
3192 1557 3257 1610 ab
3300 1559 3374 1615 eis
3397 1561 3617 1629 quasdam
3641 1566 3729 1619 scri-

2248 1644 2338 1704 ptu
2349 1651 2450 1691 ras.
2476 1638 2638 1695 Porro
2663 1642 2891 1699 habebat
2914 1648 3219 1714 passionem
3241 1652 3511 1723 epilepsize.
3531 1655 3620 1727 Quo
3634 1671 3729 1711 com-

2248 1735 2400 1794 perto
2422 1728 2618 1797 conqu
2650 1730 2765 1800 ejus
2792 1734 2945 1789 valde
2970 1736 3299 1809 tristabatur,
3331 1750 3498 1811 utpote
3522 1745 3727 1813 nobilis,et

2246 1834 2366 1889 quae
2390 1834 2448 1873 se
2494 1820 2796 1891 hujttsmodi
2825 1827 3147 1895 copulasset,
3174 1846 3341 1900 egeno
3368 1834 3565 1902 scilicet,
3591 1846 3631 1899 et
3651 1839 3725 1905 epi-

2250 1908 2467 1977 leptico.
2517 1912 2770 1968 Procurat
2817 1932 2945 1972 vero
2987 1928 3040 1973 et
3077 1920 3191 1989 ipse
3223 1922 3428 1995 placare
3455 1925 3577 1987 illam
3610 1927 3728 1983 taliter

2248 1998 2476 2053 dicens:
2520 2002 2650 2071 Quia
2702 2004 2959 2061 visionem
3004 2010 3287 2079 quamdam
3335 2014 3496 2089 angeli
3544 2013 3728 2073 Gabrielts

2248 2091 2372 2145 dicti
2426 2095 2789 2163 contemplor,
2829 2107 2885 2153 et
2936 2098 3075 2154 haud
3127 2100 3304 2161 ferens
3350 2105 3494 2177 hujus
3532 2117 3729 2179 aspectum

2248 2190 2428 2235 mente
2457 2181 2666 2249 tlelicio,
2693 2195 2745 2238 et
2771 2187 2923 2241 cado.
2951 2185 3065 2257 lpsa
3101 2206 3229 2247 vero
3251 2208 3365 2248 cum
3394 2195 3579 2253 traheret
3599 2212 3732 2267 quem-

2248 2271 2367 2323 dam
2402 2275 2719 2326 mouachum
2764 2278 3021 2347 alterum,
3071 2293 3288 2352 prepter
3320 2285 3633 2353 infidelitatem
3666 2289 3731 2343 ibi-

2248 2361 2368 2413 dem
2418 2365 2653 2425 exsuletn
2704 2366 3065 2439 habitantem,
3101 2375 3332 2429 amicum
3363 2393 3522 2451 suum,
3552 2378 3731 2449 indicarit

2248 2454 2295 2506 ei
2325 2457 2526 2519 omnia,
2556 2466 2609 2510 et
2638 2460 2811 2529 angeli
2854 2478 3067 2517 nomen.
3106 2469 3171 2519 At
3205 2468 3294 2521 ille
3334 2473 3505 2535 volens
3528 2488 3621 2535 eam
3649 2473 3728 2531 red-

2248 2541 2375 2596 dere
2404 2554 2625 2611 certam,
2648 2548 2781 2603 dixit
2808 2552 2853 2602 ei
2880 2567 2896 2604 :
2929 2551 3223 2611 Veritatem
3253 2558 3449 2615 loeutus
3474 2572 3560 2617 est.
3583 2563 3728 2617 Etenim

2247 2632 2349 2689 iste
2395 2637 2617 2706 angelus
2673 2637 2897 2695 mittitur
2943 2641 3009 2695 ad
3066 2657 3288 2703 cunctos
3344 2652 3611 2721 prophetas.
3656 2652 3731 2719 Ipsa

2248 2741 2375 2795 ergo
2412 2729 2586 2795 primo
2617 2743 2863 2802 suscepto
2905 2736 3356 2803 pseudom-inaehi
3387 2744 3550 2809 verbo,
3575 2742 3731 2797 credidit

2248 2818 2329 2885 ei,
2364 2828 2417 2873 et
2465 2822 2786 2887 praadicabat
2817 2824 2864 2876 id
2914 2827 3033 2880 aliis
3082 2830 3395 2888 mulieribus
3437 2834 3730 2887 contribulbus

2247 2908 2380 2973 suis,
2412 2908 2733 2979 Proplictani
2762 2929 2883 2968 eum
2906 2932 3045 2984 esse,
3072 2928 3127 2972 et
3156 2921 3331 2976 taliter
3352 2938 3414 2977 ex
3441 2924 3617 2978 feminis
3639 2920 3730 2975 fama

2248 3002 2489 3066 pervenit
2532 3002 2599 3054 ad
2648 3003 2808 3071 viros,
2840 3008 3017 3074 primo
3064 3010 3333 3067 duntaxat
3371 3015 3432 3066 ad
3466 3024 3485 3052 ε
3519 3014 3734 3073 Ebubeter,

2248 3109 2403 3161 quem
2451 3109 2814 3151 successorem
2845 3115 2997 3154 suum
3031 3103 3267 3175 reliquit.
3302 3102 3365 3160 Et
3397 3106 3544 3161 tenuit
3581 3102 3733 3158 heresis

2247 3185 2365 3255 ejus
2396 3198 2600 3255 partem
2632 3192 2819 3259 eremi,
2858 3202 3129 3261 postremo
3174 3212 3270 3267 per
3299 3199 3509 3253 bellum.
3537 3197 3638 3251 Nam
3662 3192 3732 3265 pti-

2247 3295 2393 3333 mum
2436 3281 2648 3350 quidem
2680 3286 2884 3338 occulte
2925 3286 3109 3341 decem
3151 3292 3327 3358 annis,
3367 3300 3419 3346 et
3462 3292 3581 3345 bello
3604 3288 3729 3341 decem

2246 3369 2515 3437 similiter,
2551 3373 2833 3429 manlleste
2865 3390 3072 3431 novem.
3109 3379 3302 3435 Ducuit
3347 3390 3510 3436 autem
3536 3378 3733 3432 auditores

2244 3477 2393 3529 suos,
2424 3464 2564 3531 quod
2598 3469 2687 3534 qui
2734 3466 2929 3520 occidit
2960 3468 3259 3539 inimicum,
3290 3476 3369 3529 vel
3402 3474 3463 3541 ab
3490 3471 3658 3527 inimico
3675 3482 3734 3521 oc-

2243 3559 2461 3626 ciditur,
2494 3560 2545 3615 in
2594 3546 2901 3617 Paradisum
2951 3566 3305 3636 ingrediatur.
3340 3570 3613 3633 Paradisum
3649 3578 3737 3620 tero

2244 3651 2455 3705 dicebat
2481 3654 2706 3707 carnalis
2737 3654 2862 3723 cibi,
2892 3668 2943 3710 et
2976 3669 3179 3728 potum,
3214 3673 3269 3717 et
3295 3662 3636 3717 commistionis
3659 3670 3736 3711 unt-

2244 3743 2463 3809 lierum,
2496 3744 2819 3816 ﬂuviumque
2853 3750 2986 3818 vini,
3029 3762 3081 3806 et
3126 3756 3330 3823 mellis,
3368 3767 3419 3811 et
3460 3755 3608 3817 lactis,
3632 3751 3739 3807 etle-

2244 3835 2507 3889 minarum
2542 3853 2645 3891 non
2694 3842 3067 3906 praesentium,
3103 3847 3198 3899 sed
3248 3826 3471 3901 ariarutn
3507 3846 3735 3899 comitiistu-

2246 3944 2355 3982 ram
2403 3931 2694 3984 multorum
2724 3946 2983 3988 annorum
3016 3935 3275 4007 futuram,
3308 3951 3363 3995 et
3396 3939 3657 3993 afﬂuentem
3679 3946 3739 3985 t0-

2245 4021 2525 4091 luptatem,
2558 4038 2765 4077 necnon
2797 4032 2852 4079 et
2896 4027 2997 4079 alia
3026 4027 3113 4081 lux
3128 4033 3267 4098 uria,
3302 4041 3357 4086 et
3402 4030 3597 4085 stultitia
3622 4028 3741 4095 plent.

2242 4112 2482 4181 Corupati
2535 4122 2709 4169 tamen
2758 4115 2985 4171 docebat
3042 4119 3273 4177 invicem
3297 4164 3311 4188 ,
3343 4132 3395 4177 et
3436 4119 3642 4176 auxiliari
3678 4129 3737 4182 βλ·

2244 4205 2417 4259 tienti.
2450 4206 2616 4261 Porro
2646 4207 2832 4261 eodem
2864 4226 3003 4265 anno
3032 4223 3192 4268 natus
3222 4226 3305 4270 est
3333 4217 3383 4269 in
3419 4216 3611 4269 Oriente
3633 4201 3740 4261 David

2244 4296 2388 4350 ﬁlius
2418 4296 2555 4365 ejus,
2588 4298 2885 4367 eademque
2914 4300 2998 4355 die
3032 4314 3189 4357 natus
3237 4314 3322 4359 est
3372 4301 3615 4358 lleraclius
3650 4292 3749 4381 filius

2246 4386 2471 4441 Heraclii
2501 4374 2747 4457 junioris,
2778 4391 2865 4458 qui
2895 4400 2949 4445 et
2986 4395 3375 4451 Constantinus
3397 4388 3741 4463 appellatusesh

554 4493 735 4537 cerent
758 4484 824 4538 de
848 4487 1074 4548 camelo,
1098 4493 1483 4553 cognoverunt,
1506 4484 1646 4553 quod
1676 4499 1777 4537 non
1805 4492 1950 4537 esset
1977 4498 2134 4551 quem
2164 4504 2221 4566 ι)
2243 4487 2299 4533 et
2323 4479 2617 4547 baptizatus
2639 4491 2722 4534 est
2752 4498 2778 4534 a
2808 4482 2997 4549 Sergio
3029 4486 3357 4553 patriarcha.

555 4574 911 4640 aestimabant,
945 4583 997 4628 et
1046 4575 1361 4643 haesitabant
1402 4576 1523 4643 quid
1567 4584 1807 4644 agerent,
1856 4586 1908 4630 et
1960 4568 2137 4635 utrum

557 4665 865 4734 religionem
911 4665 1028 4737 ejus
1060 4667 1413 4732 dimitterent,
1444 4678 1496 4721 et
1542 4669 1888 4723 formidantes
1925 4669 2135 4735 miseri,

559 4758 755 4814 docent
782 4774 901 4815 eum
934 4767 1119 4813 contra
1150 4774 1248 4814 nos
1275 4759 1607 4814 Christianos
1636 4761 1839 4825 illicita,
1870 4770 1925 4815 et
1955 4760 2025 4814 ita
2058 4762 2136 4816 illi

556 4851 1009 4908 conversabantur
1051 4866 1169 4905 cum
1215 4850 1352 4919 ipso.
1384 4848 1754 4905 Necessarium
1806 4858 1982 4906 autem
2014 4865 2137 4906 reor

554 4943 910 5011 enarrandum
954 4944 1021 4999 de
1048 4944 1390 5013 generatione
1434 4942 1613 5011 hujus.
1650 4943 1727 4997 Ex
1758 4957 1863 4996 una
1912 4957 2137 5017 genera-

556 5038 754 5103 lissima
809 5037 947 5090 tribu
989 5022 1246 5090 oriundus
1283 5042 1400 5091 erat
1448 5034 1687 5090 lsmaelis
1733 5034 1825 5088 lilii
1880 5035 2134 5089 Abrahe.

556 5126 777 5181 Nizarus
804 5127 944 5180 enim
992 5124 1231 5181 lsmaelis
1280 5141 1564 5195 pronepos,
1600 5135 1752 5195 pater
1792 5140 1977 5180 eorum
2019 5141 2131 5180 οω-

558 5221 703 5273 nium
731 5219 944 5274 dicitur.
972 5219 1067 5274 Hic
1088 5219 1273 5291 genuit
1298 5220 1433 5274 ﬁlios
1464 5221 1618 5284 duos,
1652 5219 1874 5274 Muitdar
1903 5220 2134 5288 scilicet,

556 5318 610 5366 et
639 5310 858 5365 Rabian.
894 5310 1116 5383 Mundar
1142 5312 1326 5381 genuit
1350 5311 1375 5340 ⁸
1406 5310 1528 5365 lliez
1556 5320 1611 5365 et
1636 5309 1933 5379 Ziason,'et
1963 5312 2139 5367 Theo-

559 5406 759 5473 minen,
791 5413 844 5473 et
875 5404 1135 5476 Asydum,
1163 5415 1218 5459 et
1266 5405 1399 5459 alios
1442 5406 1670 5473 ignotos.
1708 5405 1773 5459 Hi
1805 5420 1990 5460 omnes
2036 5406 2132 5459 ba-

556 5498 860 5553 bitaverunt
890 5498 1227 5555 Madianitem
1256 5513 1525 5571 eremum,
1558 5511 1611 5555 et
1641 5501 1693 5555 in
1733 5516 1798 5556 eo
1832 5504 2138 5558 nutriebant

558 5603 772 5675 pecora,
799 5598 853 5661 et
883 5589 933 5642 in
973 5590 1326 5659 tabernaculis
1356 5601 1756 5648 conversantes.
1786 5591 1924 5649 Sunt
1951 5603 2131 5647 autem

626 5710 658 5776 φ
684 5704 793 5768 AL,
818 5700 1089 5776 Caroeam,
1112 5714 1161 5761 et
1183 5706 1423 5776 Ragdon.

628 5773 656 5813 ι»
689 5776 794 5843 AL,
823 5772 1024 5829 canar.

2315 4572 2470 4624 Anno
2512 4571 2769 4642 vigesimo
2808 4574 3042 4628 secundo
3073 4576 3289 4644 imperii
3342 4573 3582 4634 Heraclii,
3619 4564 3741 4621 Ευδυ·

2245 4663 2403 4717 bezer
2443 4664 2546 4718 dux
2579 4664 2811 4719 Arabum
2858 4666 3103 4731 habetur,
3137 4669 3229 4736 qni
3289 4669 3455 4723 tribus
3502 4661 3744 4733 principatus

2239 4766 2323 4809 est
2351 4757 2528 4810 annis.
2577 4757 2751 4810 Persae
2781 4771 2909 4812 vero
2946 4759 3367 4813 insurrexerunt
3396 4760 3615 4817 invicem,
3649 4756 3743 4802 et”

2240 4856 2423 4901 mutuo
2467 4847 2819 4902 debellarunt.
2871 4850 2973 4903 Per
3020 4849 3158 4904 idem
3209 4864 3429 4921 quoque
3474 4855 3648 4913 tempus
3679 4846 3742 4891 re!

2238 4937 2485 4993 ludorum
2519 4940 2678 4992 mittit
2718 4953 2940 4994 munera
2986 4941 3445 5009 congratulatoria
3491 4926 3741 4992 Heraclio“

2238 5032 2520 5086 Persarum
2580 5032 2833 5097 victoria,
2892 5033 3207 5100 margaritas
3263 5033 3466 5087 scilicet
3504 5038 3554 5083 et
3599 5015 3741 5089 lapides

2240 5123 2501 5192 pretiosos
2530 5122 2745 5179 multos.
2775 5121 3015 5177 Mortuus
3043 5133 3125 5177 est
3148 5134 3332 5178 autem
3360 5106 3739 5179 “unanimantilli

2237 5223 2499 5270 statuerat
2528 5222 2756 5283 quatuor
2799 5214 3032 5268 amireos
3074 5214 3420 5285 expugnandi
3466 5204 3743 5267 Christianos.

2237 5311 2323 5377 qui
2363 5323 2427 5362 ex
2474 5321 2671 5376 genere
2703 5305 2934 5360 Arabum
2968 5306 3197 5369 hiscant,
3230 5308 3324 5376 qui
3356 5309 3593 5360 venerunt
3613 5299 3747 5350 conm

2238 5401 2487 5457 Muclteas
2505 5398 2802 5462 castellum,
2831 5398 2881 5450 iu
2907 5412 3013 5466 quo
3034 5407 3148 5451 erat
3170 5398 3484 5453 Theodorus
3503 5386 3745 5460 δωρηθέν

2235 5494 2472 5553 volentes
2520 5491 2726 5545 irruere
2763 5491 2816 5543 in
2848 5489 3050 5551 Arabas
3081 5489 3168 5543 die
3219 5506 3324 5558 qua
3375 5489 3522 5542 idolis
3561 5476 3746 5536 immoli-

2236 5588 2339 5641 turi
2378 5594 2553 5641 erant.
2599 5585 2881 5651 Comperto
2931 5592 3105 5651 autem
3155 5583 3265 5638 hoc
3314 5581 3552 5653 Begaritts
3588 5565 3746 5635 cullei;il

2313 5714 2332 5738 θ
2363 5703 2469 5763 ΔΙ..
2504 5700 2854 5754 Abubucharo.

2309 5771 2333 5808 ά
2363 5774 2468 5847 Al,
2497 5773 2762 5845 bligorius,
2788 5771 2840 5823 id
2862 5779 2932 5845 est
2962 5770 3325 5845 cupirulnrius.
