3956 6342
187 378 334 434 ΜΝΞ

1184 334 1504 431 ntsroats
1546 362 1911 433 Μιεεειμ.
1951 390 2021 409 -
2054 363 2188 423 LIB.
2228 366 2417 427 XVlll.

3299 366 3438 425 1046

187 504 383 551 mea
418 489 620 546 milites
658 501 869 554 eorum
910 487 999 557 qui
1028 500 1263 547 arcuum
1290 483 1672 546 observabant,
1698 485 1757 535 et
1778 478 1834 539 Δ
1860 476 1936 544 bi,
1965 479 2054 546 qui
2081 477 2219 537 circa
2246 480 2586 543 sacellarium
2615 466 2743 541 sunt
2779 479 3004 541 inventi.
3032 479 3319 540 Simultate
3345 496 3439 536 au-

188 586 478 653 diligenter
518 581 795 639 adscitus
834 596 867 643 ι
910 578 1435 646 Sarraceno'diem,
1474 584 1534 637 et
1574 576 1758 635 horam

188 693 295 748 qua
316 683 471 731 erant
498 675 794 744 aggressam
818 688 933 737 eos.
966 673 1081 743 ipse
1106 674 1315 733 irruens
1344 673 1397 728 in
1424 684 1520 727 eos
1548 671 1604 725 in
1632 681 1760 737 prte-

190 769 287 833 15°.
316 768 458 837 lluod
484 767 757 824 dicebatur
784 767 957 837 μόθος.
982 765 1181 827 occidit
1206 774 1318 827 tres
1358 763 1613 829 amireos,
1644 759 1764 832 plu-

192 862 493 924 rima-que
518 858 696 926 populi
725 857 957 913 turbant.
1002 855 1227 915 Exsiluit
1264 862 1444 913 alutam
1468 867 1607 911 unus
1629 852 1761 921 ami-

192 967 302 1016 ns,
340 951 605 1020 (Magos
648 949 886 1015 nomine,
928 948 1134 1003 scilicet
1172 962 1332 1016 quem
1374 946 1619 1003 Gladium
1668 942 1760 999 Dei

190 1044 400 1099 dicunt.
425 1041 591 1097 Erant
630 1050 809 1101 autem
836 1041 1066 1099 Arabum
1108 1041 1254 1108 juxta
1302 1038 1596 1108 positorum
1642 1037 1764 1109 qui-

189 1134 342 1197 dam,
375 1131 463 1201 qui
492 1130 821 1199 accipiebam
850 1131 915 1187 ab
940 1130 1347 1200 imperatoribus
1378 1141 1532 1199 rogas
1561 1126 1767 1195 pauxil-

191 1224 273 1285 las
296 1221 369 1281 ad
398 1220 806 1285 cuswdiendum
837 1229 1009 1279 stoma
1054 1220 1242 1279 eremi.
1276 1218 1478 1275 Eodem
1526 1227 1769 1291 tempore

194 1313 347 1377 venit
368 1312 583 1381 quidam
617 1311 784 1382 spado
826 1310 1042 1367 daturus
1072 1310 1293 1367 militum
1326 1324 1498 1378 rogas.
1540 1307 1606 1361 Et
1648 1321 1767 1369 cum

194 1409 472 1469 venieseut
518 1406 721 1469 Arabes
764 1404 1055 1465 secundum
1112 1402 1555 1463 consuetudinem
1604 1414 1771 1455 acce-

194 1497 342 1567 pturi
389 1510 543 1567 rogas
587 1511 730 1563 suas,
752 1496 1030 1551 eunuchus
1060 1510 1152 1555 eos
1192 1494 1258 1553 ad
1300 1496 1406 1557 iras
1453 1493 1661 1569 impulit
1692 1492 1772 1555 di-

197 1604 332 1643 cens
369 1606 381 1641 :
415 1590 537 1658 quia
569 1588 814 1645 dominus
850 1588 931 1649 vix
957 1588 1048 1649 dat
1084 1586 1342 1651 militibus
1367 1600 1543 1655 rogas,
1576 1592 1775 1654 quanto

198 1681 379 1732 minus
426 1680 648 1739 canibus
705 1678 867 1737 istis?
920 1677 1173 1741 V'identes
1230 1690 1357 1745 ergo
1412 1676 1615 1729 Arabes
1678 1674 1776 1727 hoc

196 1770 448 1839 abierunt
490 1769 553 1827 ad
595 1769 811 1839 generis
840 1769 920 1829 sui
952 1770 1114 1833 viros,
1146 1777 1199 1823 et
1241 1768 1339 1838 ipsi
1388 1766 1653 1821 duxerunt
1682 1779 1776 1821 eos

1863 580 1972 627 tem
2005 572 2160 641 facta,
2193 572 2246 631 hi
2274 574 2359 646 qui
2387 589 2509 635 cunt
2553 575 2771 638 Bahane
2797 585 2972 643 erant.
3005 573 3275 631 Bahanem
3306 588 3437 644 pro-

1863 666 2062 727 vehunt
2087 668 2481 740 imperatorem,
2504 676 2559 727 et
2586 669 2885 729 Heracliam
2916 677 3189 743 respuunt,
3222 677 3345 724 tunc
3375 669 3432 725 hi

1864 759 1956 829 qui
1981 774 2099 816 cum
2126 760 2407 821 sacellario
2431 768 2603 831 erant,
2636 760 3015 826 discesserunt,
3046 768 3101 816 et
3128 761 3434 824 Sarraceni,

1866 850 2012 911 aditu
2040 862 2273 921 reperto,
2308 852 2504 913 bellum
2551 853 2753 915 ineunt.
2780 852 2921 907 inter
2959 853 3075 907 haec
3116 861 3276 909 vento
3305 852 3443 907 Noto

1867 942 2103 1013 spirante
2139 950 2324 998 contra
2371 944 2670 1013 Romanos,
2716 958 2820 999 non
2864 944 3105 999 valentes
3150 943 3203 998 in
3252 943 3442 998 faciem

1868 1045 2150 1087 occurrere
2198 1042 2415 1103 propter
2461 1034 2735 1103 pulverem
2778 1045 3119 1107 superantur,
3168 1042 3222 1089 et
3250 1043 3448 1089 semet-

1870 1123 2375 1193 ipsosimmittentes
2395 1126 2449 1181 in
2464 1136 2664 1181 arctam
2690 1128 2825 1181 viam
2845 1125 3447 1192 llermuctamtluminis,

1870 1213 1983 1270 illic
2009 1214 2219 1285 penitus
2249 1215 2582 1283 interierunt.
2618 1217 2781 1271 Erant
2808 1227 2983 1271 autem
3010 1217 3283 1286 utriusque
3313 1231 3449 1285 pra:-

1872 1306 2008 1359 toris
2050 1305 2399 1377 quadraginta
2447 1308 2634 1364 millia.
2658 1307 2809 1363 Tunc
2857 1309 3137 1365 Sarraceni
3168 1307 3451 1378 splendide

1874 1398 2263 1464 triumphantes
2311 1406 2497 1453 contra
2548 1399 2863 1455 Damascum
2911 1400 3165 1470 veniunt,
3211 1409 3265 1455 et
3313 1401 3451 1455 lianc

1876 1492 2113 1561 capiunt,
2144 1501 2198 1553 et
2241 1491 2487 1562 regiones
2532 1492 2814 1547 thnices
2865 1493 3102 1562 capiunt,
3129 1506 3183 1548 et
3212 1492 3455 1548 habitant

1876 1584 2009 1653 illic,
2042 1592 2098 1637 et
2134 1584 2185 1636 in
2214 1582 2500 1654 Egyptum
2548 1584 2714 1639 aciem
2762 1584 3014 1656 dirigunt.
3059 1584 3228 1656 Cyrus
3278 1596 3455 1641 autem

1880 1673 2274 1730 Alexandrinus
2319 1675 2621 1743 episcopus,
2651 1690 2771 1730 cum
2812 1660 3002 1729 horum
3055 1674 3310 1744 impetum
3355 1689 3453 1729 (ιο--

1882 1766 2179 1841 gnovisset,
2202 1780 2421 1835 operam
2443 1767 2610 1834 dedit,
2636 1775 2692 1823 et
2720 1769 2885 1839 pactis
2910 1768 3134 1825 firmatis
3158 1769 3456 1838 pollicetur,

198 1862 252 1929 in
277 1863 550 1935 regionem
577 1861 751 1925 Gazze,
781 1876 897 1930 qua:
926 1861 1099 1914 aditus
1120 1869 1233 1915 erat
1262 1857 1425 1913 eremi
1448 1867 1629 1912 contra
1654 1858 1779 1911 Sida
1808 1834 1858 1895 Β
1889 1863 2081 1929 timens
2114 1862 2393 1923 avaritiam
2423 1876 2633 1929 eorum,
2663 1862 2889 1917 ducenta
2920 1861 3085 1916 millia
3120 1834 3459 1916 denariorum

202 1964 465 2021 tuentem,
492 1952 725 2027 locuples
747 1953 916 2006 valde.
938 1956 1089 2007 Anno
1110 1952 1367 2022 vigesimo
1393 1951 1552 2005 tertio
1576 1949 1784 2018 imperii

202 2043 437 2099 Ueraclii
472 2058 594 2105 cum
625 2046 856 2098 misisset
898 2039 1210 2097 Euhubezer
1238 2051 1462 2112 quatuor
1503 2053 1781 2111 praetores,

202 2139 288 2214 qui
316 2136 461 2192 ducti
493 2137 697 2199 fuerant
719 2138 785 2189 ab
808 2136 1086 2197 Arabibus,
1109 2146 1164 2188 ut
1187 2136 1413 2204 prretuli,
1433 2143 1710 2198 venerunt,
1735 2143 1789 2188 et

200 2239 524 2298 acceperunt
550 2228 683 2294 Rau,
706 2236 758 2283 et
784 2237 943 2281 totam
972 2229 1240 2292 regiooem
1266 2225 1444 2290 Gazae,
1467 2227 1788 2294 tandemque

202 2320 493 2389 aliquando
518 2334 636 2373 cuni
681 2320 911 2383 venisset
939 2327 1131 2386 praeter
1157 2333 1184 2369 a
1210 2317 1451 2372 Caesarea
1495 2316 1788 2371 Palaestina

204 2426 325 2477 cum
361 2411 618 2475 militibus
668 2410 869 2478 paucis,
912 2394 1043 2464 inito
1087 2408 1228 2463 bello
1264 2409 1540 2487 perimitur
1585 2408 1787 2477 primus

203 2514 323 2567 cum
349 2502 607 2567 exercitu,
633 2502 722 2569 qui
746 2510 1102 2557 trecentorum
1129 2508 1242 2554 erat
1260 2501 1514 2566 virorum,
1538 2508 1591 2555 et
1612 2502 1789 2554 multis

203 2594 431 2665 Captivis
478 2594 726 2664 acceptis,
759 2604 810 2647 et
859 2593 1060 2649 exuviis
1105 2592 1366 2663 plurimis,
1419 2593 1620 2647 reversi
1666 2604 1789 2646 sunt

203 2700 323 2740 cum
347 2687 564 2742 victoria
588 2685 884 2755 splendida.
902 2685 1071 2740 Porro
1088 2686 1273 2740 eodem
1295 2698 1434 2738 anno
1452 2692 1789 2739 terraemotus

205 2768 379 2840 iactus
416 2785 576 2851 estin
602 2785 879 2840 Palaestina
918 2792 972 2837 et
1015 2783 1260 2852 apparuit
1312 2781 1517 2850 signum
1555 2781 1608 2835 in
1652 2782 1788 2836 ccelo

203 2880 349 2953 quod
380 2878 571 2934 dicitur
598 2877 833 2942 δοκήτης,
864 2886 1046 2932 contra
1092 2874 1393 2937 meridiem,
1427 2876 1786 2941 praenuntiam

205 2958 442 3037 Arabum
467 2979 803 3039 potestatem.
820 2969 1133 3033 Perduravit
1160 2980 1334 3022 autem
1358 2965 1546 3021 diebus
1570 2966 1787 3036 triginta

206 3071 489 3125 extentum
535 3077 565 3116 a
615 3062 927 3127 Mesembria
974 3075 1144 3130 usque
1188 3060 1252 3114 ad
1298 3048 1632 3114 Arcturum:
1674 3066 1790 3113 erat

210 3165 388 3209 autem
418 3156 472 3207 in
519 3153 730 3207 modum
759 3153 941 3223 gladii.
970 3154 1124 3208 Anno
1169 3153 1430 3223 vigesimo
1458 3160 1646 3220 quarto
1686 3150 1787 3204 iui-
1814 3187 1865 3252 Ο

214 3245 343 3313 perii
376 3242 627 3306 lleraclii,
658 3244 930 3298 Ebubezcr
957 3242 1200 3309 moritur,
1229 3242 1317 3313 qui
1357 3242 1683 3312 principatus
1706 3251 1789 3298 est

211 3333 368 3388 annis
393 3332 602 3388 duobus
623 3344 676 3387 et
706 3332 959 3399 dimidio;
988 3342 1042 3387 et
1071 3332 1231 3386 sumit
1267 3332 1617 3403 principatum
1653 3335 1791 3386 llau-

212 3436 349 3490 mar,
376 3426 466 3493 qui
515 3422 744 3477 destinat
769 3424 1062 3477 exercitum
1109 3423 1365 3478 adversus
1396 3424 1670 3488 Arabiam,
1704 3438 1791 3479 ca-

212 3518 398 3584 pitque
433 3519 618 3569 Bostra
644 3514 917 3569 civitatem
967 3530 1070 3569 una
1115 3528 1235 3589 cum
1283 3515 1405 3579 aliis
1455 3516 1788 3579 civitatibus,

215 3604 447 3660 Profecti
477 3612 601 3658 sunt
646 3613 820 3660 autem
861 3620 1028 3675 usque
1067 3604 1286 3660 Gabata.
1315 3605 1447 3660 Cum
1481 3606 1563 3659 his
1594 3608 1789 3662 bellum

212 3712 499 3781 aggressus
525 3697 834 3765 Theodorus
864 3699 1201 3777 imperatoria
1228 3699 1458 3763 Heraclii
1498 3700 1681 3767 frater,
1713 3701 1791 3763 vi-

208 3798 335 3855 ctus
357 3797 461 3857 est,
490 3796 543 3843 et
580 3788 645 3857 ad
680 3788 1055 3863 imperatorem
1085 3789 1340 3845 Edessam
1374 3792 1537 3845 venit.
1568 3792 1663 3844 Ast
1692 3792 1794 3845 im-

210 3889 438 3957 perator
464 3878 671 3934 ordinat
699 3881 857 3947 alium
890 3891 1171 3950 primorem
1204 3883 1417 3938 nomine
1448 3891 1475 3919 ι
1498 3882 1788 3953 Bahaiiem,

218 3980 278 4043 et
328 3969 662 4039 Theodorum
715 3972 1048 4045 sacellarium
1097 3990 1218 4030 cum
1268 3974 1464 4043 virtute
1516 3976 1789 4045 Bomaica,

209 4068 277 4116 et
297 4060 553 4131 adversus
574 4062 777 4123 Arabes
810 4065 992 4129 mittit.
1024 4063 1263 4135 Cumque
1285 4065 1518 4121 venisset
1547 4067 1793 4135 Emesam

217 4153 456 4207 occurrit
510 4154 795 4209 multitudo
850 4154 1293 4215 Sarracenorum.
1344 4157 1551 4229 Quibus
1606 4160 1796 4216 occisis

217 4260 325 4300 una
356 4260 474 4299 cum
499 4244 601 4312 his,
633 4248 721 4323 qui
749 4245 827 4303 eis
856 4247 1314 4318 priucipabantur,
1351 4251 1585 4322 reliquos
1629 4251 1797 4323 abigit

215 4352 392 4421 usque
437 4338 769 4405 Damascum,
800 4347 855 4395 et
897 4338 1003 4393 illic
1045 4339 1199 4415 juxta
1245 4340 1663 4421 Bardanensium
1696 4342 1835 4397 tiu--

217 4408 620 4491 vium'latebras
646 4431 846 4487 fovent.
866 4408 1138 4489 lleraclius
1165 4444 1344 4491 autem
1368 4437 1518 4509 Syria
1540 4417 1800 4493 derelicta

1887 1974 1985 2035 per
2010 1962 2248 2030 singulos
2275 1975 2442 2019 annos
2466 1961 2572 2016 illis
2598 1960 2909 2015 collaturum
2943 1958 3252 2030 AEgyptum,
3284 1958 3377 2013 sed
3410 1968 3464 2013 et

1890 2051 2237 2113 diffiuitarum
2275 2054 2353 2108 eis
2398 2052 2725 2111 induciarum
2773 2052 2887 2107 fore
2921 2066 3109 2106 aurum
3149 2052 3460 2107 missurum.

1892 2145 2094 2214 Quibus
2134 2144 2383 2217 praestitis
2422 2160 2519 2219 per
2548 2152 2656 2201 tres
2699 2159 2891 2211 annos,
2919 2142 3205 2217 Egyptum
3238 2142 3459 2199 liberam

1890 2239 1959 2301 ab
1985 2239 2300 2292 exterminio
2323 2236 2528 2292 statuit.
2562 2236 2852 2290 Accusatur
2888 2234 3092 2290 interea
3124 2234 3292 2306 Cyrus
3314 2233 3458 2303 apud

1890 2331 2287 2401 imperatorem,
2329 2328 2471 2399 quod
2530 2343 2715 2383 aurum
2744 2325 2957 2398 Egypti
3003 2325 3316 2382 Sarracenis
3362 2324 3461 2379 tri-

1890 2421 2101 2487 bueret,
2140 2421 2228 2493 qui
2276 2434 2399 2476 cum
2445 2419 2615 2474 iratus
2663 2418 2927 2486 misisset,
2971 2416 3112 2472 hunc
3161 2417 3463 2472 accersivit.

1892 2513 2190 2568 Manuelem
2237 2527 2364 2566 vero
2407 2512 2689 2581 quemdam
2738 2510 3045 2565 Armenium
3076 2524 3271 2579 genere
3301 2507 3464 2563 desti—

1891 2607 2037 2669 navit
2068 2605 2433 2676 Augustalem.
2460 2603 2591 2660 Cum
2622 2612 2799 2658 autem
2830 2618 2999 2657 annus
3023 2603 3345 2674 adimpletus
3371 2615 3460 2656 es-

1891 2709 1995 2769 set,
2019 2698 2434 2755 Sarracenorum
2461 2707 2669 2753 actores
2696 2700 2957 2752 venerunt
2982 2712 3165 2749 aurum
3197 2694 3462 2764 accipere.

1890 2794 1988 2855 Ast
2033 2791 2241 2847 Manuel
2282 2790 2579 2845 inefficaces
2623 2804 2715 2843 eos
2758 2789 2996 2858 expellit.
3027 2787 3144 2843 Non
3184 2801 3334 2851 sum,
3377 2787 3462 2840 in-

1892 2884 2103 2959 quiens,
2127 2882 2296 2953 Cyrus
2326 2881 2565 2945 inermis,
2597 2888 2653 2933 ttt
2681 2879 2874 2935 tributa
2904 2878 3056 2933 vobis
3087 2877 3338 2943 tribuam,
3365 2877 3459 2930 sed

1892 2982 2129 3031 armatus
2171 2988 2311 3029 sum.
2340 2973 2580 3042 Cumque
2622 2971 2708 3025 isti
2749 2971 3005 3035 abissent,
3048 2968 3327 3024 confestim
3377 2982 3464 3022 ar-

1891 3075 2107 3129 mantur
2143 3065 2421 3121 Sarraceni
2469 3064 2750 3118 adversum
2789 3061 3103 3135 Egyptum,
3135 3072 3190 3117 et
3230 3060 3461 3115 Manueli

1893 3157 2035 3214 bello
2065 3158 2229 3225 illato,
2262 3157 2404 3212 hunc
2425 3157 2662 3226 abigunt.
2689 3154 2807 3224 ipse
2835 3170 2962 3211 vero
2987 3169 3108 3211 cum
3138 3155 3317 3229 paucis
3345 3153 3463 3224 qui-

1896 3247 2120 3303 busdam
2150 3247 2489 3303 Alexandriae
2517 3248 2664 3303 solus
2695 3247 2966 3315 recipitur.
2997 3245 3145 3299 Tunc
3182 3234 3465 3301 Sarraceni

1892 3339 2185 3412 Egyptum
2249 3339 2349 3393 sub
2404 3338 2603 3394 tributo
2656 3338 2956 3394 reddidere.
3009 3338 3107 3393 Ast
3153 3337 3465 3405 imperator,

1894 3431 2092 3487 auditis
2122 3432 2205 3486 his
2235 3444 2355 3500 quae
2384 3440 2530 3501 gesta
2561 3439 2703 3497 sunt,
2731 3431 2892 3486 mittit
2916 3430 3110 3501 Cyrum
3143 3430 3466 3498 persuaden-

1888 3525 2017 3583 dum
2047 3527 2125 3582 eis
2151 3525 2218 3587 ah
2245 3525 2478 3603 Egypto
2518 3525 2617 3581 sub
2644 3524 2808 3595 priori
2838 3525 3031 3593 placito
3062 3523 3379 3589 recedendi,
3411 3530 3467 3579 et

1893 3622 2078 3676 abiens
2102 3618 2273 3690 Cyrus
2298 3621 2362 3675 ad
2390 3629 2561 3675 castra
2587 3620 3024 3685 Sarracenorum,
3053 3618 3313 3673 rationem
3344 3615 3467 3671 red-

1894 3713 1996 3780 dit,
2025 3727 2084 3767 se
2112 3726 2232 3767 esse
2260 3712 2545 3779 perhibetis
2591 3712 3043 3781 praevaricationis
3070 3712 3375 3776 obnoxium,
3409 3717 3465 3765 et

1893 3805 1940 3867 si
1980 3804 2176 3867 vellent
2218 3803 2451 3875 priorem
2496 3802 2868 3869 concordiam,
2896 3802 3214 3873 iuramentis
3241 3800 3476 3856 afﬁrma-

1895 3906 2093 3957 turum.
2122 3894 2289 3957 Porro
2320 3895 2601 3957 Sarraceni
2631 3896 2930 3959 nullatenus
2957 3895 3040 3951 his
3064 3896 3463 3971 aequiescentes

1892 3988 2145 4047 dixerunt
2167 3987 2460 4058 episcopo:
2489 3986 2648 4043 Potes
2678 3988 2817 4049 hanc
2845 3986 3130 4051 maximam
3158 3986 3466 4047 columnam

1892 4079 2187 4143 devoraret
2227 4079 2329 4147 Qui
2373 4078 2490 4145 ait:
2532 4078 2646 4132 Non
2695 4084 2874 4153 potest
2922 4077 3059 4133 lieri.
3090 4077 3161 4131 At
3211 4074 3328 4137 illi:
3360 4075 3472 4137 Nec

1896 4172 2074 4236 nobis,
2098 4172 2366 4242 inquiunt.
2394 4168 2646 4239 possibile
2666 4177 2748 4235 est
2776 4167 2999 4231 ulterius
3024 4167 3092 4221 ab
3118 4166 3351 4238 Aigypto
3383 4181 3469 4221 re-

1896 4267 2117 4323 cedere.
2147 4266 2303 4329 Anno
2324 4248 2581 4337 vigesimo
2605 4271 2759 4317 sexto
2786 4260 2996 4330 imperii
3025 4259 3273 4326 lleraclii,
3300 4258 3471 4314 aciem

1900 4356 2093 4415 direxit
2123 4354 2358 4419 Haumar
2384 4363 2570 4411 contra
2597 4352 2959 4417 Palaestinam,
2985 4358 3042 4406 et
3069 4349 3322 4405 obsidens
3350 4364 3477 4405 san-

1904 4458 2044 4513 ctam
2094 4450 2359 4513 civitatein
2400 4444 2596 4509 biennii
2647 4454 2887 4514 tempore
2931 4442 3073 4523 cepit
3116 4450 3237 4497 eam
3283 4442 3473 4497 verbo.

217 4526 273 4593 in
324 4524 751 4593 desperationem
797 4539 975 4593 ruens,
1021 4526 1243 4582 sublatis
1286 4529 1533 4601 pretiosis
1581 4531 1737 4607 lignis
1769 4545 1797 4583 a
1827 4546 1885 4608 D
1905 4540 2234 4610 Sophronius
2264 4552 2490 4607 namque
2514 4535 2991 4605 Jerusolymitanus
3017 4550 3257 4591 summus
3286 4549 3471 4591 sacer-

218 4616 578 4697 Jerosolytua,
621 4615 1137 4689 Constantinopolim
1163 4619 1311 4674 adiit.
1356 4619 1598 4675 Bahaues
1627 4629 1803 4676 autem

216 4730 248 4787 a
280 4696 540 4781 Damasco
565 4712 809 4783 Emesam
839 4713 995 4769 rediit
1026 4730 1129 4768 una
1156 4729 1277 4769 cum
1318 4715 1602 4785 Theodoro
1630 4717 1802 4779 sacel-

219 4807 380 4887 lario,
422 4820 541 4877 cum
585 4804 806 4859 haberet
832 4806 1097 4877 exercitus
1140 4807 1491 4879 quadraginta
1524 4808 1715 4876 millia,
1750 4819 1807 4873 et

217 4898 577 4969 insequuntur
625 4896 831 4967 Arabes
880 4897 946 4950 ab
999 4898 1190 4967 Hesma
1242 4913 1407 4968 usque
1459 4897 1802 4951 Damascum.

128 5044 133 5049 ,
217 4994 383 5063 Anno
431 4988 691 5065 vigesimo
733 4990 917 5065 quinto
964 4990 1172 5057 imperii
1217 4988 1469 5056 Heraclil,
1520 4984 1803 5046 Sarraceni

220 5082 398 5137 aciem
440 5066 759 5153 direxerunt.
803 5082 854 5151 in
904 5080 1150 5135 Arabiam
1207 5091 1390 5137 contra
1449 5082 1804 5150 Damascum,

220 5189 349 5226 cum
383 5182 563 5237 essent
589 5171 947 5245 multitudinis
978 5173 1219 5227 infinitae.
1246 5173 1360 5239 Quo
1392 5173 1630 5229 Bahanes
1660 5190 1809 5229 ευιη-

223 5274 405 5335 perto,
435 5264 498 5316 ad
528 5263 861 5345 imperialem
902 5264 1234 5319 sacellarium
1282 5266 1469 5331 mittit,
1506 5275 1561 5319 ut
1602 5267 1808 5321 veniret

221 5376 351 5421 cum
377 5359 612 5431 exercitu
641 5373 739 5431 suo
769 5359 820 5429 in
842 5358 1094 5414 auxilium
1122 5357 1245 5425 sibi,
1269 5373 1388 5413 cum
1419 5359 1642 5429 plurima
1666 5370 1809 5417 esset

223 5454 467 5525 Arabum
496 5451 669 5520 copia.
703 5450 857 5505 Venit
894 5464 1020 5520 ergo
1064 5450 1369 5504 sacellarius
1410 5451 1476 5505 ad
1518 5451 1805 5507 Bnhanem.

223 5549 330 5614 Qui
362 5544 581 5633 profecti
611 5544 679 5598 ab
706 5543 897 5619 Emesa
925 5553 1265 5596 occurrerent
1293 5542 1576 5609 Arabibus,
1604 5554 1657 5598 et
1686 5560 1810 5599 con-

225 5642 376 5698 ﬂictu
423 5640 582 5711 facto,
612 5638 778 5711 prima
810 5636 915 5705 die,
947 5651 1065 5705 qua:
1097 5636 1250 5690 tertia
1282 5635 1414 5691 feria
1456 5635 1808 5693 hebdomadis

227 5744 349 5809 erat
379 5732 577 5805 mensis
617 5714 839 5801 Augusti
872 5727 957 5783 die
986 5729 1238 5798 vigesima
1286 5730 1461 5801 tertia,
1490 5740 1807 5801 superantur

306 5834 333 5861 ει
364 5822 473 5889 AL,
499 5810 805 5877 Baliantem.
834 5820 947 5887 AL,
977 5818 1257 5875 Bohanem.

1903 4631 2001 4693 dos
2025 4631 2244 4691 verbum
2274 4628 2477 4703 accepit
2498 4626 2563 4681 ad
2592 4628 2752 4691 totius
2779 4625 3074 4689 Palaestina:
3097 4626 3465 4689 securitatem.

1903 4721 2143 4791 Cumque
2181 4719 2413 4775 Haumar
2451 4726 2688 4773 sanctam
2733 4717 3000 4773 civitatem
3039 4717 3225 4773 fuisset
3265 4718 3478 4788 ingres-

1904 4827 2016 4879 sus,
2044 4811 2267 4867 cilicinis
2290 4826 2355 4865 ex
2385 4809 2623 4875 camelis,
2648 4818 2703 4865 et
2730 4809 2962 4865 sordidis
2988 4809 3313 4867 indumentis
3342 4813 3477 4867 ami-

1904 4913 2043 4970 ctus,
2089 4900 2593 4972 simulationemque
2639 4903 2930 4957 satanicam
2984 4911 3283 4967 ostentans,
3337 4911 3476 4956 tem-

1906 4992 2051 5063 plum
2078 4993 2359 5061 exquisivit
2393 4994 2532 5062 quod
2564 4993 2815 5049 Salomon
2846 5001 3238 5057 construxerat,
3267 4992 3335 5048 ad
3368 4995 3481 5049 bla-

1906 5082 2159 5153 sphemiae
2188 5096 2298 5137 sum
2330 5083 2637 5138 oratorium.
2671 5085 2779 5139 Hoc
2818 5086 3104 5141 advertens
3133 5084 3475 5154 Sophronias

1906 5178 2023 5229 ait:
2067 5176 2118 5228 In
2166 5176 2387 5229 veritate
2433 5176 2574 5229 istud
2620 5186 2702 5230 est
2750 5176 3075 5232 abominatio
3124 5177 3477 5235 desolationis

1907 5284 2024 5339 quae
2046 5269 2183 5322 dicta
2210 5278 2291 5324 est
2322 5284 2412 5335 per
2441 5268 2709 5323 Danielem
2738 5271 3067 5340 prophetam,
3093 5278 3243 5326 stans
3272 5272 3327 5326 in
3355 5271 3476 5327 loco

1906 5368 2113 5422 sancto,
2144 5359 2434 5429 multisque
2465 5361 2713 5431 lacrymis
2745 5361 2829 5415 hic
2860 5361 3072 5430 pietatis
3108 5369 3477 5433 propugnator

1907 5452 2261 5508 Christianam
2290 5451 2505 5508 deflevit
2531 5454 2764 5523 plebem.
2791 5453 2920 5507 Dum
2952 5468 3084 5510 vero
3109 5452 3215 5511 illic
3245 5454 3478 5512 Haumar

1906 5552 2071 5612 esset,
2099 5543 2302 5615 rogavit
2323 5559 2445 5599 eum
2472 5544 2755 5615 episcopus
2778 5547 3021 5617 accipere
3047 5547 3329 5604 sindonem
3350 5563 3472 5606 cum

1909 5636 2240 5704 indumento,
2268 5644 2322 5691 et
2351 5634 2518 5702 indui,
2547 5644 2599 5688 at
2625 5634 2716 5690 ille
2751 5650 2859 5691 non
2908 5637 3208 5706 patiebatur
3235 5654 3297 5696 ea
3339 5653 3477 5711 por-

1910 5736 2043 5784 tare.
2072 5726 2174 5784 Vix
2201 5741 2329 5800 ergo
2370 5728 2632 5801 persuasit
2659 5727 2742 5784 his
2769 5728 2972 5799 vestiri,
3005 5730 3180 5790 donec
3206 5747 3302 5791 sua
3330 5734 3476 5791 lava-
