3956 6342
559 365 702 425 1047

1420 354 1623 413 PAULI
1661 350 1935 412 DIACONI
1962 349 2117 408 OPP.
2158 347 2338 406 PARS
2373 347 2415 404 Ι.
2456 377 2527 391 -—
2562 344 2948 406 HISTORICA.

3611 361 3708 426 M8

554 496 767 553 rentur,
795 491 850 539 et
879 483 1072 540 iterum
1100 477 1338 537 reddidit
1370 492 1433 534 ea
1471 476 1772 548 Sophronio
1790 518 1803 540 ,
1839 481 1894 529 et
1922 470 2146 527 veStitus
2174 470 2230 531 Α
2254 469 2445 535 Daras,
2472 476 2527 524 et
2552 469 2691 525 hanc
2712 469 2857 524 bello
2878 465 3398 539 comprehenderunt,
3417 480 3466 532 et
3486 476 3531 531 in
3549 479 3617 536 illa
3636 485 3710 553 plu.

556 590 640 637 est
668 575 918 646 propriis.
950 573 1149 628 Verum
1183 571 1324 625 inter
1356 570 1469 624 haec
1496 567 1832 637 Sophronius
1860 565 2015 629 obiit,
2052 564 2142 632 qui

556 672 726 727 verbo
752 679 805 726 et
833 676 956 724 actu
984 663 1487 734 Jerosolymitanam
1515 659 1801 716 adornavit
1830 658 2146 722 Ecclesiam,

553 776 612 821 et
636 772 826 819 contra
849 760 1102 827 Heraclii,
1130 768 1184 812 et
1213 755 1480 810 fautorum
1509 754 1626 824 ejus
1653 752 2145 813 Monothelitarum,

554 856 733 926 Sergii
763 853 971 909 scilicet
999 861 1053 906 et
1080 850 1296 922 Pyrrhi,
1330 846 1628 903 decertavit
1657 861 1916 902 errorem.
1946 845 2145 899 Eodem

552 961 769 1017 quoque
823 959 964 998 anno
1009 943 1154 997 misit
1202 943 1436 1022 llaumar
1481 943 1531 994 in
1568 940 1805 1010 Syriam,
1838 946 1892 991 et
1939 936 2148 1005 subegit

551 1046 722 1092 totam
771 1036 979 1106 Syriam
1028 1035 1358 1089 Sarracenis.
1410 1037 1564 1087 Anno
1613 1030 1871 1099 vigesimo
1919 1028 2169 1095 septimo'

550 1131 765 1199 imperii
809 1128 1038 1182 Heraclii
1084 1129 1233 1182 venit
1284 1126 1520 1180 Joannes
1568 1130 1924 1192 cognomento
1955 1129 1980 1156 ι
2008 1117 2148 1173 Cha-

551 1224 709 1277 theas
742 1229 1057 1290 procurator
1094 1219 1391 1274 Hozroenae
1420 1218 1484 1271 ad
1516 1214 1779 1287 llyaidum
1813 1213 1953 1282 apud
1983 1211 2144 1266 Chal-

552 1314 837 1377 cedonem,
869 1322 922 1366 et
952 1311 1239 1380 spopondit.
1281 1311 1328 1362 ei
1378 1310 1507 1363 dare
1559 1323 1654 1378 per
1696 1306 1931 1371 singulos
1977 1317 2147 1356 annos

552 1403 966 1473 centummillia
1000 1406 1406 1469 numismatum,
1437 1418 1503 1457 ne
1533 1401 1787 1455 transiret
1814 1398 2145 1466 Euphraten,

550 1516 731 1571 neque
759 1499 825 1554 ad
859 1514 1070 1569 pacem,
1104 1512 1278 1567 neque
1303 1496 1367 1550 ad
1409 1495 1607 1549 bellum
1654 1501 1912 1557 armatus,
1944 1503 2140 1558 quous-

552 1611 662 1667 que
698 1594 811 1648 auri
858 1592 1211 1661 quantitatem
1246 1587 1571 1658 persolvant.
1610 1584 1872 1638 Praeterea
1913 1581 2147 1637 Joannes

552 1686 819 1743 Edessam
852 1684 1019 1749 venit,
1048 1691 1104 1737 et
1129 1695 1363 1735 annuum
1394 1691 1612 1733 censum
1645 1675 1878 1729 delatum
1923 1673 1988 1726 ad
2033 1670 2142 1742 Hy-

552 1779 734 1834 aidum
764 1774 1110 1830 .transmisit.
1164 1771 1461 1835 Heraclius,
1500 1769 1602 1823 hoc
1644 1767 1850 1836 audito,
1882 1766 2143 1819 Joannem

550 1873 845 1930 obnoxium
889 1870 1185 1937 judicabat,
1216 1867 1355 1935 quod
1400 1865 1600 1933 absque
1630 1860 1891 1931 imperiali
1922 1860 2025 1913 hoc
2056 1844 2155 1914 te:

549 1967 684 2021 cerit
726 1964 968 2028 notione,
998 1969 1055 2016 ct
1081 1973 1241 2031 quem
1284 1957 1600 2012 accersitum
1631 1954 1819 2009 exsilio
1846 1950 2140 2007 damnavit.

546 2056 722 2111 Porro
752 2071 848 2125 pro
876 2069 944 2109 eo
988 2052 1258 2107 destinant
1302 2048 1652 2103 Ptolemaeum
1685 2045 1992 2114 quemdam,
2026 2058 2147 2097 man

547 2150 775 2219 gistrum
806 2147 1053 2200 militum.
1089 2144 1247 2198 Anno
1278 2143 1537 2211 vigesimo
1567 2149 1757 2195 octavo
1789 2139 1997 2205 imperii
2042 2136 2143 2192 He-

545 2242 703 2296 raclii
744 2248 1001 2308 ceperunt
1048 2239 1253 2293 Arabes
1303 2236 1673 2297 Antiochiam,
1714 2243 1767 2287 et
1816 2234 2014 2286 missus
2063 2239 2145 2285 est

547 2335 823 2389 Muhavias
853 2334 920 2388 ab
952 2333 1221 2387 Haumaro
1262 2341 1479 2401 praetor,
1512 2338 1565 2384 et
1597 2328 1793 2381 amiras
1839 2325 2001 2380 totius
2048 2340 2144 2381 re-
2186 2352 2192 2361 -

548 2428 748 2496 gionis,
775 2441 895 2493 qua:
916 2425 1015 2477 sub
1043 2424 1357 2479 Sarracenis
1383 2429 1520 2486 erat,
1549 2421 1616 2474 ab
1643 2419 1870 2491 {Egypto
1894 2417 2142 2472 videlicet

552 2537 725 2590 usque
756 2520 1091 2588 Euphraten.

624 2616 781 2665 Anno
808 2611 1066 2681 vigesimo
1095 2623 1239 2665 nono
1267 2607 1475 2676 imperii
1506 2606 1760 2669 Heraclii,
1794 2604 2143 2660 transmeavit

547 2702 794 2774 llyaidus
824 2718 943 2758 cum
974 2702 1120 2757 omni
1153 2700 1341 2755 militia
1383 2713 1480 2753 sua
1509 2699 1573 2753 ad
1604 2698 1934 2766 Euphraten,
1969 2705 2023 2751 et
2052 2712 2142 2750 ve-

549 2797 631 2849 nit
658 2794 938 2851 Edessam.
973 2792 1237 2849 Edesseni
1269 2800 1449 2848 autem
1480 2793 1784 2862 aperientes
1816 2798 2139 2861 acceperunt

545 2888 795 2955 verbum,
822 2904 925 2942 una
957 2903 1077 2943 cum
1110 2888 1350 2957 regione,
1385 2887 1745 2957 magistroque
1795 2885 2043 2950 militum,
2078 2900 2140 2941 ac

543 2979 830 3047 Romanis,
856 2982 944 3052 qui
984 2997 1105 3035 cum
1136 2981 1253 3050 ipso
1299 2991 1476 3035 erant.
1508 2982 1605 3035 Ast
1647 2980 1724 3033 illi
1771 2978 2137 3033 Constantiam

547 3074 779 3141 abeunt,
828 3064 1325 3145 depOpulantesque
1372 3072 1516 3126 illam
1566 3072 1833 3140 accipiunt
1881 3071 2042 3135 bello,
2086 3078 2140 3123 et

547 3174 822 3221 trecentos
870 3164 1142 3219 Romanos
1192 3166 1540 3229 interimunt,
1594 3176 1649 3219 et
1695 3164 1842 3218 illinc
1891 3162 2140 3219 abierunt

624 3290 650 3318 ⁸
682 3280 792 3348 AL,
822 3280 1029 3337 Cauas.’
1053 3282 1152 3336 MS.
1180 3281 1396 3338 Graecus
1418 3288 1630 3344 Καττᾶς.

2165 3297 2216 3361 C

2252 560 2428 620 rimos'
2451 564 2702 634 perdunt,
2727 562 3011 633 taliterque
3035 562 3437 633 Mesopotamiam
3455 568 3638 642 Hyaidus
3653 593 3714 636 ee-

2253 656 2354 726 pit.
2380 658 2537 712 Anno
2567 656 2844 726 trigesimo
2868 655 3078 724 imperii
3112 655 3327 711 Heraclii
3349 657 3578 718 Sarraceni
3598 667 3713 727 aciein

2251 750 2562 806 direxerant
2614 750 2665 805 in
2715 749 3022 815 Persidem,
3054 758 3108 803 et
3135 748 3307 804 ineunt
3331 765 3435 805 cum
3466 754 3529 807 eis
3561 756 3712 828 bellum,

2252 851 2607 913 potenterque
2650 843 2944 906 vincentes,
2983 856 3171 897 omnes
3220 842 3311 899 sibi
3352 842 3513 901 Persas
3548 849 3713 909 subditos

2254 936 2498 990 reddunt.
2529 934 2839 988 Hormisdas
2866 943 3065 999 autem,
3096 933 3186 1004 qui
3226 934 3388 990 Persis
3413 936 3715 1007 imperabat,“

2252 1029 2535 1083 interiores
2568 1028 2755 1082 Persas
2785 1026 2903 1097 fuga
2937 1028 3115 1095 lapsus
3141 1027 3327 1092 evasit,
3358 1037 3406 1082 et
3431 1028 3596 1083 dimisit
3616 1046 3715 1102 regi.

2253 1122 2342 1176 lia.
2370 1121 2437 1175 At
2467 1136 2594 1176 vero
2622 1122 2900 1177 Sarraceni
2932 1121 3166 1188 captivas
3208 1120 3448 1176 duxerunt
3470 1121 3578 1176 tilias
3606 1122 3718 1179 Choa-

2252 1215 2397 1271 drois
2426 1232 2545 1272 cum
2570 1217 2713 1272 omni
2742 1225 2997 1287 apparatu
3021 1217 3187 1286 regio,
3211 1224 3262 1271 et
3282 1216 3546 1275 detulerunt
3564 1219 3612 1273 ad
3631 1220 3718 1277 Haa-

2254 1327 2389 1367 mar.
2419 1312 2618 1367 Eodem
2648 1326 2860 1383 quoque
2883 1325 3026 1365 anno
3048 1309 3209 1380 jussit
3252 1310 3465 1365 Haumar
3503 1313 3717 1367 universum

2250 1404 2478 1459 describi
2503 1405 2710 1469 orbem,
2732 1403 2821 1472 qni
2848 1402 2947 1457 sub
2970 1403 3086 1470 ipso
3106 1410 3237 1456 erat.
3254 1401 3401 1455 Facta
3424 1410 3497 1456 est
3513 1411 3644 1457 autem
3662 1404 3718 1458 de-

2251 1496 2472 1569 scriptio
2496 1505 2602 1551 tam
2628 1497 2922 1561 hominum,
2946 1509 3102 1565 quam
3128 1495 3485 1564 iumentorum,
3504 1502 3548 1551 et
3564 1493 3718 1565 frugum.

2771 1595 3307 1665 CONSTANT‘INUS.

2322 1706 2481 1761 Anno
2511 1704 2790 1775 trigesimo
2842 1703 3014 1773 primo
3052 1704 3262 1774 imperii
3292 1703 3367 1758 sui
3410 1701 3632 1757 Heraclius
3659 1701 3721 1755 ini-

2249 1807 2467 1870 perator
2495 1800 2739 1864 moritur,
2772 1797 3099 1869 hydropicus
3132 1796 3319 1861 factus,
3346 1810 3453 1849 cum
3496 1794 3723 1862 imperasset

2253 1894 2408 1949 annis
2438 1892 2674 1961 triginta.
2702 1890 2934 1959 Imperat
2954 1897 3135 1944 autem
3167 1898 3281 1957 post
3304 1902 3416 1941 eum
3440 1884 3724 1940 Constantinus

2250 1987 2393 2043 ﬁlius
2424 1986 2540 2056 ejus
2571 1983 2844 2040 mensibus
2887 1992 3134 2052 quatuor,
3165 1994 3465 2049 venenoque
3503 1990 3722 2047 propinatus
3778 2046 3781 2049 _

2250 2097 2279 2136 a
2312 2067 2540 2135 Martina
2576 2092 2806 2133 noverca
2836 2092 2956 2140 sua,
2983 2084 3040 2131 et
3068 2074 3274 2148 Pyrrho
3318 2070 3596 2143 patriarcha,
3618 2067 3727 2125 mori-

2249 2182 2357 2241 tur,
2393 2181 2447 2226 et
2473 2172 2704 2241 imperat
2731 2167 3058 2224 Heraclonas
3084 2166 3323 2222 Martinae
3346 2164 3474 2221 ﬁlius
3497 2178 3594 2218 cum
3616 2170 3725 2216 matre

2249 2262 2496 2320 Martina.

2810 2349 3179 2407 HERACLON
3188 2350 3286 2409 AS.

2323 2449 2481 2504 Anno
2526 2448 2701 2517 primo
2748 2447 2959 2516 imperii
3007 2446 3343 2512 Heraclonte,
3373 2443 3502 2512 capit
3540 2437 3729 2497 lluharias

2248 2544 2554 2599 Caesaream
2614 2539 2915 2595 Palaestina:
2974 2548 3095 2608 post
3156 2537 3482 2606 septennium
3520 2531 3729 2587 obsidionis

2245 2635 2388 2706 ejus,
2413 2642 2468 2689 et
2496 2632 2691 2689 occidit
2719 2632 2771 2686 in
2795 2646 2859 2687 ea
2889 2641 3095 2702 septem
3127 2631 3293 2685 millia
3318 2630 3648 2683 Romanorum.
3666 2623 3731 2677 Eo-

2248 2731 2372 2784 dem
2418 2742 2561 2782 anno
2608 2735 2826 2782 senatus
2876 2726 3073 2793 repulit
3127 2726 3495 2786 Ileraclonam,
3537 2735 3616 2775 una
3651 2731 3729 2772 cum

2246 2806 2476 2879 Martina
2516 2829 2687 2875 matre
2716 2819 2878 2882 illius,
2912 2833 2975 2872 ac
3007 2817 3315 2883 Valentino,
3346 2817 3508 2886 lingua
3549 2810 3730 2873 Martiae,

2247 2923 2303 2969 et
2330 2926 2462 2966 naso
2490 2910 2802 2966 Heracleum
2841 2909 3101 2964 abscisso.
3132 2909 3331 2979 Eisque
3370 2908 3419 2961 in
3460 2903 3655 2962 exsilium
3674 2899 3732 2952 de-

2246 3005 2461 3062 stinatis
2489 3003 2555 3058 ad
2588 3004 2944 3074 principatum
2976 3001 3329 3059 Constantem
3372 3000 3523 3055 ﬁlium
3547 2997 3734 3052 Constan-

2247 3100 2369 3166 tini,
2396 3106 2643 3166 nepotem
2670 3094 2897 3149 Heraclii
2923 3094 3245 3162 provehunt,
3269 3093 3360 3165 qui
3382 3082 3735 3163 ituperavitannis

2248 3195 2435 3265 viginti
2462 3204 2693 3264 septem.

558 3392 3740 3427 ΜΝ

1554 3493 1853 3571 LIBER
1932 3493 2818 3573 UNDEVIGESIMUS.

1160 3698 1528 3757 CONSTANS.

535 3808 538 3815 ν
620 3790 778 3845 Anno
805 3790 872 3845 ab
900 3790 1269 3848 incarnatione
1298 3793 1508 3848 Domini
1537 3794 1640 3847 654
1665 3796 1933 3851 Constans
1960 3797 2133 3867 impe-

546 3896 670 3938 rare
708 3884 891 3950 cmpit.
934 3882 1065 3937 Cum
1115 3883 1288 3950 primo
1332 3885 1577 3940 videlicet
1621 3887 1828 3956 imperii
1869 3890 1949 3942 sui
1993 3904 2134 3944 anno

544 3990 774 4048 regnare
801 3969 1072 4045 empisset,
1103 3977 1316 4033 dicebat
1345 3979 1409 4031 ad
1453 3980 1735 4050 synclitum
1766 3997 1780 4035 :
1813 3981 1987 4036 Patris
2030 3984 2133 4038 mei

547 4065 882 4124 Constantini
929 4071 1016 4139 qui
1064 4085 1149 4124 me
1190 4072 1393 4139 genuit,
1442 4074 1636 4142 quique
1684 4073 1736 4126 in
1779 4074 1883 4126 vita
1932 4073 2134 4143 prOprii

545 4163 825 4231 genitoris,
858 4163 941 4216 avi
992 4163 1095 4217 mei
1128 4164 1334 4219 scilicet
1365 4164 1616 4230 Heraclii,
1669 4165 1950 4220 sufﬁcienti
2000 4176 2135 4220 tem-

544 4270 673 4323 pore
705 4272 822 4310 cum
862 4271 927 4308 eo
975 4256 1273 4323 imperavit,
1308 4268 1427 4327 post
1469 4259 1581 4311 hanc
1613 4273 1743 4310 vero
1772 4259 1933 4313 etiam
1977 4258 2134 4311 nimis

545 4349 717 4413 brevi,
768 4348 1133 4402 suavissimam
1184 4366 1333 4416 spem
1383 4351 1621 4405 Martium
1674 4365 1915 4404 noverca:
1966 4350 2133 4418 ipsius

545 4439 744 4492 invidia
776 4440 1063 4493 concidens
1094 4443 1195 4494 vita
1229 4444 1474 4508 privavit,
1510 4453 1563 4495 ct
1590 4442 1689 4496 hoc
1725 4452 1939 4511 propter
1966 4442 2132 4497 Hera-

547 4531 781 4593 clonam,
840 4531 925 4595 qui
975 4547 1041 4584 ex
1091 4548 1148 4583 ea
1198 4542 1248 4585 ct
1298 4532 1539 4587 Heraclio
1583 4534 1781 4588 nefarie
1830 4545 1983 4589 natus
2028 4545 2131 4601 est,

547 4634 709 4689 quam
742 4620 1017 4673 Martinam
1058 4636 1177 4674 cum
1221 4631 1344 4677 nato
1372 4632 1609 4677 vestrum
1650 4640 1768 4678 cum
1804 4625 1911 4679 Deo
1951 4626 2134 4683 decre-

546 4720 667 4793 tum
710 4710 830 4779 jure
876 4712 942 4765 ab
990 4713 1211 4779 imperio
1254 4715 1469 4784 repulit,
1515 4732 1579 4769 ne
1623 4717 1843 4769 violaret
1891 4727 1993 4770 tam
2041 4734 2135 4773 ne-

544 4821 701 4873 quam
752 4792 1111 4858 Romanorum
1164 4808 1443 4875 imperium
1475 4851 1487 4871 ,
1552 4810 1702 4863 valde
1752 4810 1967 4879 provida
2013 4825 2131 4864 cum

545 4909 688 4952 esset
732 4898 1062 4966 amplissima
1111 4909 1310 4965 vestra,
1352 4910 1405 4954 ct
1447 4899 1666 4953 honesta
1719 4902 2130 4969 magniﬁcentia.

2248 3704 2373 3769 linc,
2424 3714 2477 3759 et
2522 3705 2590 3759 ita
2636 3703 2877 3758 constitit
2924 3703 3033 3759 illic
3076 3704 3389 3759 aedilicium.
3438 3702 3624 3771 Propter
3652 3696 3742 3752 hanc

2245 3798 2406 3854 etiam
2457 3813 2671 3854 causam
2705 3803 2901 3856 multas
2932 3811 2958 3838 ιι
2993 3816 3185 3857 cruces
3241 3802 3476 3857 fecerunt
3514 3799 3557 3852 hi
3591 3794 3657 3865 qui
3684 3791 3743 3845 ad-

2244 3900 2399 3945 orant
2421 3892 2710 3947 Christum.
2741 3893 2897 3947 Anno
2922 3895 3076 3948 tertio
3104 3895 3315 3961 imperii
3346 3890 3631 3949 Constantis,
3650 3882 3741 3938 sedi-

2246 3984 2445 4039 tionem
2475 3985 2731 4040 excitavit
2772 3986 3173 4040 Valentinianus
3209 3985 3481 4055 patricius,
3509 3983 3741 4043 mittensque

2244 4078 2532 4143 imperator
2577 4077 2718 4133 hunc
2747 4078 2959 4144 occidit,
3008 4089 3060 4133 et
3107 4080 3362 4149 populum
3402 4078 3462 4130 ad
3500 4075 3569 4130 sui
3600 4065 3741 4124 redutil

2246 4169 2694 4224 benevolentiam.
2767 4172 2922 4225 Anno
2978 4182 3183 4240 quarto,
3228 4171 3433 4240 imperii
3489 4160 3740 4223 Constantis)

2244 4260 2430 4317 fraude
2486 4264 2696 4318 occisus
2749 4273 2833 4318 est
2889 4264 3121 4319 Haumar
3175 4267 3575 4320 Sarractnorum
3618 4256 3690 4309 dux
3722 4264 3743 4303 λ

2242 4354 2470 4424 quodam
2524 4354 2685 4410 Perse
2732 4354 3033 4425 Margarita.
3093 4358 3338 4428 Denique
3392 4359 3627 4410 inventum
3660 4357 3742 4399 cum

2243 4449 2526 4516 adoraret,
2562 4451 2781 4521 pupugit
2810 4467 2929 4508 eum
2966 4453 3017 4506 in
3047 4466 3234 4508 ventre
3264 4452 3441 4523 gladio
3469 4447 3622 4505 afﬁxo.
3642 4437 3745 4495 ειείε

2240 4543 2420 4599 vivere
2449 4544 2632 4609 desiit,
2667 4560 2786 4599 cum
2817 4546 3013 4598 amiras
3045 4545 3236 4600 fuisset
3265 4546 3421 4599 annis
3448 4538 3692 4597 duodecim,
3713 4537 3746 4582 εί

2241 4646 2359 4717 post
2404 4652 2525 4692 eum
2573 4637 2823 4691 statuitur
2869 4637 3106 4692 lloamen
3159 4639 3323 4708 hujus
3369 4644 3618 4708 cognatus,
3654 4625 3745 4680 “ius

2240 4728 2434 4784 Tufan.
2465 4730 2620 4784 Anno
2647 4730 2833 4799 quinto
2860 4732 3070 4799 imperii
3098 4732 3411 4786 Constantis
3441 4731 3640 4787 lloamen
3660 4722 3748 4776 Art-

2240 4818 2363 4872 bum
2398 4820 2644 4887 princeps
2672 4820 2919 4885 habetur,
2950 4829 3006 4876 et
3033 4822 3364 4877 simultatem
3394 4822 3642 4877 concinnat
3659 4810 3745 4866 Gre‘

2239 4912 2418 4980 gorius
2465 4913 2717 4978 patricius
2759 4912 2971 4978 Africa,
3005 4929 3106 4967 una
3136 4929 3263 4969 cum
3298 4915 3458 4969 Afris.
3492 4912 3747 4967 Annosexto

540 4991 774 5061 Propter
814 4993 954 5056 quod
1002 5008 1130 5061 rogo
1170 5007 1263 5046 vos
1310 4992 1507 5046 habere
1548 5008 1643 5046 vos
1683 4994 2039 5060 consiliarios,
2079 5007 2132 5049 et
2162 5009 2212 5067 υ
2241 5005 2446 5072 imperii
2489 5004 2817 5072 Constantis,
2867 5006 3036 5062 factus
3084 5016 3167 5063 est
3211 5011 3267 5064 in
3314 5019 3453 5065 terra
3497 5012 3652 5061 ventus
3684 5010 3745 5048 re.

468 5110 474 5159 ξ
540 5087 745 5155 peritos
776 5101 837 5138 ex
886 5089 1159 5139 communi
1210 5087 1571 5155 subjectornm
1614 5086 1873 5152 obsequio
1940 5088 2005 5141 Et
2053 5088 2132 5141 his

543 5181 699 5233 dictis
729 5179 931 5232 dimisit
970 5188 1248 5245 senatum,
1290 5181 1431 5233 hunc
1462 5181 1613 5233 donis
1644 5180 1931 5246 dapsilihus
1964 5182 2133 5235 hono-

541 5286 690 5324 rans.
735 5272 888 5324 Anno
929 5271 1135 5340 imperii
1167 5271 1472 5327 Constantis
1510 5273 1747 5327 secundo
1786 5274 1943 5341 cmpit
1987 5272 2127 5327 Hau-

541 5378 658 5414 tnar
690 5364 957 5417 militicare
990 5364 1244 5431 templum
1276 5365 1326 5416 in
1360 5364 1676 5426 Jerusalem.
1718 5374 1771 5418 ct
1800 5379 1903 5417 non
1937 5367 2129 5431 stabat,

538 5454 635 5507 sed
675 5456 863 5508 ruebat
897 5464 1184 5507 Structura.
1237 5454 1541 5509 Sciscitatiti
1582 5465 1761 5511 autem
1806 5456 1850 5509 ei
1891 5472 2128 5520 causam,

538 5544 794 5599 dixerunt
822 5545 1025 5611 Judrci,
1060 5548 1180 5616 quia
1212 5548 1311 5601 nisi
1344 5563 1472 5601 crux
1499 5590 1511 5609 ,
1544 5564 1659 5616 quae
1696 5559 1775 5603 est
1806 5564 1960 5620 supra
1997 5561 2131 5606 tem-

537 5637 684 5704 plum
735 5636 935 5688 montis
973 5622 1267 5702 ()livarum,
1317 5639 1552 5703 tollatur,
1602 5641 1740 5693 haud
1789 5644 1948 5695 stabit
1992 5652 2130 5695 stru-

537 5736 710 5789 ctura,
741 5738 797 5783 et
837 5740 1051 5797 propter
1085 5722 1459 5785 hanccausam
1483 5775 1497 5798 ,
1544 5733 1744 5788 sublata
1785 5745 1865 5789 est
1905 5751 2032 5789 crux
2068 5736 2130 5790 il-

2239 5097 2483 5163 hemeus,
2527 5098 2614 5166 qui
2654 5097 2819 5152 multa
2858 5100 3096 5168 germina
3126 5102 3357 5167 evulsit,
3399 5101 3676 5163 arboresque
3696 5088 3749 5140 in-

2235 5198 2420 5257 gentes
2453 5189 2704 5244 radicitus
2732 5191 3049 5260 extirpavit,
3098 5202 3263 5263 atque
3300 5194 3488 5248 multas
3523 5188 3746 5244 columnas.

2236 5290 2290 5334 et
2319 5281 2540 5335 chorum
2572 5280 2818 5350 depoSuit
2846 5284 3258 5339 monachorum.
3300 5285 3498 5339 Eodem
3525 5292 3632 5335 vero
3653 5284 3750 5327 arm0

2234 5372 2512 5428 Sarraceui
2556 5372 2821 5428 hostiliter
2867 5374 3101 5429 Africam
3150 5375 3423 5442 adierunt,
3471 5382 3523 5428 et
3562 5364 3747 5425 conﬂicm

2235 5468 2433 5534 agitato
2463 5467 2717 5521 adversus
2764 5478 3044 5537 tyrannum
3078 5468 3430 5539 Gregorium,
3471 5465 3597 5520 hunc
3622 5462 3660 5513 in
3694 5456 3748 5505 ίυσ

2231 5575 2349 5626 gam
2380 5570 2610 5621 vertunt,
2646 5571 2695 5613 et
2724 5575 2818 5628 eos
2844 5562 2929 5629 qui
2961 5576 3081 5616 cum
3115 5562 3235 5629 ipso
3267 5570 3453 5625 erant,
3483 5552 3745 5612 interimunt.

2204 5644 2282 5704 et
2326 5652 2465 5706 hunc
2496 5654 2561 5707 ab
2601 5654 2778 5708 Africa
2826 5656 3023 5723 pellunt
3045 5698 3060 5720 ,
3091 5665 3254 5723 atque
3287 5653 3493 5711 tributis
3520 5663 3622 5705 cum
3650 5638 3749 5696 Afris

2230 5745 2485 5799 ordinatis
2527 5752 2580 5800 et
2622 5748 2788 5815 pactis
2841 5750 3041 5805 reversi
3083 5755 3227 5807 sunt.
3272 5746 3428 5803 Anno
3453 5738 3650 5811 septimo
3674 5730 3745 5791 im-

614 5844 641 5873 ⁸
677 5841 786 5906 ΑΙ.,
820 5858 987 5895 cruces
1019 5845 1363 5910 deposuerunt
1400 5848 1451 5899 hi
1487 5848 1573 5917 qui
1602 5848 1810 5901 oderant
1845 5849 2124 5905 Christum.
