3956 6342
214 374 351 436 1049

1219 373 1539 430 HISTORIA
1579 369 1935 430 MISCELLA.
1980 403 2050 415 —
2088 372 2219 430 LIB.
2258 373 2405 432 XIX.

3324 382 3467 442 1050

213 495 341 565 perii
373 482 1015 561 Constantis,exercitum
1040 493 1204 549 movit
1231 492 1502 547 Muhavias
1525 506 1617 561 per
1642 505 1787 546 mare
1814 497 1867 557 Α
1890 493 2113 548 veniens
2157 494 2208 546 in
2252 492 2425 547 locum
2456 492 2693 558 divertin
2721 495 2975 550 vocabulo
3014 494 3321 554 Phoenicem
3350 499 3461 572 Ly-

210 591 469 649 adversus
492 589 743 662 Cyprttm.
780 590 1015 645 Habebat
1060 599 1235 645 autem
1282 587 1505 657 scaphas
1537 587 1681 642 mille
1710 601 1794 641 se-

212 685 531 753 ptingentas,
581 693 636 737 et
678 684 818 751 cepit
859 683 1221 738 Constantiam
1270 697 1389 737 cum
1439 680 1609 735 insula
1661 690 1792 735 tota.

212 777 344 834 Cum
367 790 495 831 vero
522 777 657 830 hanc
684 776 931 844 cepisset,
957 774 1348 831 exterminavit.
1373 773 1540 829 Porro
1568 772 1793 828 audiens

210 871 556 929 Carcorizum
586 869 968 925 cubicularium
995 877 1179 923 contra
1206 883 1265 923 se
1288 881 1407 922 cum
1441 866 1663 935 plurima
1690 866 1797 919 vir-

212 974 327 1021 tute
371 965 623 1023 Romaica
671 965 995 1030 venientem,
1047 960 1313 1033 navigavit
1360 960 1615 1014 adversus
1665 957 1799 1012 Ara-

211 1058 365 1123 dum,
393 1068 449 1112 et
475 1058 747 1129 applicans
774 1073 892 1113 cum
919 1056 1131 1129 navigio
1161 1070 1256 1109 suo
1282 1053 1417 1123 apud
1453 1051 1794 1119 municipium

212 1150 425 1213 insulae,
467 1158 701 1204 castrum
745 1149 1034 1204 conabatur
1076 1160 1286 1216 capere,
1330 1144 1492 1197 variis
1533 1141 1800 1195 machina-

211 1242 409 1298 mentis
440 1256 585 1297 usus.
624 1241 755 1295 Cum
798 1251 970 1295 autem
1018 1240 1088 1294 nil
1120 1252 1277 1309 agere
1315 1236 1603 1301 valuisset,
1640 1233 1801 1288 mittit

209 1334 523 1403 episcopum
572 1332 853 1402 quemdam
900 1332 1273 1385 Thomaricum
1328 1328 1574 1396 nomine,
1628 1327 1800 1381 deter-

208 1438 339 1479 rens
374 1439 467 1478 eos
505 1438 611 1493 quo
650 1424 980 1478 dimitterent
1018 1423 1316 1485 civitatem,
1361 1430 1414 1475 et
1455 1419 1555 1476 sub
1597 1419 1799 1474 federe

208 1530 311 1577 suo
351 1526 564 1584 essent,
607 1517 922 1585 exirentque
967 1516 1034 1569 ab
1074 1515 1269 1569 insula.
1319 1514 1451 1569 Cum
1496 1512 1677 1580 itaque
1722 1510 1797 1566 in-

207 1625 429 1681 gressus
477 1610 540 1664 ad
589 1624 682 1665 eos
727 1611 1007 1679 episcopus
1056 1606 1271 1672 fuisset,
1324 1614 1604 1661 tenuerunt
1652 1619 1794 1661 eum.

213 1701 387 1757 Porro
428 1701 685 1755 Multavite
714 1701 907 1757 cedere
951 1699 1253 1756 noluerunt.
1299 1698 1461 1769 igitur
1495 1696 1795 1764 obsidione,

209 1811 372 1868 quam
422 1795 680 1850 adversus
728 1794 956 1848 Aradum
1006 1794 1392 1858 constituerat,
1449 1792 1641 1844 nullius
1691 1804 1798 1845 mo-

209 1888 380 1945 menti
411 1887 627 1956 eﬂ'ecta,
668 1886 982 1941 Damascum
1022 1901 1271 1941 reversus
1309 1895 1408 1939 est.
1453 1884 1580 1938 Nam
1627 1884 1798 1937 hiems
1830 1863 1876 1922 Β

210 1991 538 2039 accesserat.
592 1980 745 2035 Anno
789 1989 976 2033 octavo
1025 1977 1232 2047 imperii
1281 1976 1586 2031 Constantis
1637 1975 1801 2031 movit

211 2074 462 2130 Muhavia
494 2073 788 2128 exercitum
819 2073 1060 2127 valenter
1091 2071 1347 2125 adversus
1388 2068 1621 2125 Aradum
1667 2082 1804 2136 prte-

209 2168 461 2232 liaturus,
502 2177 557 2222 et
596 2168 731 2222 hanc
761 2166 988 2220 obtinuit
1017 2168 1200 2230 verbo,
1235 2165 1302 2219 ad
1342 2164 1686 2219 habitandum
1725 2163 1802 2218 di-

210 2260 436 2315 mittens
474 2259 619 2313 cives
658 2259 963 2327 ubicunque
1002 2257 1313 2312 voluissent.
1356 2256 1636 2312 Civitatem
1675 2268 1804 2309 vero

212 2353 391 2406 muris
420 2350 689 2406 dissolutis
732 2351 997 2416 incendit,
1040 2359 1093 2405 et
1124 2351 1348 2404 insulam
1380 2365 1546 2419 uSque
1575 2349 1639 2403 ad
1672 2364 1805 2418 prm-

210 2463 345 2504 sens
379 2447 781 2502 inhabitabilem
823 2446 1024 2501 statuit.
1056 2444 1211 2499 Anno
1252 2459 1391 2499 nono
1434 2445 1636 2513 imperii
1668 2441 1807 2498 Con-

210 2543 437 2607 stantis,
474 2542 641 2595 Busur
670 2539 913 2609 princeps
939 2539 1223 2602 exercitus,
1258 2553 1357 2592 una
1389 2532 1521 2591 cum
1545 2536 1806 2592 Arabibus

214 2637 366 2691 acies
410 2634 607 2687 direxit
653 2631 907 2687 adversus
956 2631 1243 2694 Isauriam,
1290 2637 1345 2683 et
1390 2628 1581 2682 occisis
1628 2626 1806 2683 multis

215 2743 345 2783 cum
378 2728 610 2799 quinque
640 2726 877 2781 millibus
904 2724 1233 2795 captivorum
1266 2737 1511 2778 reversus
1541 2731 1642 2777 est.
1686 2721 1806 2776 Mit-

216 2825 285 2879 tit
326 2830 505 2876 autem
547 2820 837 2888 Imperator
877 2818 1139 2873 Constans
1168 2817 1483 2885 Proc0pium
1522 2815 1806 2886 quemdam

214 2915 289 2971 ad
335 2914 641 2971 Mubaviam
679 2927 920 2981 quaerens
967 2926 1171 2981 pacem.
1210 2909 1359 2977 Quod
1404 2919 1456 2964 et
1494 2908 1687 2961 factum
1727 2916 1810 2962 est

214 3007 381 3061 annis
421 3005 649 3070 duobus,
691 3003 1003 3073 Gregorium
1046 3003 1208 3057 filium
1256 3002 1523 3057 Theodori
1566 3009 1809 3056 sumente

217 3106 473 3162 Muhavia
514 3105 632 3158 loco
663 3102 895 3173 pignoris
936 3103 988 3157 in
1034 3102 1370 3156 Damascum.
1419 3101 1573 3154 Auno
1603 3098 1809 3153 decimo
1844 3172 1847 3175 _

1894 585 2008 651 cite,
2043 585 2132 638 ubi
2175 594 2289 639 erat
2328 583 2587 641 Constans
2635 588 2941 657 imperator,
2990 597 3148 658 atque
3176 589 3465 650 Romaicus

1893 677 2081 742 stolus,
2113 692 2229 731 cum
2261 692 2327 733 eo
2355 678 2611 734 navaliter
2634 681 2934 750 pugnaturi.
2964 678 3202 752 Cumque
3232 683 3462 740 futurum

1896 778 2061 838 esset,
2111 781 2171 826 ut
2218 773 2503 842 imperator
2531 790 2651 830 cum
2698 776 2813 846 ipso
2859 776 3067 847 navigio
3116 778 3467 846 przeliaretur,

1897 864 2285 933 Contemplatur
2315 875 2469 920 nocte
2495 865 2582 920 illa
2612 868 2784 921 visum
2811 868 3055 924 videlicet
3077 869 3215 939 apud
3240 868 3470 923 Thessa-

1898 954 2191 1012 lonicenses
2220 972 2360 1013 esse.
2391 958 2556 1013 Porro
2580 960 2789 1014 cuidam
2824 962 3108 1031 coniectori
3139 966 3468 1019 somniorum

1899 1055 2298 1125 expergefactus
2327 1066 2507 1113 narrat
2535 1058 2813 1126 visionem,
2844 1061 2932 1130 qui
2958 1064 3031 1117 ait
3056 1080 3067 1115 :
3092 1062 3135 1118 Ο
3163 1063 3471 1134 imperator,

1900 1152 2097 1206 utinam
2129 1168 2225 1208 nec
2247 1153 2556 1221 dormisses,
2583 1171 2679 1211 nec
2700 1156 2962 1211 Somnium
2982 1158 3315 1227 aspexisses!
3338 1158 3471 1213 Nam

1900 1258 2017 1300 esse
2048 1244 2443 1301 Thessalonicae
2473 1248 2553 1309 θές
2580 1244 2712 1321 ἄλλῳ
2736 1251 2873 1308 vim
2904 1249 3105 1312 innuit,
3136 1250 3275 1317 quod
3306 1251 3474 1305 inter-

1902 1347 2139 1410 pretatnr
2168 1358 2179 1391 :
2212 1355 2347 1407 pone
2388 1341 2472 1395 alii
2503 1341 2807 1407 victoriam,
2850 1343 2901 1397 id
2944 1352 3056 1408 est,
3097 1344 3162 1399 ad
3202 1345 3477 1403 inimicum

1904 1438 2051 1485 tuum
2082 1431 2299 1485 victoria
2346 1434 2590 1488 vertitur.
2638 1434 2773 1490 Sane
2819 1436 3109 1504 imperator
3154 1436 3284 1491 nihil
3330 1439 3476 1495 inve-

1903 1522 2055 1577 niens
2083 1522 2147 1577 ad
2180 1523 2416 1591 pratlium
2450 1525 2649 1579 navalis
2678 1541 2865 1597 pugnae
2885 1572 2899 1595 ,
2943 1526 3306 1587 Romanorum
3332 1530 3471 1586 clas-

1901 1630 1987 1672 ses
2017 1616 2317 1684 pratstruxit
2346 1616 2410 1669 ad
2452 1615 2673 1674 bellum.
2712 1617 2912 1684 Quibus
2953 1618 3006 1672 in
3048 1620 3361 1676 alterutrum
3405 1623 3478 1677 ir-

1903 1710 2177 1763 ruentibus
2220 1719 2535 1779 superantur
2576 1710 2832 1772 Romani,
2875 1720 2931 1766 et
2967 1713 3317 1766 commixtum
3364 1713 3481 1769 effi—

1903 1802 2040 1856 citur
2105 1818 2250 1857 mare
2311 1805 2569 1875 sanguine
2634 1803 3015 1860 Romanorum.
3079 1806 3253 1861 lnduit
3304 1816 3478 1863 autem

1903 1900 2197 1971 imperator
2240 1900 2403 1955 alium
2450 1910 2597 1956 veste
2642 1914 2768 1967 sua,
2814 1910 2865 1956 et
2916 1901 3152 1956 insiliens
3200 1902 3482 1972 praedictus
3523 1912 3529 1919 '

1902 1991 2260 2047 buccinatoris
2304 1992 2442 2047 filius
2484 1993 2535 2046 in
2579 1993 2773 2063 regiam
2817 1993 3069 2062 scapham
3112 1994 3482 2063 imperatorem

1902 2084 2146 2151 arripuit,
2189 2093 2242 2138 et
2288 2084 2340 2138 in
2383 2085 2538 2138 aliam
2581 2085 2756 2139 navim
2808 2085 3169 2140 transductum
3216 2086 3489 2155 in0pinate

1903 2177 2142 2233 salvavit.
2173 2178 2339 2233 Porro
2369 2176 2481 2245 ipse
2512 2177 2830 2231 fortissimus
2857 2177 3076 2232 viriliter
3106 2178 3357 2235 insistens
3387 2180 3487 2235 im-

1902 2269 2187 2341 peratoria:
2216 2268 2335 2323 navi
2365 2268 2562 2324 multos
2591 2269 2808 2334 occidit,
2834 2270 3095 2339 mortique
3125 2272 3361 2340 seipSum
3392 2288 3488 2341 pro

1905 2363 2228 2430 imperatore
2271 2359 2613 2414 contradtdit.
2657 2358 2808 2412 Hunc
2859 2371 3115 2427 praeterea
3164 2360 3345 2416 hostes
3387 2362 3491 2417 cir-

1906 2452 2240 2517 cumdantes,
2272 2462 2324 2505 et
2364 2452 2415 2505 in
2462 2451 2638 2505 medio
2678 2452 2992 2517 retinentes,
3025 2452 3280 2521 putabant
3318 2454 3490 2521 ipsum

1908 2560 2029 2599 esse
2074 2546 2471 2614 imperatorem.
2520 2544 2804 2613 Postquam
2849 2554 3023 2599 autem
3055 2546 3252 2600 multos
3283 2546 3495 2602 occide-

1908 2646 2055 2700 runt,
2103 2638 2487 2692 interfecerunt
2532 2635 2734 2705 hostes,
2779 2646 2834 2692 et
2882 2640 3074 2707 ipsum,
3108 2654 3211 2693 una
3242 2654 3362 2694 cum
3410 2643 3491 2696 eis

1909 2732 1997 2801 qui
2038 2729 2320 2801 portabant
2359 2728 2751 2800 imperatoriam
2794 2740 3016 2788 vestem.
3065 2733 3163 2788 Ast
3205 2733 3494 2803 imperator

1911 2824 2093 2879 taliter
2129 2823 2183 2877 in
2216 2823 2391 2891 fugam
2419 2837 2603 2878 versus
2645 2824 2899 2889 salvatur,
2941 2833 2995 2878 et
3022 2824 3292 2880 derelictis
3323 2828 3497 2883 omni-

1913 2914 2013 2970 bus
2045 2914 2311 2983 navigavit
2334 2914 2867 2985 Constantinopolim.
2894 2914 3050 2969 Anno
3072 2916 3281 2971 decimo
3304 2927 3495 2988 quarto

1915 3005 2125 3074 imperii
2156 3007 2235 3060 sui
2276 3005 2398 3061 dolo
2448 3015 2663 3061 necatus
2691 3015 2773 3062 est
2805 3007 3039 3062 Hoamen
3088 3006 3321 3063 Arabum
3363 3010 3494 3077 dux,

1914 3115 2036 3155 cum
2065 3101 2260 3154 amiras
2286 3100 2469 3154 decem
2500 3100 2682 3155 fuisset
2711 3101 2882 3155 annis.
2913 3100 2999 3155 Fit
3027 3101 3230 3156 interea
3257 3102 3494 3158 duellum

218 3200 435 3269 imperii
478 3197 803 3263 Constantis,
850 3196 1175 3251 simultatem
1222 3193 1471 3248 excitavit
1500 3190 1807 3258 imperatori
1842 3215 1889 3279 ρ
1918 3191 1971 3247 lu
2022 3192 2195 3246 medio
2244 3193 2498 3261 ipsorum.
2544 3192 2813 3262 Quotquot
2853 3192 2994 3247 enim
3042 3209 3209 3263 penes
3256 3210 3497 3250 eremum

215 3297 561 3371 Fasagnates
589 3290 956 3346 Armeniorum
1002 3288 1277 3359 patricius,
1309 3297 1362 3341 et
1390 3284 1589 3340 fmdera
1619 3284 1817 3354 pepigit

214 3405 347 3448 cum
381 3386 625 3442 Muhavia
652 3385 785 3437 dans
814 3382 867 3438 ei
898 3381 1063 3434 ﬁlium
1090 3393 1263 3433 suum.
1296 3376 1413 3443 Quo
1441 3375 1623 3429 audito
1653 3375 1821 3442 impe-

214 3496 376 3543 rator
404 3482 554 3536 venit
593 3494 757 3548 usque
794 3477 860 3531 ad
898 3475 1195 3530 Caesaream
1234 3470 1604 3539 Cappadociae,
1634 3475 1690 3523 et
1726 3466 1820 3521 de-

211 3585 476 3647 speratus
505 3574 573 3627 ab
602 3568 850 3627 Armenia
892 3567 1068 3624 rediit.
1118 3570 1270 3621 Anno
1302 3563 1583 3618 undecimo
1612 3562 1818 3633 imperii

213 3667 539 3726 Constantis
567 3664 699 3719 cinis
729 3678 760 3719 e
792 3660 931 3717 ctelo
965 3656 1279 3724 descendit,
1310 3662 1366 3712 et
1396 3656 1555 3709 timor
1597 3668 1820 3724 magnus

211 3776 395 3829 super
432 3771 620 3812 omnes
657 3754 902 3809 homines
932 3751 1146 3807 cecidit.
1179 3749 1333 3804 Anno
1363 3745 1677 3803 duodecimo
1722 3746 1823 3799 im-

211 3853 371 3927 perii
400 3849 704 3905 Constantis
733 3845 1001 3901 Muhavias
1024 3842 1268 3898 Rhodum
1300 3841 1535 3905 rediens,
1560 3837 1822 3894 destruxit

206 3946 509 4004 colossutn
534 3941 646 4012 eius
677 3950 796 4011 post
827 3939 971 3993 mille
1018 3943 1286 3991 trecentos
1315 3932 1587 4000 sexaginta
1621 3929 1823 3985 stabili-

213 4041 358 4098 tatis
406 4036 570 4106 ipsius
599 4050 788 4099 annos,
819 4042 975 4102 quem
1007 4044 1128 4084 cum
1172 4028 1388 4085 Judaeus
1418 4026 1631 4095 quidam
1666 4024 1821 4079 Eme-

208 4110 402 4196 senus
432 4134 728 4204 negotiator
757 4128 997 4193 emisset,
1026 4134 1321 4195 nongentos
1351 4122 1585 4177 camelos
1612 4135 1675 4175 ex
1708 4120 1823 4189 ejus

214 4246 348 4286 aere
377 4226 640 4281 oneravit.
686 4221 886 4277 Eodem
918 4233 1058 4272 anno
1098 4215 1298 4271 Avidus
1343 4212 1576 4269 Arabum
1630 4218 1826 4279 praetor

206 4324 496 4381 adversus
541 4316 846 4372 Armeniam
891 4313 1092 4377 movit,
1120 4308 1211 4379 qui
1242 4315 1559 4361 consecutus
1600 4303 1823 4358 Mauria-

210 4430 367 4473 num
399 4383 678 4482 praetorem
698 4449 713 4474 ,
758 4408 1027 4460 insecutus
1056 4410 1139 4457 est
1168 4416 1288 4455 eum
1320 4413 1485 4466 usque
1529 4396 1593 4450 ad
1625 4395 1826 4450 Cauca-

206 4508 349 4565 sios
379 4515 611 4573 montes,
653 4509 705 4556 et
733 4500 1005 4569 regionem
1039 4494 1374 4565 depraedatus
1401 4501 1503 4547 est.
1552 4491 1707 4544 Anno
1734 4490 1827 4544 de-

1922 3296 2101 3349 erant,
2163 3286 2249 3339 alii
2315 3286 2560 3340 volebant
2624 3283 3028 3351 consobrinum,
3095 3287 3185 3343 alii
3245 3303 3500 3358 generum

1923 3379 2237 3434 existentem
2303 3379 2564 3446 quondam
2628 3377 3011 3434 Muhammath.
3072 3379 3165 3435 Hic
3224 3396 3352 3437 vero
3412 3383 3504 3453 qui

1924 3471 1980 3526 in
2036 3471 2229 3542 Syria,
2282 3478 2337 3526 et
2383 3469 2648 3542 Egypto,
2701 3470 2998 3526 Muhaviam
3044 3472 3367 3541 cupiebant,
3412 3474 3502 3543 qui

1923 3572 1979 3620 et
2025 3564 2189 3628 vicit,
2238 3570 2293 3617 et
2346 3562 2572 3616 obtinuit
2613 3560 2768 3615 annis
2812 3562 2996 3631 viginti
3046 3571 3290 3631 quatuor.
3348 3564 3504 3621 Anno

1924 3657 2109 3725 quinto
2158 3656 2364 3721 imperii
2414 3656 2747 3721 Constantis,
2806 3657 3035 3711 Arabum
3086 3657 3328 3728 princeps
3382 3658 3500 3713 Mu-

1924 3747 2105 3801 havias
2158 3747 2401 3813 habetur,
2452 3748 2541 3816 qui
2594 3746 2883 3802 exercitum
2932 3750 3272 3817 congregavit
3314 3749 3506 3805 adver-

1922 3856 2016 3897 sus
2069 3841 2262 3906 Halim,
2306 3850 2359 3894 et
2400 3839 2811 3909 congrediuntur
2854 3841 3012 3895 ambo
3056 3841 3105 3893 in
3150 3851 3285 3895 terra
3336 3842 3505 3897 Balis-

1924 3949 2042 3990 sum
2084 3933 2233 4003 juxta
2281 3933 2604 4000 Euphraten.
2650 3932 2711 3985 lli
2750 3948 2876 3987 vero
2920 3933 3007 4002 qui
3047 3943 3200 3988 erant
3248 3933 3505 3989 Muliavlae

1925 4043 2049 4081 cum
2104 4036 2287 4082 essent
2338 4028 2644 4093 validiores,
2695 4042 2882 4097 aquam
2940 4028 3305 4086 obtinuerunt.
3356 4029 3505 4087 Unde

1925 4121 1982 4178 in
2012 4121 2152 4176 sitim
2181 4120 2457 4176 venientes
2486 4119 2537 4172 hi
2559 4162 2573 4184 ,
2617 4119 2706 4190 qui
2749 4128 2903 4175 erant
2934 4120 3104 4176 Halim
3127 4163 3141 4187 ,
3174 4122 3504 4179 defecerunt.

1929 4214 2095 4270 Porro
2120 4214 2391 4268 Muhavias
2422 4212 2622 4268 bellare
2647 4213 2835 4280 noluit,
2861 4214 2954 4269 sed
2985 4215 3101 4269 sine
3126 4216 3309 4271 labore
3333 4217 3505 4273 vieto-

1927 4310 2059 4365 riam
2109 4308 2246 4362 tulit.
2300 4311 2453 4362 Anno
2502 4304 2711 4361 decimo
2750 4316 2902 4361 sexto
2945 4308 3154 4376 imperii
3201 4310 3509 4364 Constantis

1928 4402 2227 4457 exercitum
2279 4397 2441 4453 movit
2488 4409 2673 4452 contra
2723 4397 3041 4453 Sclaviniam
3095 4400 3406 4469 imperator,
3455 4410 3513 4457 et

1928 4494 2165 4564 captivos
2204 4493 2354 4547 duxit
2402 4490 2685 4560 plurimos,
2735 4502 2787 4546 et
2832 4492 3057 4564 subegit.
3105 4495 3260 4548 Anno
3300 4496 3512 4553 decimo
3572 4482 3575 4485 5

205 4602 380 4657 cinno
422 4596 579 4652 tertio
620 4592 828 4663 imperii
874 4587 1204 4652 Constantis,
1254 4582 1502 4655 praecepit
1548 4581 1822 4636 Muhavias
1851 4585 1907 4645 D
1932 4586 2159 4655 septimo
2189 4584 2398 4652 imperii
2428 4582 2731 4639 Constantis
2764 4585 2898 4640 facta
2939 4595 3022 4641 est
3062 4591 3344 4645 conventio
3373 4591 3512 4646 inter

196 4701 567 4751 armaturam
599 4689 708 4742 fieri
739 4699 982 4753 magnam
1016 4682 1250 4743 navium,
1279 4691 1384 4746 quo
1412 4675 1724 4730 ascenderet
1755 4674 1821 4727 ad

192 4787 438 4857 regiam
466 4781 650 4836 urbem
674 4777 861 4832 classis
887 4788 1093 4829 eorum.
1120 4769 1305 4825 Omnis
1331 4780 1509 4822 autem
1540 4773 1823 4836 apparatus

1928 4679 2198 4733 ltomanos
2236 4686 2291 4730 et
2333 4676 2554 4739 Arabes,
2613 4677 2854 4730 Muliavia
2900 4677 3221 4750 legationem
3267 4682 3511 4736 mittente

1927 4770 1997 4824 ob
2024 4768 2390 4831 rebellionem,
2418 4775 2475 4820 ut
2505 4767 2738 4821 tribuant
2766 4766 3022 4823 Romanis
3050 4770 3253 4826 Arabes
3285 4787 3377 4840 per
3400 4773 3511 4826 sin-

186 4892 428 4938 eorum
467 4872 604 4942 apud
635 4868 889 4937 Tripolim
932 4864 1213 4920 Phtenices
1248 4859 1591 4915 consistebat.
1630 4857 1823 4911 Verum
1924 4862 2078 4931 gulos
2109 4863 2222 4916 dies
2264 4861 2583 4927 numismata
2626 4861 2791 4923 mille,
2833 4868 2888 4915 et
2915 4876 3133 4930 equum,
3176 4872 3228 4917 et
3269 4877 3507 4919 servum.

188 4975 341 5030 hoc
381 4968 529 5032 viso,
570 4964 676 5017 duo
718 4961 908 5014 fratres
942 4955 1155 5026 quidam
1192 4952 1392 5007 Christi
1430 4950 1583 5005 amici
1623 4948 1809 5017 Tripoli

1929 4955 2128 5010 Eodem
2152 4968 2280 5008 vero
2305 4966 2446 5006 anno
2471 4951 2660 5005 exsilio
2682 4951 2871 5005 ductus
2892 4960 2974 5007 est
3001 4952 3255 5007 Martinus
3279 4953 3508 5008 sanctis-

188 5070 542 5122 maneutes,
579 5050 1062 5109 filii'buccinatoris
1088 5046 1386 5115 cujusdam,
1417 5044 1532 5099 zelo
1572 5041 1663 5097 Dei
1702 5055 1826 5094 sau-
1927 5047 2096 5103 simus
2124 5060 2254 5115 papa
2284 5043 2576 5107 Romanus,
2601 5057 2695 5110 pro
2718 5042 2943 5098 veritate
2970 5043 3178 5099 fortiter
3197 5046 3504 5115 agonizans,

176 5154 365 5216 εἰειιί
396 5151 465 5205 ad
492 5160 766 5204 carcerem
797 5141 1027 5198 civitatis
1055 5145 1409 5193 cucurrerunt
1450 5135 1678 5204 impetu,
1726 5131 1823 5184 ha-
1929 5147 1983 5193 et
2028 5136 2304 5192 confessor
2353 5134 2543 5200 factus,
2592 5135 2645 5187 in
2695 5134 2993 5188 climatibus
3041 5135 3276 5191 Orientis
3324 5136 3512 5192 defun-

180 5249 405 5312 bebat
452 5254 628 5298 autem
676 5236 1075 5294 multitudinem
1126 5233 1485 5287 Romanorum
1532 5225 1826 5282 vinculato-
1929 5240 2047 5284 ctus
2073 5238 2177 5283 εει,

176 5354 386 5405 tum,
429 5346 485 5389 et
525 5332 781 5401 disruptis
827 5326 1016 5398 portis,
1049 5325 1342 5392 vinclisque
1370 5321 1580 5384 solutis,
1614 5319 1663 5371 in
1695 5316 1827 5371 atni—
2004 5325 2155 5373 Anno
2191 5318 2399 5373 decimo
2427 5325 2613 5372 octavo
2640 5318 2846 5386 imperii
2877 5315 3208 5383 Constantis,
3248 5319 3511 5376 Constans

176 5449 359 5499 tam
397 5433 688 5488 irruerunt.
735 5426 852 5493 Quo
876 5431 1154 5494 perempto
1185 5433 1285 5472 una
1316 5433 1434 5473 cum
1478 5416 1559 5469 his
1589 5413 1826 5485 quicum
1930 5412 2123 5468 occidit
2162 5410 2518 5466 Theodosium
2572 5409 2842 5479 proprium
2893 5410 3106 5464 fratrem
3156 5426 3330 5465 suum.
3378 5412 3511 5469 Cum

168 5548 297 5594 eo
336 5534 511 5592 erant,
543 5529 1014 5593 praeparatumque
1054 5514 1197 5568 omni
1248 5512 1353 5581 igni
1404 5510 1611 5574 tradita,
1642 5508 1695 5561 in
1724 5505 1831 5561 Ro-
1931 5517 2105 5559 autem
2133 5512 2308 5558 essent
2342 5503 2539 5557 Arabes
2572 5501 2712 5569 apud
2742 5500 2943 5570 Saphin
2965 5541 2981 5566 ,
3025 5501 3149 5557 dolo
3180 5514 3398 5559 necatus
3427 5513 3511 5560 est

174 5595 480 5688 maniam
511 5614 719 5686 navigio
748 5610 1097 5667 transierunt.
1126 5607 1497 5662 Verumtamen
1528 5618 1625 5657 nec
1651 5601 1729 5658 sic
1755 5601 1829 5655 illi
1934 5596 2049 5653 Hali
2080 5595 2379 5665 prmdictus,
2414 5602 2468 5648 et
2496 5594 2835 5665 singulariter
2867 5595 3091 5663 imperat
3120 5595 3397 5653 Muhavias
3427 5613 3513 5656 re-

172 5722 299 5780 ει)
359 5712 549 5768 eadem
598 5714 955 5778 praeparatum
997 5708 1366 5757 cessaverunt.
1413 5698 1517 5754 Sed
1561 5696 1830 5752 Muhavias
1917 5693 2020 5772 .gio
2069 5706 2217 5745 more
2266 5690 2578 5744 Damascum
2632 5688 2963 5756 inhabitans,
3015 5692 3358 5758 pecuniarum
3406 5693 3517 5749 illic

174 5806 469 5885 quidem
504 5800 697 5856 militat
726 5808 907 5854 contra
936 5796 1233 5851 Caesaream
1262 5790 1629 5861 Cappatlocire.
1663 5790 1830 5843 Ablue
1937 5786 2218 5840 thesauros
2271 5781 2585 5837 recondens.
2641 5785 2796 5837 Anno
2844 5783 3053 5838 decimo
3107 5797 3249 5838 nono
3301 5782 3513 5854 imperii

174 5876 269 5971 1-3
282 5900 431 5959 tltar
458 5911 587 5952 vero
618 5894 823 5948 fabrum
853 5890 1056 5949 navalis
1094 5897 1376 5945 structurae
1403 5884 1708 5951 consumit,
1739 5882 1831 5954 qui
1935 5878 2243 5937 Constantis
2274 5879 2520 5949 apparuit
2558 5877 2776 5935 breresis
2808 5877 3019 5947 Arabii,
3048 5892 3233 5934 eorum
3265 5876 3514 5935 videlicet
