3956 6342
560 322 700 407 παίει

1407 327 1611 388 PAULI
1648 323 1925 395 NASONI
1959 322 2111 382 OPP.
2150 319 2331 383 PARS
2370 320 2411 385 l;
2440 350 2511 375 -.-
2547 319 2937 387 HISTORICA.

3591 326 3695 395 1032

555 441 644 528 qui
684 440 934 511 dicuntur
972 439 1317 512 Caumrgim.
1366 441 1638 498 Muhavias
1681 452 1855 497 autem
1903 442 2000 494 hos
2040 453 2132 513 ag-
2157 439 2211 509 Α
2236 450 2353 490 rum
2394 435 2634 505 praebere
2675 435 2958 497 Arabibus.
2998 432 3096 490 Αει
3124 432 3389 499 Andreas:
3415 436 3695 516 Vatibiqit,

556 550 789 605 gressus,
836 551 932 593 eos
974 538 1061 605 qui
1102 545 1253 601 erant
1300 538 1350 601 in
1398 536 1611 590 Perside
1658 534 1997 588 humiliavit:
2040 546 2133 586 eos

558 644 683 697 vero
714 629 799 699 qui
834 629 883 681 in
915 626 1066 700 Syria
1098 639 1284 695 erant,
1317 629 1608 697 exaltavit,
1653 635 1706 681 et
1750 627 1882 679 alios
1920 624 2131 694 quidem

556 722 763 785 vocavit
792 720 1107 789 ilisamitas,
1144 721 1275 776 alios
1306 731 1478 775 autem
1524 721 1847 786 Heraclitas,
1887 728 1939 773 et
1985 718 2134 779 llisa-

556 813 800 881 mitarum
849 813 1059 883 quidem
1091 813 1336 871 donativa
1382 813 1688 873 sublimavit
1731 826 1896 880 usque
1941 810 2005 863 ad
2038 809 2136 862 du-

555 915 706 958 centa
771 904 1092 958 numismata
1151 921 1163 957 :
1224 919 1382 972 porro
1447 904 1824 959 Heraclitarnm
1889 901 2137 971 deposuit

552 1010 722 1065 nsque
752 996 817 1049 ad
851 997 1087 1065 triginta.
1119 998 1273 1050 Anno
1300 996 1554 1064 vigesimo
1592 997 1762 1064 primo
1792 995 1995 1061 imperii
2026 993 2131 1067 sui,

554 1074 847 1153 exercitum
898 1097 1175 1141 moverunt
1226 1089 1423 1142 Arabes
1470 1072 1655 1140 contra
1704 1086 2039 1150 Romaniam,
2082 1094 2137 1140 et

555 1180 751 1234 multos
780 1180 1069 1249 deprmdati
1098 1191 1216 1235 sunt
1239 1223 1253 1245 ,
1284 1191 1337 1235 et
1366 1182 1481 1245 loca
1524 1179 1773 1243 nonnulla
1804 1177 2129 1248 depopulati.

556 1270 711 1324 Anno
756 1272 1012 1341 vigesimo
1051 1271 1286 1326 secundo
1333 1272 1541 1339 imperii
1584 1271 1888 1325 Constantis
1938 1267 2134 1336 praedic

553 1364 725 1435 patuit
752 1363 952 1419 Ciliciae
998 1360 1141 1447 pars,
1175 1375 1229 1431 et
1271 1364 1640 1418 habitaverunt
1671 1362 1911 1416 Damasci
1942 1348 2137 1413 volun-

557 1463 666 1510 tate
713 1470 830 1511 sua.
885 1458 1039 1510 Anno
1085 1458 1341 1525 vigesimo
1389 1457 1545 1511 tertio
1585 1456 1790 1523 imperii
1831 1453 2136 1509 Constantis

554 1544 727 1600 factus
778 1556 860 1600 est
908 1562 1062 1601 error
1106 1546 1473 1617 Jejuniorum,
1524 1555 1577 1600 et
1624 1547 1914 1601 exercitum
1971 1546 2138 1601 movit

558 1638 1015 1693 Habdinarrameu
1049 1651 1071 1675 ι
1100 1637 1383 1693 Chaldaeus
1419 1639 1672 1693 adversus
1703 1636 2015 1692 Romaniam
2037 1678 2053 1704 ,
2085 1644 2138 1691 et

556 1731 609 1786 in
637 1747 697 1786 ea
759 1731 1043 1801 hiemavit,
1087 1742 1140 1786 et
1179 1733 1372 1787 multas
1414 1733 1701 1788 demolitus
1742 1742 1824 1787 est
1865 1733 2132 1801 regiones.

555 1825 726 1881 Porro
754 1827 989 1883 Sclavini
1020 1820 1082 1880 ad
1112 1827 1252 1880 hunc
1280 1826 1613 1882 conﬂuentes
1634 1842 1753 1880 cum
1783 1825 1897 1893 ipso
1919 1825 2138 1881 descen-

554 1917 747 1971 derunt
774 1917 826 1970 in
858 1917 1067 1988 Syriam
1097 1934 1318 1973 numero
1348 1921 1581 1990 quinque
1615 1918 1777 1973 millia
1801 1965 1814 1987 ,
1848 1930 1899 1973 et
1932 1918 2136 1973 habita-

555 2007 683 2063 bant
718 2009 769 2063 in
800 2011 1195 2079 Apamicnsium
1228 2015 1445 2081 regione
1469 2013 1521 2067 in
1553 2014 1772 2067 castello
1800 2012 2131 2067 Seleucohri.

554 2105 709 2157 Anno
732 2104 987 2175 vigesimo
1009 2116 1199 2175 quarto
1225 2106 1396 2161 Busur
1422 2108 1712 2160 exercitum
1746 2107 1794 2159 in
1820 2106 2134 2160 Romaniam

555 2196 750 2262 movit,
795 2204 851 2250 et
895 2206 1135 2251 mortuus
1175 2209 1257 2253 est
1285 2198 1633 2253 Thomaricus
1674 2199 1953 2268 episcopus
1997 2199 2137 2265 Apa-

557 2288 709 2351 mia),
742 2296 795 2341 et
833 2288 1079 2343 incensus
1110 2299 1189 2345 cst
1218 2292 1498 2359 episcopus
1529 2291 1843 2345 Entesenus.
1880 2293 2032 2345 Anno
2062 2291 2139 2345 vi-

554 2381 757 2449 gesimo
798 2382 983 2448 quinto
1025 2382 1232 2451 imperii
1274 2383 1577 2438 Constantis
1616 2385 1910 2438 exercitum
1953 2398 2138 2439 rursus

555 2471 719 2524 movit
753 2472 921 2527 Busur
951 2473 1000 2526 iu
1052 2464 1392 2540 Romaniam,
1447 2486 1500 2530 et
1543 2478 1914 2531 exterminavit
1961 2489 2138 2548 partes

555 2560 915 2631 llexapoleos,
965 2575 1020 2620 et
1070 2565 1352 2633 Plradalre,
1407 2567 1619 2637 illicque
1664 2569 1933 2624 hiemavit.
1983 2573 2138 2626 Anno

550 2654 813 2723 vigesimo
856 2668 1010 2712 sexto
1058 2661 1263 2726 imperii
1313 2661 1643 2725 Constantis,
1698 2666 2136 2735 Armeniacorum

556 2756 754 2815 prmtor
783 2748 1059 2819 Saporitts,
1091 2751 1249 2805 Persa
1280 2768 1495 2821 genere,
1527 2755 1875 2809 tumultuatus
1906 2766 1985 2811 est
2011 2771 2139 2811 con-

559 2849 637 2892 tra
661 2840 1001 2896 Constantem
1034 2830 1432 2925 imperatorem,
1460 2848 1723 2923 mittitque
1751 2851 1814 2902 ad
1840 2849 2136 2904 Muliaviam

548 2930 798 3001 Sergium
828 2934 1140 3015 magistrum
1172 2937 1417 3005 militum,
1448 2940 1700 3003 pollicens
1724 2940 1982 2996 Muhavire
2010 2942 2139 2996 sub-

544 3020 732 3092 jugarc
763 3022 1115 3101 Romaniam,
1160 3026 1205 3079 si
1238 3028 1348 3094 ipse
1379 3028 1478 3082 sibi
1506 3030 1851 3085 auxiliaretur
1879 3032 2135 3087 adversus

546 3115 946 3184 imperatorem.
981 3117 1098 3186 Quo
1127 3131 1400 3189 comperto
1428 3122 1807 3179 Constantinus
1850 3126 1989 3180 ﬁlius
2030 3126 2125 3180 im-
2157 3154 2204 3221 Ε

550 3209 835 3277 pcratoris,
882 3210 1042 3263 mittit
1080 3221 1133 3265 et
1175 3213 1288 3279 ipse
1317 3216 1380 3268 ad
1412 3216 1708 3270 Mnhaiiam
1740 3218 2004 3273 Andream
2037 3235 2131 3275 cu-
2158 3209 2191 3231 —‘

549 3299 862 3358 bicularium
888 3319 1010 3360 cum
1046 3309 1375 3377 muneribus,
1401 3326 1467 3366 ne
1495 3313 1674 3367 rebelli
1704 3315 1936 3371 cederet.
1964 3313 2131 3369 Curu-

547 3407 654 3462 que
700 3397 930 3451 venisset
974 3399 1215 3465 Andreas
1260 3402 1595 3471 Damascum,
1647 3406 1846 3477 reperit
1887 3403 2127 3485 Sergium

546 3483 577 3523 ι’
612 3490 954 3556 pracvenisse',
988 3501 1042 3546 et
1070 3507 1190 3559 cum
1225 3496 1495 3566 ingressus
1528 3499 1712 3553 ῐιιίςειιι
1742 3483 2019 3567 Andreas,
2054 3504 2132 3557 in-

548 3575 711 3632 tuitus
741 3596 860 3634 eum
903 3582 1117 3651 Sergius
1146 3588 1397 3646 surrexit.
1446 3594 1511 3643 At
1555 3606 1679 3645 vero
1722 3592 1964 3647 Muhavia
2005 3595 2129 3651 Ser-

542 3670 688 3739 gium
747 3673 1122 3741 reprehendit,
1176 3678 1384 3734 dicens.
1437 3682 1574 3746 Quid
1630 3683 1975 3740 fortnidasti?
2030 3688 2128 3757 Qui

544 3762 819 3826 respondit
846 3779 904 3820 se
926 3765 1076 3835 juxta
1107 3784 1309 3825 morem
1343 3773 1548 3827 iecisse.
1576 3775 1879 3830 Conversus
1912 3785 2131 3846 prseter-

542 3867 603 3906 ea
635 3852 899 3925 Mnhavia,
928 3858 1058 3912 dicit
1087 3862 1357 3927 Andrem,’
1382 3864 1515 3931 Quid
1550 3868 1786 3935 quaeris?
1827 3870 1923 3935 Qui
1950 3870 2043 3934 ait,
2075 3878 2129 3925 ttt

545 3947 640 4003 des
681 3950 933 4005 auxilium
976 3964 1159 4008 contra
1206 3956 1484 4012 rebellem.
1529 3959 1597 4012 At
1646 3959 1774 4013 ille:
1822 3938 2014 4026 Ambo,
2050 3962 2129 4015 in-

540 4038 674 4105 quit,
710 4039 907 4097 inimici
938 4045 1085 4109 estis,
1119 4047 1212 4099 sed
1243 4062 1343 4118 ego
1370 4050 1419 4103 ei
1451 4052 1474 4078 ο
1505 4052 1589 4119 qui
1622 4051 1932 4119 prrebuerit,
1964 4053 2121 4119 dabo.

540 4128 608 4183 Et
657 4130 898 4188 Andreas
946 4135 1011 4188 ad
1062 4151 1183 4191 eum
1219 4157 1230 4189 :
1265 4137 1342 4193 Nc
1390 4142 1646 4211 ambigas,
1704 4143 1851 4209 inﬁt,
1906 4146 2120 4212 amiras,

538 4224 811 4309 quomodo
842 4226 933 4280 tibi
967 4228 1300 4297 imperatoris
1330 4234 1547 4303 meliora
1591 4245 1747 4300 sunt,
1781 4252 1937 4304 quam
1980 4239 2128 4306 plura

536 4315 781 4371 rebellis.
813 4317 1194 4375 Verumtamen
1225 4326 1363 4393 quod
1393 4328 1671 4382 amabilius
1700 4329 1789 4383 tibi
1824 4332 1977 4383 fuerit
2007 4346 2124 4399 age.

542 4401 611 4461 Et
638 4407 721 4462 Itis
751 4410 910 4465 dictis
942 4415 1181 4469 Andreas
1210 4418 1395 4471 tacuit.
1444 4422 1509 4473 At
1539 4436 1665 4473 vero
1699 4422 1778 4475 Mn
1792 4422 1971 4476 havias
2000 4424 2075 4476 ait
2106 4438 2120 4479 :

2239 528 2501 595 Muhavia,
2531 528 2620 598 qui
2652 529 2930 582 consilium
2960 527 3147 583 tribuis
3170 544 3351 597 corpus
3376 530 3539 599 dandi,
3571 544 3614 590 et
3639 553 3702 593 so.

2237 620 2341 674 lam
2395 621 2634 676 umbram
2688 621 2977 678 retinendi.
3035 621 3490 694 Quomodocuuque
3528 627 3702 686 voluerit

2235 727 2354 767 cum
2398 714 2585 787 Sergio
2629 714 2878 780 conveni,
2924 715 3024 768 hoc
3062 715 3203 770 enim
3245 728 3336 783 ego
3377 716 3561 772 minime
3591 717 3703 773 iacio.

2240 792 2613 865 Verumtamen
2656 819 2709 864 te
2755 808 2975 863 dimisso
3017 807 3082 861 ad
3129 808 3286 863 Deum
3316 809 3398 878 qui
3434 819 3479 864 te
3513 812 3707 879 potentior

2237 912 2349 973 est,
2401 912 2456 957 ut
2507 903 2762 957 Romanis
2805 903 3095 971 opituletur
3142 900 3468 970 confugimus,
3509 912 3554 956 et
3590 904 3632 957 in
3665 918 3709 957 eo

2236 1010 2384 1067 spem
2416 996 2708 1066 posuimus.
2743 994 2835 1049 His
2864 994 3019 1055 dictis
3052 992 3304 1048 Mubavire
3332 993 3437 1047 inﬁt
3462 1010 3475 1046 :
3503 992 3652 1057 Salve;
3674 1003 3711 1047 et

2238 1087 2401 1141 exivit
2441 1104 2468 1141 a
2506 1087 2942 1142 Damascensium
2973 1086 3209 1153 civitate,
3240 1096 3292 1140 et
3328 1085 3446 1139 abiit
3479 1084 3713 1150 Melitenen,

2238 1194 2302 1235 eo
2324 1180 2463 1249 qttod
2495 1190 2754 1251 tyrannus
2779 1184 2924 1232 esset
2952 1178 3003 1237 in
3030 1177 3261 1246 partibus
3289 1176 3405 1238 illis,
3423 1176 3480 1230 ad
3500 1191 3604 1245 quas
3622 1174 3714 1231 Ser-

2238 1272 2355 1341 gius
2378 1280 2489 1331 erat
2515 1272 2703 1327 iturus.
2734 1276 2969 1345 (Eumque
2996 1274 3195 1331 adisset
3225 1272 3537 1333 Arabessum,
3556 1272 3718 1326 incurrit

2238 1366 2599 1425 clausurarum
2640 1366 2939 1431 custodem,
2986 1382 3091 1421 non
3134 1365 3274 1425 enim
3315 1365 3630 1420 consentiebat
3661 1374 3717 1433 ty-

2238 1472 2425 1515 ranno.
2480 1457 2613 1514 Huic
2642 1475 2771 1533 ergo
2815 1462 3065 1530 praecepit
3108 1459 3387 1514 observare
3427 1457 3627 1529 Sergium
3658 1473 3720 1513 re-

2240 1552 2487 1609 deuntem
2518 1566 2572 1607 ut
2601 1554 2888 1621 adduceret
2917 1554 2983 1615 ad
3014 1570 3073 1609 se
3100 1572 3112 1607 :
3141 1555 3256 1627 ipse
3280 1567 3403 1607 vero
3424 1552 3631 1625 pergebat
3651 1565 3721 1603 non

2240 1645 2543 1717 immemor,
2569 1648 2808 1717 Sergium
2834 1646 3169 1717 prazstolans.
3194 1647 3321 1712 Quae
3344 1659 3462 1699 vero
3485 1650 3725 1715 gestasunt,

2244 1739 2505 1795 nuntiavit
2552 1741 2883 1808 imperatori.
2927 1740 3133 1794 Interea
3177 1737 3391 1811 Sergius
3426 1743 3623 1789 tractans
3643 1746 3725 1785 cum

2241 1829 2483 1886 Muhavia
2516 1846 2634 1901 qua:
2659 1830 2769 1887 visa
2801 1832 3031 1896 fuerant,
3059 1831 3265 1899 accepit
3297 1828 3561 1889 Phadalam
3584 1833 3730 1905 praeto-

2238 1937 2351 1977 rem
2396 1923 2626 1977 Arabum
2657 1938 2774 1979 cum
2806 1940 2907 1994 ope
2952 1924 3227 1979 barbarica
3260 1928 3669 1977 concertaturum,
3692 1922 3730 1969 et

2239 2014 2612 2068 auxiliaturum
2645 2015 2854 2091 Sapori.
2877 2016 3007 2072 Cum
3036 2024 3218 2079 autem
3249 2012 3555 2093 praecederet
3576 2008 3734 2078 Sergius

2238 2103 2528 2169 l’lladalam
2549 2147 2563 2173 ε
2598 2116 2647 2161 et
2680 2108 2742 2159 ad
2789 2108 2973 2161 Sarcm
3016 2106 3345 2175 gratulanter
3374 2104 3557 2167 abiret,
3584 2097 3737 2153 devenit

2238 2196 2302 2250 ad
2318 2198 2625 2259 'clausuras.
2660 2208 2713 2255 et
2753 2198 2807 2253 in
2841 2200 3066 2254 Andreae
3114 2200 3303 2253 incidit
3345 2197 3534 2259 turbas,
3567 2190 3735 2246 ethunc

2239 2291 2552 2361 retinentes,
2588 2294 2818 2351 vinctum
2860 2296 2923 2350 ad
2964 2295 3234 2353 Andream
3263 2293 3535 2348 advehunt.
3571 2290 3623 2345 At
3652 2297 3739 2338 vero

2239 2387 2475 2459 Sergius,
2522 2393 2639 2446 viso
2682 2392 2915 2461 Andrea,
2944 2392 3113 2469 jactat
3156 2392 3498 2469 semetipsum
3536 2386 3589 2441 ad
3627 2382 3740 2454 pedes

2238 2483 2378 2554 ejus,
2410 2484 2699 2541 obsecrans
2729 2501 2945 2557 parcere
2972 2487 3093 2541 sibi.
3131 2486 3225 2541 Ille
3253 2494 3429 2540 autem
3454 2482 3512 2536 ad
3537 2493 3649 2541 eum,
3671 2474 3739 2537 Τυ,

2239 2574 2433 2644 inquit,
2466 2593 2523 2630 es
2556 2577 2793 2648 Sergius,
2828 2581 2913 2647 qui
2942 2578 3262 2653 gloriabaris
3289 2577 3342 2639 in
3374 2572 3593 2628 virilibus
3614 2576 3740 2622 conm

2240 2665 2503 2734 Muhavia,
2528 2684 2715 2737 meque
2732 2669 3098 2723 mulierculam
3117 2668 3453 2741 appellabas.
3474 2664 3592 2718 Ecce
3608 2654 3745 2710 modo

2239 2757 2410 2813 virilia
2444 2770 2532 2813 tua
2561 2759 2655 2813 tibi
2687 2760 2817 2813 nihil
2850 2760 3174 2837 proderunt,
3205 2760 3333 2829 quin
3365 2756 3531 2829 potius
3555 2761 3600 2807 et
3622 2755 3745 2803 morte

2236 2848 2487 2905 al‘ﬁcient.
2530 2850 2624 2906 His
2656 2852 2813 2909 dictis
2843 2854 3095 2921 praecepit
3118 2850 3298 2904 virilia
3331 2849 3443 2919 ejus
3469 2843 3745 2901 abscindi,et

2237 2943 2491 3013 suspendi
2521 2958 2643 2998 eum
2692 2943 2743 2997 in
2790 2942 2950 3014 ligno.
2998 2941 3389 2998 Censtantinus
3430 2949 3588 2993 autem
3621 2930 3748 2987 audito

2237 3034 2486 3099 Phadalae
2518 3037 2746 3090 adventu
2781 3038 2830 3090 in
2877 3037 3095 3106 Saporis
3134 3035 3430 3096 auxilium,
3476 3029 3749 3097 Nicephorum

2235 3127 2515 3196 patricium
2562 3126 2794 3181 destinat
2838 3142 2958 3181 cum
3008 3125 3256 3181 Romana
3310 3126 3497 3179 virtute
3541 3108 3751 3175 resistendi

2235 3217 2448 3287 Sapori.
2496 3219 2624 3273 Erat
2670 3228 2843 3274 autem
2888 3218 3059 3287 Sapor
3100 3218 3455 3287 Adrianopoli
3501 3215 3683 3281 degens,
3717 3210 3753 3256 εί

2236 3325 2357 3365 cum
2391 3311 2745 3381 Nicephorum
2780 3311 2842 3364 ad
2874 3326 2932 3365 se
2962 3311 3145 3365 venire
3176 3309 3560 3381 comperisset,
3592 3307 3753 3356 exerce.

2235 3402 2327 3458 bat
2349 3404 2691 3475 semetipsum
2716 3405 2782 3465 ad
2814 3405 3072 3473 praelium.
3103 3404 3315 3459 Verum
3339 3404 3427 3458 die
3446 3397 3643 3471 quodam
3660 3404 3753 3445 coa-

2238 3494 2355 3565 tigit
2384 3494 2520 3549 hunc
2543 3498 2836 3549 secundum
2865 3496 3320 3550 consuetudinem
3348 3494 3415 3548 de
3437 3491 3622 3545 civitate
3641 3490 3757 3547 super

2233 3601 2427 3655 equum
2462 3586 2737 3641 sedentem
2770 3588 2948 3651 exire,
2993 3601 3229 3655 cumque
3276 3596 3449 3655 portae
3484 3576 3672 3636 civitatis
3692 3584 3761 3637 Ip-

2234 3680 2662 3748 propinquasset,
2688 3692 2880 3747 equum
2903 3673 3115 3747 ﬂagello
3143 3674 3439 3746 percussit,
3463 3673 3543 3743 qui
3562 3668 3757 3738 iactanter

2237 3771 2455 3837 saliens,
2482 3778 2536 3824 et
2574 3769 2732 3841 hujus
2762 3778 2919 3836 caput
2947 3768 2998 3822 in
3034 3776 3249 3837 portam
3280 3767 3525 3827 allidens,
3555 3761 3668 3815 hunc
3689 3753 3761 3805 vita

2234 3862 2371 3927 male
2398 3848 2732 3930 privavit,it-t
2760 3861 2837 3915 sic
2872 3860 3011 3914 Deus
3038 3861 3342 3915 victoriam
3374 3850 3651 3926 imperatori
3673 3857 3761 3899 cott-

2233 3953 2371 4008 tulit.
2406 3952 2667 4006 Phadalas
2696 3961 2874 4006 autem
2907 3952 3126 4005 veniens
3161 3952 3223 4004 in’
3252 3947 3597 4016 Hexapolim,
3624 3946 3665 3994 ei
3688 3936 3765 3989 Ιιῑι

2180 4037 2191 4047 “
2231 4046 2411 4099 omnia
2443 4044 2653 4099 discens
2684 4042 2925 4099 turbatus
2954 4050 3073 4111 est,
3120 4051 3182 4098 et
3228 4042 3399 4096 mittit
3441 4037 3506 4093 ad
3533 4026 3760 4090 labarit!

2234 4138 2510 4207 postulans
2540 4135 2895 4204 adjutorium,
2928 4149 2993 4189 eo
3032 4134 3178 4203 quod
3232 4133 3468 4189 Romani
3512 4127 3572 4183 ad
3609 4128 3766 4179 comt-

2231 4232 2375 4285 diam
2428 4229 2825 4283 convenissent.
2884 4226 3039 4281 Mittit
3098 4229 3294 4281 autem
3350 4220 3612 4279 Muhavias
3652 4210 3766 4265 ﬁliull

2230 4337 2383 4376 suum
2414 4319 2587 4386 Cizid,
2620 4333 2836 4373 armans
2862 4333 2984 4373 eum
3015 4325 3210 4373 contra
3243 4315 3612 4373 multitudines
3629 4306 3774 4361 Βοω-

2232 4431 2445 4470 norum.
2478 4416 2858 4471 Convenerunt
2895 4422 3069 4468 autem
3101 4416 3333 4482 utrique
3380 4410 3519 4481 apud
3546 4396 3772 4463 Chloe“-

534 4502 801 4560 ?ractabo
842 4520 1002 4572 super
1047 4508 1167 4575 hoc,
1220 4520 1274 4565 et
1318 4512 1501 4567 ambos
1541 4513 1694 4583 jussit
1742 4517 1907 4569 exire.
1957 4515 2125 4570 Porro

2237 4524 2378 4569 nem,
2408 4515 2463 4560 et
2481 4507 2508 4546 ἀ
2535 4507 2779 4576 captivos
2809 4506 3070 4559 duxerunt
3099 4507 3343 4561 multos.
3368 4502 3627 4574 Ceperunt
3647 4500 3771 4548 am

540 4596 799 4652 advocato
827 4599 1095 4654 Muhavias
1126 4612 1336 4657 secreto
1365 4604 1569 4675 Sergio,
1603 4606 1731 4660 dicit
1755 4608 1800 4661 ei
1839 4627 1849 4660 :
1882 4608 1957 4663 Ne
1986 4611 2125 4664 ulte-

545 4701 654 4741 rtus
699 4687 890 4744 adores
940 4691 1243 4771 Andream,
1292 4693 1520 4762 alioquin
1571 4696 1696 4749 nihil
1748 4698 2011 4764 proﬁcies.
2067 4697 2124 4751 In

537 4782 827 4837 crastinum
871 4799 995 4838 vero
1036 4787 1351 4855 perveniens
1392 4786 1609 4858 Sergius
1650 4806 1827 4843 coram
1880 4789 2121 4844 liluhavia

541 4874 783 4942 sedebat,
832 4883 887 4929 et
927 4876 1165 4953 ingresso
1215 4877 1448 4947 Audrea,
1494 4896 1595 4934 non
1642 4883 1691 4935 ei
1736 4883 2027 4937 assurrexit
2071 4892 2127 4937 ut

542 4964 678 5018 lteri.
720 4966 961 5021 Andreas
988 4984 1116 5021 vero
1146 4970 1364 5026 intuitus
1394 4972 1669 5041 Sergium,
1701 4973 1841 5028 hunc
1866 4977 2126 5031 conviciis

540 5056 828 5123 laceravit,
870 5068 922 5113 et
952 5069 1250 5116 commotus
1282 5070 1367 5116 est
1395 5064 1441 5115 ei
1470 5063 1675 5131 dicens,
1708 5064 1762 5118 Si
1799 5067 2000 5129 vixero,
2034 5067 2127 5121 de-

540 5148 853 5205 monstrabo
884 5149 973 5205 tibi
1020 5152 1106 5220 qui
1148 5154 1271 5206 sim.
1314 5152 1410 5206 Cui
1458 5154 1700 5222 Sergius,
1741 5153 1859 5209 Non
1903 5171 2126 5225 assurgo

538 5242 659 5308 tibi,
693 5243 882 5317 inquit,
918 5246 1036 5312 quia
1072 5261 1246 5319 neque
1276 5245 1354 5297 vir
1383 5261 1464 5309 es,
1500 5261 1673 5315 neque
1703 5247 1918 5300 femina.
1962 5248 2126 5303 Porro

539 5324 780 5390 Muhavia
824 5344 1100 5405 utrumque
1136 5353 1513 5407 compescens,
1557 5340 1784 5394 Andrerc
1811 5342 1942 5395 dixit
1978 5360 1989 5395 :
2024 5343 2126 5397 As-

539 5431 738 5485 sentire
762 5430 908 5495 dare,
934 5432 1377 5502 quemadmodum
1407 5432 1622 5500 Sergius
1645 5435 1755 5488 dat.
1781 5432 1847 5489 Et
1869 5448 2122 5504 quantum

538 5522 662 5578 est?
688 5523 765 5593 alt
791 5524 1054 5579 Andreas.
1086 5524 1328 5585 Muhavia
1354 5524 1485 5578 dixit
1523 5542 1535 5578 :
1567 5526 1859 5581 lllationem
1888 5528 2125 5598 publico-

616 5670 644 5727 9
682 5660 794 5725 ΔΙ..
823 5659 1054 5727 ϐιιαιεάὸ.

613 5724 645 5807 ξ
682 5730 743 5795 Ρ.
774 5724 917 5807 Pith.
947 5752 958 5785 :
984 5724 1297 5807 prmvenisse.
1328 5732 1392 5807 At
1419 5748 1537 5789 vero
1563 5733 1826 5799 Mane/tias
1853 5736 2123 5807 simulabat

537 5818 594 5855 se
620 5800 917 5874 imperatori
943 5800 1181 5859 cornuati.
1213 5800 1429 5861 Sedebat
1454 5816 1623 5859 autem
1654 5806 1883 5878 Sergius.

2178 5655 2216 5706 δέ

2232 4610 2283 4654 et
2313 4600 2586 4653 Amorinm
2620 4597 2895 4669 Phrygiae,
2936 4605 2991 4650 et
3031 4598 3283 4668 quinque
3326 4595 3562 4652 millibus
3599 4594 3772 4643 armto'

2232 4706 2350 4745 rum
2393 4689 2624 4744 virorum
2665 4689 2900 4743 dimissis
2941 4689 2995 4742 in
3026 4690 3390 4758 custodiam,
3422 4686 3712 4745 diverteruat
3738 4674 3773 4727 in

2230 4782 2457 4852 Syriam.
2490 4781 2619 4835 Cum
2652 4792 2829 4835 autem
2864 4781 3033 4835 hiems
3065 4784 3447 4849 accessisset,
3477 4778 3627 4836 mittit
3653 4777 3772 4839 impe-

2232 4887 2377 4930 rator
2405 4875 2653 4928 eumdem
2699 4874 2965 4929 Andream
3006 4875 3417 4931 cubicularium
3440 4921 3455 4943 ,
3496 4883 3547 4929 et
3581 4884 3681 4924 cum
3712 4861 3774 4915 si!

2232 4967 2393 5021 multa
2428 4976 2602 5032 esset,
2634 4979 2789 5021 noetu
2822 4968 2999 5033 venit,
3029 4975 3085 5022 et
3123 4982 3235 5036 per
3268 4970 3478 5037 lignum
3522 4953 3774 5020 ascenditin

2233 5074 2441 5111 murum
2462 5100 2478 5125 ,
2509 5070 2564 5113 et
2592 5057 2958 5129 ingrediuntur
2988 5061 3285 5115 Amorinm
3311 5102 3327 5126 ,
3360 5069 3419 5116 et
3448 5072 3623 5114 omnes
3652 5052 3779 5105 inm‘

2232 5154 2415 5207 ﬁcium
2442 5149 2667 5216 Arabes,
2698 5155 2767 5206 ita
2800 5162 2857 5206 ut
2885 5168 2947 5206 ex
2980 5154 3226 5221 quinque
3260 5154 3504 5208 millibus
3532 5150 3628 5204 illis
3649 5139 3777 5235 nulla:

2235 5247 2443 5315 penitus
2489 5254 2811 5299 remaneret.
2856 5244 3009 5298 Anno
3041 5246 3319 5313 vigesimo
3340 5244 3590 5313 "septimo
3623 5225 3780 5302 impedi

2233 5341 2313 5393 sui
2341 5338 2601 5393 Constans
2630 5341 2839 5393 occisus
2864 5348 2947 5392 est
2972 5338 3095 5392 dolo
3121 5338 3179 5390 in
3219 5341 3414 5395 Sicilia
3446 5336 3579 5407 apud
3600 5332 3777 5399 Syna-

2231 5446 2384 5497 sam,
2418 5431 2469 5483 in
2499 5430 2709 5497 balneo,
2742 5430 2828 5484 cui
2856 5443 3045 5484 nomen
3077 5439 3205 5483 erat
3240 5430 3507 5499 Daphne;
3534 5420 3779 5512 fuerat“:

2231 5532 2338 5577 tem
2385 5537 2544 5577 causa
2599 5523 2714 5578 haec
2764 5540 2778 5575 :
2830 5531 2951 5592 post
2993 5521 3491 5593 interemptionom
3532 5514 3690 5575 fratris
3720 5517 3779 5561 ⁸³⁸

2308 5663 2332 5733 ῗ
2372 5660 2482 5727 AL,
2510 5660 2597 5733 qui
2628 5660 2742 5730 plus
2771 5658 3007 5732 prtrbuit.

2307 5721 2335 5761 δ
2374 5721 2499 5799 ΑΙ.)
2521 5721 2753 5802 ’σαρὶίυοε
2771 5721 2976 5787 Ἀταὺεε
3005 5729 3310 5801 (iw.
3334 5788 3340 5801 η,

2316 5922 2344 5973 .3
