3956 6342
596 273 606 279 ⁵
628 275 653 285 εν

599 384 627 439 1
636 384 744 441 055

1505 383 1703 442 PAULI
1745 378 2016 437 DlACONl
2055 373 2207 431 OPP.
2239 370 2418 432 PARS
2456 377 2497 433 I.
2523 409 2596 424 —
2635 380 3011 439 IIISTORICA.

3633 407 3728 465 1056

599 506 666 560 ad
719 503 1098 574 disputandum
1144 504 1422 575 aptissime
1466 518 1586 558 cum
1638 502 1933 564 Arabibus,
1965 509 2018 553 et
2051 487 2254 596 quacA
2282 493 2891 596 ubi-Xvnus—capttur,
2934 505 3022 572 qui
3071 502 3256 559 dicitur
3292 508 3553 581 Bulgaricus
3587 522 3726 596 piscis,

606 598 754 671 pacis
779 608 903 652 sunt
928 612 1165 653 consone
1192 598 1638 666 praestruendum.
1670 596 1768 662 Qui
1795 608 1919 649 cum
1945 593 2179 649 venisset

599 695 653 749 in
705 692 955 765 Syriam,
1004 695 1411 750 coacervatione
1459 693 1736 749 Muhavias
1779 703 1882 747 tam
1931 692 2176 747 Amireo-

600 802 752 852 rum,
794 802 951 856 quam
998 796 1025 825 ι
1079 786 1445 842 Girasinorum
1493 788 1714 855 eﬂ‘ecta,
1756 788 1999 855 suscepit
2053 802 2176 842 eum

604 893 725 933 cum
777 879 979 935 honore
1027 894 1240 949 magno.
1289 879 1465 934 Multis
1509 895 1639 952 ergo
1684 881 1825 934 inter
1864 894 1957 934 eos
2003 878 2179 934 verbis

601 970 834 1039 paciﬁcis
864 971 1087 1037 edictis,
1120 973 1374 1027 convenit
1404 972 1539 1027 inter
1568 982 1853 1041 utrumque
1884 972 1936 1026 in
1968 971 2181 1041 scriptis

602 1062 716 1117 ﬁeri
749 1063 893 1131 pacis
921 1080 1041 1119 cum
1068 1063 1425 1135 jurejurando
1456 1081 1759 1121 sermonem
1793 1081 1955 1135 super
1982 1079 2176 1119 conso-

600 1157 779 1210 nantia
811 1157 969 1211 annui
1002 1158 1137 1226 pacti
1168 1159 1475 1227 pracbendi,
1506 1159 1754 1214 videlicet
1780 1158 2037 1212 Romana:
2064 1156 2181 1211 Rei-

600 1247 827 1317 publicae
859 1250 927 1303 ab
956 1250 1217 1320 Agarenis
1242 1252 1355 1304 auri
1384 1251 1638 1305 librarum
1674 1251 1773 1305 tria
1803 1250 1964 1304 millia
1987 1292 2002 1315 ,
2034 1249 2180 1302 viros

599 1344 838 1410 captivos
882 1343 1269 1413 quinquaginta
1297 1386 1311 1409 ,
1362 1352 1416 1398 et
1464 1358 1632 1413 equos
1681 1344 1889 1399 nobiles
1917 1344 2180 1414 quinqua-

599 1435 765 1502 ginta.
803 1434 894 1487 His
922 1449 985 1488 ex
1016 1436 1284 1491 communi
1318 1436 1509 1506 placito
1554 1439 1692 1493 inter
1736 1446 2017 1505 utramque
2061 1453 2182 1507 par-

600 1536 709 1579 tem
742 1525 1005 1592 ﬁrmatis,
1038 1538 1090 1582 et
1121 1528 1174 1582 in
1209 1528 1421 1596 triginta
1460 1530 1738 1585 servandis
1778 1544 1950 1584 annos
1996 1540 2180 1583 mutuo

599 1621 978 1689 repromissis,
1037 1622 1362 1691 amplissima
1416 1619 1527 1692 pax'
1572 1624 1711 1679 inter
1791 1624 2061 1678 Romanos
2126 1632 2182 1679 et

599 1712 801 1766 Arahes
849 1720 931 1767 est
956 1712 1173 1771 eﬂecta.
1218 1714 1418 1785 Sicque
1462 1717 1798 1785 generalibus
1842 1715 2051 1769 duobus
2101 1717 2181 1769 in-

597 1804 812 1873 scriptis
843 1805 1021 1859 verbis
1066 1808 1131 1858 ad
1175 1807 1492 1862 alterutrum
1534 1823 1652 1862 cum
1695 1808 2041 1876 jurejurando
2085 1822 2174 1876 pa-

601 1896 755 1949 tratis
780 1936 795 1962 ,
827 1905 882 1951 et
912 1897 1139 1951 invicem
1170 1899 1377 1954 traditis
1400 1941 1415 1965 ,
1445 1900 1766 1957 sarpedictus
1814 1902 2051 1953 tamosus
2096 1901 2176 1953 vir

601 1989 665 2042 ad
696 1990 1074 2058 imperatorem
1108 2006 1226 2044 cum
1260 1993 1572 2046 muneribus
1614 2008 1828 2061 quoque
1870 1992 2051 2045 multis
2093 2005 2180 2046 re-

601 2093 793 2134 versus
835 2089 937 2135 est.
983 2080 1116 2136 Cum
1164 2089 1340 2137 autem
1387 2082 1503 2136 haec
1530 2082 1843 2137 didicissent
1870 2084 1919 2137 hi
1955 2084 2041 2152 qui
2073 2083 2177 2137 He-

600 2173 804 2240 sperias
853 2180 1031 2241 partes
1086 2173 1419 2239 inhabitant,
1470 2184 1573 2228 tam
1614 2175 1881 2240 videlicet,
1911 2176 2181 2246 Cbajanus

600 2268 840 2331 Avarus,
873 2276 926 2321 et
958 2265 1245 2321 ulteriores
1286 2282 1439 2337 reges
1463 2307 1476 2329 ,
1510 2283 1668 2335 quam
1704 2269 1965 2335 Ettarchi,
1998 2276 2052 2323 et
2080 2268 2181 2323 Ca-

598 2359 756 2414 staldi
778 2398 791 2422 ,
827 2374 925 2414 nec
955 2374 1060 2414 non
1106 2370 1159 2415 et
1192 2360 1473 2429 ‘principes
1506 2361 1779 2416 nationum
1811 2361 1876 2416 ad
1906 2362 2174 2418 Occiden-

605 2463 716 2507 tem
773 2453 1039 2519 sitarutn,
1100 2470 1193 2523 per
1251 2454 1449 2523 legatos
1504 2456 1816 2512 muneribus
1871 2456 2180 2526 imperatori

605 2546 938 2601 transmissis
971 2546 1242 2613 pacilicam
1274 2561 1397 2616 erga
1428 2562 1487 2602 se
1513 2547 1850 2604 dilectionem
1882 2565 2175 2619 poposcere

610 2637 951 2692 ﬁrmandam.
984 2640 1243 2692 Annuens
1273 2639 1453 2705 itaque
1485 2639 1779 2708 imperator
1806 2643 2178 2711 postulationi.-

605 2732 704 2786 bus
730 2747 944 2797 eorum,
976 2732 1312 2786 conﬁrmavit
1335 2732 1497 2787 etiam
1527 2735 1666 2788 circa
1697 2733 1818 2789 illos
1846 2735 2177 2788 donatoriam

601 2837 822 2891 pacem,
854 2832 909 2877 et
937 2822 1072 2876 facta
1105 2832 1187 2878 est
1214 2823 1476 2878 securitas
1506 2840 1697 2895 magna
1728 2827 1780 2879 in
1811 2825 2050 2891 Oriente,
2081 2842 2180 2883 nec

600 2930 706 2969 non
734 2924 788 2969 et
815 2914 1122 2970 Occidente.
1158 2918 1311 2983 Anno
1340 2916 1551 2971 decimo
1582 2918 1793 2987 imperii
1829 2919 2169 2973 Constantini

603 3007 778 3062 factus
822 3015 903 3061 est
947 3016 1101 3061 terrm
1143 3016 1319 3061 motus
1350 3022 1571 3078 magnus
1601 3024 1694 3077 per
1724 3009 2179 3078 Mesopotamiam.

600 3097 818 3153 Corruit
848 3098 1135 3153 Edessenae
1166 3113 1420 3154 ascensus
1448 3142 1461 3164 ,
1493 3107 1548 3154 et
1577 3098 1767 3153 trullus
1799 3099 2055 3155 Ecclesiae
2083 3143 2095 3165 ,
2130 3109 2183 3157 et

605 3192 908 3247 construxit
932 3208 1051 3247 eum
1070 3192 1341 3247 Muhavias
1364 3191 1787 3248 Christianorum
1815 3195 2009 3249 studio.
2029 3195 2184 3250 Anno
2210 3224 2258 3286 α

608 3285 889 3340 undecimo
916 3286 1125 3356 imperii
1156 3285 1489 3341 Constantini
1521 3297 1763 3343 mortuus
1792 3300 1871 3345 e31
1901 3290 2182 3345 Muhavias

524 3378 529 3383 ’
609 3378 1041 3448 protosytnbolus
1088 3378 1541 3447 Sarracenorum,
1596 3383 1685 3451 qui
1717 3381 1815 3436 fuit
1846 3391 2044 3449 prmtor
2089 3376 2183 3437 a'n-

606 3471 691 3526 nis
737 3473 957 3541 viginti,
1005 3482 1059 3527 et
1100 3472 1282 3527 amiraa
1326 3474 1538 3528 functus
1581 3474 1761 3531 ofﬁcio
1806 3474 1959 3529 annis
2003 3476 2184 3544 viginti

606 3576 854 3636 quatuor,
888 3574 940 3620 et
970 3554 1461 3636 principari'caapit
1509 3566 1662 3622 Gizid
1711 3568 1847 3621 ﬁlius
1892 3568 2025 3637 ejus.
2073 3567 2186 3621 Hoc

607 3670 831 3727 quoque
861 3671 1000 3709 anno
1032 3656 1271 3726 Bulgaris
1298 3673 1427 3727 gens
1468 3660 1775 3727 supervenit
1815 3659 1864 3712 in
1900 3659 2183 3714 Thracem.

607 3748 804 3803 Verum
837 3750 973 3804 inter
1003 3750 1115 3804 haec
1155 3766 1371 3806 necesse
1412 3761 1495 3806 est
1536 3751 1711 3807 dicere
1752 3752 1818 3806 dc
1860 3752 2179 3821 antiquitate

614 3855 828 3910 quoque
861 3840 1400 3912 Onogundurensium
1432 3844 1747 3913 Bulgarum,
1780 3855 1831 3899 et
1858 3844 2190 3915 Contragen-

608 3934 769 3991 sium.
832 3935 887 3990 In
938 3937 1449 4006 septentrionalibus
1498 3953 1726 4007 namque
1789 3938 1981 3992 Euxini
2043 3940 2188 4007 ponti

616 4022 859 4094 partibus
881 4065 895 4090 ,
929 4039 1050 4093 qua:
1081 4023 1334 4079 meabires
1365 4033 1524 4089 sunt,
1554 4034 1607 4079 et
1634 4024 1685 4079 in
1718 4024 1998 4094 paludibus
2022 4067 2037 4091 ,
2070 4041 2189 4095 quae

617 4117 871 4173 dicuntur
900 4118 1175 4174 Mareotides
1198 4162 1212 4185 ,
1246 4120 1297 4173 in
1327 4134 1419 4174 eas
1451 4119 1751 4173 immittitur
1779 4120 1975 4174 ﬂuvius
2019 4119 2189 4173 maxi-

615 4226 733 4266 mus
774 4212 840 4266 ab
878 4211 1093 4266 Oceano
1142 4226 1235 4281 per
1278 4212 1642 4268 Sarmatarum
1691 4221 1883 4266 terram
1916 4212 2186 4281 dilapsus,

618 4305 833 4360 nomine
874 4306 995 4375 Atei
1019 4350 1031 4373 ,
1065 4305 1150 4360 cui
1181 4306 1379 4359 Tanais
1408 4304 1578 4360 amnis
1608 4315 1686 4358 cst
1711 4304 1927 4375 junctus
1950 4346 1963 4371 ,
1996 4316 2049 4361 et
2077 4306 2190 4375 ipse

616 4397 685 4451 ab
715 4396 954 4450 lberibus
988 4372 1152 4465 portis
1183 4396 1400 4461 exiens,
1435 4411 1554 4466 qua:
1585 4396 1636 4449 in
1677 4372 1949 4450 C'aucasiis
1992 4397 2189 4450 monti-

618 4487 716 4540 bus
742 4501 859 4541 esse
887 4486 1148 4554 feruntur,
1183 4494 1237 4542 et
1268 4488 1321 4541 in
1363 4488 1609 4542 eumdem
1656 4488 1774 4541 Atel
1816 4486 1985 4542 ﬂuens
2030 4486 2194 4542 infer-

2241 602 2249 610 ·
2280 587 2576 657 antiquitus
2620 592 2864 662 Bulgaria
2906 602 2987 674 est
3029 611 3249 666 magna,
3280 610 3329 654 et
3367 602 3413 659 hi
3448 608 3520 673 qui
3552 587 3727 674 dicuntur

2277 682 2525 753 Contragi
2554 727 2567 749 ,
2623 685 2863 755 ejusdem
2919 672 3072 757 cuius
3120 699 3173 744 et
3222 692 3313 759 ipsi
3362 672 3507 753 tribus
3549 672 3729 770 existunt.

2279 772 2631 843 Temporibus
2682 786 2857 833 autem
2905 778 3272 848 Constantini,
3317 786 3397 855 qui
3443 789 3488 843 in
3523 791 3731 858 Occidente

2278 864 2541 958 rognavit,
2572 883 2691 922 cum
2726 879 2749 907 ο
2781 868 3009 926 Orbatus
3038 872 3275 929 dominus
3298 875 3397 946 jam
3422 879 3555 937 dictae
3577 886 3733 958 legionis

2281 957 2571 1025 Bulgariau,
2602 974 2696 1013 seu
2724 959 3114 1032 Contragorum
3160 968 3312 1021 vitam
3350 957 3663 1045 commutaret,
3693 1000 3730 1038 ac

2282 1048 2424 1102 ﬁlios
2451 1051 2688 1121 quinque
2720 1053 3083 1125 relinqueret,
3115 1068 3323 1114 testatus
3348 1072 3502 1119 estne
3524 1068 3609 1121 ullo
3630 1076 3733 1129 modo

2279 1156 2310 1195 a
2343 1151 2520 1196 mutua
2545 1145 2942 1202 cohabitatione
2964 1162 3348 1219 separarentur,
3378 1146 3552 1225 ipsique
3577 1163 3670 1215 nulli
3689 1168 3736 1219 al.

2283 1237 2380 1289 teri
2406 1237 2607 1292 nationi
2631 1241 2915 1295 servirent.
2946 1243 3073 1298 Post
3095 1242 3254 1298 breve
3278 1256 3439 1301 autem
3462 1257 3628 1319 tempus
3644 1271 3738 1311 mor-

2284 1331 2350 1385 tis
2379 1331 2517 1385 illius
2540 1377 2553 1400 ,
2592 1335 2643 1386 in
2674 1334 2985 1393 divisionem
3030 1339 3300 1393 venientes
3338 1343 3541 1413 quinque
3572 1346 3639 1401 lilii
3667 1350 3738 1416 ejus

2285 1425 2607 1482 altrinsecus
2641 1432 2960 1499 sequestrati
2990 1443 3115 1487 sunt
3143 1448 3241 1487 una
3271 1449 3382 1488 cum
3410 1440 3604 1506 populo,
3638 1456 3737 1509 quem

2285 1522 2653 1593 unusquisque
2681 1540 2867 1579 eorum
2899 1525 3085 1579 ditioni
3114 1541 3223 1580 sua:
3267 1528 3533 1596 subjectum
3571 1531 3737 1588 habebat.

2285 1613 2348 1667 Et
2379 1614 2581 1682 primus
2611 1616 2825 1683 quidem
2859 1617 2998 1673 ﬁlius
3028 1618 3145 1687 ejus
3170 1619 3256 1689 qui
3281 1620 3528 1675 dicebatur
3546 1622 3736 1692 Butbajas,

2286 1710 2596 1763 mandatum
2659 1713 2859 1781 proprii
2908 1714 3216 1768 custodiens
3265 1715 3450 1782 patris,
3495 1717 3538 1769 in
3575 1719 3741 1785 progeni-

2287 1809 2468 1855 torum
2512 1804 2732 1856 suorum
2783 1811 2923 1858 terra
2973 1804 3266 1871 permansit
3305 1821 3460 1874 usque
3489 1806 3532 1860 in
3557 1821 3743 1875 praesens.

2289 1892 2566 1947 Secundus
2598 1909 2722 1948 vero
2751 1894 2911 1964 hujus
2957 1896 3123 1951 frater
3151 1896 3366 1951 nomine
3391 1898 3743 1965 Contaragus'l'a-

2291 1984 2433 2038 naim
2467 1988 2731 2041 transiens
2761 1987 3010 2049 ﬂuvium.
3044 2004 3109 2041 ex
3140 1990 3363 2044 adverso
3391 1989 3585 2056 primum
3608 1989 3742 2043 habita-

2291 2077 2366 2131 vit
2400 2077 2571 2132 fratri.
2605 2079 2837 2144 Quartus
2868 2090 3041 2134 autem
3061 2121 3075 2145 ,
3110 2090 3165 2135 et
3190 2082 3399 2149 quintus
3426 2080 3588 2135 Istrum
3608 2119 3620 2143 ,
3644 2079 3747 2133 idest

2291 2170 2590 2225 Danubium
2642 2170 2861 2225 ﬂuvium
2912 2180 3336 2238 transmeantes,
3389 2186 3510 2226 unus
3546 2185 3680 2225 eorum
3715 2170 3747 2223 in

2293 2262 2500 2317 Avarim
2532 2264 2804 2317 Pannonia
2833 2264 3073 2334 Chajano
3108 2268 3282 2320 Avaro
3337 2279 3393 2320 se
3419 2264 3629 2330 subdens,
3652 2277 3749 2316 man-

2290 2357 2357 2411 sit
2393 2357 2503 2411 illic
2533 2372 2654 2410 cum
2689 2365 2965 2425 potentatu
2993 2373 3092 2411 suo
3121 2377 3133 2410 :
3170 2359 3304 2413 alter
3331 2373 3449 2413 vero
3486 2357 3600 2411 haud
3631 2354 3749 2425 procul

2289 2449 2356 2504 ab
2386 2448 2519 2504 urbe
2550 2448 2801 2504 Ravenna
2833 2450 2886 2503 in
2918 2449 3253 2517 Pentapolim
3285 2449 3523 2514 veniens,
3548 2447 3627 2502 sub
3654 2444 3752 2499 Chri-

2289 2544 2583 2596 stianorum
2619 2543 2843 2611 imperio
2876 2542 3047 2596 factus
3078 2554 3183 2597 est.
3222 2542 3416 2596 Deinde
3444 2541 3602 2593 horum
3625 2538 3749 2591 tertios

2292 2634 2598 2702 llasparuch
2625 2634 2832 2699 dictus,
2864 2635 3157 2702 Danaprin,
3184 2644 3237 2689 et
3265 2634 3530 2688 Danastrin
3555 2628 3751 2689 transiens,

2260 2738 2261 2743 ‘
2290 2736 2344 2782 et
2372 2727 2615 2798 Honglon
2648 2729 2868 2795 adiens,
2919 2728 3110 2783 boreos
3161 2727 3437 2781 interiores
3480 2721 3664 2777 Danubio
3694 2719 3753 2772 tlo-

2288 2821 2439 2883 vios,
2493 2820 2632 2876 inter
2664 2822 2802 2876 hunc
2841 2831 2895 2875 et
2942 2821 3060 2875 illos
3121 2820 3409 2883 habitavit,
3444 2827 3586 2871 tutum
3614 2809 3758 2867 etdiili-

2288 2913 2450 2970 cilem
2484 2912 2659 2967 locum
2695 2913 2818 2967 hinc
2868 2923 2920 2968 et
2971 2913 3096 2967 inde
3140 2912 3497 2980 conspiciens,
3542 2907 3638 2961 dum
3667 2900 3757 2956 enim

2291 3014 2436 3058 esset
2456 3004 2749 3073 palustris,
2816 3012 2871 3057 et
2904 3003 3027 3058 hinc
3068 3003 3325 3072 illincque
3370 2999 3633 3055 ﬂuminibus
3664 3005 3760 3048 coro-

2292 3107 2480 3161 natus,
2513 3096 2783 3162 copiosam
2818 3096 2962 3165 genti
2992 3104 3216 3163 propter
3250 3094 3473 3147 hostium
3502 3084 3758 3159 participatio-

2292 3207 2412 3246 nem
2448 3190 2751 3245 humilitate
2782 3190 3068 3259 praestabat
3100 3188 3361 3256 quietem.
3395 3186 3479 3239 ilis
3502 3190 3640 3235 autem
3664 3178 3710 3231 ita
3729 3174 3761 3227 io

2290 3284 2525 3355 quinque
2571 3283 2795 3347 divisis,
2848 3290 2903 3335 et
2948 3280 3013 3335 ad
3064 3281 3386 3349 paucitatem
3434 3269 3757 3330 devenientibos,

2291 3376 2463 3432 exivit
2493 3390 2625 3446 gens
2655 3388 2844 3445 magna
2877 3373 3211 3428 Gazarorum
3243 3386 3309 3427 ex
3341 3367 3561 3424 interiori
3587 3356 3763 3433 profundo

2294 3468 2533 3523 Berzilia:
2581 3466 2769 3537 prima:
2818 3465 3135 3531 Sarmatiae,
3186 3471 3243 3517 et
3291 3462 3543 3517 dominata
3581 3464 3641 3509 est
3670 3446 3763 3503 omni

2295 3562 2492 3631 pervia:
2524 3570 2680 3614 terra!
2712 3572 2881 3629 usque
2912 3557 2975 3610 ad
3006 3556 3296 3611 Ponticum
3342 3568 3514 3617 mare,
3539 3557 3583 3602 et
3610 3544 3767 3631 primum

2294 3627 2516 3704 iratrum
2547 3627 2824 3720 Buthajam
2874 3649 3063 3717 primae
3104 3647 3375 3716 Bulgarim
3417 3639 3660 3713 principem
3684 3627 3767 3685 sub-

2293 3744 2504 3809 stituit,
2542 3744 2804 3799 ordinatis
2834 3742 3193 3811 vectigalibus
3218 3784 3232 3809 ,
3268 3755 3389 3809 quae
3420 3738 3481 3790 ab
3517 3748 3571 3788 eo
3605 3725 3770 3783 deferunt

2292 3854 2461 3908 usque
2496 3854 2656 3892 nunc.
2690 3838 2786 3891 Ast
2830 3838 3126 3905 imperator
3169 3830 3546 3888 Constantinus
3581 3822 3769 3908 comperto

2292 3905 2432 3999 αιιὸᾶ
2493 3946 2559 3985 6!
2610 3929 2791 3998 Triplo
2840 3940 2969 3996 gens
3035 3926 3316 3980 immunda
3375 3932 3428 3977 et
3470 3913 3651 3975 sordida
3687 3905 3773 3959 01m

2293 4021 2597 4076 Danubium
2641 4021 2777 4089 apud
2824 4019 3065 4088 Honglon
3111 4014 3514 4072 tabernaculum
3556 4000 3713 4064 ﬁxerit,
3741 4002 3771 4045 el

2294 4115 2729 4183 apprOpinquaus
2757 4113 2995 4166 Danubio
3023 4111 3284 4165 discurrit
3312 4123 3408 4179 per
3438 4100 3774 4192 regionemﬂuf

2295 4224 2437 4263 nunc
2493 4216 2700 4261 tenetur
2750 4206 2815 4260 ab
2869 4204 3003 4268 illis,
3050 4217 3285 4273 qumque
3335 4209 3456 4253 tunc
3494 4211 3522 4249 a
3560 4187 3776 4273 Christiani5

2296 4298 2699 4368 possidebatur,
2756 4298 2994 4351 tristatus
3050 4268 3136 4348 est
3192 4268 3564 4347 vehementer,
3608 4289 3646 4334 ei
3679 4268 3780 4341 ium

2299 4392 2531 4447 transire
2562 4402 2751 4443 omnes
2778 4386 3043 4441 exercitus
3069 4385 3121 4437 in
3151 4384 3449 4438 Thracem.
3480 4378 3540 4431 Et
3565 4369 3780 4427 construens

2298 4486 2525 4541 classem
2574 4495 2679 4537 tam
2727 4496 2821 4550 per
2870 4491 3103 4543 terram,
3137 4493 3302 4548 quam
3352 4490 3444 4545 per
3489 4460 3780 4528 ωθτεςθουίη

617 4585 720 4631 tur.
757 4577 801 4629 Α
831 4578 1060 4631 mixtura
1090 4592 1217 4633 vero
1249 4576 1476 4640 Tanais,
1509 4587 1562 4632 et
1594 4578 1746 4644 Atel,
1781 4592 1898 4646 qua:
1939 4579 1996 4631 ﬁt
2036 4592 2194 4647 supra
2221 4580 2275 4643 D
2305 4593 2397 4633 eos
2429 4586 2606 4631 motus
2636 4584 2715 4629 est
2736 4617 2749 4639 ,
2784 4574 2882 4626 hos
2912 4571 3053 4627 bello
3085 4568 3344 4639 persequi
3375 4566 3577 4625 volens,
3601 4554 3779 4647 ei“)an

615 4671 725 4739 jam
754 4670 923 4724 dictas
954 4669 1225 4725 Maeotidos
1269 4669 1522 4737 paludes,
1565 4668 1690 4723 dum
1737 4667 1998 4723 scinditur
2038 4668 2192 4735 Atel,

619 4762 764 4817 venit
795 4761 837 4815 is
866 4763 954 4831 qui
984 4760 1175 4816 dicitur
1207 4760 1425 4815 Eucthis
1455 4759 1645 4813 ﬂuvius
1675 4760 1726 4812 in
1772 4758 2046 4812 Maeotidas
2093 4773 2195 4825 pa-

616 4854 807 4919 ludes,
858 4863 911 4909 et
954 4853 1095 4908 redit
1140 4853 1190 4907 in
1241 4852 1522 4907 terminum
1568 4850 1764 4920 pontici
1816 4849 2194 4919 maris,juxta

618 4949 911 5019 Necropela
930 4990 945 5015 ,
976 4957 1030 5004 et
1057 4946 1085 4985 δ
1118 4962 1329 5002 acroma
1352 4986 1367 5012 ,
1400 4944 1543 5014 quod
1570 4945 1765 4998 dicitur
1796 4943 1979 4998 arietis
2009 4944 2196 5001 facies.

619 5044 664 5099 Α
713 5043 1051 5114 ρι’ωείεηθιίε
1098 5055 1225 5095 vero
1276 5037 1559 5108 paludibus
1603 5035 1777 5089 simile
1822 5034 2020 5090 ﬂumen
2066 5037 2196 5091 mari

618 5143 735 5202 est,
763 5140 820 5188 et
847 5133 1015 5187 fertur
1044 5130 1097 5183 in
1131 5128 1322 5183 Euxini
1358 5127 1505 5197 ponti
1538 5140 1686 5181 mare
1718 5140 1813 5194 per
1857 5133 2055 5179 terram
2092 5128 2196 5180 [lo-

619 5226 803 5299 sphori
833 5222 1140 5287 Cimmerii,
1172 5236 1237 5276 ex
1268 5235 1371 5289 quo
1419 5218 1641 5273 ﬂumine
1687 5216 1896 5286 capitur
1948 5217 1999 5272 id
2057 5218 2199 5287 quod

616 5323 813 5380 dicitur
840 5316 1087 5376 Murziliu
1108 5360 1122 5384 ,
1151 5324 1206 5370 et
1235 5313 1361 5367 huic
1390 5310 1583 5368 similia
1608 5351 1622 5374 ,
1648 5318 1703 5364 et
1732 5311 1783 5364 in
1816 5308 2052 5379 partibus
2082 5312 2201 5380 qui-

619 5416 741 5471 dem
769 5410 1131 5483 adjacentium
1164 5404 1413 5475 paludum
1444 5419 1560 5473 quzc
1609 5410 1852 5472 spectant
1895 5401 1962 5456 ad
2005 5401 2198 5456 Orien-

624 5519 727 5562 tem
750 5545 766 5572 ,
800 5519 969 5572 usque
995 5503 1060 5556 ad
1093 5496 1481 5567 Phanagoriam
1500 5535 1516 5561 ,
1544 5512 1637 5551 seu
1670 5494 1851 5550 Iberos
1879 5494 1972 5565 qui
2002 5493 2200 5549 ibidem

621 5606 779 5661 sunt,
814 5597 1055 5665 plurimte
1098 5593 1344 5646 nationes
1386 5580 1703 5645 consistunt.
1746 5589 1829 5644 Ab
1867 5588 2066 5644 eisdem
2109 5603 2202 5643 au-

623 5699 735 5745 tem
763 5687 1045 5758 paludibus
1076 5700 1241 5754 usque
1272 5684 1323 5737 in
1348 5698 1567 5755 amnem
1596 5683 1687 5739 cui
1728 5680 1921 5738 dicitur
1958 5680 2195 5751 Cuphis,

696 5813 723 5840 ⁸
756 5804 867 5868 AL,
896 5802 1280 5858 Corasinorum.

692 5872 723 5915 δ
754 5876 838 5931 AI.
862 5916 880 5943 ,
912 5888 1176 5927 nacroma.

2305 4671 2508 4738 Hoglon
2572 4678 2729 4736 atque
2789 4667 3085 4719 Danubium
3148 4679 3249 4732 per
3311 4661 3525 4730 Epirum
3567 4645 3722 4721 pedites
3750 4647 3781 4686 ιη

2303 4763 2474 4817 aciem
2548 4759 2821 4829 dirigens,
2900 4766 2955 4810 et
3010 4756 3456 4825 apprOpinquans
3508 4741 3640 4801 littori
3675 4738 3782 4829 ληθνεε

2301 4854 2488 4908 adesse
2546 4827 2816 4921 praecepit.
2878 4849 3043 4902 Porro
3104 4847 3365 4916 Bulgares
3420 4843 3513 4895 hac
3561 4827 3781 4890 celetillici

2302 4963 2398 5003 seu
2454 4946 2682 4998 maxima
2734 4940 3071 4995 multitudine
3127 4941 3277 5002 visa,
3343 4948 3503 5003 super
3553 4925 3696 5022 salute
3727 4921 3783 5022 sti!

2302 5037 2570 5109 desperati
2637 5038 2699 5090 ad
2773 5035 3077 5105 prmsidium
3147 5032 3473 5102 praedictum
3532 5012 3784 5109 confugiunt:

2302 5142 2357 5187 et
2406 5107 2527 5186 sese
2581 5129 2991 5196 circumquaque
3048 5124 3326 5178 muniunt.
3388 5121 3487 5173 Per
3536 5121 3629 5166 tres
3670 5107 3786 5204 ante?

2303 5224 2415 5278 dies
2446 5230 2497 5276 εί
2526 5230 2767 5289 Quatuor,
2800 5186 2865 5273 ex
2908 5215 3284 5284 hujuscemodi
3318 5208 3597 5267 munitione
3631 5186 3787 5289 ηςεὶυιε

2303 5314 2450 5369 exire
2503 5286 2847 5375 audentibus,
2911 5322 3009 5361 nec
3062 5306 3325 5359 Romanis
3365 5307 3570 5373 propter
3617 5286 3788 5385 adia‘ffll‘

2304 5408 2437 5461 tium
2477 5403 2729 5474 paludum
2769 5401 3105 5456 occasionem
3137 5397 3388 5467 praelium
3419 5374 3787 5449 construenttbus.

2304 5499 2733 5555 animadvertens
2772 5496 2970 5565 polluta
3026 5507 3155 5563 gens
3216 5492 3472 5547 remissos
3518 5474 3787 5565 Romanum?l

2304 5593 2511 5648 animos
2540 5634 2554 5654 ,
2610 5564 2849 5643 recreata
2882 5595 2935 5642 et
2960 5585 3189 5640 alacrior
3234 5583 3374 5637 facta
3414 5586 3510 5634 est.
3546 5573 3678 5628 Porro
3716 5564 3789 5654 cui“

2306 5648 2601 5758 imperator
2627 5685 2822 5754 pedum
2849 5682 3093 5739 dolorem
3111 5681 3298 5735 acrius
3320 5680 3575 5748 pateretur
3593 5707 3609 5733 ,
3627 5670 3669 5719 et
3683 5648 3790 5711 ωετί·

2381 5810 2405 5839 α
2433 5799 2519 5856 Al.
2544 5841 2562 5866 ,
2594 5796 2862 5853 Crobatus.
