3956 6342
183 374 313 436 1057

1202 368 1519 429 HISTORIA
1559 370 1915 429 MISCELLA.
1955 404 2025 418 —-
2065 374 2190 428 LIB.
2233 370 2378 428 XIX.

3287 372 3425 430 1058

179 493 312 548 diem
341 496 629 561 cogeretur
664 488 735 542 ob
759 486 940 544 balnei
987 500 1139 542 usum
1172 529 1187 554 ,
1215 504 1316 543 una
1347 503 1467 542 cum
1515 487 1747 556 quinque
1779 488 1832 547 Α
1859 504 2047 544 novem
2099 500 2403 544 sanctorum
2438 494 2676 556 patrum,
2724 489 3081 558 prrcceptione
3141 491 3207 559 pii
3266 494 3428 559 patris

179 582 523 639 dromonibus
553 590 605 637 et
644 581 875 652 propriis
906 580 1206 635 hominibus
1259 580 1368 634 suis
1386 578 1586 633 reverti
1615 620 1628 641 ,
1662 579 1757 634 de-

180 678 341 733 seruit
371 675 709 746 magistratus
743 716 758 741 ,
787 682 841 729 et
871 672 1122 743 populum
1146 713 1160 737 ,
1189 672 1382 741 jubens
1409 686 1529 726 cum
1561 668 1758 724 lanceis

100 802 110 808 -
180 769 508 823 vibrantibus
526 765 810 822 exercitari
836 807 851 832 ,
882 776 938 820 et
964 766 1219 835 impetum
1245 765 1297 817 in
1326 778 1419 818 eos
1449 777 1667 817 movere
1711 761 1758 814 si

178 860 419 915 fortassis
468 859 695 913 exirent.
752 856 847 912 Sin
891 867 1066 912 autem
1102 898 1118 925 ,
1155 855 1468 910 obsiderent
1515 869 1607 908 eos
1638 894 1653 919 ,
1707 860 1762 907 et

178 952 523 1009 obeluderent
575 948 984 1005 munitionibus.
1040 950 1108 1003 At
1177 963 1308 1003 vero
1366 948 1417 1000 hi
1465 947 1552 1014 qui
1609 954 1762 1001 erant

180 1042 443 1114 equestris
470 1042 673 1097 militiae
706 1084 721 1109 ,
747 1027 1129 1109 imperatorem
1169 1041 1367 1112 fugisse
1396 1037 1757 1103 ditl‘amantes,

182 1146 440 1205 metuque
470 1136 748 1205 oppressi,
778 1135 963 1189 eadem
998 1134 1437 1203 tergiversatione
1462 1132 1610 1186 abusi
1640 1140 1761 1185 sunt

179 1225 394 1281 nemine
422 1234 793 1295 persequente.
826 1225 989 1279 Porro
1025 1225 1284 1293 Bnlgares
1317 1265 1331 1290 ,
1382 1224 1482 1279 hoc
1513 1225 1645 1289 viso,
1682 1223 1764 1276 in-

182 1318 548 1385 sequebantur
575 1325 696 1385 post
733 1326 878 1384 terga
911 1317 1144 1383 ipsorum
1180 1356 1195 1382 ,
1227 1324 1281 1369 et
1323 1315 1500 1384 plures
1546 1312 1759 1383 quidem

179 1408 358 1478 gladio
390 1417 731 1478 peremerunt
756 1452 769 1477 ,
797 1407 989 1461 multos
1012 1422 1141 1462 vero
1162 1407 1609 1470 vulneraverunt,
1636 1420 1763 1475 per-

179 1500 347 1556 secuti
388 1516 480 1556 eos
506 1515 676 1571 usque
714 1502 777 1555 ad
818 1500 1141 1555 Danubium.
1175 1498 1345 1565 Quem
1385 1507 1762 1564 transeuntes;

186 1601 240 1648 et
266 1594 543 1648 venientes
572 1607 740 1663 usque
766 1592 833 1647 ad
865 1607 981 1645 eam
1012 1606 1127 1661 quae
1177 1590 1369 1645 dicitur
1397 1588 1603 1642 Barnan
1625 1588 1764 1642 circa

182 1686 341 1739 ﬁnem
370 1685 543 1740 Odissi
568 1726 583 1751 ,
616 1695 670 1739 et
698 1684 1088 1739 mediterraneo
1118 1682 1227 1737 illic
1256 1681 1428 1751 posito
1452 1688 1728 1749 perspecto
1749 1718 1763 1744 ,

181 1778 322 1847 quod
366 1779 419 1833 in
470 1780 631 1833 multa
661 1778 865 1833 cautela
895 1778 1214 1832 consisteret
1246 1817 1261 1843 ,
1294 1774 1346 1828 in
1377 1772 1767 1843 posterioribus

1859 581 2209 636 Constantini.
2236 581 2697 636 Annotredecimo
2720 580 2926 650 imperii
2959 583 3039 635 sui
3078 584 3429 652 repulittiono

1859 674 2123 727 Stantinus
2145 675 2211 727 ab
2236 673 2459 743 imperio
2489 676 2675 728 fratres
2704 687 2831 727 suos
2860 673 3156 727 lleraclinm
3186 687 3237 729 et
3264 676 3426 732 Tibe-

1859 766 2019 831 rium,
2051 776 2104 821 et
2126 767 2271 826 solus
2300 767 2542 835 regnavit
2577 780 2697 819 cum
2730 764 2839 819 lilio
2880 779 2978 818 suo
3006 764 3241 821 Tiberio.
3277 773 3431 823 Auno

1862 858 2270 926 deeimoqnarto
2288 857 2493 927 imperii
2519 857 2600 910 sui
2625 856 2827 910 Muctar
2848 855 3079 911 mendax
3104 856 3227 910 dum
3254 869 3432 928 tyran-

1862 948 2038 1003 nidem
2062 950 2413 1013 exercuisset,
2438 948 2666 1003 obtinuit
2708 948 2999 1006 Persidem.
3018 950 3236 1005 Vocavit
3258 961 3430 1006 autem

1862 1042 2092 1110 seipsutn
2125 1040 2459 1110 prophetam,
2489 1053 2537 1096 et
2567 1042 2863 1095 conturbati
2892 1052 3012 1096 sunt
3034 1042 3250 1097 Arabes.
3283 1046 3434 1098 Anno

1863 1132 2074 1187 decimo
2106 1133 2295 1201 quinto
2326 1132 2530 1201 imperii
2570 1130 2907 1185 Constantini
2929 1132 3164 1187 Arabum
3193 1134 3436 1203 princeps

1864 1225 2076 1279 Maruan
2104 1224 2387 1293 praefectus
2422 1233 2524 1278 est.
2552 1223 2821 1291 Siquidem
2847 1223 3097 1277 defuncto
3124 1224 3292 1289 Gizid,
3328 1234 3439 1277 tur-

1864 1317 1971 1371 bati
2002 1317 2227 1381 Arabes,
2249 1326 2302 1369 et
2323 1313 2351 1353 ι’
2376 1314 2708 1369 Theriexteri
2732 1323 3085 1369 surrexerunt
3104 1319 3437 1369 constituen-

1867 1420 1945 1463 tes
1974 1409 2073 1461 sibi
2104 1408 2293 1461 ducem
2324 1406 2618 1460 llabdallan
2649 1406 2933 1475 quemdam
2968 1407 3129 1459 lilium
3182 1406 3432 1473 Zubedir,

1864 1511 1921 1559 et
1941 1501 2244 1570 congregati
2274 1509 2399 1554 sunt
2426 1499 2720 1562 Phaanices,
2746 1508 2799 1553 et
2822 1499 3105 1562 Palaestini,
3136 1509 3189 1553 et
3221 1501 3439 1555 veniunt

1865 1594 2207 1660 Damascum,
2232 1592 2325 1647 sed
2354 1601 2588 1665 eiusque
2610 1590 2909 1659 Gabathan,
2933 1601 2988 1646 et
3009 1593 3173 1658 Asan,
3202 1600 3259 1646 et
3282 1594 3441 1647 Ami-

1864 1702 1959 1742 ran
1976 1687 2292 1754 Palwstinaa,
2317 1685 2549 1754 dantque
2565 1696 2753 1739 manus
2776 1684 2985 1737 dextras
3003 1694 3025 1722 ο
3045 1684 3280 1750 Maruan,
3297 1693 3349 1739 et
3370 1685 3441 1740 si-

1869 1790 2019 1836 stunt
2037 1795 2158 1835 eum
2178 1780 2391 1845 ducem,
2414 1777 2710 1847 quiAmirae
2733 1776 3191 1831 administratione
3208 1776 3443 1847 fungitur

180 1872 396 1941 quidem
440 1882 655 1942 propter
690 1871 982 1925 Danubium
1021 1870 1236 1923 fluvium
1277 1909 1290 1932 ,
1319 1868 1370 1922 in
1402 1865 1760 1920 anterioribus
1787 1846 1836 1909 Β
1866 1871 1920 1926 in
1939 1872 2210 1926 mensibus
2237 1883 2450 1925 novem.
2480 1867 2550 1922 Et
2574 1883 2637 1922 eo
2665 1878 2873 1922 mortuo
2904 1867 3271 1923 llabdimelich
3305 1846 3442 1924 filius

179 1970 391 2027 autem,
423 1971 478 2018 et
500 1979 563 2018 ex
598 1963 852 2018 lateribus
903 1962 972 2016 ob
1016 1962 1287 2015 clausuras
1316 2000 1333 2027 ,
1379 1969 1434 2013 et
1488 1956 1761 2027 ponticum

181 2069 329 2109 mare
367 2094 383 2120 ,
431 2056 727 2123 praesertim
786 2067 906 2107 cum
954 2052 1355 2106 dominarentur
1411 2047 1763 2117 adjacentium

180 2144 549 2199 Selavinorum
575 2142 1030 2213 generationibus,
1056 2157 1172 2212 qua:
1191 2141 1506 2195 dicebantur
1522 2148 1726 2207 septem
1750 2155 1761 2191 :

181 2239 413 2295 Severus
478 2236 693 2306 quidem
739 2238 1044 2290 locaverunt
1084 2235 1151 2288 ab
1202 2233 1469 2288 anteriore
1519 2232 1765 2285 claus‘ura

180 2332 576 2403 Veregaborum
614 2333 676 2383 ad
711 2340 888 2399 partes
936 2328 1235 2383 Orientales
1266 2346 1275 2379 :
1307 2328 1357 2381 in
1410 2326 1538 2381 locis
1588 2335 1766 2380 autem

182 2444 297 2497 qua:
339 2436 463 2480 sunt
484 2426 547 2479 ad
576 2424 850 2479 Meridiem
879 2431 934 2477 et
966 2422 1308 2477 Occidentem
1346 2434 1513 2489 usque
1538 2417 1602 2473 ad
1629 2419 1766 2471 Ava-

185 2521 313 2573 riarn
344 2559 358 2583 ,
392 2516 632 2572 residuas
659 2525 866 2585 septem
896 2513 1272 2585 generationes
1296 2516 1433 2580 'qum
1481 2510 1581 2564 sub
1613 2520 1768 2579 pacto

181 2619 357 2665 erant.
387 2611 529 2680 Ergo
557 2624 678 2663 cum
709 2607 913 2663 dilatati
960 2606 1185 2661 fuissent
1216 2603 1268 2658 in
1312 2605 1416 2671 his,
1472 2603 1598 2658 elati
1643 2611 1768 2657 sunt

182 2714 234 2759 et
261 2714 542 2774 coeperunt
570 2718 631 2757 ea
655 2718 771 2773 quae
794 2701 893 2755 sub
951 2700 1188 2755 Romana
1217 2713 1330 2768 rep.
1369 2707 1525 2751 erant
1551 2707 1721 2752 castra
1751 2736 1768 2764 ,

183 2811 276 2852 seu
307 2796 509 2865 praedia
537 2795 813 2850 destruere
842 2835 855 2858 ,
892 2802 1050 2861 atque
1074 2789 1318 2859 praedari.
1352 2786 1508 2843 Unde
1538 2788 1588 2841 vi
1610 2801 1766 2841 coac-

185 2887 269 2945 tu's
294 2888 592 2957 imperator
621 2887 744 2941 fecit
771 2899 954 2953 pacem
986 2898 1105 2937 cum
1141 2882 1217 2935 eis
1249 2921 1265 2947 ,
1316 2894 1487 2933 annua
1511 2878 1613 2931 illis
1637 2891 1772 2946 prte-

184 2982 314 3037 bere
345 2989 499 3049 pacta
528 2978 862 3048 pollicitusin
905 2972 1270 3029 confusionem
1297 2971 1660 3024 Itontanorum
1701 2968 1771 3023 ob

188 3073 590 3130 multitudinem
607 3070 947 3126 delictorum.
974 3067 1215 3122 Mirabile
1241 3064 1564 3134 quippeipso
1587 3061 1769 3116 auditu

184 3175 300 3219 erat
332 3163 525 3233 bisqui
557 3162 713 3231 longe
763 3171 815 3215 et
839 3159 928 3229 qui
976 3170 1140 3227 prope
1186 3155 1487 3224 degebant,
1538 3152 1675 3222 quod
1729 3152 1772 3205 is

186 3262 278 3333 qui
309 3273 500 3314 omnes
532 3256 841 3311 tributarios
871 3253 970 3307 sibi
1018 3258 1280 3305 statuerat
1310 3291 1324 3314 ,
1360 3258 1467 3302 tam
1523 3245 1771 3300 videlicet

183 3369 279 3410 eos
304 3353 397 3422 qui
439 3350 507 3403 ad
541 3351 707 3404 Eoum
736 3357 789 3401 et
828 3345 1110 3411 Occasum,
1156 3356 1311 3411 quam
1351 3339 1415 3392 ad
1446 3342 1660 3392 Arctum
1715 3345 1771 3391 et

186 3445 568 3502 Mesembriam
617 3439 1129 3502 commorabantnr,
1180 3435 1247 3487 ab
1305 3431 1401 3486 ista
1474 3427 1772 3485 detestabili

182 3545 350 3609 gente
374 3535 536 3590 fuerit
566 3541 869 3601 superatus.
902 3528 1101 3582 Verum
1134 3525 1422 3594 imperator
1460 3523 1528 3575 ita
1560 3520 1771 3590 quidem

184 3647 253 3686 ex
289 3625 632 3699 providentia
658 3625 752 3679 Dei
778 3626 878 3679 hoc
892 3620 1212 3677 Christianis
1225 3619 1510 3687 contigisse
1524 3614 1769 3678 credens,

181 3720 500 3793 evangelice
550 3730 783 3774 tractans
823 3731 1005 3786 pacem
1054 3710 1215 3781 fecit,
1245 3721 1300 3768 et
1346 3710 1444 3764 fuit
1496 3723 1663 3779 usque
1706 3705 1773 3761 ad

182 3816 398 3870 obitum
456 3828 612 3868 suum
642 3809 852 3879 quietus
898 3825 927 3861 a
958 3806 1167 3860 cunctis
1218 3803 1457 3859 hostibus
1495 3844 1508 3866 ,
1541 3799 1772 3854 studium

183 3908 407 3963 habens
450 3902 773 3973 praecipuum
808 3898 1018 3954 uniendi
1044 3897 1309 3952 Ecclesias
1338 3894 1611 3949 universas
1641 3891 1771 3956 Dei,

181 4011 317 4069 qua:
366 3995 556 4064 ubique
606 3992 787 4047 divisa:
814 3990 1115 4055 fuerant,a
1163 3985 1494 4055 temporibus
1544 3980 1775 4037 Heraclii

182 4090 383 4164 proavi
405 4090 519 4155 sui,
551 4097 605 4142 et
646 4086 819 4157 Sergii
844 4084 1065 4153 vesani,
1104 4098 1165 4137 ac
1194 4080 1383 4151 Pyrrhi
1415 4119 1430 4145 ,
1455 4078 1542 4147 qui
1561 4074 1776 4145 indigne

188 4186 396 4240 throno
416 4180 945 4249 Constantinotioleos
962 4175 1244 4246 praefuere,
1270 4188 1424 4226 unam
1448 4170 1774 4224 voluntatem

186 4289 248 4335 et
271 4294 433 4334 unam
467 4276 833 4347 operationem
871 4275 924 4328 in
954 4272 1178 4325 Domino
1210 4268 1319 4322 Deo
1347 4266 1621 4319 Salvatore
1673 4277 1772 4317 no-

182 4383 309 4426 stro
331 4368 829 4441 dogmatizantium,
854 4380 1077 4435 quorum
1092 4375 1317 4431 nequam
1344 4358 1621 4428 opiniones
1636 4357 1774 4411 idem

180 4462 688 4521 Christianissimus
731 4460 1022 4528 imperator
1050 4453 1294 4510 Concilio
1323 4451 1610 4506 universali
1636 4448 1776 4504 Con-

182 4556 598 4626 stantinopolim
623 4560 914 4608 convocato
934 4550 1278 4604 ducentorum
1306 4555 1356 4599 et
1381 4543 1649 4613 octoginta
1678 4558 1770 4597 no-

181 4666 317 4707 vem
350 4651 564 4705 Patrum
616 4650 1017 4717 episcoporum,
1049 4641 1348 4703 damnavit,
1397 4646 1452 4693 et
1490 4636 1771 4706 dogmata,

180 4757 317 4815 quze
348 4742 402 4796 in
423 4738 863 4795 antecedentibus
890 4745 916 4773 ι
942 4734 1174 4804 quinque
1202 4729 1432 4792 sanctis,
1478 4737 1532 4783 et
1559 4728 1772 4782 univer-

168 4835 401 4894 salibus
422 4833 663 4889 conciliis
694 4831 904 4885 fuerant
932 4827 1268 4890 confirmata,
1296 4818 1593 4885 roboravit,
1619 4829 1779 4888 atque

182 4930 348 5002 pium
391 4928 610 4985 duarum
646 4926 970 4982 voluntatum
1001 4931 1054 4976 et
1083 4919 1451 4989 Operationum
1477 4916 1779 4986 promulga-

177 5024 243 5081 ri
267 5023 467 5093 dogma
498 5019 755 5083 decrevit,
781 5032 873 5086 per
892 5014 1133 5070 eamdem
1161 5019 1396 5066 sanctam
1420 5017 1473 5063 et
1499 5006 1782 5062 subtilissi-

179 5128 347 5172 mam
370 5110 682 5167 universalis
711 5107 918 5163 concilii
949 5103 1237 5176 synodum,
1267 5102 1351 5155 cui
1384 5107 1648 5169 praeerant
1673 5108 1780 5152 tam

177 5207 318 5277 ipse
346 5202 621 5273 piissimus
649 5201 949 5268 imperator
967 5190 1377 5257 Constantinus,
1401 5205 1558 5259 quam
1588 5189 1659 5257 pii
1686 5188 1782 5243 Sa-

176 5299 473 5356 cerdotes.
495 5296 599 5353 Per
623 5295 762 5348 idem
800 5301 1010 5359 tempus
1032 5285 1184 5339 Gizid
1210 5285 1375 5351 C(Bpil
1397 5296 1515 5337 esse
1540 5280 1783 5351 princeps

178 5386 462 5456 Arabum,
492 5387 581 5458 qui
625 5385 792 5440 tribus
824 5380 904 5435 his
949 5372 1161 5448 praefuit
1190 5375 1368 5429 annis.
1403 5374 1559 5427 Anno
1585 5370 1783 5425 duode-

176 5488 348 5545 cimo
377 5480 590 5552 imperii
623 5472 956 5534 Constantini
977 5471 1202 5527 collecta
1234 5478 1316 5523 est
1343 5474 1527 5522 sancta
1548 5464 1785 5536 synodus

174 5593 253 5642 et
282 5574 610 5637 universalis
633 5580 781 5629 sexta
811 5560 1329 5634 Constantinopolim
1352 5573 1417 5616 cc
1445 5558 1715 5628 octoginta
1732 5563 1787 5617 et

281 5727 310 5758 ι
349 5714 574 5770 Codices
602 5708 771 5774 Pith.,
792 5722 899 5763 sex.

278 5784 311 5828 ι)
355 5786 467 5851 AL,
494 5781 714 5837 Etherii.

281 5870 307 5900 ε
350 5857 464 5922 AL,
494 5853 772 5910 Marsuan.

1867 1964 1986 2035 ejus
2018 1965 2255 2033 suscepit
2287 1962 2662 2033 principatum,
2685 1976 2803 2016 cum
2829 1962 3040 2016 Amiras
3070 1960 3255 2016 fuisset
3290 1962 3442 2016 annis

1867 2060 2052 2129 viginti
2085 2075 2193 2114 uno
2235 2069 2289 2115 et
2340 2058 2588 2123 dimidio,
2615 2057 3025 2128 aggrediturque
3081 2067 3357 2130 tyrannos,
3391 2065 3446 2112 et

1868 2151 2138 2207 interfecit
2170 2150 2465 2206 llabdallan
2494 2151 2661 2203 tilium
2684 2147 2712 2187 ἀ
2733 2148 2979 2214 Zubedir,
3012 2165 3109 2204 nec
3131 2165 3235 2205 non
3259 2158 3313 2204 et
3342 2148 3447 2202 Da-

1872 2246 2087 2299 daeum.
2113 2246 2269 2299 Anno
2299 2242 2513 2298 decimo
2542 2252 2696 2298 sexto
2724 2243 2930 2313 imperii
2957 2244 3289 2300 Constantini
3307 2244 3445 2300 facta

1870 2348 1953 2391 est
1984 2334 2154 2390 fames
2180 2352 2392 2405 magna,
2424 2345 2583 2406 atque
2608 2338 2903 2392 mortalitas
2932 2342 2985 2391 in
3008 2338 3181 2408 Syria,
3207 2348 3446 2408 gentem-

1870 2445 1974 2501 que
1997 2430 2365 2486 llabdimelteh
2399 2431 2650 2485 obtinuit.
2676 2432 2916 2501 Cumque
2937 2432 3206 2487 Mardaita:
3245 2434 3447 2489 incum-

1869 2523 2058 2578 herent
2090 2523 2330 2593 partibus
2378 2522 2587 2588 Libani,
2616 2529 2675 2578 et
2723 2523 3019 2593 pestilentia
3065 2534 3351 2594 teneretur,
3394 2535 3449 2582 et

1871 2618 2061 2681 fames,
2087 2616 2228 2671 idem
2265 2614 2631 2671 llabdimelich
2690 2630 2874 2685 pacem
2925 2632 3044 2686 quae
3068 2619 3241 2673 fuerat
3268 2634 3297 2672 a
3330 2619 3445 2674 Mu-

1874 2708 2028 2763 havia
2053 2708 2275 2777 quaesita
2313 2709 2481 2778 petiit,
2537 2708 2716 2763 missis
2736 2709 2802 2763 ad
2827 2709 3204 2778 imperatorem
3235 2710 3441 2780 legatis,

1874 2798 2172 2867 eademque
2203 2808 2438 2855 trecenta
2466 2802 2739 2870 sexaginta
2771 2801 3003 2870 quinque
3031 2800 3194 2856 millia
3242 2805 3445 2858 nuntis-

1878 2902 2084 2948 rnatum
2137 2895 2250 2948 auri
2305 2896 2545 2963 praebere
2588 2893 2870 2961 pollicitus,
2912 2903 2965 2948 et
3008 2894 3130 2950 illos
3186 2904 3448 2951 trecentos

1875 2988 2150 3056 sexaginta
2176 2988 2410 3056 quinque
2432 3001 2618 3042 servos
2645 2988 2755 3054 pari
2775 2987 2935 3043 modo
2959 2987 3183 3053 nobiles,
3201 2988 3448 3042 totidem-

1876 3093 1981 3149 que
2008 3094 2195 3149 equos.
2226 3079 2383 3133 Auno
2411 3079 2621 3134 decimo
2642 3081 2868 3148 septimo
2898 3079 3102 3149 imperii
3127 3080 3209 3135 sui
3242 3078 3451 3149 requie-

1878 3173 1953 3227 vit
1992 3173 2281 3243 imperator
2342 3174 2458 3241 pius
2516 3170 2915 3237 Constantinus,
2963 3187 3086 3227 cum
3135 3173 3449 3241 imperasset

1876 3263 2036 3318 annis
2058 3264 2241 3319 decem
2264 3272 2317 3319 et
2335 3272 2563 3333 septem,
2579 3274 2633 3318 et
2651 3263 2937 3333 imperavit
2956 3262 3287 3320 Justinianus
3310 3263 3450 3319 filius

1874 3356 2012 3428 ejus.

2430 3449 2868 3508 JUSTINIANUS
2885 3488 2901 3505 .

1874 3618 1887 3631 ,
1934 3569 2169 3624 Annoab
2190 3568 2558 3624 lncarnatione
2583 3568 2793 3623 Domini
2815 3566 2919 3621 678
2938 3566 3263 3623 Justinianus
3287 3568 3452 3638 impe-

1882 3676 1964 3719 rat
1979 3663 2268 3730 Romanis,
2303 3662 2570 3719 Arabibus
2602 3661 2965 3717 Habdimelich
2993 3661 3334 3732 principatnr,
3363 3660 3452 3731 qui

1878 3754 2087 3825 praefuit
2113 3756 2192 3810 his
2209 3757 2362 3810 annis
2385 3756 2568 3825 viginti
2585 3755 2811 3809 duobus.
2841 3754 2952 3809 Hoc
2972 3763 3148 3809 autem
3170 3770 3310 3808 anno
3332 3754 3453 3807 mit-

1878 3850 1942 3903 tit
1978 3848 2352 3904 Habdimelich
2395 3849 2457 3902 ad
2494 3848 2847 3903 Justinianum
2869 3847 3185 3903 confirmare
3237 3861 3451 3917 pacem,

1879 3950 1935 3997 et
1972 3943 2223 3996 convenit
2277 3942 2416 3997 inter
2460 3955 2554 3996 eos
2608 3938 2973 4009 hujuscemodi
3004 3956 3130 4008 pax,
3192 3950 3250 3993 ut
3302 3940 3445 3994 scili-

1878 4044 1964 4090 cet
1986 4035 2277 4106 imperator
2323 4034 2613 4102 deponeret
2653 4031 3029 4087 Mardaitarnm
3070 4046 3258 4101 agmen
3301 4046 3328 4083 a
3360 4029 3451 4084 Li-

1878 4126 2042 4194 bano,
2076 4136 2130 4181 et
2153 4125 2453 4195 prohiberet
2480 4124 2809 4179 incursiones
2838 4138 3042 4189 eorum,
3077 4133 3129 4177 et
3158 4121 3446 4177 Habdime-

1878 4221 1984 4276 lich
2010 4220 2266 4275 Romanis
2299 4220 2558 4274 tribueret
2586 4234 2680 4287 per
2705 4217 2941 4287 singulos
2971 4217 3084 4272 dies
3132 4215 3451 4271 nomismata

1877 4314 2111 4378 mille,et
2130 4328 2323 4383 equum
2353 4323 2405 4371 et
2431 4327 2667 4379 servum,
2684 4322 2736 4365 et
2760 4320 2815 4365 ut
2838 4312 3096 4366 haberent
3114 4322 3449 4365 communem

1878 4421 1976 4477 per
1997 4405 2348 4473 aequalitatem
2382 4403 2577 4458 tributa
2607 4401 2786 4473 Cypri,
2835 4402 3118 4468 Armeniae,
3148 4415 3209 4454 ac
3243 4399 3449 4455 Iberite.

1879 4500 1944 4552 Et
1968 4497 2479 4566 direxitimperator
2512 4494 2733 4549 Paulum
2787 4493 3096 4565 magistrum
3124 4492 3190 4547 ad
3250 4490 3449 4547 Habdi-

1799 4580 1857 4643 Ι)
1880 4588 2069 4645 melieh
2103 4588 2168 4643 ad
2198 4587 2620 4643 confirmandum
2652 4602 2713 4642 ea
2760 4602 2877 4655 qua:
2900 4586 3090 4656 placita
3138 4586 3368 4651 fuerant,
3400 4592 3455 4640 et

1880 4682 2015 4735 facta
2047 4689 2132 4734 est
2157 4679 2209 4735 in
2250 4680 2466 4748 scriptis
2496 4677 2755 4734 securitas
2787 4678 2887 4734 sub
2913 4677 3129 4732 testium
3160 4676 3452 4747 adstipula-

1879 4773 2047 4839 tione,
2070 4773 2159 4842 qni
2183 4771 2475 4827 liberaliter
2504 4771 2797 4826 honoratus
2825 4783 3075 4826 reversus
3106 4778 3206 4823 est.
3233 4769 3295 4822 Et
3326 4767 3454 4821 mit-

1881 4875 1999 4921 tens
2056 4868 2344 4935 imperator
2393 4862 2680 4933 assumpsit
2735 4862 3112 4918 Martlaitarum
3174 4858 3454 4913 duodecim

1883 4957 2071 5026 millia,
2112 4956 2364 5013 Romaica
2422 4954 2620 5009 virtute
2676 4954 2869 5009 recisa.
2904 4950 3103 5007 Omnes
3147 4948 3287 5003 enim
3341 4962 3457 5017 quae

1881 5066 2022 5106 nunc
2074 5050 2381 5104 habitantur
2428 5048 2493 5102 ab
2525 5045 2789 5101 Arabibus
2828 5046 2881 5099 in
2930 5042 3228 5099 confinibus
3272 5038 3457 5109 positae

1881 5147 2127 5200 civitates
2175 5159 2203 5197 a
2237 5146 2260 5170 ⁸
2294 5141 2633 5210 Mopsuestia,
2682 5150 2735 5195 et
2765 5153 2932 5207 usque
2958 5138 3022 5191 ad
3072 5143 3310 5205 quartam
3357 5132 3458 5187 Ar-

1886 5238 2139 5301 meniam,
2177 5232 2401 5288 infirma:
2429 5241 2483 5286 et
2513 5229 2887 5284 inhabitabiles
2940 5235 3090 5281 erant
3121 5234 3334 5294 propter
3359 5223 3459 5276 im-

1885 5340 2062 5400 petum
2120 5326 2516 5381 Mardaitarnm.
2549 5322 2752 5389 Quibus
2796 5318 3075 5389 repressis,
3109 5318 3290 5371 omnia
3344 5314 3457 5369 dira

1884 5437 2038 5495 passa
2060 5428 2143 5475 est
2170 5417 2427 5474 Romania
2454 5430 2619 5484 usque
2646 5415 2698 5468 in
2729 5419 3048 5483 praesentem
3067 5409 3229 5464 diem.
3255 5405 3455 5461 Eodem

1884 5533 2025 5575 anno
2052 5516 2214 5570 mittit
2262 5509 2632 5567 Habdimelich
2665 5508 2891 5580 Ziphien
2936 5506 3156 5562 fratrem
3199 5498 3458 5559 Mubavim

1965 5678 1995 5719 δ
2022 5679 2133 5744 AL,
2166 5673 2409 5730 Zudebir.

1961 5754 1985 5782 °
2025 5743 2133 5818 AL,
2165 5743 2587 5803 Amonmeum’a.
