3956 6342
587 398 726 460 1059

1428 400 1631 460 PAULI
1674 400 1941 458 DIACONI
1966 401 2116 457 OPP.
2182 397 2358 458 PARS
2405 401 2445 458 l.
2485 430 2557 445 -—
2592 396 2971 461 illSTURICA.

3624 418 3718 483 toto

587 517 641 576 in
668 515 939 573 Persidem
968 524 1154 571 contra
1184 516 1473 572 Huctarem
1513 517 1843 581 mendacem,
1878 527 2037 585 atque
2077 523 2163 583 ty-
2192 500 2246 575 Δ
2272 513 2585 581 Cypriorum
2614 514 2742 571 dum
2772 525 3099 573 transmeare
3127 517 3385 589 niteretur,
3404 524 3627 588 submersa
3646 550 3723 607 est,

586 625 834 675 mnuum,
866 622 917 665 et
946 610 1298 679 interemptus
1323 621 1408 665 est
1437 610 1662 680 Ziphien
1698 624 1730 662 a
1757 607 2012 665 Mactare.
2041 609 2157 676 Quo

585 702 768 757 audito
787 701 1144 757 Habdimilich
1170 703 1317 758 venit
1343 701 1801 770 MeSOpotamiam,
1828 709 1883 756 et
1912 699 2154 772 tyranni-

586 792 707 848 dem
737 794 935 861 patitur
960 808 990 847 a
1030 791 1209 859 Saido,
1239 808 1401 861 quem
1427 805 1803 861 supergressus
1832 791 1995 846 verbo
2050 789 2156 844 Da-

586 898 820 939 mascum
850 885 1058 952 aperire
1084 882 1212 939 fecit
1241 898 1273 936 a
1299 898 1358 937 se
1388 891 1735 951 prmventam,
1789 888 1845 936 et
1890 888 2009 949 post
2047 880 2150 933 hoc

586 976 945 1033 fraudulenter
1011 977 1223 1032 occidit.
1252 976 1580 1031 Justinianus
1630 984 1811 1031 autem
1865 989 1986 1029 cum
2013 980 2158 1027 esset

582 1066 763 1137 juniur
787 1069 934 1138 quasi
962 1082 1221 1123 annorum
1248 1069 1502 1135 sedecim,
1526 1077 1580 1123 et
1605 1082 1699 1122 sua
1720 1080 1945 1137 quaeque
1966 1065 2154 1120 incon-

584 1161 722 1214 sulte
760 1160 1087 1228 diSponeret,
1141 1160 1289 1215 misit
1319 1160 1602 1215 Leontium
1635 1165 1918 1226 praetorem
1950 1158 2003 1213 in
2053 1160 2155 1210 Ar.

584 1252 813 1305 meniam
843 1266 962 1307 cum
1004 1251 1256 1306 Romaico
1286 1259 1584 1321 potentatu,
1613 1258 1668 1305 et
1704 1249 2015 1305 Sarracenis
2044 1248 2156 1303 illic

583 1343 932 1398 existentibus
998 1341 1351 1412 interemptis,
1409 1342 1623 1410 subjicit
1674 1341 1812 1396 hanc
1866 1339 2148 1394 Romanis.

582 1434 844 1491 Similiter
871 1446 925 1492 et
952 1436 1207 1505 lberiam,
1234 1446 1289 1492 et
1319 1436 1619 1505 Albaniam,
1643 1442 1668 1471 τί
1694 1434 1991 1490 llircauiam
2023 1450 2155 1503 quo-

580 1546 707 1599 que,
728 1541 887 1601 atque
923 1531 1175 1601 Mediam,
1232 1540 1287 1586 et
1310 1529 1411 1586 sub
1439 1530 1637 1585 tributo
1663 1528 1967 1599 regionibus
2018 1527 2156 1583 actis

582 1623 836 1692 plurimas
880 1624 1129 1692 pecunias
1183 1624 1491 1691 imperatori
1548 1620 1867 1677 transmisit.
1918 1623 1988 1675 At
2027 1635 2155 1677 vero

579 1712 945 1768 Babdimelich
973 1714 1057 1770 bis
1085 1714 1336 1785 cognitis,
1365 1714 1496 1771 abiit
1518 1713 1848 1780 Cercesium,
1875 1718 1931 1768 et
1971 1710 2157 1783 Eupo-

578 1804 668 1860 lim
692 1805 1010 1875 subjugavit.

649 1930 804 1983 Anno
831 1928 1067 1983 secundo
1107 1928 1312 2000 imperii
1355 1930 1635 1987 Justieiani
1667 1930 1807 1987 facta
1855 1940 1939 1987 est
1983 1930 2155 1986 fames

576 2018 632 2075 in
662 2020 834 2090 Syria.
866 2020 975 2087 Qua
1012 2021 1082 2076 de
1108 2033 1167 2075 re
1192 2022 1343 2077 multi
1371 2023 1685 2078 Romaniam
1725 2034 1852 2078 sunt
1896 2022 2149 2091 ingressi.

580 2111 644 2167 Et
688 2113 909 2167 veniens
948 2112 1239 2183 imperator
1291 2113 1343 2168 in
1393 2115 1702 2169 Armeniam
1757 2113 1864 2168 illic
1916 2114 2154 2182 suscepit

574 2202 859 2258 lardaitas
900 2205 991 2275 qui
1039 2205 1091 2259 in
1131 2205 1337 2260 Libano
1389 2206 1600 2261 urerent
1653 2218 1805 2260 meo
1855 2221 2013 2261 muro
2051 2206 2152 2260 de-

574 2305 798 2353 structo.
827 2298 1101 2352 Destruxit
1150 2305 1328 2353 autem
1356 2309 1411 2354 et
1438 2314 1622 2369 parem
1662 2313 1784 2354 cunt
1838 2299 2154 2370 Bulgaribus

574 2388 755 2457 lixam,
813 2391 1133 2458 perturbans
1162 2398 1336 2460 typos,
1365 2392 1453 2460 qui
1498 2407 1528 2444 a
1585 2400 1735 2461 patre
1781 2389 2154 2446 ordinabiliter

574 2481 697 2536 iacti
742 2490 887 2550 sunt,
927 2493 980 2538 et
1022 2484 1172 2552 jubet
1224 2486 1450 2541 transire
1476 2486 1529 2539 in
1583 2484 1843 2541 Thracem
1872 2496 2151 2555 equestres

575 2572 818 2641 militias,
847 2573 1032 2629 volens
1058 2584 1165 2631 tam
1197 2576 1471 2646 Bulgares,
1514 2592 1672 2646 quam
1727 2577 2006 2634 Sclavlnos
2051 2579 2149 2634 de-

575 2665 822 2732 pretiari.
871 2666 1026 2722 Anno
1061 2668 1220 2722 tertio
1269 2668 1478 2739 imperii
1509 2671 1590 2725 sui
1645 2671 1810 2725 movit
1857 2672 2149 2727 exercitum

574 2756 903 2814 lustinianus
927 2769 1113 2815 contu
1133 2761 1476 2833 Sclaviniam,
1509 2773 1561 2819 et
1588 2765 1908 2836 Bulgariam,
1941 2775 1996 2823 et
2026 2767 2150 2823 Bul-

571 2864 732 2920 gares
768 2852 979 2921 quidem
1010 2854 1075 2907 ad
1108 2868 1342 2923 presens
1389 2855 1491 2910 sibi
1522 2869 1863 2914 occurrentes
1915 2859 2147 2929 impulit.

573 2940 874 3015 Exsurgens
888 2956 1068 3000 autem
1084 2945 1495 3003 Thessalonicen
1519 2949 1762 3019 copiosas
1784 2950 2147 3007 multitudines

571 3034 945 3092 Bclavinorum
975 3040 1163 3108 partim
1193 3040 1335 3095 bello
1360 3043 1602 3109 peremit,
1633 3044 1821 3111 partim
1853 3059 1974 3098 cum
1997 3044 2063 3099 ad
2089 3058 2150 3101 se

568 3132 984 3203 eonitrgerentin
1009 3135 1244 3204 partibus
1290 3139 1319 3179 b
1363 3137 1582 3203 Obsicii,
1610 3152 1729 3191 cum
1782 3152 1876 3208 per
1918 3138 2146 3208 Abidem

575 3230 991 3299 transfretasset,
1022 3234 1321 3289 constituit.
1347 3234 1479 3290 Cum
1502 3243 1677 3290 autem
1704 3246 2063 3294 reverteretur
2092 3240 2145 3295 in
2174 3248 2223 3313 ο

575 3320 765 3375 itinere
798 3322 1116 3392 praepeditus
1155 3340 1185 3378 a
1226 3325 1539 3395 Bulgaribus
1570 3329 1619 3381 in
1652 3338 1799 3383 arcto
1854 3330 2143 3398 clausum,

574 3424 695 3464 cum
722 3412 870 3467 caede
914 3414 1115 3482 praprii
1159 3414 1363 3484 populi,
1390 3426 1444 3470 et
1475 3416 1838 3474 Vulneratione
1868 3423 2029 3476 multa
2062 3424 2140 3477 vix

571 3518 843 3561 remorare
872 3508 1166 3575 praivaluit.
1199 3509 1400 3566 Eodem
1430 3527 1573 3569 anno
1603 3523 1656 3569 et
1684 3524 1706 3552 ε
1751 3515 2008 3573 Habdalla
2035 3518 2143 3575 Zu-

572 3595 656 3650 bir
681 3595 955 3653 Musabum
986 3600 1202 3657 lratrem
1228 3617 1384 3659 suum
1406 3604 1569 3661 mittit
1590 3616 1775 3663 contra
1793 3605 1820 3646 ἀ
1844 3608 2066 3679 Muctar,
2092 3624 2147 3669 et

571 3684 710 3758 fugit
739 3691 789 3745 in
825 3690 1055 3763 Syriam,
1082 3710 1241 3765 quem
1262 3712 1641 3770 pmoccupans
1662 3702 1941 3759 interfecit.
1978 3706 2145 3765 Porro

575 3778 939 3840 llabdimelich
971 3786 1164 3842 militat
1182 3799 1367 3844 contra
1406 3791 1704 3860 Musabum,
1735 3804 1789 3850 et
1816 3797 2014 3853 victum
2051 3814 2143 3856 oc-

571 3870 719 3941 cidit,
750 3881 806 3929 et
846 3875 1152 3948 subjugavit
1187 3879 1463 3937 Persidem
1509 3892 1692 3939 totam.
1750 3889 1904 3942 Anno
1953 3903 2143 3958 quarto

580 3963 789 4033 imperii
827 3965 1113 4024 Justiniani
1151 3972 1299 4027 misit
1334 3972 1697 4033 Habdimelicb
1748 3990 1932 4036 contra
1984 3981 2143 4039 Zubir

571 4056 772 4125 Chajan
803 4060 856 4115 in
884 4061 1094 4130 Macba,
1123 4073 1177 4120 et
1225 4066 1420 4122 occidit
1446 4083 1568 4124 eum
1596 4071 1794 4142 Chajan
1843 4074 2059 4142 ibidem,
2091 4086 2144 4133 et

572 4150 784 4206 subdita
817 4154 1035 4224 regione
1064 4156 1267 4228 Chajan
1289 4161 1607 4217 adversante
1636 4163 1756 4233 sibi,
1783 4170 2144 4225 concremavit

570 4240 787 4296 domum
820 4244 946 4298 idoli
999 4244 1138 4315 ejus,
1198 4264 1299 4305 una
1329 4266 1448 4306 cum
1480 4253 1829 4315 idolocultore
1884 4262 2137 4327 ipsorum.

577 4332 929 4399 Quamobrem
960 4336 1047 4393 ille
1071 4350 1349 4404 praetorem
1379 4343 1609 4400 Persidis
1638 4346 1836 4417 Chajan
1863 4355 2139 4420 promovit,

576 4420 866 4480 etsubacta
891 4434 975 4481 est
998 4427 1360 4488 Habdiutelich
1386 4443 1491 4490 tam
1517 4437 1747 4495 Persidis
1771 4442 1938 4511 regio,
1968 4455 2021 4498 et
2044 4445 2143 4498 Mo-

581 4516 916 4585 sOpotamiaz,
946 4534 1102 4588 quam
1124 4521 1373 4577 Armenia
1395 4541 1606 4597 magna,
1638 4540 1691 4584 et
1721 4541 1743 4568 ε
1776 4532 1929 4600 llirii,
1958 4550 2019 4589 ac
2049 4552 2144 4606 per

2258 615 2311 657 et
2334 621 2399 660 ex
2432 608 2682 677 languore
2711 609 2936 678 peribat.
2973 611 3179 680 lleliqui
3233 629 3349 669 vero
3369 614 3414 671 in
3440 618 3642 690 Cyprium
3660 645 3720 685 re-

2257 696 2396 750 versi
2424 707 2567 751 sunt.
2591 699 2656 752 Et
2676 699 2760 752 his
2781 700 2973 755 auditis
2997 701 3353 761 llabdimelich
3371 714 3571 768 satanice
3587 717 3723 777 stimu-

2260 788 2397 842 latus
2421 793 2641 859 rogabat
2663 808 2731 847 ne
2758 808 2856 861 pax
2878 796 3200 863 solveretur,
3223 801 3309 854 sed
3353 806 3630 874 susciperent
3647 830 3724 869 mo-

2264 890 2438 935 netam
2469 898 2643 948 suam,
2673 899 2793 938 cum
2826 887 3157 943 Arabes‘non
3210 892 3509 963 susciperent
3531 900 3726 960 Romano-

2257 986 2374 1024 rum
2399 971 2708 1027 incisionem
2733 975 2787 1029 in
2816 976 2928 1031 suis
2952 974 3203 1035 nummis.
3232 979 3411 1038 Verum
3434 986 3540 1042 dato
3558 994 3726 1059 pondere

2256 1061 2370 1114 auri
2400 1061 2473 1115 ait
2501 1079 2512 1114 :
2547 1063 2757 1119 Nullum
2783 1064 3038 1123 Romanis
3073 1071 3320 1127 damnum
3350 1077 3592 1148 ellicietur,
3614 1099 3663 1138 ex
3683 1104 3724 1143 eo

2256 1154 2395 1221 quod
2422 1154 2625 1211 Arabes
2652 1175 2785 1214 nova
2811 1164 3088 1219 cuderent.
3113 1164 3182 1220 At
3212 1167 3297 1222 ille
3314 1186 3499 1238 precem
3516 1190 3569 1230 ex
3596 1178 3726 1237 timore

2254 1249 2541 1304 arbitratus
2578 1250 2854 1322 effectam,
2888 1271 2994 1311 non
3050 1260 3350 1330 perpendit,
3396 1267 3520 1333 quod
3563 1272 3726 1330 studium

2254 1352 2438 1392 eorum
2466 1352 2626 1408 esset,
2659 1352 2717 1398 ut
2755 1346 3129 1405 Mardaitarum
3176 1355 3392 1422 primum
3422 1372 3727 1428 compescerent

2256 1429 2522 1499 incursus,
2556 1444 2609 1488 et
2643 1436 2714 1489 ita
2749 1453 2841 1506 per
2888 1441 3136 1509 putativa:
3178 1446 3388 1502 rationis
3415 1448 3641 1508 obtentum
3668 1472 3728 1524 pr

2256 1534 2372 1578 cem
2397 1524 2737 1584 dissolveret.
2767 1531 2917 1596 Quod
2948 1544 3001 1587 et
3031 1532 3229 1590 factum
3259 1549 3356 1602 est,
3384 1551 3433 1594 et
3459 1544 3727 1602 misitlialidi-

2256 1614 2455 1671 melich
2483 1616 2549 1671 ad
2575 1619 2946 1677 aediﬁcandum
2981 1628 3236 1694 templum
3284 1629 3512 1698 Muchan,
3534 1645 3578 1689 et
3615 1637 3730 1693 voluit

2258 1708 2471 1764 auferre
2498 1709 2773 1769 columnas
2799 1724 2996 1771 Sancta:
3020 1717 3409 1791 Gethsemanis,
3430 1736 3477 1780 et
3497 1740 3731 1797 rogaverunt

2202 1858 2233 1894 ᾗ
2259 1816 2384 1859 eum
2413 1804 2636 1877 Sergius
2666 1809 2881 1878 quidam
2936 1814 3018 1868 vir
3044 1814 3536 1890 Christianissimus,
3569 1827 3732 1894 quierat

2186 1881 2235 1942 B
2258 1897 2522 1965 generalis
2544 1898 2756 1956 Mansur
2784 1904 3076 1975 logotheta,
3099 1918 3152 1963 et
3176 1911 3327 1967 valde
3354 1881 3596 1972 familiaris
3611 1881 3729 1975 eidem

2258 1985 2648 2058 ilabdimelich,
2675 2001 2835 2062 atque
2860 1996 3114 2065 patricius
3144 2002 3324 2058 socius
3349 2005 3457 2075 ejus
3480 2006 3731 2075 Christianis,

2256 2080 2345 2149 qui
2377 2091 2493 2136 erat
2521 2082 2576 2136 in
2614 2083 2891 2142 Palaestina
2937 2095 3277 2162 prmpositus,
3309 2099 3395 2166 qui
3421 2103 3734 2169 cognominaba-

2257 2178 2339 2225 tur
2369 2172 2612 2239 Clausus,
2648 2178 2980 2244 postulantes
3012 2198 3078 2238 ne
3108 2184 3213 2239 hoc
3243 2187 3413 2256 lieret,
3438 2190 3521 2245 sed
3545 2206 3619 2259 per
3656 2208 3735 2261 sup

2255 2262 2575 2331 plicationes
2604 2282 2728 2320 suas
2759 2272 3108 2336 persuaderet
3128 2274 3425 2334 Ju'stiniano
3453 2281 3649 2336 mittendi
3668 2282 3734 2336 tibi

2252 2352 2383 2407 alias
2406 2356 2608 2423 procis,
2632 2360 2773 2427 quod
2792 2371 2843 2415 et
2866 2362 3062 2419 factum
3090 2370 3361 2426 est.Anno
3376 2373 3574 2443 septimo
3592 2374 3735 2441 imperii

2253 2445 2690 2506 sui‘Justinianus
2711 2453 2875 2524 elegit
2903 2469 2932 2510 e
2956 2456 3187 2529 Sclavis,
3219 2465 3309 2531 qui
3332 2480 3389 2519 se
3403 2463 3598 2534 jubente
3616 2476 3734 2519 trans-

2252 2538 2549 2608 migrarent
2570 2541 2769 2599 milites
2793 2547 3008 2617 triginta
3028 2550 3221 2618 millia,
3255 2564 3310 2609 et
3336 2559 3539 2611 armatis
3563 2557 3735 2624 illis,co-

2251 2633 2587 2703 gnominavit
2614 2635 2736 2690 illos
2767 2642 3019 2709 populum
3049 2647 3453 2715 acceptabilem,
3504 2650 3737 2717 principem-

2250 2738 2355 2792 que
2385 2726 2438 2779 in
2470 2726 2549 2783 eis
2577 2726 2840 2785 Nebulum
2874 2735 3090 2789 nomine
3130 2740 3337 2792 statuit.
3367 2737 3512 2794 Fisus
3551 2739 3737 2795 autemin

2251 2816 2382 2885 illis,
2406 2819 2621 2889 scripsit
2647 2824 2909 2880 Arabibus
2940 2843 3043 2883 non
3067 2842 3126 2885 se
3157 2844 3550 2899 permansurum
3573 2832 3614 2887 in
3637 2845 3736 2900 picei

2248 2924 2370 2981 qua:
2398 2912 2602 2983 scripto
2640 2927 2984 2973 convenerat.
3018 2920 3083 2975 Et
3121 2934 3402 2993 assumpto
3439 2924 3605 2994 populo
3634 2935 3737 2977 acce-

2254 3005 2465 3074 ptabili,
2492 3018 2546 3062 et
2566 3012 2773 3065 cunctis
2795 3012 3137 3081 equestribus
3162 3016 3390 3082 militiis,
3421 3018 3538 3070 abiit
3559 3015 3739 3070 Sebasto-

2250 3098 2415 3167 polim
2463 3101 2807 3158 maritimam.
2839 3105 3041 3162 Arabes
3087 3120 3271 3165 autem
3326 3110 3741 3175 dissimulantes,et

2257 3205 2441 3259 pacem
2470 3194 2682 3249 solvere
2708 3196 2926 3252 minime
2949 3213 3341 3271 proponentes,
3368 3205 3460 3260 sed
3483 3200 3742 3272 imperatorio

2249 3296 2501 3352 excessu,
2522 3293 2682 3357 atque
2704 3292 2945 3358 procacia
2968 3292 3067 3347 hoc
3088 3296 3286 3363 agendi
3309 3296 3582 3352 violentiam
3605 3294 3740 3363 patien-

2250 3384 2352 3440 tes,
2383 3378 2571 3432 armati
2601 3389 2654 3434 et
2685 3382 2789 3449 ipsi
2831 3385 3110 3440 venientes
3161 3388 3366 3444 adeunt
3418 3386 3741 3455 Sebastopolimi

2246 3478 2627 3539 protestantes,
2654 3488 2721 3528 ne
2750 3474 3049 3544 imperator
3076 3495 3199 3548 quae
3246 3482 3470 3537 invicem
3514 3493 3612 3535 cum
3637 3477 3740 3546 jura-

2246 3566 2442 3619 mentis
2467 3580 2705 3624 consono
2734 3577 2892 3637 pacto
2934 3572 3125 3640 placita
3147 3572 3372 3629 fuerant
3399 3574 3623 3639 solveret,
3648 3568 3743 3623 alio-

2245 3662 2376 3733 quin
2406 3662 2547 3719 Deus
2578 3664 2769 3721 vindex
2795 3666 2960 3736 judex
3006 3671 3288 3739 culparum
3321 3670 3474 3727 foret.
3512 3670 3628 3724 Sane
3661 3676 3741 3718 cum

2244 3752 2543 3825 imperator
2566 3770 2666 3812 nec
2695 3757 2876 3813 auditu
2902 3759 3016 3828 ipso
3045 3759 3421 3830 hujuscemodi
3444 3763 3579 3818 verba
3600 3767 3743 3829 patere-

2246 3854 2335 3902 tur
2361 3849 2659 3919 percipere,
2694 3850 2770 3905 illi
2802 3853 2966 3921 pacis,
2997 3861 3053 3907 et
3074 3856 3226 3911 verbi
3257 3860 3507 3926 scriptum
3530 3854 3739 3913 solventes

2243 3946 2301 3994 et
2330 3940 2384 3994 in
2415 3942 2631 3996 excelso
2652 3942 2771 3998 loco
2800 3960 2896 4013 pro
2923 3947 3118 4001 vexillo
3134 3950 3457 4017 praecedenti
3482 3947 3498 3987 ί
3515 3948 3650 4018 gratia
3665 3957 3742 3998 sus—

2246 4030 2562 4102 peudentes,
2605 4044 2790 4088 contra
2820 4034 3092 4093 Romanos
3116 4038 3325 4109 impetu
3356 4042 3548 4095 irruunt
3570 4036 3740 4092 Iuliam-

2242 4136 2355 4182 mat
2381 4127 2571 4184 ducem
2599 4129 2877 4199 habentes,
2912 4134 3219 4205 bellumque
3253 4139 3427 4193 taliter
3465 4139 3668 4192 inierunt.
3701 4129 3741 4183 Et

2245 4221 2392 4287 prius
2410 4222 2629 4290 quidem
2654 4227 2891 4293 superati
2913 4236 3038 4281 sunt
3054 4232 3156 4283 Ara
3170 4230 3288 4284 bes.
3311 4230 3587 4300 Suggereus
3603 4227 3739 4279 intem

2242 4310 2569 4368 Mubammat
2581 4316 2859 4371 auxilianti
2879 4310 3129 4373 Romanis
3149 4320 3518 4377 Sclavinorum
3536 4317 3641 4381 ducs
3656 4329 3693 4368 ω
3708 4320 3740 4365 ι’

2244 4402 2308 4457 tit
2334 4406 2383 4458 ei
2417 4413 2442 4452 ε
2472 4407 2799 4474 marsupium
2835 4411 3246 4467 uumismatibus
3272 4415 3506 4482 plenum,
3536 4408 3741 4472 multisque

2243 4497 2682 4565 promissionibus
2714 4502 2854 4555 hunc
2883 4503 3169 4573 seducens,
3206 4508 3497 4577 persuadet
3521 4512 3635 4560 hunc
3648 4513 3743 4554 ωη-

573 4606 633 4661 id
662 4608 910 4665 intestina
958 4587 1095 4665 bella
1138 4587 1657 4686 quiet'eruttt.'Anitu
1701 4587 2139 4697 quittlo’impem
2166 4612 2219 4674 D
2246 4587 2427 4697 fugem
2448 4590 2606 4697 {die
2624 4606 2751 4697 sum
2787 4594 2976 4697 minii
3005 4596 3249 4697 'T'mib'"
3286 4600 3599 4663 selavmum'

572 4697 860 4755 Justiniani
888 4702 1046 4757 linem
1069 4705 1350 4761 discordiae
1377 4708 1582 4779 habuit,
1607 4724 1660 4769 et
1684 4716 1936 4773 liberatus
1961 4730 2043 4774 est
2073 4721 2142 4776 ab

575 4792 720 4845 omni
748 4791 887 4848 bello
915 4796 1148 4851 Arabum
1182 4800 1527 4869 principatus,
1576 4815 1630 4863 et
1672 4822 1800 4877 pace
1828 4811 2028 4880 potitus
2058 4823 2142 4870 est

576 4882 938 4943 llabdimelich
958 4891 1162 4945 cunctis
1186 4891 1288 4946 sibi
1318 4898 1573 4953 subactis.

647 5021 796 5076 Anno
824 5034 976 5079 sexto
1004 5024 1209 5095 imperii
1230 5029 1309 5081 sui
1357 5029 1687 5087 Justiuianus
1718 5048 1925 5103 pacem,
1975 5052 2133 5108 quam

577 5113 643 5165 ad
676 5113 1038 5171 ﬂabdimelich
1061 5118 1261 5182 habuit,
1292 5132 1358 5174 ex
1389 5127 1617 5178 amentia
1646 5124 1909 5193 dissolvit,
1937 5138 1993 5183 ct
2019 5146 2139 5185 om-

576 5216 694 5260 nem
718 5205 1029 5278 Cypriorum
1060 5208 1306 5277 insulam,
1339 5220 1393 5266 et
1418 5215 1668 5282 populum
1699 5218 2133 5279 irrationabiliter

574 5297 741 5350 voluit
761 5299 1155 5369 transmigrare,
1180 5310 1235 5355 et
1254 5304 1615 5361 characterem
1635 5311 1723 5378 qui
1748 5314 1941 5369 missus
1963 5315 2138 5373 fuerat

572 5396 638 5444 ab
676 5386 1074 5464 llabdimelich,
1122 5408 1242 5453 cum
1273 5398 1481 5455 naviter
1523 5404 1664 5460 visus
1692 5415 1852 5473 esset,
1901 5419 1956 5466 et
2005 5427 2139 5467 nun-

571 5490 731 5553 quam
792 5497 949 5545 antes
1001 5488 1202 5558 factus,
1241 5504 1348 5549 non
1399 5494 1632 5553 admisit.
1686 5496 1967 5561 Multitudo
2012 5520 2138 5563 vero

642 5649 668 5713 ἒ
707 5644 816 5713 ΔΙ.,
845 5643 1149 5703 Bucam'am.

641 5711 668 5749 δ
852 5717 1442 5793 ohﬁcii._Al.,_obseqttii.
1488 5726 1491 5727 ⁷

643 5793 669 5853 9
709 5784 817 5853 AL,
851 5784 1135 5844 lldbdellan
1161 5784 1347 5847 Zubin'.

642 5852 813 5929 “AL,
843 5858 904 5915 ab
944 5862 1069 5918 inito
1099 5862 1268 5921 Marte
1287 5880 1401 5924 cum
1426 5870 1719 5933 committit
1747 5871 1982 5935 luctor.

528 5950 583 5989 .I'
610 5952 643 5965 Δ,

2245 4684 2419 4752 fugam
2446 4684 2741 4751 Quiritibus
2781 4692 3078 4759 acquisivit.
3110 4693 3151 4747 Τ
3158 4709 3266 4750 unc
3297 4696 3572 4764 imperator
3610 4683 3744 4744 occidit

2241 4776 2430 4831 horum
2451 4780 2692 4835 residuos
2713 4796 2815 4835 una
2832 4796 2950 4837 cum
2967 4784 3234 4853 liberis,et
3258 4788 3509 4843 uxoribus
3527 4794 3645 4840 trans
3655 4790 3742 4849 νη·

2240 4867 2405 4937 cipitii
2434 4868 2607 4925 locum
2634 4870 2943 4928 Leucatium
2988 4876 3214 4944 dictum,
3245 4880 3339 4949 qui
3369 4878 3637 4935 maritimus
3668 4875 3745 4926 cui

2238 4957 2726 5018 Nicomediensium
2752 4960 2781 5002 δ
2813 4965 3027 5023 ﬁnibus.
3059 4972 3220 5026 Anno
3247 4982 3437 5027 octavo
3459 4968 3640 5040 imperii
3659 4964 3741 5021 Μ’

2242 5050 2450 5118 tiniani,
2475 5052 2666 5109 Sabbis
2697 5057 2953 5123 patricius
2980 5059 3277 5127 Armeniae,
3308 5073 3571 5133 comperta
3586 5066 3745 5125 super?

2241 5142 2385 5199 tione
2406 5146 2789 5214 Romanorum,
2836 5153 3143 5207 Armeniam
3175 5158 3451 5212 Arabibus
3481 5151 3676 5210 tradidit.
3708 5151 3745 5199 α

2237 5237 2477 5307 subjecta
2512 5252 2593 5295 cst
2624 5244 2701 5297 eis
2733 5242 2956 5300 interior
2988 5246 3184 5314 Persis,
3221 5266 3344 5319 quas
3380 5251 3561 5305 dicitur
3583 5247 3744 5302 Celmi

2236 5338 2294 5385 et
2330 5331 2499 5387 oritur
2541 5332 2741 5388 ibidem
2799 5337 3101 5405 insidiator,
3145 5344 3373 5398 nomine
3424 5343 3649 5403 Sabinus,
3685 5329 3743 5400 (υἱ

2235 5422 2434 5477 multos
2462 5424 2694 5479 Arabum
2744 5426 3027 5484 interiecit.
3060 5430 3165 5487 Sed
3204 5444 3262 5488 et
3293 5436 3465 5503 ipsum
3513 5429 3743 5498 Chalinum

2236 5527 2373 5584 pene
2393 5516 2639 5573 omnibus
2662 5518 2835 5574 undis
2857 5520 2910 5576 in
2923 5536 3084 5579 autne
3109 5536 3422 5583 necaverat.
3447 5524 3509 5583 Et
3525 5519 3745 5584 ωηειεί-

2311 5676 2336 5745 ξ
2374 5673 2483 5745 AL,
2518 5674 2693 5745 Hyrit'.
2729 5677 2839 5742 AL,
2873 5678 3064 5734 ΕιΙυ-ἱὶ.

2313 5738 2334 5817 ξ
2378 5738 2528 5799 Paul.
2555 5738 2795 5806 l5iacon..
2815 5738 2870 5804 et
2892 5748 3145 5817 Cedren.,
3175 5750 3354 5811 hasta.

2309 5815 2334 5894 ε
2374 5818 2631 5894 nmio»-

2307 5873 2337 5918 δ
2373 5878 2485 5959 AL,
2516 5873 2704 5946 Sinam.
2735 5885 2796 5952 Ρ.
2827 5888 2995 5967 ΡΜ..
3015 5892 3178 5971 simu:
