3956 6342
219 408 353 481 ωδε

1294 412 1610 484 HISTORIA
1655 425 2015 485 MISCELLA.
2054 462 2126 474 —
2160 433 2289 489 LIB.
2332 428 2454 491 xx.

3340 440 3487 503 1062

219 536 337 594 reni
377 535 697 607 peramplius
728 530 993 593 temerarii
1025 530 1147 594 facti
1187 549 1312 627 sunt
1340 532 1655 597 Romaniam
1707 544 1804 598 de-
1828 530 1885 607 Δ
1909 547 2138 603 militum
2180 549 2554 619 Orientalium,
2584 550 2753 623 quiin
2784 553 2940 610 bellis
2960 569 3104 626 sape
3134 559 3479 627 probabiliter

218 631 565 702 pepulantes.
604 626 760 684 Anno
790 646 930 685 nono
958 630 1171 700 Imperii
1217 626 1532 699 Iustiniani,
1569 634 1799 691 defectio

219 723 351 778 solis
377 720 565 779 effecta
593 734 678 779 est
706 722 834 778 hora
861 723 967 779 diei
1000 725 1172 790 tertia,
1217 727 1287 780 ita
1317 736 1373 781 ut
1399 727 1645 798 quaedam
1673 728 1803 783 stel-

218 815 286 871 ia:
318 817 461 871 clare
490 828 827 886 apparerent.
850 810 914 871 Et
940 820 1231 873 exercitum
1263 822 1428 875 movit
1475 821 1806 877 Muhamtnat

217 916 407 963 contra
435 902 777 976 Romaniam,
807 900 1015 965 habens
1065 926 1245 966 secum
1306 914 1553 983 profugos
1584 914 1804 972 Sclavos

220 1009 423 1070 utpote
451 1010 700 1071 expertos
733 1001 1028 1068 Romaniae,
1060 1012 1113 1059 et
1143 1007 1335 1061 multos
1364 1007 1512 1062 duxit
1542 1008 1801 1077 captivos.

221 1092 397 1148 Porro
433 1090 762 1148 Ju'stinianus
809 1095 1130 1165 diligentiam
1180 1098 1322 1153 circa
1372 1100 1547 1167 palatii
1600 1100 1805 1157 habens

224 1184 440 1255 negotia
478 1185 779 1241 construxit
809 1184 1092 1242 triclinium
1124 1230 1141 1257 ,
1170 1190 1311 1260 quod
1335 1188 1615 1247 Justiniani
1650 1207 1806 1248 voca-

222 1284 335 1332 tur.
384 1277 777 1349 Constituitque
825 1272 1149 1350 Stephanum
1202 1286 1417 1343 Persam
1469 1289 1803 1345 sacellarium

224 1384 407 1437 suum,
432 1382 484 1426 et
509 1366 801 1441 spadonum
850 1376 1076 1443 primum
1110 1376 1411 1447 dominum,
1442 1390 1496 1436 et
1523 1382 1804 1452 arbitrum,

224 1462 388 1518 nimis
409 1463 743 1521 insidiantem
773 1466 1039 1537 sanguini,
1067 1479 1228 1541 atque
1258 1473 1555 1543 crudelem,
1588 1476 1679 1546 qui
1710 1476 1809 1530 im-

226 1556 648 1615 misericorditer
694 1560 991 1618 exteriores
1020 1579 1260 1635 quosque
1285 1569 1589 1635 verberare,
1634 1568 1726 1623 sed
1755 1578 1811 1625 et

228 1648 472 1718 lapidare
500 1650 606 1706 tam
642 1648 812 1723 ipsos,
867 1670 1026 1721 quam
1056 1655 1247 1713 horum
1298 1659 1551 1727 praelatos
1596 1663 1812 1732 penitus

228 1759 341 1797 non
370 1743 639 1799 cessabatt
698 1746 938 1817 Cumque
965 1749 1255 1819 imperator
1290 1753 1520 1822 quadam
1566 1754 1654 1812 die
1684 1771 1809 1825 pro-

1906 650 2168 709 gesscrat,
2186 652 2237 696 et
2265 653 2373 696 tres
2401 657 2572 698 annos
2599 644 2650 698 in
2671 646 2909 701 custodia
2942 657 3287 718 transegerat,
3313 667 3475 708 excu-

1907 742 2056 786 satus
2085 749 2151 787 ex
2181 744 2205 774 ο
2239 734 2422 802 'l‘riplo
2456 746 2751 804 revocatur,
2773 749 2827 793 et
2852 750 3046 808 prator
3088 741 3319 799 Helladis
3354 762 3476 812 pro-

1907 834 2082 879 motus
2128 836 2229 891 est,
2257 826 2437 895 jussus
2467 838 2549 883 est
2586 832 2638 884 in
2677 839 2784 886 tres
2824 831 3019 887 dimitti
3046 834 3351 901 dromones,
3380 851 3475 892 eo-

1906 918 2136 988 demque
2165 921 2251 975 die
2281 922 2347 975 ab
2378 923 2507 978 urbe
2535 924 2755 979 moveri.
2780 925 2944 980 Nocte
2968 941 3093 981 vero
3122 943 3284 997 penes
3307 927 3479 984 Julia-

1909 1010 2152 1065 nensiutn
2212 1023 2423 1080 portum
2471 1013 2718 1083 Sophia),
2762 1016 2913 1084 juxta
2960 1030 3022 1073 ea
3066 1034 3186 1088 qum
3233 1020 3481 1075 dicuntur

1908 1102 2094 1163 Mauri,
2119 1104 2277 1158 situm
2304 1106 2369 1159 ad
2398 1107 2500 1161 iter
2523 1110 2781 1177 agendum
2804 1110 2872 1164 ab
2900 1112 3028 1166 urbe
3054 1122 3226 1169 motus
3247 1114 3480 1171 statione

1908 1194 2031 1262 lixa,
2063 1197 2391 1254 valedicebat
2424 1202 2612 1256 amicis
2652 1203 2740 1272 qui
2794 1204 2859 1258 ad
2905 1220 2964 1260 se
3006 1209 3312 1276 veniebant,
3343 1209 3482 1266 inter

1908 1304 2043 1358 quos
2070 1305 2264 1347 venere
2284 1293 2351 1347 ad
2376 1308 2498 1348 eum
2527 1296 2765 1362 germani
2795 1308 2849 1352 et
2878 1298 3090 1355 sodales
3116 1300 3250 1369 ejus,
3286 1300 3482 1358 Paulus

1910 1381 2115 1438 scilicet
2153 1386 2445 1441 monachus
2486 1388 2773 1444 Callistrsti
2798 1429 2814 1452 .
2845 1390 2935 1459 qui
2963 1399 3021 1446 et
3044 1402 3398 1459 astronomus,
3430 1403 3484 1450 et

1912 1470 2200 1544 Gregmius
2230 1476 2536 1546 Cappadox,
2563 1481 2655 1545 qui
2684 1490 2737 1535 et
2763 1482 3156 1539 clnsuriarcbes
3182 1488 3480 1554 exstiterat,

1911 1564 2108 1623 deinde
2136 1570 2429 1625 monachus
2470 1571 2638 1627 factus
2660 1612 2675 1636 ,
2699 1586 2755 1628 et
2785 1574 3087 1645 Egnmenus
3118 1577 3283 1644 Fieri,
3312 1578 3401 1649 qui
3429 1580 3483 1634 in

1914 1660 2153 1721 custodia
2213 1661 2541 1731 frequentius
2596 1665 2745 1719 illum
2798 1666 3102 1735 visitantes,
3148 1668 3487 1727 affirmabant

1913 1766 2035 1807 eum
2086 1753 2459 1822 imperatorem
2509 1757 2868 1812 Romanorum
2924 1760 3180 1816 hitmrn.
3240 1765 3308 1817 At
3356 1778 3483 1821 vero

228 1834 406 1892 fectus
455 1833 673 1904 fuisset,
734 1844 1075 1912 praesumpsit
1123 1846 1345 1915 agrestis
1396 1847 1565 1903 bestia
1618 1849 1706 1905 illa
1753 1862 1811 1907 et
1837 1908 1878 1924 __
1914 1842 2168 1901 Leontius
2194 1844 2330 1900 dixil
2351 1846 2417 1901 ad
2447 1862 2542 1903 €03
2567 1864 2579 1900 ε
2608 1847 2712 1904 V08
2740 1859 2942 1906 οοΐιυηι
2976 1852 3027 1905 ίη
3059 1854 3299 1909 culmi“
3321 1868 3484 1924 ευμεν

228 1939 459 1983 matrem
489 1945 700 2001 quoque
727 1930 895 1999 ipsius
918 1933 1252 1991 Anastasiam
1309 1939 1603 2009 Augustam
1654 1956 1806 1997 more
1834 1915 1884 1977 Β
1909 1937 2136 2007 imperio
2177 1954 2264 1993 me
2308 1954 2428 1995 esse
2458 1940 2654 1996 fecisti!
2674 1982 2688 2005 .
2717 1948 2772 1996 et
2799 1958 2940 1998 nunc
2969 1942 3022 1998 in
3054 1946 3207 2000 malis
3236 1948 3340 2001 Vita
3367 1962 3486 2003 mea

231 2019 384 2089 pueri
424 2020 644 2079 habenis
671 2024 967 2097 ﬂagellare.
996 2028 1050 2082 ln
1101 2028 1183 2084 his
1210 2040 1386 2087 autem
1414 2042 1468 2088 et
1502 2033 1555 2087 in
1597 2034 1809 2091 civilem

228 2117 445 2185 copiam
485 2118 667 2174 multis
691 2121 845 2176 malis
867 2121 1119 2191 ostensis,
1166 2138 1389 2180 exosum
1435 2126 1641 2182 cunctis
1685 2126 1812 2183 fecit

231 2207 626 2279 imperatorem.
658 2210 913 2268 Similiter
937 2224 992 2269 et
1012 2216 1064 2272 in
1096 2218 1702 2289 generalisllogothesii
1726 2235 1809 2276 re-

231 2301 333 2356 bus
355 2302 958 2361 constituitmonachum
980 2308 1260 2376 quemdam
1279 2309 1614 2367 Theodotum
1640 2313 1812 2367 nomi-

231 2410 322 2460 ne,
356 2396 447 2467 qui
467 2397 638 2466 primo
658 2397 893 2455 inclusus
928 2399 1101 2456 fuerat
1136 2402 1187 2456 in
1211 2400 1607 2460 Thracensibns
1632 2406 1812 2477 Augu-

228 2487 299 2542 sti
330 2487 589 2557 partihus,
620 2490 713 2546 sed
739 2499 793 2547 et
815 2491 866 2545 in
894 2490 1066 2562 ipsum
1093 2495 1445 2552 saevissimum
1471 2500 1810 2567 existenten,

229 2581 322 2651 qui
356 2582 613 2651 plurimos
641 2585 772 2653 reip.
808 2585 1093 2655 principes,
1126 2596 1181 2642 et
1227 2588 1462 2645 illustres
1493 2592 1670 2658 viros,
1705 2606 1810 2646 non

238 2685 450 2731 tantum
477 2692 541 2732 ex
565 2678 986 2745 ordinatoribus,
1016 2680 1111 2734 sed
1142 2696 1207 2735 ex
1242 2681 1390 2737 urbis
1418 2698 1631 2753 quoque
1660 2683 1814 2738 habi-

232 2767 498 2822 tatoribus
545 2768 760 2835 frustra,
800 2779 854 2826 et
905 2772 957 2825 in
1006 2786 1232 2838 vanum,
1265 2788 1328 2829 ac
1375 2773 1813 2831 inexeusabilitet‘

227 2862 561 2926 exactiones,
592 2871 645 2916 et
689 2863 986 2920 functiones
1034 2875 1091 2921 et
1133 2868 1563 2935 praescriptiones
1605 2870 1815 2923 solvere

228 2949 461 3017 faciens,
493 2952 810 3024 funibusque
836 2957 1168 3026 suspendens
1188 2998 1203 3023 ,
1240 2958 1338 3013 hos
1364 2958 1510 3014 fumo
1541 2961 1811 3029 palearum

230 3040 520 3097 afficiebat.
553 3043 773 3114 Insuper
798 3054 851 3101 et
890 3046 1170 3115 praefectus
1200 3049 1540 3119 imperatoria
1568 3052 1813 3123 iussione

230 3138 493 3209 plurimos
519 3140 661 3195 viros
693 3142 1000 3197 carceribus
1030 3144 1266 3211 tradens,
1295 3160 1388 3214 per
1417 3146 1619 3215 aliquot
1642 3162 1813 3203 annos

234 3229 439 3286 servari
497 3232 787 3287 mandavit.
861 3234 985 3290 llatc
1034 3239 1212 3291 omnia
1269 3252 1517 3294 crescere
1568 3240 1811 3296 fecerunt

229 3322 415 3377 odium
445 3325 628 3394 populi
658 3326 795 3380 circa
832 3326 1233 3396 imperatorem.
1266 3330 1535 3388 Praeterea
1574 3334 1809 3402 impera-

1911 2029 2113 2084 linitur.
2144 2030 2273 2086 Post
2302 2032 2570 2088 modicum
2600 2036 2798 2103 quippe
2825 2050 2919 2090 ero
2945 2051 3041 2103 per
3065 2037 3303 2107 singulas
3327 2039 3495 2094 horas

1912 2124 2228 2191 praestolans
2272 2134 2521 2189 mortem,
2553 2130 2643 2195 qui
2686 2127 3075 2185 dixerimuNe
3121 2131 3407 2201 pigriterls,
3434 2141 3488 2187 et

1913 2214 2014 2271 hoc
2060 2220 2297 2283 protinus
2338 2219 2685 2287 adimpletur.
2738 2221 2873 2275 Audi
2914 2236 3012 2275 nos
3062 2233 3288 2290 tantum,
3311 2233 3367 2279 et
3393 2240 3486 2281 sed

1912 2323 2077 2378 quere
2103 2324 2219 2365 nos.
2254 2311 2319 2365 Et
2345 2313 2631 2379 assumptis
2654 2312 2914 2368 Leontius
2942 2314 3243 2371 hominibus
3271 2318 3403 2383 suis,
3430 2326 3488 2373 et

1912 2402 2097 2465 armis,
2130 2410 2389 2471 quotquot
2434 2402 2653 2469 habuit,
2680 2403 2918 2459 ascendit
2965 2405 3018 2459 in
3064 2407 3373 2474 pratorium
3412 2408 3488 2461 si-

1912 2492 2077 2548 lentio
2117 2494 2306 2561 multo,
2336 2502 2392 2549 et
2434 2494 2707 2562 pulsantes
2740 2505 2943 2564 portam
2992 2496 3365 2567 imperatorem
3394 2510 3489 2555 ve-

1913 2589 2060 2644 nisse
2088 2590 2337 2659 fingebat,
2359 2590 2427 2644 ad
2446 2591 3085 2663 disponendos‘quosdam
3111 2593 3200 2663 qui
3234 2594 3339 2648 illic
3368 2602 3490 2650 esse

1914 2681 2291 2737 noscebantur.
2304 2682 2539 2749 Cumque
2564 2683 2662 2738 hoc
2688 2684 2985 2739 nuntiatum
3006 2683 3190 2739 fuisset
3215 2684 3489 2753 praefecto,

1913 2776 2001 2846 qui
2031 2785 2156 2829 tunc
2180 2784 2313 2840 erat,
2338 2784 2392 2831 et
2421 2776 2512 2831 ille
2538 2776 2749 2830 concito
2778 2777 3031 2837 venisset,
3062 2785 3116 2830 et
3161 2786 3340 2845 portas
3364 2786 3492 2844 ape-

1912 2870 2130 2934 ruisset,
2160 2868 2368 2938 capitur
2415 2884 2445 2922 a
2480 2869 2705 2924 Leontio
2727 2910 2742 2935 ,
2773 2877 2827 2923 et
2871 2869 3036 2936 alapis
3078 2878 3271 2934 cattus,
3303 2867 3493 2935 ligatur

1912 2976 2103 3015 manus
2124 2972 2175 3015 et
2202 2961 2390 3029 pedes.
2419 2960 2693 3031 ingressus
2723 2971 2900 3015 autem
2933 2960 3210 3027 Leontius,
3236 2968 3289 3015 et
3313 2972 3494 3015 caree-

1913 3051 2059 3107 ribus
2095 3053 2376 3118 reseratis,
2408 3052 2706 3121 solutisque
2752 3052 2881 3106 viris
2925 3052 3146 3107 retrusis
3197 3051 3400 3137 multis,
3434 3059 3489 3105 et

1916 3146 2169 3211 fortibus,
2205 3146 2294 3216 qui
2324 3161 2351 3197 a
2383 3160 2475 3200 sex
2509 3155 2561 3199 et
2598 3157 2721 3199 octo
2746 3144 2899 3198 annis
2930 3145 2980 3197 in
3006 3142 3231 3197 vinculis
3256 3142 3488 3207 fuerant,

1837 3267 1885 3345 (Ξ
1915 3256 2139 3309 quorum
2186 3241 2363 3307 plures
2403 3240 2598 3295 milites
2640 3248 2811 3306 erant,
2844 3239 2941 3293 hos
2969 3238 3214 3303 armavit,
3244 3246 3298 3293 et
3326 3239 3383 3291 in
3411 3238 3487 3292 fo-

1915 3349 2031 3389 rum
2062 3330 2230 3387 exivit
2258 3348 2377 3385 cum
2403 3331 2481 3386 eis
2514 3332 2769 3387 clamans.
2816 3329 2880 3384 Et
2922 3344 3107 3385 omnes
3149 3328 3484 3384 Christianos

232 3424 320 3470 tor
341 3416 587 3484 exigebat
610 3418 909 3477 aCallinico
935 3422 1236 3491 patriarcha
1256 3425 1554 3480 orationem
1579 3426 1809 3484 faciendi
1912 3426 1980 3481 ad
2024 3435 2260 3481 sanctam
2290 3424 2576 3493 Sophiam,
2610 3434 2663 3479 et
2700 3438 2793 3487 per
2816 3437 3029 3478 omnem
3080 3422 3351 3491 regionem
3379 3422 3500 3476 mit-

231 3520 291 3564 ut
337 3511 638 3569 destrueret
667 3515 943 3570 ecclesiam
974 3529 1175 3572 sanctm
1221 3519 1315 3574 Dei
1357 3518 1666 3591 Genitricie,
1696 3539 1814 3593 quas

229 3604 576 3673 Metmpolite
620 3605 925 3676 dicebatur,
952 3610 1099 3680 juxta
1132 3614 1385 3681 palatium
1416 3616 1595 3681 sitam,
1629 3620 1814 3675 volens

229 3696 291 3752 in
320 3696 440 3752 loco
470 3698 660 3754 sistere
688 3700 944 3770 phialam,
986 3712 1038 3756 et
1066 3703 1220 3761 bases
1250 3718 1564 3765 construere
1593 3707 1619 3745 δ
1650 3709 1811 3780 vulgi,

231 3796 297 3843 ut
324 3788 440 3843 illic
470 3791 846 3861 imperatorem
876 3795 1233 3864 susciperent.
1265 3798 1335 3852 At
1356 3815 1485 3855 vero
1515 3803 1814 3870 patriarcha

230 3879 492 3936 dicebat:
532 3882 836 3939 Orationem
880 3886 1093 3953 quidem
1143 3888 1211 3943 ad
1262 3892 1599 3946 statuendam
1647 3895 1819 3949 eccle-

228 3974 381 4027 siam
432 3970 724 4042 habemus,
784 3976 1201 4035 destructionem
1254 3997 1382 4037 vero
1428 3984 1668 4040 ecclesiae
1712 4001 1817 4041 non

232 4064 581 4133 suscipimus.
612 4066 846 4137 Cogente
870 4079 1045 4125 autem
1067 4086 1187 4127 eum
1212 4071 1553 4143 imperatore,
1577 4088 1629 4130 et
1650 4078 1820 4133 omni-

236 4159 416 4217 modis
444 4160 690 4231 exigente
736 4163 1031 4219 orationem
1053 4204 1069 4231 ,
1101 4165 1239 4221 dixit
1280 4168 1575 4234 patriarcha
1599 4186 1615 4224 :
1639 4169 1818 4225 Gloria

235 4253 354 4310 Deo
382 4255 469 4325 qui
488 4256 687 4325 iugiter
714 4258 983 4313 sustinens
1027 4273 1124 4313 nos
1173 4260 1387 4327 patitur,
1422 4277 1561 4315 nunc
1591 4271 1643 4317 et
1672 4274 1820 4317 sem-

235 4360 359 4415 per,
394 4346 447 4399 in
492 4349 686 4402 saecula
730 4342 1290 4414 saeculorum,‘Amen.
1333 4353 1453 4418 Quo
1494 4353 1678 4409 audito
1725 4354 1820 4408 de-

237 4447 551 4493 struxerunt
578 4439 885 4507 ecclesiam,
904 4450 957 4496 et
979 4441 1219 4497 fecerunt
1247 4444 1497 4511 phialam.
1527 4445 1691 4501 Porro
1710 4445 1823 4513 iam

235 4531 442 4585 dictam
466 4530 753 4586 ecclesiam
780 4532 1119 4602 Metropolite
1160 4534 1406 4590 fecerunt
1433 4537 1570 4605 apud
1615 4534 1821 4592 Petrin.

1915 3525 2050 3583 tens,
2078 3532 2207 3572 voce
2238 3532 2333 3571 sua
2364 3516 2596 3570 clamare
2623 3515 2809 3582 erepit.
2840 3511 3119 3567 Multitudo
3148 3522 3278 3566 vero
3307 3511 3498 3565 civita-

1916 3611 1981 3665 tis
2034 3611 2350 3666 tumultttata
2403 3610 2650 3665 celeriter
2703 3606 2769 3661 ad
2820 3606 3043 3661 luterem
3119 3604 3363 3659 ecclesia
3413 3609 3498 3658 est

1915 3711 2250 3773 congregata.
2300 3702 2417 3770 Ipse
2454 3716 2580 3756 vero
2622 3714 2744 3753 cum
2772 3698 2981 3753 duobus
3010 3696 3283 3751 monachis
3309 3695 3496 3749 amicis

1916 3795 2048 3860 suis,
2073 3802 2128 3848 et
2172 3793 2487 3862 quibusdam
2517 3808 2583 3847 ex
2612 3790 2930 3846 clarioribus
2959 3789 3110 3856 viris,
3142 3788 3228 3857 qui
3262 3802 3292 3842 e
3319 3797 3499 3842 susto-

1917 3884 2001 3940 dia
2051 3883 2259 3939 fuerant
2303 3883 2544 3953 egressi,
2578 3877 2952 3950 patriarchium
3000 3878 3239 3932 ascendit
3286 3879 3350 3931 ad
3398 3892 3495 3946 pa-

1919 3979 2226 4036 triarcham.
2258 3977 2540 4033 inveniens
2578 3986 2756 4031 autem
2785 3984 2839 4029 et
2868 3974 3045 4045 ipsum
3075 3972 3343 4025 turbatum
3383 3980 3503 4037 pro-

1920 4081 2038 4142 pter
2080 4074 2190 4137 illa,
2219 4087 2335 4141 qum
2360 4070 2507 4140 jussa
2552 4078 2676 4125 sunt
2722 4065 2944 4137 patricio
2996 4063 3269 4134 Stephano
3318 4059 3496 4127 Ruﬁo,

1923 4165 2207 4235 persuadet
2233 4165 2280 4218 ei
2308 4160 2637 4217 descendere
2664 4158 2729 4212 ad
2757 4158 3008 4223 laterem,
3037 4163 3090 4211 et
3119 4155 3353 4209 clamare
3378 4154 3456 4208 sic
3483 4168 3497 4206 :

1925 4260 2048 4314 llaec
2096 4265 2178 4312 est
2220 4256 2333 4311 dies
2381 4269 2539 4321 quam
2583 4250 2707 4308 fecit
2756 4249 3031 4305 Dominus.
3067 4247 3323 4303 Universa
3373 4258 3507 4299 vero

1922 4351 2208 4408 multitudo
2240 4350 2550 4405 levaverunt
2579 4360 2764 4400 vocem
2791 4359 2806 4399 :
2834 4341 3164 4398 Effodiantur
3190 4351 3308 4393 esse
3338 4328 3506 4392 Justi-

1925 4447 2090 4501 niani.
2123 4443 2188 4497 Et
2229 4444 2298 4497 ita
2331 4442 2380 4495 in
2413 4438 2821 4509 hippodromum
2866 4432 3043 4489 omnis
3071 4430 3307 4487 cucurrit
3337 4444 3507 4498 popu-

1925 4539 2028 4594 lus.
2061 4540 2301 4606 Cumque
2334 4535 2451 4590 dies
2482 4534 2615 4588 facta
2650 4532 2852 4595 fuisset,
2880 4527 3113 4583 educunt
3140 4525 3505 4580 Justinianum

238 4621 405 4676 Anno
449 4621 661 4677 decimo
706 4624 910 4691 imperii
955 4624 1254 4691 Justiniani,
1277 4627 1476 4683 direxit
1504 4630 1671 4683 aciem
1713 4628 1823 4684 Mn.
1850 4631 1979 4705 Din
2029 4630 2457 4699 hippodromum,
2505 4638 2742 4691 nasoque
2789 4621 3039 4683 illius,et
3089 4618 3265 4686 lingua
3312 4616 3501 4681 recisa,

240 4713 523 4769 harumath
551 4713 809 4787 adversus
834 4729 1077 4785 quartam
1106 4720 1432 4786 Armeniam,
1464 4730 1518 4776 et
1547 4722 1825 4791 captivatis

238 4808 433 4862 multis
464 4823 711 4866 reversus
738 4819 845 4866 est.
865 4811 1063 4868 Eodem
1091 4829 1305 4884 quoque
1327 4829 1466 4869 anno
1490 4814 1825 4870 Justinianus

240 4902 435 4972 pulsus
462 4913 544 4958 est
574 4917 761 4973 regno,
792 4905 892 4960 hoe
923 4905 1086 4960 modo
1111 4924 1124 4961 :
1149 4906 1311 4961 iussit
1362 4907 1633 4975 Stephano
1662 4906 1827 4977 patri-

241 4994 354 5057 cio,
386 5001 441 5047 et
466 4997 704 5063 prmtori,
737 5008 1091 5063 cognomento
1120 4997 1305 5063 nullo,
1333 5008 1495 5053 noctu
1523 4998 1825 5053 interficere

242 5085 446 5156 vulgus
490 5085 1157 5157 Constantinopolitanum,
1183 5102 1214 5144 a
1257 5089 1557 5159 patriarcha
1603 5088 1825 5143 inchoa-

1931 4723 2167 4778 exsulem
2198 4714 2397 4775 faciunt
2418 4716 2555 4786 apud
2580 4716 2934 4770 Chersonam.
2966 4712 3132 4766 Porro
3154 4711 3502 4778 comprvhen-

1929 4828 2049 4869 sum
2103 4812 2254 4867 turbo
2303 4808 2638 4864 Theodotum
2703 4804 3058 4866 monachum,
3106 4809 3159 4855 et
3205 4799 3505 4868 generalem

1932 4907 2279 4977 Logothctam
2305 4946 2317 4969 ,
2352 4912 2507 4972 atque
2541 4901 2872 4971 Stephanum
2902 4897 3237 4952 sacellariurn
3264 4894 3505 4959 Persam,

1933 4999 2250 5066 fortibusque
2293 5004 2605 5055 retrorsum,
2642 4994 2738 5046 hos
2786 4991 2972 5061 ligatos
3018 4987 3233 5041 trahunt
3265 4998 3359 5053 per
3390 4995 3505 5035 me-

1934 5092 2074 5146 diam
2120 5092 2371 5158 plateam,
2397 5097 2449 5141 et
2478 5086 2542 5139 ad
2572 5086 2600 5126 (ι
2632 5083 2861 5138 Vaurum
2904 5081 3093 5135 ductos
3130 5076 3503 5135 incenderunt.

244 5184 396 5234 ture.
430 5176 689 5235 Leontius
719 5196 845 5237 vero
886 5182 1175 5252 patricius,
1202 5193 1255 5238 et
1280 5182 1548 5253 quondam
1578 5182 1833 5252 magister
1935 5183 2001 5237 Et
2025 5181 2097 5236 ita
2120 5180 2401 5235 Leontium
2434 5178 2808 5245 imperatorem
2834 5170 3181 5228 laudaverunt

322 5293 352 5369 ξι
390 5296 862 5369 tmte-justi".

318 5364 351 5408 δ
379 5370 546 5438 Δήμου
585 5364 912 5423 Venetorum.

2005 5297 2027 5325 ε
2054 5291 2165 5355 AL,
2198 5287 2471 5357 extemplo.

2007 5358 2033 5397 ἀ
2060 5363 2173 5429 AL,
2201 5360 2451 5414 Taurum.

249 5493 3499 5535 Μ

1387 5619 1694 5701 LIBER
1742 5609 2335 5695 VIGESIMUS.

1612 5744 2180 5770 Μ

324 5818 982 5881 Aunoablncarnatione
1021 5818 1232 5877 Domini
1257 5814 1385 5888 688,
1433 5810 1689 5873 Leontius
1727 5812 1830 5888 im-

246 5922 415 6002 perat
431 5914 710 5981 Romanis.
727 5900 896 5991 Igitur
913 5930 1039 5977 cum
1055 5926 1284 5987 regnare
1300 5885 1575 6011 coepisset,
1596 5885 1832 5980 audiriue
1860 5986 1905 5994 η

1931 5805 2153 5881 paciliee
2180 5813 2417 5875 qmansrt,
2460 5804 2750 5883 tribusque
2802 5800 2960 5859 annis
3011 5796 3295 5871 imperium
3344 5791 3516 5854 rexit.

1938 5901 2098 5974 Aulo
2110 5897 2589 5996 secundohnperii
2601 5896 2830 5992 Leontii,
2852 5886 3520 5999 movit’exgpeitugl

3081 5975 3088 5984 .
3107 5962 3223 5991 σεξλ»
3232 5974 3239 5977 -
3253 5962 3377 5999 ὀξεἎῆ
