3956 6342
506 364 649 431 1063

1392 357 1596 417 PAULI
1637 352 1907 413 DIACONI
1935 350 2089 413 OPP.
2127 351 2304 410 PARS
2340 354 2382 410 I.
2411 382 2483 393 —
2518 350 2904 410 HISTORICA.

3563 362 3672 422 1064

505 487 644 548 lidus
662 493 851 543 contra
875 482 1215 552 Romaniam,
1244 491 1300 539 et
1326 483 1507 538 multis
1527 481 1702 537 ductis
1749 480 1973 553 captivis
1991 493 2078 533 re-
2106 480 2158 540 Α
2183 485 2308 531 runt
2326 476 2514 543 millia,
2539 484 2599 531 ut
2626 476 2826 542 ferunt,
2859 474 3094 530 Arabum
3123 474 3360 544 ducenta,
3383 480 3672 557 plurimisque

505 595 692 637 versus
712 587 817 647 est,
848 576 1221 647 seditioneque
1240 577 1530 645 concitata,
1556 576 1772 645 Sergius
1822 573 2081 645 patricius

506 674 708 729 Lazicaa
736 672 876 726 hanc
896 670 1158 724 Arabibus
1204 670 1460 724 subdidit.
1491 671 1645 724 Anno
1674 668 1833 722 tertio
1872 665 2078 736 imperii

505 766 736 831 Leontii,
765 765 881 819 acie
909 763 1115 817 Arabes
1143 763 1197 816 in
1219 762 1453 817 Africam
1494 769 1639 817 mota
1676 762 1815 815 hanc
1838 760 2081 814 obtinue-

505 864 651 923 runt,
682 863 737 908 et
764 869 828 907 ex
857 852 1077 923 proprio
1095 853 1335 907 exercitu
1360 853 1385 880 α
1417 860 1629 907 taxatos
1658 851 1710 905 in
1738 866 1801 904 ea
1824 848 2083 919 quosdam

508 946 923 1001 constituerunt.
999 942 1202 1008 Quibus
1256 943 1551 1012 compertis
1607 941 1867 997 Leontius
1922 939 2083 993 mittit

507 1036 767 1090 Joannem
814 1033 1098 1104 patricium
1146 1033 1319 1086 virum
1364 1032 1617 1088 idoneum
1658 1048 1778 1086 cum
1835 1031 2083 1086 omnibus

510 1126 778 1181 Ilomaicis
805 1125 1084 1190 classibus,
1119 1125 1352 1192 quicum
1402 1123 1780 1191 Carthaginem
1804 1121 2082 1191 pervenis-

508 1228 610 1283 set,
650 1228 705 1273 ct
734 1217 875 1273 bello
896 1228 1140 1271 catenam
1171 1226 1358 1286 portus
1392 1217 1508 1286 ejus
1552 1217 1869 1287 aperuisset,
1918 1214 2087 1268 inimi-

510 1324 710 1377 cosque
760 1308 811 1361 in
858 1307 1039 1375 fugam
1077 1307 1347 1373 vertisset,
1396 1307 1495 1373 hos
1540 1307 1766 1361 viriliter
1813 1307 2085 1359 insecutus

510 1404 758 1457 universa
780 1400 1031 1456 liberavit
1054 1399 1247 1459 Africa:
1275 1408 1475 1465 castra,
1507 1399 1814 1469 relictisque
1838 1398 1864 1436 δ
1893 1412 2086 1468 opera-

512 1495 887 1558 toribus,»b:ec
917 1493 1234 1563 Imperatori
1283 1492 1568 1563 suggessit,
1614 1490 1918 1560 ibidemque
1967 1489 2085 1544 bie-

511 1587 697 1653 mavit,
722 1584 1017 1654 jussionem
1073 1583 1411 1652 praestolatus
1465 1582 1530 1637 ab
1563 1596 1648 1637 eo.
1700 1582 1769 1635 At
1822 1595 1951 1635 vero
2005 1580 2087 1634 his

510 1677 808 1746 compertis
859 1672 1295 1745 protosymbolus
1345 1672 1621 1742 copiosum
1651 1681 1707 1726 et
1731 1670 2086 1741 potentiorem

506 1770 763 1824 adversus
790 1782 885 1823 eos
908 1765 1243 1833 transmittit,
1269 1773 1325 1819 et
1346 1764 1654 1834 praedictum
1683 1761 1941 1817 Joannem
1966 1775 2087 1816 cum

2180 568 2367 639 spoliis
2397 569 2641 639 sumptis,
2667 576 2723 623 et
2748 567 3111 638 captivatione
3151 568 3374 625 Arabum
3416 576 3574 642 multa,
3611 598 3671 635 re.

2184 659 2318 714 versi
2348 668 2471 714 sunt
2499 660 2692 715 timore
2712 673 2908 727 magno
2932 659 2982 713 in
3014 674 3109 714 eos
3143 669 3365 730 patrato.
3395 663 3531 720 Anno
3556 675 3673 727 tertio

2182 748 2669 820 impcriiAbsimari
2686 752 2979 807 exercitum
3008 753 3174 807 movit
3196 752 3435 810 Habdella
3460 759 3504 812 in
3530 759 3676 817 Bouia-

2181 841 2345 909 niam,
2396 851 2450 896 et
2478 856 2787 912 expugnans
2817 842 3127 913 Tarentum,
3179 845 3405 915 nihilque
3446 850 3676 917 proﬁciens

2182 931 2361 1000 rediit,
2394 948 2456 988 ac
2501 935 2784 989 :edilicavit
2810 934 3215 1005 MOpseustiam,
3262 946 3315 991 et
3358 942 3519 1008 posuit
3562 943 3601 997 in
3635 960 3679 998 ci
3726 962 3727 965 ‘

2184 1026 2456 1080 custodes.
2509 1030 2663 1082 Anno
2710 1035 2904 1095 quarto
2954 1028 3161 1097 imperii
3207 1029 3483 1096 Absimari,
3526 1033 3681 1089 Baancs

2185 1126 2543 1185 cognomento
2632 1118 3012 1187 lleptadaemon
3070 1129 3313 1188 quartam
3369 1132 3391 1159 °
3436 1122 3680 1179 Armeniam

2184 1209 2507 1279 subjugavit.
2541 1212 2852 1269 Absimarus
2879 1229 3009 1269 vero
3039 1214 3387 1286 Philippicum
3432 1217 3574 1273 lilium
3608 1220 3676 1274 Ni-

2185 1302 2407 1372 cephori
2438 1305 2648 1373 patricii
2691 1305 2743 1359 in
2794 1305 3174 1374 Ccphaloniam
3224 1309 3449 1363 exsulem
3493 1311 3610 1365 misit
3647 1311 3683 1367 vi

2186 1393 2502 1465 imperantis
2550 1398 2769 1453 omnino
2797 1398 3179 1454 venundatum.
3214 1401 3485 1456 Asserebat
3509 1404 3621 1458 enim
3642 1420 3683 1460 se

2188 1487 2241 1541 in
2272 1489 2477 1543 somnis
2516 1490 2732 1556 vidisse,
2763 1492 2906 1561 quod
2934 1502 3097 1562 caput
3138 1509 3289 1547 suum
3319 1495 3383 1548 ab
3418 1495 3570 1563 aquila
3592 1512 3683 1565 pro-

2188 1588 2480 1650 tegeretur,
2493 1593 2547 1637 et
2562 1584 2819 1638 obumbra
2828 1595 2992 1640 retur.
3017 1585 3221 1652 Quibus
3237 1586 3509 1658 imperator
3522 1587 3683 1655 auditis,

2189 1673 2331 1727 hunc
2358 1673 2603 1743 protinus
2634 1676 2821 1731 exsilio
2849 1676 3127 1746 relegavit.
3162 1678 3315 1731 Anno
3342 1679 3513 1749 quinto
3533 1680 3686 1747 imperii

2191 1765 2456 1821 A‘bsitnari
2486 1766 2802 1822 seditionem
2836 1769 3243 1824 concitaverunt
3275 1770 3521 1839 principes
3545 1775 3684 1824 Arme-

508 1860 648 1915 stolo
676 1859 843 1929 ipsrus
872 1858 1012 1913 bello
1038 1873 1070 1911 a
1102 1864 1261 1928 portu
1278 1856 1520 1928 depellit,
1571 1864 1625 1910 et
1656 1856 1921 1910 hostiliter
1943 1862 2089 1909 exte-
2118 1853 2167 1914 B
2192 1856 2291 1910 nim
2315 1867 2501 1911 contra
2531 1857 2880 1923 Sarracenos,
2910 1868 2963 1912 et
2987 1874 3081 1913 eos
3110 1860 3203 1927 qui
3231 1867 3379 1913 erant
3400 1860 3448 1913 in
3493 1858 3687 1913 Armenia

508 1955 620 2010 rius
650 1960 1065 2009 castrametatus
1093 1959 1197 2006 est.
1247 1949 1539 2005 Prwdictus
1566 1965 1697 2005 vero
1742 1948 1973 2004 Joannes
2020 1948 2085 2002 ad

517 2024 840 2101 Romaniam
865 2043 1163 2114 repedavit,
1193 2046 1453 2112 majorem
1477 2043 1731 2098 virtutem
1760 2043 1827 2097 ab
1858 2043 2089 2112 impera-

511 2145 630 2192 tore
659 2137 906 2213 accipere
933 2137 1139 2201 volens,
1170 2140 1226 2189 et
1248 2135 1395 2188 venit
1417 2148 1585 2202 usque
1612 2133 1678 2187 ad
1712 2132 1923 2187 Cretam
1947 2131 2091 2186 Prin-

509 2230 683 2301 cipem
707 2228 968 2283 aditurus.
989 2228 1266 2283 Exercitus
1287 2236 1464 2281 autem
1495 2241 1592 2295 per
1620 2226 1850 2293 majores
1871 2240 1997 2280 suos
2023 2224 2089 2279 ad

510 2323 891 2392 imperatorem
923 2320 1216 2376 ascendere
1243 2320 1434 2374 nolens
1459 2318 1791 2388 (obtinuerat
1829 2318 1971 2373 enim
1998 2332 2093 2373 eos

510 2414 692 2480 timor,
719 2421 882 2480 atque
910 2410 1177 2479 confusio)
1207 2410 1274 2463 ad
1324 2410 1605 2464 consilium
1662 2424 1783 2464 sese
1829 2409 2093 2479 nequissi-

514 2520 661 2559 mum
691 2503 937 2568 contulit,
964 2513 1020 2556 et
1044 2502 1171 2556 huic
1196 2501 1606 2564 maledixerunt,
1638 2500 1897 2570 eligentes
1922 2502 2091 2570 impe-

513 2605 751 2652 ratorem
782 2595 1118 2649 Absimarum
1140 2592 1497 2660 Drongarium
1534 2591 1924 2647 Cibioretorum
1954 2592 2093 2661 apud

513 2686 811 2743 Curiositas
873 2686 1156 2750 habitum,
1211 2686 1352 2739 hunc
1406 2684 1676 2740 Tiberium
1730 2686 2091 2751 nominantes.

513 2777 701 2848 Itaque
748 2776 969 2832 Leontio
1023 2776 1163 2845 apud
1208 2775 1731 2846 Constantinopolim
1771 2777 1947 2846 posito
1975 2816 1991 2843 ,
2039 2785 2096 2831 et

518 2867 830 2923 Neoresium
853 2876 1065 2941 portum
1085 2868 1426 2933 emundante,
1484 2868 1715 2923 bubonis
1764 2869 1930 2938 pestis
1975 2868 2092 2923 urbi

515 2959 775 3026 incubuit,
799 2968 855 3015 et
880 2961 934 3015 in
964 2960 1894 3029 quatuormensibusmultitudinem
1927 2960 2096 3029 plebis

517 3052 869 3123 consumpsit.
901 3050 1057 3107 Venit
1086 3061 1268 3108 autem
1291 3052 1625 3118 Absimarus,
1656 3069 1757 3108 uua
1780 3068 1899 3108 cum
1930 3067 2093 3109 exer-

516 3147 629 3200 citu
656 3147 749 3214 qui
771 3160 950 3199 secum
978 3154 1115 3211 erat,
1141 3155 1195 3200 et
1217 3147 1472 3216 applicuit
1495 3161 1561 3200 ex
1606 3147 1832 3200 adverso
1864 3147 2094 3201 civitatis

516 3236 571 3291 in
599 3235 786 3307 Syces.
821 3234 924 3289 Per
955 3213 1303 3304 aliquantum
1340 3253 1470 3292 sane
1523 3239 1779 3307 temporis
1819 3240 2093 3294 civitatem
2124 3213 2167 3274 C

517 3328 752 3400 prodere
782 3328 1001 3382 nolente
1025 3329 1275 3397 Leontio,
1305 3330 1537 3399 proditio
1569 3330 1706 3385 facta
1737 3340 1817 3385 est
1868 3347 1960 3401 per
1991 3332 2101 3385 sin-

519 3421 758 3490 gularem
790 3436 997 3474 murum
1022 3421 1404 3476 Blacernaium
1435 3440 1464 3475 a
1508 3423 1835 3493 principibus
1879 3424 2098 3487 exteris,

519 3512 717 3581 quibus
746 3512 926 3567 claves
953 3514 1153 3567 terreni
1183 3514 1319 3567 muri
1348 3515 1563 3569 creditae
1584 3513 1793 3569 fuerant
1821 3532 1938 3570 cum
1970 3515 2101 3570 hor-

521 3602 663 3656 ribili
691 3601 1065 3671 jurejurando.
1095 3603 1185 3658 Isti
1220 3620 1449 3675 namque
1486 3621 1582 3676 per
1611 3607 1829 3662 insidias
1871 3608 2102 3663 tradide-

522 3704 650 3751 runt
673 3698 879 3752 urbem.
919 3695 1089 3753 Porro
1113 3698 1338 3767 ingrcssi
1363 3699 1612 3755 classium
1664 3700 1863 3755 milites
1907 3700 2099 3755 civium

525 3787 740 3854 domos,
801 3788 1210 3844 denudaverunt
1266 3790 1318 3844 in
1352 3792 1435 3845 his
1468 3791 1789 3847 habitantes.
1851 3794 1919 3846 At
1974 3809 2103 3848 vero

525 3877 835 3934 Absimarus
855 3876 1063 3934 Leontii
1094 3880 1308 3949 quidem
1334 3896 1466 3937 naso
1495 3882 1666 3937 reciso
1697 3882 1749 3936 in
1780 3884 2103 3938 monasterio

527 3970 775 4025 Dalmatii
806 3972 859 4025 in
891 3972 1135 4027 custodia
1161 3970 1279 4027 fore
1296 3974 1568 4043 praecepit.
1596 3972 1876 4044 Principes
1902 3984 2103 4042 autem,

527 4070 584 4117 et
631 4062 852 4128 amicos,
898 4071 1087 4132 utpote
1146 4074 1542 4120 commorantes
1592 4066 1663 4132 ei,
1716 4082 1906 4135 caesos,
1946 4077 2105 4135 atque

526 4155 919 4225 proscriptione
943 4154 1225 4209 damnatos
1249 4155 1435 4210 exsilio
1464 4156 1740 4224 relegavit,
1776 4158 2105 4211 lleraclium-

527 4258 632 4313 que
658 4258 970 4314 germanum
993 4261 1149 4301 suum
1205 4247 1376 4302 virum
1429 4249 1776 4304 vehementer
1832 4252 2103 4318 idoneum,

528 4336 853 4406 singularem
885 4346 908 4373 θ
961 4347 1241 4405 prmtorem
1299 4340 1537 4394 omnium
1569 4342 1895 4397 exteriorum
1944 4357 2108 4411 eque-

530 4428 718 4481 strium
747 4429 1083 4483 exercituum
1109 4438 1413 4498 promotum
1445 4432 1499 4485 in
1528 4440 1711 4501 partes
1753 4432 2108 4502 Cappadociae

2192 1957 2559 2019 peremerunt,
2589 1957 2644 2004 et
2672 1950 2861 2004 iterum
2890 1948 2955 2002 ad
2976 1965 3033 2003 se
3077 1950 3427 2015 Absimarum,
3475 1958 3522 2005 et
3546 1949 3689 2005 Roma-

2192 2058 2291 2097 nos
2312 2042 2364 2096 in
2398 2042 2673 2110 regionem
2697 2056 2844 2096 suam
2876 2041 3165 2096 adducunt.
3202 2040 3369 2097 Porro
3399 2042 3689 2096 Muhammath

2192 2137 2308 2191 acie
2330 2135 2583 2191 adversus
2605 2150 2698 2189 eos
2728 2134 2931 2189 directa
2976 2134 3173 2189 multos
3204 2135 3413 2198 occidit,
3465 2143 3511 2188 et
3555 2133 3692 2194 Arme-

2192 2228 2333 2281 niam
2356 2226 2669 2282 Sarraceuis
2707 2226 2905 2289 subdit,
2953 2226 3346 2296 optimatesque
3392 2225 3689 2279 Armeniorum

2192 2327 2539 2373 coacervatos
2570 2318 2621 2371 in
2653 2334 2760 2372 uno
2788 2318 2907 2372 loco
2929 2318 3170 2372 viventes
3204 2317 3451 2372 incendit.
3481 2316 3566 2371 Per
3591 2317 3691 2371 idem

2193 2426 2323 2465 vero
2348 2419 2559 2480 tempus
2589 2411 2882 2465 exercitum
2919 2411 3085 2465 movit
3116 2412 3260 2466 Azar
3299 2412 3350 2465 in
3378 2410 3586 2466 Ciliciam
3608 2425 3691 2465 cum

2193 2502 2377 2558 decem
2408 2502 2661 2567 millibus,
2685 2502 2770 2557 cui
2789 2518 2906 2557 cum
2940 2503 3127 2557 obvius
3147 2504 3465 2558 occurrisset
3487 2502 3693 2556 lleraclius

2196 2593 2363 2649 frater
2398 2594 2759 2663 imperatoris,
2790 2593 3049 2663 plurimos
3071 2610 3261 2649 eorum
3285 2593 3489 2661 occidit,
3511 2592 3695 2647 residuos

2200 2700 2329 2740 vero
2359 2685 2567 2739 vinctos
2596 2684 2902 2754 imperatori
2934 2684 3254 2739 transmisit.
3288 2684 3435 2739 Anno
3462 2692 3588 2739 sexto
3626 2683 3694 2734 im-

2196 2779 2327 2845 perii
2351 2777 2638 2844 Absimari,
2670 2776 2863 2832 Azidus
2911 2777 3065 2831 cunei
3116 2776 3291 2832 aciem
3318 2785 3492 2832 contra
3516 2774 3693 2829 Ciliciam

2194 2869 2383 2933 movit,
2409 2882 2828 2939 expugnansque
2848 2877 2963 2924 erat
2978 2869 3118 2924 Sisui
3141 2878 3396 2925 castrum.
3428 2869 3558 2937 Quod
3573 2867 3694 2920 llera-

2195 2959 2327 3014 clius
2351 2958 2512 3014 frater
2558 2961 2896 3031 imperatoris
2941 2961 3196 3029 obtinuit,
3250 2969 3306 3017 et
3355 2962 3533 3017 bellum
3571 2961 3611 3013 in
3652 2971 3696 3010 eo

2196 3064 2480 3121 aggressus
2508 3051 2740 3106 Arabum
2770 3052 2953 3108 decem
2976 3053 3138 3107 millia
3165 3062 3344 3108 necat.
3380 3052 3563 3107 Interea
3582 3048 3697 3103 Justi-

2197 3144 2389 3197 nianus
2418 3158 2538 3197 cum
2563 3158 2728 3213 penes
2767 3144 3095 3198 Chersonam
3125 3142 3369 3212 degeret,
3399 3152 3451 3198 et
3488 3157 3538 3198 se
3558 3141 3698 3195 iterum

2202 3236 2585 3307 imperaturum
2617 3238 2964 3293 concionatus
2992 3237 3359 3305 denuntiaret,
3387 3237 3563 3293 accola:
3598 3238 3700 3289 loco-

2203 3344 2319 3382 rum
2360 3328 2669 3383 eorumdem
2699 3329 2985 3383 discrimen
3026 3345 3092 3383 ex
3150 3327 3380 3400 imperio
3427 3329 3585 3385 venire
3620 3338 3700 3380 me-

2202 3428 2437 3486 tuentes,
2462 3420 2729 3474 consiliati
2770 3430 2897 3475 sunt
2923 3424 3063 3476 hunc
3113 3421 3439 3487 interficere,
3488 3420 3559 3475 vel
3600 3424 3701 3473 certe

2204 3513 2518 3582 imperatori
2548 3514 2931 3569 transmittere.
2955 3514 3074 3584 Ipse
3102 3529 3238 3569 vero
3263 3531 3380 3570 cum
3414 3514 3459 3568 id
3495 3512 3701 3569 sensisset.

2204 3604 2435 3673 fugiens,
2460 3614 2515 3660 et
2554 3606 2720 3660 Daras
2770 3606 3011 3673 veniens,
3039 3607 3370 3662 Cazarorum
3426 3623 3479 3661 se
3526 3601 3705 3675 peposcit

2204 3695 2449 3765 Chajano
2500 3698 2834 3766 praesentari,
2888 3698 2978 3766 qui
3023 3714 3141 3752 cum
3198 3700 3277 3753 rei
3325 3694 3705 3753 circumstantiam

2204 3787 2499 3852 didicisset,
2533 3789 2765 3857 suscepit
2800 3803 2919 3842 eum
2949 3804 3069 3843 cum
3104 3789 3315 3843 honore
3347 3788 3549 3858 ingenti,
3570 3792 3611 3839 et
3634 3792 3707 3835 tra-

2204 3879 2336 3933 didit
2366 3880 2443 3933 illi
2480 3896 2704 3935 uxorem
2745 3880 3083 3937 Theodoram
3132 3897 3379 3937 sororem
3431 3895 3582 3935 suam.
3619 3876 3708 3930 Post

2204 3980 2473 4036 modicum
2506 3996 2635 4037 vero
2676 3998 2837 4052 prece
2882 3983 3058 4037 oblata
3113 3982 3359 4053 Chajano
3404 3978 3639 4037 descendit
3675 3974 3709 4027 in

2205 4071 2621 4143 Pbanagoriam,
2653 4083 2708 4128 et
2737 4075 2843 4130 illic
2892 4074 3121 4143 degebat
3162 4091 3287 4129 cum
3337 4073 3611 4129 Theodora.
3647 4064 3710 4118 His

2206 4167 2401 4220 auditis
2423 4165 2735 4221 Absimarus
2760 4168 2921 4220 mittit
2965 4158 3035 4219 ad
3059 4166 3363 4235 Chajanum
3399 4165 3661 4234 promittens
3678 4156 3710 4208 ei

2206 4260 2446 4331 prtcbere
2468 4275 2688 4314 munera
2718 4260 2902 4325 multa,
2936 4262 2976 4313 si
3007 4259 3371 4315 Justinianum
3400 4259 3492 4313 sibi
3521 4255 3710 4310 duntaxat

2206 4352 2389 4405 vivum
2422 4352 2828 4414 transmitteret,
2859 4352 2939 4406 sin
2963 4361 3161 4416 autem,
3208 4352 3400 4405 saltem
3432 4357 3577 4419 caput
3614 4344 3704 4410 ejus.

2207 4442 2416 4497 Ccdcns
2437 4451 2614 4496 autem
2634 4441 2904 4511 Chajanns
2928 4442 3300 4509 hujuscemodi
3324 4439 3570 4511 petitioni,
3590 4440 3714 4489 custo-

532 4520 598 4574 ad
623 4519 1005 4574 Clausurarum
1028 4521 1354 4585 discurrere,
1385 4532 1679 4592 contraque
1711 4523 1894 4580 hostes
1921 4540 2103 4580 curam
2136 4570 2186 4629 D
2211 4533 2353 4588 diam
2382 4533 2432 4587 ei
2462 4533 2624 4598 misit,
2648 4535 2797 4601 quasi
2833 4547 2898 4587 ne
2930 4548 2956 4585 η
3000 4532 3401 4586 ροιιιτίὺυιίυιις
3429 4531 3536 4587 suis
3557 4523 3716 4581 insidias

533 4624 596 4665 ac
624 4610 1027 4679 dispositionem
1056 4611 1234 4667 facere
1259 4613 1421 4667 misit.

1118 4703 1530 4761 ABSIMARUS.

604 4793 761 4851 Anno
790 4793 857 4849 ab
890 4794 1259 4851 lncarnatione
1285 4796 1495 4851 Domini
1541 4796 1639 4852 691
1674 4796 1983 4851 Absimarus
2014 4797 2111 4849 im-

536 4896 754 4958 perator
784 4886 1146 4941 Romanorum
1181 4896 1394 4943 creatus
1422 4898 1524 4943 est.
1585 4888 1685 4954 Qui
1720 4896 1927 4957 septem
1959 4890 2113 4943 annis

539 4980 838 5049 imperavit,
867 4987 922 5033 et
953 4980 1307 5035 tumultuatus
1336 4989 1417 5036 est
1446 4988 1632 5035 contra
1657 4986 1683 5024 ἀ
1723 4980 2110 5047 Abdarronem,

538 5080 595 5126 et
621 5071 924 5127 dominatus
955 5080 1039 5127 est
1079 5072 1146 5137 ei,
1200 5080 1256 5128 et
1285 5082 1599 5145 persecutus
1627 5082 1713 5127 est
1761 5088 1880 5127 eum
1915 5071 2116 5146 Abipsa

540 5162 763 5232 Cllujan.

610 5259 767 5315 Anno
797 5261 1033 5316 secundo
1058 5261 1265 5331 imperii
1310 5260 1598 5323 Absimarl,
1636 5256 1863 5313 Romani
1909 5255 2117 5329 Syriam

542 5361 908 5424 peragrantes,
940 5363 995 5408 et
1022 5355 1297 5409 venientes
1327 5368 1495 5422 usque
1535 5351 1891 5416 Samosatam,
1939 5360 1993 5404 et
2028 5349 2119 5403 de-

542 5448 843 5519 pnudantes
863 5447 1281 5517 circumquaque
1338 5447 1631 5514 regionem,
1694 5443 1862 5498 multa
1910 5441 2121 5498 occide-

617 5637 641 5667 ⁸
668 5629 942 5691 Ταξεῶται.

618 5700 644 5739 b
672 5698 780 5767 AL,
804 5699 1030 5767 propriis
1058 5695 1487 5754 observatoribus.

618 5779 642 5809 °
669 5766 1110 5842 [Μονοσῖράτηγρνο

663 5837 776 5910 Al.,
804 5837 1195 5895 Abderabhman
1217 5841 1270 5895 in
1308 5837 1543 5895 Perside.

2156 5960 2198 5970 ιι.

2210 4633 2506 4694 pateretur,
2533 4625 2788 4678 mandans
2820 4623 2996 4690 Fazin,
3022 4624 3111 4693 qui
3143 4631 3263 4677 erat
3296 4624 3402 4678 illic
3446 4623 3494 4676 in
3538 4626 3717 4689 person

2210 4730 2323 4770 suae
2342 4715 2458 4769 vice
2480 4715 2785 4784 deputatus,
2837 4724 2892 4769 et
2946 4715 3179 4782 Blagizin
3225 4713 3450 4783 principi
3501 4701 3716 4777 Bosphori.

2210 4813 2272 4861 ut
2301 4822 2421 4860 cum
2446 4808 2718 4860 nuntiaret
2741 4804 2875 4871 fore,
2899 4806 3145 4860 eumdem
3177 4807 3501 4861 trucidarent
3523 4794 3718 4855 Justinia‘

2211 4911 2361 4952 num.
2394 4898 2484 4953 llis
2511 4906 2692 4951 autem
2723 4912 2818 4966 per
2844 4911 3056 4952 servum
3079 4897 3311 4968 Cliajani
3341 4894 3610 4951 Theodorzc
3626 4900 3721 4940 nun.

2215 4992 2359 5046 tiatis
2383 5032 2397 5056 ,
2453 5000 2508 5045 et
2551 4989 2853 5045 Justiniano
2889 4989 3193 5060 patefactis,
3253 4996 3562 5046 convocatos
3592 4980 3642 5035 ad
3682 4990 3721 5029 se

2210 5099 2319 5153 jam
2349 5084 2522 5139 dictos
2544 5083 2812 5153 principes
2839 5083 3022 5149 Facin,
3045 5091 3100 5138 et
3123 5082 3364 5153 Blagizin
3411 5081 3548 5153 quasi
3573 5076 3625 5131 ad
3645 5068 3721 5126 col-

2218 5174 2542 5246 loquendum
2570 5183 2800 5242 secreto,
2826 5188 3015 5229 eorum
3038 5174 3175 5230 colla
3199 5173 3529 5245 strangulare
3551 5160 3720 5223 curati!-

2216 5266 2618 5336 Confestimque
2672 5265 3013 5322 Theodorum
3058 5267 3113 5321 in
3171 5266 3450 5321 Cazariam
3493 5260 3658 5322 mittit,
3688 5260 3724 5305 et

2218 5358 2332 5428 ipse
2354 5356 2739 5427 a'Phanagoria
2778 5356 3007 5427 fugiens,
3033 5358 3088 5412 in
3113 5356 3232 5411 Men
3265 5354 3545 5419 descendit,
3589 5356 3633 5405 et
3666 5343 3724 5396 in-

2219 5460 2377 5506 venta
2407 5452 2529 5507 navi
2551 5460 2739 5521 parata
2761 5452 3007 5508 ascendit
3033 5453 3089 5508 in
3118 5467 3261 5520 eam,
3290 5462 3345 5508 et
3372 5442 3729 5518 navigans)“u

2295 5641 2317 5667 ε
2338 5631 2446 5695 Αιη
2476 5632 2792 5693 Armeniam,
2822 5630 3077 5685 Arabibus
3106 5624 3729 5701 subjugavil,_u‘_5mpﬁff'."°

2224 5703 2277 5756 di
2317 5687 2650 5778 sontitfo._'.(_1;
2681 5687 3379 5778 ὀννέιροπολούμενονοσΑῙιθι·
3399 5687 3573 5758 ’(Σούθι
3605 5687 3729 5749 PM»

2226 5778 2293 5834 ὡς
2322 5774 2765 5848 ὀνειροπολέμινον.
