3956 6342
214 462 354 517 1065

1231 463 1547 521 HISTORIA
1584 468 1937 526 MISCELLA.
1978 500 2047 513 —-
2084 474 2213 528 LIB.
2253 474 2373 529 XX.

3326 477 3463 534 i066

206 571 407 637 littora,
432 573 581 626 venit
605 586 772 642 usque
797 571 865 627 ad
891 571 1204 645 Symbolum
1237 572 1384 641 juxta
1428 573 1785 633 Cbersonam.
1819 584 1865 643 Α
1890 580 2006 635 sula
2052 579 2227 637 fuerat
2268 583 2503 639 inclusus
2547 585 2883 651 Amastridis,
2923 593 3175 656 tanquam
3223 602 3348 643 eum
3377 590 3469 658 qui

210 662 291 717 Ad
319 678 483 733 quam
542 665 758 719 mittens
815 666 1025 721 occulte
1072 666 1190 720 tulit
1230 668 1678 736 Barisbacurium,
1733 678 1791 725 et

208 754 449 809 Salibam
470 753 689 810 fratrem
729 755 869 825 ejus,
899 764 955 811 et
1003 755 1359 828 Stephanum,
1408 771 1465 816 et
1497 760 1789 832 Moropau-

206 841 362 911 lum,
419 859 525 898 una
579 859 701 899 cum
756 843 1095 914 Theophila,
1155 847 1248 917 qui
1307 864 1430 903 cum
1488 850 1791 920 navigasset

205 952 327 991 cum
353 937 435 992 eis
459 936 813 1003 Chersonam,
869 939 1101 994 Pharum
1142 943 1406 997 transivit.
1456 944 1654 1014 Sicque
1698 946 1791 1000 de-

203 1043 350 1082 mum
375 1028 783 1090 transfretantes
822 1028 1143 1101 Necropola,
1201 1048 1299 1087 seu
1347 1036 1484 1090 ostia
1534 1036 1790 1107 Danapri,

201 1125 257 1173 et
290 1118 539 1184 Danistri,
572 1129 889 1189 tempestate
912 1120 1075 1188 facta,
1098 1137 1263 1192 super
1289 1124 1462 1180 salute
1483 1142 1579 1181 sua
1601 1127 1792 1197 despe—

201 1212 308 1266 rati
336 1220 461 1267 sunt
488 1228 695 1267 omnes.
728 1212 956 1281 Majaces
984 1230 1116 1269 vero
1135 1215 1415 1273 familiaris
1432 1218 1598 1273 homo
1625 1219 1793 1289 ipsius

199 1301 340 1356 dixit
360 1302 443 1356 ei:
471 1300 607 1357 Ecce
634 1305 913 1368 morimur,
929 1303 1166 1370 domine,
1198 1322 1334 1361 vove
1360 1308 1593 1378 Deopro
1619 1309 1793 1365 salute

201 1401 317 1459 tua,
351 1394 482 1450 utsi
512 1394 652 1450 Deus
706 1397 987 1467 imperium
1035 1407 1181 1453 tuum
1236 1400 1331 1455 tibi
1378 1401 1689 1465 reddiderit,
1738 1402 1791 1456 in

202 1486 414 1541 nullum
447 1495 662 1541 tuorum
687 1487 965 1545 ulciscaris
998 1489 1293 1546 inimicum.
1314 1492 1496 1546 Atille
1525 1492 1576 1546 in
1610 1491 1795 1547 furore

199 1576 557 1646 respondens,
590 1576 702 1630 ait:
745 1576 803 1632 Si
830 1591 1124 1647 pepercero
1172 1581 1421 1649 cuiquam
1479 1596 1691 1647 eorum,
1736 1582 1791 1636 in

202 1666 311 1723 hoc
340 1666 462 1722 loco
491 1682 578 1723 me
596 1668 733 1723 Deus
757 1668 1038 1739 demergat
1057 1686 1071 1731 ;
1092 1678 1148 1724 et
1170 1672 1288 1725 sine
1308 1672 1549 1742 periculo
1573 1673 1641 1727 ab
1660 1681 1792 1726 :cstu

200 1757 295 1813 illo
324 1757 513 1825 exivit,
543 1766 599 1813 et
628 1758 867 1814 introivit
919 1761 975 1815 in
1023 1760 1325 1817 Danubium
1377 1779 1611 1818 amnem.
1654 1762 1789 1819 Cum

200 1857 387 1903 autem
436 1849 667 1903 misisset
717 1848 1048 1917 Stephanum
1086 1851 1151 1905 ad
1192 1851 1461 1908 Trebellin
1512 1852 1786 1908 dominum

1892 671 2339 742 praenuntiaverat
2348 674 2450 729 sibi
2464 677 2859 733 restitutionem
2875 676 3102 747 imperii,
3120 677 3467 747 subrogatum

1893 764 2159 830 provexit.
2198 763 2647 821 [innumerabilem
2674 782 2891 836 quoque
2918 766 3310 822 multitudinem
3357 777 3467 822 tam

1892 866 1962 907 ex
1990 852 2154 920 civili,
2184 869 2344 923 quam
2372 871 2440 911 ex
2464 856 2681 912 militari
2708 857 2976 925 catalogo,
3000 858 3197 911 multos
3219 857 3469 927 perdidit,

1893 947 2091 1001 multos
2115 949 2276 1000 etiam
2305 947 2357 1000 in
2385 961 2572 1003 saccos
2601 948 2795 1003 missos
2818 963 2999 1002 amara
3021 957 3197 1002 morte
3226 946 3353 1002 fecit
3380 963 3475 1002 ne—

1892 1040 2024 1104 cari,
2056 1038 2190 1093 alios
2233 1048 2414 1095 autem
2456 1055 2577 1094 cum
2618 1040 2686 1096 ad
2725 1041 3025 1111 prandium,
3054 1040 3140 1095 vel
3169 1040 3237 1095 ad
3264 1056 3471 1095 caenam

1892 1130 2262 1195 accubitaret,
2294 1146 2421 1186 mox
2459 1140 2517 1185 ut
2569 1131 2862 1201 surgebat,
2918 1130 3108 1200 partim
3155 1131 3472 1201 suspendio,

1893 1221 2087 1290 partim
2142 1220 2400 1276 incisione
2443 1221 2730 1292 perdebat,
2782 1230 2838 1276 et
2866 1222 2990 1275 hinc
3045 1234 3272 1289 magnus
3316 1220 3479 1275 timor

1893 1311 2203 1367 obtinuerat
2246 1326 2455 1367 omnes.
2507 1310 2650 1366 Misit
2701 1312 2906 1367 interea
2954 1311 3179 1367 classem
3230 1310 3297 1365 ad
3348 1311 3478 1366 edu-

1893 1404 2119 1460 cendam
2178 1404 2246 1459 de
2288 1402 2509 1459 Cazaria
2562 1420 2787 1460 uxorem
2835 1421 3007 1471 suam,
3050 1411 3104 1459 et
3144 1403 3322 1459 multae
3352 1418 3473 1458 cum

1892 1496 2003 1550 suis
2032 1495 2163 1549 viris
2190 1495 2403 1565 scapha:
2429 1495 2685 1551 demersa:
2712 1503 2852 1551 sunt.
2888 1497 3004 1561 Quo
3044 1494 3249 1559 audito,
3280 1495 3474 1565 Chaja-

1892 1602 1995 1641 nus
2036 1586 2305 1655 signiﬁcat
2346 1587 2397 1642 ei
2426 1586 2610 1644 dicens
2642 1604 2656 1641 :
2688 1586 2733 1642 0
2769 1589 3059 1656 insensate,
3089 1604 3271 1643 nonne
3316 1603 3476 1658 opor-

1894 1677 2127 1732 tebaHe
2161 1675 2217 1731 in
2246 1676 2473 1742 duabus,
2520 1676 2606 1732 vel
2632 1677 2803 1732 tribus
2834 1678 3048 1747 scaphis
3076 1678 3323 1745 accipere
3353 1693 3475 1732 mu-

1891 1767 2077 1822 lierem
2108 1776 2273 1833 tuam,
2306 1776 2362 1822 et
2388 1783 2497 1823 non
2532 1776 2733 1823 tantam
2761 1767 3006 1823 occidere
3048 1767 3478 1822 multitudinem?

1892 1857 1973 1911 An
2000 1865 2159 1927 putas
2185 1856 2334 1926 quod
2373 1865 2430 1912 et
2457 1857 2598 1913 hanc
2622 1866 2739 1913 arte
2782 1858 3063 1929 decipias?
3093 1860 3229 1914 Ecce
3268 1860 3481 1929 peperit

200 1940 491 2012 Bulgaria,
519 1952 579 1996 ut
607 1941 708 1995 sibi
738 1942 993 1997 auxilium
1022 1953 1303 2013 praestaret
1340 1945 1408 1999 ad
1438 1945 1790 2000 obtinendum
1820 1934 1870 1995 Β
1896 1949 1993 2003 tibi
2022 1948 2209 2015 lilium,
2243 1949 2413 2014 mitte,
2439 1956 2495 2004 et
2523 1949 2707 2019 accipe
2726 1948 2866 2005 illos.
2894 1950 3091 2016 Atille,
3114 1951 3277 2006 misso
3299 1950 3480 2006 Theo-

205 2034 493 2104 parentale
522 2034 802 2106 imperium
828 2051 1004 2102 suum,
1042 2038 1348 2107 repromisit
1376 2040 1426 2093 ei
1468 2056 1527 2096 se
1566 2041 1793 2110 plurima

202 2124 352 2178 dona
383 2123 656 2192 daturum,
688 2133 744 2179 et
766 2124 927 2179 filiam
949 2125 1065 2194 ejus
1087 2127 1142 2180 in
1170 2142 1395 2182 uxorem
1425 2138 1790 2201 accepturum,

210 2215 432 2284 ipsique
459 2215 510 2269 in
534 2215 740 2270 cunctis
757 2216 1120 2285 obediturum,
1146 2226 1202 2271 et
1224 2233 1630 2285 concursurum,
1652 2219 1798 2289 jure-

198 2307 439 2374 jurando
485 2307 773 2376 pollicitus.
815 2306 934 2374 Quo
989 2309 1080 2365 ille
1132 2326 1257 2365 cum
1314 2311 1516 2381 ingenti
1575 2313 1786 2368 honore

202 2406 483 2467 suscepto,
512 2411 813 2454 commovet
842 2400 1148 2456 universum
1177 2402 1277 2457 sibi
1306 2404 1580 2459 subditum
1617 2420 1791 2475 popu-

203 2488 317 2544 lum
345 2489 654 2559 Bulgaruin,
683 2501 845 2562 atque
883 2492 1129 2562 proximo
1173 2510 1315 2550 anno
1359 2495 1423 2549 ad
1479 2504 1796 2567 regnantem

207 2583 400 2638 urbem
428 2590 714 2638 venerunt.

278 2677 441 2731 Anno
483 2676 712 2746 septimo
738 2676 950 2747 imperii
978 2676 1243 2733 Absimari
1269 2688 1513 2735 mortuus
1541 2687 1623 2735 est
1650 2679 1796 2734 Hab-

204 2768 463 2823 dimelich
511 2768 746 2823 Arabum
794 2769 1075 2839 princeps,
1125 2778 1180 2823 et
1228 2771 1399 2824 tenuit
1443 2769 1797 2840 principatum

204 2860 324 2926 ejus
359 2856 479 2913 Ulid
510 2855 652 2913 illius
681 2858 1020 2915 Abdalbaris.
1052 2860 1255 2916 Eodem
1283 2877 1498 2933 quoque
1521 2878 1685 2930 anno,
1706 2860 1799 2917 Ju-

201 2950 475 3004 stinianus
501 2965 624 3004 cum
661 2949 730 3005 ad
757 2952 956 3021 regiam
999 2957 1204 3021 urbem,
1240 2971 1345 3009 una
1380 2970 1502 3010 cum
1534 2953 1792 3018 Terbelli,

201 3043 477 3107 venisset,
504 3058 626 3097 cum
655 3043 911 3114 subjectis
940 3045 1258 3115 Bulgaribus
1282 3055 1691 3102 castrametatus
1716 3053 1801 3101 est

203 3133 273 3188 ad
305 3142 523 3204 portam
550 3134 743 3203 Carsii,
768 3144 824 3189 et
853 3150 1019 3205 usque
1044 3136 1109 3190 ad
1137 3136 1445 3202 Blacernas,
1485 3144 1541 3192 et
1570 3151 1668 3207 per
1689 3146 1799 3191 tres

205 3225 325 3281 dies
363 3226 645 3296 alloquens
685 3240 781 3282 eos
818 3226 910 3296 qui
954 3236 1113 3282 erant
1151 3227 1221 3282 de
1260 3227 1494 3293 civitate,
1543 3226 1800 3282 conviciis

1898 2042 2149 2115 phylacto
2176 2041 2527 2107 cubiculario,
2542 2042 2694 2096 duxit
2714 2041 3075 2108 Theodoram,
3098 2051 3154 2097 et
3175 2041 3338 2096 tilium
3363 2041 3482 2110 ejus

1896 2132 2189 2199 Tiberium,
2227 2139 2283 2185 et
2331 2131 2612 2186 coronavit
2659 2147 2772 2196 eos,
2827 2141 2883 2186 et
2935 2132 3271 2203 imperavere
3322 2129 3481 2187 simul

1895 2240 2018 2280 cum
2047 2224 2186 2293 ipso.
2218 2222 2375 2277 Anno
2401 2221 2639 2278 secundo
2668 2223 2877 2293 imperil
2906 2222 3192 2279 Iustiniani
3221 2222 3342 2279 Ulid
3364 2239 3485 2279 sur-

1896 2315 2063 2384 ripuit
2092 2312 2388 2368 Ecclesiam
2438 2312 2757 2367 catholicam
2802 2311 3067 2381 Damasci,
3122 2312 3292 2368 livore
3321 2312 3486 2382 pesti-

1897 2405 2013 2463 fero
2040 2406 2095 2460 in
2122 2403 2456 2460 Christianos
2483 2404 2685 2468 habito,
2725 2403 3030 2459 stimulatus
3079 2412 3302 2475 propter
3350 2403 3484 2457 emi-

1896 2506 2115 2554 nentem
2172 2498 2307 2552 tanti
2339 2494 2794 2567 pulchritudinem
2844 2494 3061 2563 templi,
3094 2503 3153 2548 et
3206 2491 3482 2563 prohibuit

1897 2586 2057 2642 scribi
2110 2582 2297 2640 Graece
2353 2584 2594 2654 publicos
2644 2582 2930 2653 logothesii
2980 2582 3230 2651 codices,
3280 2581 3378 2637 sed
3427 2583 3481 2637 in

1899 2676 2143 2731 Arabicis
2192 2674 2438 2730 adnotari
2486 2675 2603 2728 sine
2644 2683 2924 2744 computo,
2953 2673 3206 2742 quoniam
3238 2673 3485 2743 impossi-

1897 2766 2006 2823 bile
2030 2778 2112 2822 est
2135 2765 2351 2822 illorum
2380 2766 2560 2834 lingua
2587 2763 2892 2827 monadem,
2921 2762 3009 2818 vel
3035 2763 3369 2828 dualitatcm,
3393 2771 3485 2818 aut

1898 2859 2215 2925 trinitatem,
2264 2866 2356 2911 aut
2397 2865 2542 2923 octo,
2589 2864 2645 2910 et
2689 2854 2985 2920 dimidium,
3035 2862 3129 2908 aut
3170 2854 3271 2909 tria
3299 2855 3481 2923 scribi,

1900 2959 2119 3022 propter
2146 2948 2291 3021 quod
2319 2963 2490 3017 usque
2513 2946 2675 3002 hodie
2698 2956 2822 3001 sunt
2851 2945 3046 3001 notarii
3076 2960 3195 2999 cum
3224 2944 3303 3000 eis
3330 2944 3483 2999 Chri-

1899 3042 2080 3098 stiani.
2128 3047 2284 3097 Anno
2331 3039 2494 3094 tertio
2544 3036 2751 3108 imperii
2797 3036 2883 3091 sui
2927 3034 3255 3089 Justinianus
3292 3049 3484 3105 pacem

1900 3135 2042 3189 inter
2085 3131 2398 3196 Romanos,
2448 3136 2503 3183 et
2541 3127 2795 3196 Bulgares
2841 3125 3052 3187 evertit,
3104 3132 3159 3180 et
3206 3134 3486 3195 equestres

1901 3224 2118 3279 militias
2148 3224 2203 3278 in
2234 3220 2494 3276 Thracem
2545 3218 2776 3273 transire
2817 3215 3039 3282 faciens,
3071 3215 3329 3271 classibus
3356 3229 3485 3271 con-

204 3318 670 3372 :lebonestabatur
690 3317 757 3372 ab
785 3317 907 3382 illis,
925 3317 1017 3388 qui
1042 3334 1227 3374 eorum
1251 3334 1351 3374 nec
1368 3320 1558 3374 saltem
1580 3317 1798 3374 verbum
1826 3301 1873 3366 Ο
1902 3318 2140 3383 structis,
2187 3325 2375 3371 contra
2422 3313 2693 3382 Bulgares,
2743 3315 2800 3366 et
2847 3307 3116 3365 Trebellio
3155 3308 3483 3380 properavit.

204 3409 590 3464 ackuittebant.
620 3408 691 3463 At
717 3424 843 3465 vero
878 3407 1211 3466 Justinianus
1239 3426 1359 3465 cum
1390 3410 1573 3481 paucis
1598 3410 1799 3465 contri-

205 3500 429 3556 bulibus
457 3500 598 3556 bello
624 3510 853 3571 excepto
886 3517 984 3573 per
1024 3503 1394 3572 aqumductum
1424 3502 1715 3572 ingressus,
1744 3511 1802 3557 et

208 3593 504 3648 tumultum
534 3593 797 3661 excitans,
830 3593 1082 3650 fodiendo
1109 3595 1295 3650 urbem
1325 3594 1573 3659 obtinuit,
1602 3602 1658 3649 et
1679 3600 1805 3664 post

207 3688 491 3759 paululum
507 3686 850 3743 tabernacula
870 3688 923 3743 in
944 3687 1140 3757 palatio
1162 3687 1536 3743 Blacernarum
1555 3686 1800 3741 tetendit.

744 3798 1182 3857 JUSTINIANUS
1222 3799 1284 3855 Il.

281 3874 452 3943 igitur
472 3873 677 3946 imperii
698 3873 781 3929 sui
805 3872 977 3943 primo
1001 3886 1165 3935 anno,
1192 3870 1243 3925 id
1263 3878 1365 3935 est,
1387 3885 1495 3939 quo
1517 3869 1803 3940 imperium

203 3982 382 4023 suum
429 3966 754 4021 Justinianus
790 3966 1012 4034 recepit,
1047 3966 1213 4019 multa
1262 3962 1405 4021 dona
1445 3962 1676 4017 Trebelli
1704 3961 1802 4016 tri-

203 4058 407 4122 buens,
439 4057 595 4112 simul
635 4066 692 4113 et
727 4056 925 4126 regalia
974 4071 1120 4120 vasa,
1151 4055 1353 4110 dimisit
1395 4068 1517 4109 eum
1562 4052 1615 4112 iu
1646 4068 1799 4125 pace.

202 4147 483 4203 Caeterum
535 4146 849 4203 Absimarus
897 4149 1084 4201 urbem
1137 4145 1549 4215 Apolloniadem
1594 4144 1805 4213 fugiens

207 4237 370 4303 adiit,
403 4236 791 4291 insecutionem
823 4245 1002 4291 tamen
1045 4250 1326 4306 perpessus
1363 4234 1803 4304 apprehenditur,

203 4337 269 4384 et
296 4327 366 4382 ad
396 4325 753 4381 Justinianum
781 4327 1081 4382 deducitur.
1114 4324 1277 4380 Porro
1301 4324 1577 4380 lleraclius
1598 4325 1805 4379 vinctus

205 4435 238 4475 a
273 4419 488 4474 Thrace
517 4419 777 4473 adductus
804 4428 887 4475 est
916 4434 1037 4475 cum
1066 4419 1317 4475 omnibus
1344 4417 1437 4486 qui
1482 4417 1533 4473 ei
1577 4416 1805 4488 opitula-

208 4511 439 4578 bantur,
468 4524 604 4580 quos
632 4510 686 4563 in
718 4525 870 4565 muro
909 4525 1099 4565 omnes
1127 4509 1153 4537 “
1183 4508 1471 4579 suspendio
1519 4506 1803 4563 interfecit.

205 4603 351 4660 Cum
394 4614 574 4660 autem
603 4603 668 4658 ad
712 4602 1099 4658 Mediterrauea
1130 4601 1473 4663 destinasset,
1515 4600 1713 4653 multos
1737 4614 1806 4654 ex

208 4695 294 4751 eis
326 4697 599 4762 inventos,
650 4705 757 4748 tam
806 4705 1017 4749 actores
1066 4708 1225 4765 quam
1278 4691 1537 4762 privatos.
1562 4691 1807 4746 similiter

212 4786 517 4841 interemit.
552 4784 722 4841 Porro
766 4784 1126 4851 Absimarum,
1172 4794 1333 4853 atque
1358 4782 1638 4837 Leontium
1660 4783 1809 4839 vinc-

212 4889 305 4935 tos
359 4878 568 4935 catenis
610 4893 706 4948 per
754 4885 919 4932 totam
962 4876 1146 4931 urbem
1176 4874 1386 4945 pompis
1415 4873 1543 4928 fecit
1571 4873 1810 4929 dehone—

214 4972 375 5028 stari.
410 4971 651 5041 Cumque
679 4967 791 5023 ludi
834 4976 1114 5037 equestres
1154 4974 1471 5035 agerentur,
1501 4965 1726 5036 ipseque
1756 4965 1808 5019 in

214 5067 361 5122 solio
391 5062 667 5129 resideret,
697 5061 843 5116 ducti
872 5069 997 5115 sunt
1037 5059 1245 5129 publice
1274 5057 1464 5123 tracti,
1493 5066 1550 5112 et
1586 5055 1813 5126 projecti

217 5158 384 5231 proni
412 5156 482 5211 ad
510 5156 673 5228 pedes
717 5156 854 5224 ejus,
882 5168 1111 5224 quorum
1148 5152 1239 5207 ille
1263 5151 1401 5206 colla
1430 5164 1602 5219 usque
1626 5148 1693 5203 ad
1721 5162 1807 5204 so.

218 5251 488 5307 lutionem
521 5248 680 5319 primi
709 5253 738 5293 ι)
769 5246 940 5301 bravii
969 5245 1221 5312 calcavit,
1262 5244 1509 5299 universa
1534 5241 1690 5311 plebe
1718 5255 1807 5295 ac-

220 5344 495 5400 clamante
527 5358 542 5396 :
573 5342 748 5411 Super
792 5339 1029 5409 aspidem
1069 5346 1125 5393 et
1167 5336 1473 5392 basiliscum
1503 5333 1807 5399 ambulasti,

222 5443 281 5492 et
303 5432 635 5490 conculcasti
665 5432 875 5487 leonem
902 5438 958 5485 et
983 5430 1270 5484 draconem
1298 5446 1313 5493 ;
1340 5436 1396 5482 et
1426 5427 1499 5481 ita
1524 5425 1625 5480 bos
1647 5424 1810 5499 desti-

227 5535 389 5581 natos
410 5527 465 5580 in
492 5522 698 5578 vivario
724 5521 1073 5577 animantium
1116 5521 1307 5589 capitis
1347 5516 1810 5572 animadversione

227 5617 456 5688 punivit,
483 5614 796 5672 Callian
819 5628 946 5669 vero
975 5611 1357 5682 patriarcham.
1399 5608 1592 5663 ablatis
1617 5606 1807 5673 oculis,

228 5705 376 5779 apud
400 5704 627 5762 Romam
672 5704 863 5761 exsilio
902 5702 1183 5772 relegavit,
1216 5710 1272 5758 et
1302 5709 1323 5738 ο
1354 5697 1573 5770 Cyrum,
1603 5696 1698 5768 qui
1724 5694 1809 5751 in-

296 5850 323 5914 ἐι
368 5840 690 5914 Epulum».

295 5913 327 5956 δ
353 5913 524 5969 Baio».

478 6005 754 6065 Panos.
801 6002 990 6066 XCV.

1898 3409 2037 3465 Cum
2079 3415 2261 3463 autem
2307 3405 2545 3461 venisset
2591 3404 2658 3458 ad
2702 3401 2896 3472 ripam,
2948 3400 3220 3469 navigium
3268 3399 3484 3469 quidem

1904 3513 2030 3560 ante
2077 3511 2311 3559 castrum
2358 3500 2634 3570 applicare
2674 3497 2821 3552 fecit.
2872 3495 3076 3566 Populo
3122 3502 3303 3548 autem
3350 3493 3487 3548 sicut

1903 3597 2094 3654 ovibus
2117 3609 2214 3667 per
2240 3608 2461 3663 campos
2504 3589 2570 3646 ad
2600 3588 2957 3659 colligendum
3001 3588 3181 3643 fenum
3210 3587 3481 3657 disperso,

1903 3686 2153 3743 viderunt
2180 3684 2553 3754 exploratores
2581 3680 2886 3749 Bolgarium
2904 3719 2919 3746 ,
2948 3693 3137 3732 vanam
3168 3678 3482 3747 dispositio-

1904 3793 2026 3834 nem
2052 3776 2441 3839 Romanorum,
2463 3782 2517 3828 et
2543 3770 2846 3828 coacervati
2875 3778 2932 3824 ut
2959 3769 3086 3824 ferae
3110 3769 3289 3824 subito
3316 3768 3487 3822 irrue-

1904 3875 2052 3935 runt,
2065 3873 2120 3921 et
2146 3865 2492 3921 vehementer
2511 3866 2957 3931 consumpserunt
2983 3858 3295 3913 ltomaicum
3317 3855 3481 3924 ovile,

1905 3958 2127 4013 multam
2150 3956 2407 4027 praedam,
2438 3964 2495 4009 et
2522 3969 2711 4022 equos,
2736 3960 2792 4006 et
2816 3966 2986 4016 arma,
3013 3950 3255 4017 exceptis
3284 3948 3366 4001 his
3393 3946 3487 4016 qui

1904 4053 2168 4125 perempti
2185 4058 2330 4117 sunt,
2349 4048 2694 4118 accipientes.
2722 4045 2889 4099 Porro
2914 4041 3243 4097 Justinianus
3272 4054 3392 4094 cum
3416 4038 3487 4093 ad

1905 4161 2139 4210 castrum
2167 4150 2387 4220 fugisset
2411 4164 2529 4202 cum
2552 4146 2639 4200 his
2665 4144 2757 4214 qui
2787 4150 3091 4209 evaserant,
3117 4154 3214 4210 per
3235 4146 3344 4193 tres
3369 4136 3487 4191 dies

1906 4255 2090 4320 portas
2118 4244 2345 4307 clausas,
2378 4250 2433 4296 et
2458 4240 2733 4305 obseratas
2762 4238 2951 4291 tenuit.
2981 4233 3180 4289 Videas
3206 4246 3335 4286 vero
3360 4227 3486 4283 Bul-

1906 4340 2115 4409 garium
2168 4332 2647 4411 perseverantiam,
2677 4329 2792 4399 ipse
2836 4327 2918 4383 sui
2962 4326 3086 4396 equi
3135 4337 3330 4380 nervos
3379 4321 3488 4390 pri-

1907 4447 2026 4487 mus
2079 4428 2340 4494 incidens,
2372 4438 2560 4479 omnes
2607 4421 2833 4491 idipsum
2870 4418 3049 4474 facere
3092 4416 3269 4487 jussit.
3312 4412 3490 4469 Armis

1906 4532 2083 4578 autem
2107 4520 2313 4576 bellicis
2344 4531 2506 4587 supra
2548 4528 2757 4568 murum
2808 4512 3016 4581 positis,
3050 4519 3214 4565 noctu
3262 4508 3316 4562 in
3370 4520 3489 4562 sca-

1909 4615 2042 4684 phas
2070 4608 2365 4666 ascendens
2411 4608 2642 4661 latenter
2687 4603 3007 4671 enavigavit,
3047 4609 3105 4656 et
3145 4613 3268 4655 cum
3299 4596 3491 4653 confu-

1909 4708 2064 4763 sione
2090 4702 2336 4774 pervenit
2365 4699 2432 4754 ad
2474 4698 2684 4753 urbem.
2730 4695 2885 4749 Anno
2928 4700 3121 4762 quarto
3151 4689 3365 4760 imperii
3403 4687 3486 4743 sui

1912 4797 2205 4854 exercitum
2239 4791 2407 4847 movit
2436 4789 2720 4843 Masalmas
2765 4784 3021 4838 adversus
3049 4790 3333 4853 tyrannum
3361 4792 3488 4848 pro-

1912 4897 2031 4961 pter
2058 4883 2475 4954 indignationem
2520 4876 2808 4939 exercitus,
2850 4887 2953 4927 una
2983 4887 3104 4925 cum
3135 4868 3361 4922 Mavinia
3394 4879 3489 4933 per

1913 4958 2260 5034 hlarinianum
2287 4971 2470 5035 occisi,
2501 4977 2559 5024 et
2585 4968 2723 5021 hanc
2758 4962 3083 5026 obsidentes,
3115 4958 3490 5012 hiemaverunt

1913 5071 2132 5127 ibidem.
2181 5068 2263 5123 Ad
2319 5080 2455 5135 quos
2496 5061 2659 5116 mittit
2712 5059 3005 5125 imperator
3052 5054 3186 5106 duos
3229 5058 3487 5119 prmtores

1911 5161 2251 5216 Theodorum
2280 5155 2686 5215 Cartherucam,
2711 5155 2767 5202 et
2787 5142 3243 5215 Theophylactum
3267 5138 3486 5193 Saliban

1911 5268 2035 5307 cum
2081 5249 2341 5309 exercitu,
2391 5253 2448 5300 et
2490 5241 2686 5311 agresti
2730 5237 2926 5309 populo
2971 5234 3225 5289 rusticam
3265 5245 3488 5298 operam

1910 5346 2103 5400 daturo
2140 5342 2206 5396 ad
2246 5338 2619 5395 debellandum
2660 5348 2776 5396 eos.
2815 5339 2873 5386 et
2920 5325 3326 5398 insequendum.
3380 5323 3487 5394 Ipsi

1913 5451 2039 5492 vero
2082 5433 2148 5488 ad
2194 5427 2592 5488 contentionem
2644 5428 2920 5478 venientes
2966 5421 3018 5475 in
3065 5419 3401 5482 alterutrum,
3431 5423 3488 5471 et

1916 5524 2215 5580 inordinate
2261 5521 2313 5574 in
2360 5534 2456 5574 eos
2501 5514 2806 5587 congressi,
2853 5511 3035 5567 statim
3078 5519 3381 5576 vertuntur,
3430 5513 3489 5562 et

1916 5612 2080 5670 multa
2109 5610 2275 5665 millia
2303 5608 2609 5678 perierunt,
2639 5612 2694 5661 et
2730 5601 2928 5673 captivi
2968 5600 3117 5656 ducti
3157 5607 3282 5655 sunt
3308 5598 3485 5654 multi.

1918 5705 1987 5759 At
2009 5703 2086 5759 illi
2113 5701 2335 5757 sarcinis
2361 5712 2573 5767 eorum,
2601 5703 2657 5751 et
2698 5693 2838 5750 escis
2882 5690 3116 5761 acceptis
3161 5690 3487 5748 obsederunt

1990 5845 2015 5876 ο
2044 5832 2128 5889 ΔΙ.
2158 5829 2517 5901 Protocyrum.
2545 5827 2715 5884 Aliter
2737 5840 2837 5899 pro
2862 5840 2930 5883 eo
2954 5824 3165 5896 Cyrum.

3010 5982 3090 6046 ἔνι
