3956 6342
524 330 649 386 1071

1427 326 1626 383 PAULI
1666 324 1937 381 DlACONl
1976 324 2129 378 OPP.
2168 324 2345 381 PARS
2384 327 2513 381 1.-
2536 325 2918 382 HISTORICA.

3574 342 3671 398 ltili

517 438 698 507 gorius
721 436 1074 521 Buramphus,
1103 444 1159 494 et
1212 436 1265 491 in
1310 437 1555 493 exsilium
1598 438 1746 494 missi
1771 444 1898 493 sunt
1953 433 2095 505 apud
2123 440 2174 497 Α
2199 442 2256 489 et
2284 434 2492 503 navigia
2528 434 2887 497 convenisset,
2913 432 3280 502 alloquebatur
3306 440 3531 512 principes
3553 464 3673 520 super

518 527 952 583 Thessalonicen.

1122 620 1488 677 ARTEMIUS.

587 715 743 771 Anno
772 716 840 771 ab
888 714 1257 772 lncarnationc
1286 715 1491 769 Domini
1515 714 1639 783 706,
1670 715 1938 770 Artemius
1971 714 2084 768 Ro-

520 807 692 861 manis
716 806 962 875 imperat.
993 806 1272 860 Masalmas
1304 806 1806 874 igiturincursiones
1835 805 2092 860 adversus

526 896 837 951 Romaniam
870 898 1054 964 movit,
1103 907 1157 951 et
1184 896 1475 966 despoliata
1503 896 1708 951 Galatia
1753 896 1913 950 rediit
1962 912 2087 950 cum

525 988 724 1057 prmda,
752 996 804 1043 et
824 989 1008 1058 spoliis
1041 989 1239 1043 multis.
1267 987 1362 1042 Ast
1388 989 1654 1043 Artemius
1686 988 2082 1054 magistratibus

521 1077 573 1132 in
605 1079 940 1148 equestribus
968 1079 1165 1134 militiis
1193 1078 1393 1132 idoneis
1419 1119 1434 1145 ,
1479 1087 1534 1132 et
1581 1078 1987 1133 rationabilibus
2037 1078 2092 1132 in

518 1173 679 1227 rebus
702 1173 945 1227 civilibus
972 1172 1246 1237 ordinatis,
1268 1172 1380 1241 jam
1440 1172 1679 1241 requiem
1711 1171 1937 1240 adeptus
1983 1170 2090 1224 de-

516 1265 693 1334 gebat.
722 1265 960 1333 Cumque
989 1266 1193 1322 Arabes
1237 1276 1423 1322 contra
1459 1266 1793 1329 Romaniam,
1829 1267 1855 1295 ⁸
1878 1265 2091 1320 Mauro-

516 1357 776 1425 phorique
797 1369 1129 1414 armarentur
1152 1401 1165 1424 ,
1223 1360 1513 1429 imperator
1535 1360 1680 1414 misit
1721 1360 1994 1429 principes
2034 1359 2090 1414 in

509 1445 717 1518 Syriam
744 1448 807 1502 ad
836 1447 976 1516 Ulid,
1007 1450 1157 1519 quasi
1193 1466 1288 1519 pro
1330 1450 1413 1503 his
1440 1466 1558 1519 qua:
1603 1450 1668 1505 ad
1698 1465 1887 1519 pacem
1919 1451 2089 1520 perti-

508 1548 637 1594 nent
668 1540 959 1604 locuturos,
996 1542 1265 1595 Danielem
1318 1541 1541 1605 scilicet,
1573 1551 1627 1597 et
1652 1543 1793 1598 inter
1821 1543 1956 1598 alios
2001 1542 2089 1598 Si-

521 1630 757 1698 nopitem
792 1631 1090 1699 patricium,
1116 1641 1172 1686 et
1195 1631 1501 1701 praefectum
1530 1632 1697 1700 urbis,
1721 1632 1985 1685 mandans
2007 1630 2087 1685 eis

506 1720 788 1789 diligenter
825 1723 1148 1791 investigare
1188 1722 1254 1777 de
1294 1732 1440 1779 motu
1492 1739 1677 1779 eorum
1707 1765 1723 1791 ,
1783 1732 1834 1776 et
1888 1724 2086 1777 virtute

2197 526 2515 591 munitione,
2533 540 2596 579 ac
2616 524 2806 579 itinere
2843 524 3083 593 ipsorum
3132 524 3184 578 in
3224 523 3494 585 Phoenicem
3536 539 3585 589 ad
3620 541 3677 594 in.

2197 616 2530 671 cendendum
2558 617 2778 685 lignum,
2805 624 2861 670 et
2886 616 3325 685 praeparationem
3370 621 3675 699 Agarenorum,

2195 726 2315 781 qua:
2341 712 2683 766 inveniretur.
2720 710 2962 779 Cumque
3009 726 3202 765 omnes
3244 712 3469 769 alacriter
3492 720 3679 779 obaudis-

2196 810 2333 869 sent,
2364 804 2437 868 hi,
2467 804 2558 872 qui
2598 811 2752 858 erant
2778 800 2976 856 Obsicii
3014 801 3311 858 nullatenus
3336 805 3623 878 admiserunt,
3639 825 3679 870 et

2197 894 2573 963 imperatorem
2596 892 2813 962 quidem
2846 892 3097 946 detestati
3132 902 3269 957 sunt,
3300 893 3547 951 diaconum
3588 916 3679 958 vero

2196 984 2459 1039 Joannem
2490 983 2708 1038 l'rameis
2740 988 3105 1051 peremerunt.
3134 990 3157 1018 ο
3191 981 3254 1036 lli
3301 998 3417 1052 ergo
3438 986 3583 1042 stolidi
3613 991 3681 1047 visi

2195 1074 2263 1128 ad
2289 1090 2384 1129 sua
2415 1074 2803 1143 navigaverunt
2832 1073 2949 1128 loca
2980 1089 2993 1125 :
3020 1072 3095 1127 illi
3124 1087 3250 1127 vero
3267 1089 3474 1142 nequam
3497 1088 3682 1146 operato-

2194 1184 2280 1223 res
2302 1169 2713 1238 contra'regiam
2744 1169 3104 1223 ascenderunt
3152 1168 3351 1222 urbem.
3398 1170 3511 1224 Cum
3556 1184 3680 1230 autem

2195 1259 2554 1314 Adramizium
2585 1258 2868 1327 adiissent,
2899 1268 3187 1327 essentque
3215 1260 3324 1314 sine
3358 1260 3543 1328 capite,
3579 1262 3683 1317 inve.

2194 1363 2391 1409 nerunt
2418 1354 2527 1409 illic
2571 1354 2844 1409 hominem
2898 1353 3205 1420 indigenam
3258 1352 3458 1407 nomine
3503 1353 3684 1409 Theodo-

2195 1448 2363 1515 sium,
2392 1447 2484 1517 qui
2530 1455 2649 1501 erat
2705 1444 2724 1485 τ
2759 1446 3079 1500 tributorum
3113 1444 3430 1515 publicorum
3469 1456 3682 1515 exceptor,

2191 1538 2355 1605 iners,
2388 1553 2452 1593 ac
2494 1539 2678 1603 idiota,
2706 1545 2761 1593 et
2807 1538 3004 1593 hortati
3060 1545 3328 1591 suntcum
3379 1537 3616 1604 imperare.
3640 1541 3684 1590 At

2192 1629 2282 1685 ille
2310 1630 2431 1698 fuga
2459 1629 2639 1698 lapsus
2661 1628 2713 1682 in
2742 1634 2927 1683 monte
2957 1627 3182 1693 latebat,
3210 1640 3364 1696 quem
3389 1627 3614 1680 inventum
3645 1636 3685 1680 ut

2193 1723 2571 1793 imperatorem
2596 1721 2843 1776 laudibus
2865 1721 3202 1786 extulerunt,
3235 1721 3281 1774 vi
3322 1728 3547 1789 Cogentes
3573 1721 3681 1775 hunc.

502 1825 689 1870 contra
714 1818 1024 1871 ltomaniam
1056 1818 1384 1873 instruenda.
1418 1817 1519 1883 Qui
1561 1832 1682 1870 cum
1710 1816 2003 1878 audissent,
2027 1824 2084 1869 et
2114 1788 2164 1849 Β
2190 1810 2393 1879 Quibus
2424 1812 2693 1867 Artemius
2721 1811 2949 1880 cognitis
2972 1849 2989 1877 ,
3038 1810 3276 1880 pra-fecit
3304 1808 3414 1863 urbi
3434 1808 3684 1863 domesticos

502 1917 852 1976 remeassent,
881 1910 1257 1964 nuntiaverunt
1304 1908 1908 1977 imperatori,magnum
1959 1922 2085 1960 con-

502 2009 580 2056 tra
605 2003 804 2069 regiam
829 2002 1015 2056 urbem
1046 2017 1141 2072 per
1166 2011 1383 2065 terram,
1402 2017 1465 2056 ac
1494 2016 1643 2055 mare
1664 2002 2081 2055 instrumentum

500 2107 709 2147 eorum.
730 2090 862 2147 Tum
892 2092 983 2147 ille
1015 2094 1268 2162 praecepit
1296 2107 1576 2161 quousque
1598 2092 1828 2160 quisque
1855 2093 2083 2145 haberet

501 2190 744 2253 sumptus
768 2198 935 2253 usque
960 2182 1025 2237 ad
1051 2184 1266 2238 triennii
1290 2193 1501 2254 tempus
1524 2199 1583 2238 se
1614 2184 1843 2238 sollicite
1871 2199 2079 2253 praepa-

504 2289 646 2341 rare,
674 2275 765 2344 qui
788 2283 968 2329 autem
999 2274 1102 2329 hoc
1128 2290 1233 2329 non
1265 2274 1583 2344 possederit,
1609 2275 1677 2329 ab
1697 2275 1849 2338 urbe,
1885 2275 2076 2342 inquit,

500 2365 760 2422 discedat.
782 2365 1072 2421 Constituit
1104 2374 1284 2421 autem
1312 2367 1626 2437 praepositos
1652 2368 2079 2422 construentium

502 2470 687 2518 naves,
717 2463 773 2509 et
791 2455 953 2524 erepit
975 2454 1242 2512 aedificare
1287 2458 1596 2521 dromones,
1628 2465 1684 2511 et
1723 2457 1914 2512 trieres
1943 2456 2079 2526 igni-

500 2546 663 2613 feras,
686 2556 742 2602 et
766 2548 1026 2603 maximas
1056 2551 1244 2604 trieres
1263 2590 1279 2617 ,
1318 2558 1374 2604 et
1401 2550 1698 2605 maritimos
1725 2550 1940 2622 quidem
1992 2568 2078 2607 re-

502 2640 720 2695 novavit
741 2656 946 2708 muros,
975 2641 1221 2696 similiter
1246 2650 1425 2698 autem
1454 2651 1509 2699 et
1536 2651 1781 2701 terrenos
1811 2687 1826 2714 ,
1881 2646 2077 2701 sistens

495 2730 861 2797 arcobalistas,
892 2734 990 2787 etb
1018 2748 1237 2803 magnas
1262 2735 1314 2791 in
1369 2738 1622 2805 turribus,
1650 2746 1704 2793 et
1731 2747 2076 2806 argumento-

494 2838 581 2877 sas
601 2822 734 2876 alias
764 2823 1057 2891 machinas,
1078 2836 1131 2881 et
1159 2827 1451 2882 secundum
1479 2828 1623 2897 quod
1651 2829 1902 2897 possibile
1933 2835 2069 2891 erat,

494 2911 593 2967 sibi
622 2914 806 2969 urbem
835 2916 1080 2982 munivit,
1114 2915 1398 2986 frugesque
1437 2918 1695 2987 plurimas
1718 2919 1771 2972 in
1804 2918 2073 2987 regalibus

494 3005 703 3060 horreis
723 3008 921 3075 posuit,
954 3015 1116 3076 atque
1141 3010 1495 3063 munitissimo
1515 3010 1588 3064 ibi
1615 3010 1871 3065 servavit.
1906 3010 2067 3065 Anno

495 3097 729 3150 secundo
758 3097 968 3167 imperii
990 3099 1237 3164 Artemii,
1265 3100 1358 3168 qui
1386 3108 1444 3154 et
1472 3100 1769 3165 Anastasii,
1821 3112 2068 3157 mortuus

2193 1906 2439 1959 homines
2463 1920 2589 1960 suos
2606 1904 2875 1974 principes
2903 1919 3022 1957 cum
3052 1902 3194 1957 stolo
3220 1943 3235 1969 ,
3281 1916 3431 1971 quem
3471 1901 3565 1970 ipse
3595 1916 3685 1955 con-

2191 2003 2483 2059 struxerat,
2514 2005 2568 2050 et
2591 1995 2813 2049 armatis
2840 1994 2918 2049 eis
2952 1995 3067 2063 ipse
3094 1994 3309 2048 Niceam
3352 1992 3582 2060 ingressus
3598 1990 3687 2044 abiit

2191 2085 2244 2140 in
2284 2087 2490 2151 urbem,
2513 2094 2569 2139 et
2590 2085 2787 2140 ibidem
2817 2100 2878 2140 se
2906 2085 3099 2139 munit.
3119 2082 3361 2137 ltebelies
3383 2094 3539 2137 autem
3556 2096 3688 2137 ascen-

2192 2177 2379 2232 dentes
2407 2217 2423 2243 ,
2482 2184 2836 2233 eLcommoto
2874 2184 2991 2231 toto
3020 2176 3259 2230 themate
3295 2174 3495 2237 Obsicii,
3520 2182 3565 2228 et
3585 2171 3682 2228 Got-

2192 2268 2472 2336 thograecis
2523 2268 2946 2336 comprehensis,
2978 2265 3270 2335 multisque
3309 2264 3513 2335 pusillis,
3539 2272 3583 2317 et
3602 2277 3681 2315 ma-

2189 2360 2307 2427 gnis
2334 2357 2705 2426 negotiatoriis
2742 2358 2955 2426 scaphis
2985 2372 3081 2425 per
3132 2365 3350 2421 terram,
3391 2362 3441 2409 et
3466 2368 3548 2424 per
3580 2365 3686 2406 mare

2187 2448 2557 2521 ChrySOpolim
2578 2458 2858 2504 venerunt.
2908 2448 3042 2504 Cum
3082 2459 3266 2504 autem
3324 2449 3461 2503 urbis
3485 2446 3632 2501 classis
3652 2445 3687 2499 in

2189 2554 2402 2613 portum
2433 2552 2457 2591 ε
2484 2551 2681 2598 sanctae
2710 2542 2954 2596 Mammas
2981 2542 3271 2597 stationem
3304 2541 3510 2607 ﬁxisset,
3561 2539 3687 2603 singu-

2188 2636 2252 2690 lis
2272 2636 2574 2705 quibusque
2604 2634 2793 2689 diebus
2824 2650 2919 2705 per
2946 2650 3041 2689 sex
3090 2649 3307 2688 menses
3334 2633 3538 2687 invicem
3568 2643 3690 2697 expu-

2185 2734 2434 2795 gnarunt.
2456 2725 2590 2781 Cum
2612 2736 2790 2781 autem
2814 2728 2985 2782 stolus
3017 2727 3166 2784 urbis
3195 2727 3259 2781 ad
3273 2726 3445 2782 Neorii
3471 2724 3589 2779 urbis
3605 2736 3689 2791 por»

2186 2826 2298 2873 tum
2328 2818 2601 2888 profectus
2650 2820 2907 2877 stetisset.
2943 2818 3219 2874 transiens
3236 2818 3549 2873 Theodosius
3566 2815 3688 2869 Thra-

2183 2927 2371 2968 censes
2426 2912 2658 2968 obtinuit
2709 2924 2908 2982 partes.
2958 2910 3272 2967 Proditione
3317 2926 3439 2966 vero
3478 2908 3590 2963 facta
3625 2920 3690 2976 per

2182 3012 2392 3075 portam
2413 3006 2697 3075 singularis
2723 3006 2862 3060 muri
2881 3005 3265 3060 Blacernarum
3286 3006 3466 3059 urbem
3484 3003 3612 3071 cepit.
3626 3000 3692 3053 Ast

2182 3098 2350 3166 iniqui
2380 3099 2578 3154 Obsicii
2621 3100 2823 3169 populi,
2858 3115 2962 3153 una
2999 3115 3120 3154 cum
3152 3098 3531 3167 Gottbogrrecis
3568 3103 3685 3148 noctu

492 3199 574 3244 est
595 3202 615 3227 α
653 3190 771 3245 Ulid
792 3163 1027 3246 Arabum
1058 3191 1186 3257 dux,
1224 3163 1573 3249 ret—Zulcimin
1609 3163 2070 3251 tilius-Habdime-
2099 3163 2149 3229 ο
2178 3163 2491 3260 per—domos
2518 3163 2714 3245 civium
2736 3163 3118 3258 discurrentes,
3137 3192 3273 3246 nulli
3302 3163 3690 3262 parcentesmaxi-

492 3282 599 3336 lieh
630 3281 681 3336 in
708 3281 1006 3353 principatu
1032 3285 1309 3350 successit,
1336 3286 1425 3354 qui
1454 3294 1508 3340 et
1538 3286 1707 3342 tribus
1735 3288 1946 3355 praefuit
1970 3303 2072 3343 an-

492 3375 594 3428 nis.
624 3372 931 3444 Eodemque
955 3390 1096 3430 anno
1123 3377 1414 3433 translatus
1441 3379 1669 3435 aCizico
1701 3378 1833 3435 urbe
1864 3388 2071 3435 metro-

492 3466 599 3534 poli
624 3462 923 3521 Germanus
963 3466 1520 3540 Constantinopolim,
1553 3472 1606 3526 in
1637 3487 1745 3540 quo
1774 3481 1830 3528 et
1856 3471 1882 3509 ἀ
1919 3489 2070 3529 com-

492 3558 836 3613 monitorium
863 3560 1225 3615 translationis
1258 3602 1273 3629 ,
1323 3565 1467 3632 quod
1515 3564 1882 3635 subinl‘ertur,
1935 3583 2065 3636 pro-

491 3647 789 3701 nuntiatum
817 3656 897 3702 est
947 3649 1228 3705 continens
1260 3652 1355 3705 ita.
1388 3650 1686 3717 Electione,
1717 3661 1772 3708 et
1799 3656 2067 3724 approba-

490 3739 634 3793 tione
662 3739 1181 3807 religiosissimorum
1239 3746 1695 3817 presbyterorum,
1734 3755 1789 3801 et
1814 3748 2070 3804 diacono-

490 3844 607 3883 rum
639 3831 805 3886 totius
828 3835 1146 3888 venerabilis
1184 3835 1312 3891 cleri
1339 3879 1354 3901 ,
1401 3837 1646 3906 sacrique
1702 3849 1959 3902 senatus,
2013 3847 2071 3895 et

489 3920 642 3975 amici
664 3920 857 3977 Christi
882 3926 1064 3994 populi
1089 3942 1117 3979 a
1142 3926 1255 3981 Deo
1293 3929 1676 3983 conservanda:
1717 3928 1879 3997 hujus
1910 3931 2069 3999 regias

487 4012 633 4067 urbis
652 4013 830 4068 divina
858 4017 1049 4084 gratia,
1078 4032 1198 4087 qua:
1223 4032 1438 4088 semper
1468 4020 1675 4074 infirma
1697 4030 1870 4086 curat,
1905 4029 1961 4077 et
1980 4037 2065 4088 ea,

486 4124 605 4178 qua:
632 4126 739 4165 non
792 4120 936 4175 sunt,
970 4112 1244 4180 adimplet,
1285 4114 1557 4169 transtulit
1592 4112 1916 4171 Germanum
1945 4131 2070 4171 san-

486 4204 781 4260 ctissimum
798 4205 1077 4275 praesulem
1098 4206 1451 4263 Cizicensium
1478 4210 1842 4277 metropoleos
1871 4210 1924 4263 in
1954 4210 2069 4279 epi—

483 4310 706 4364 scopum
736 4295 897 4364 hujus
925 4312 955 4349 a
986 4297 1096 4351 Deo
1126 4298 1505 4353 conservandae
1527 4338 1545 4366 ,
1592 4314 1655 4354 ac
1704 4298 2066 4368 imperatoria:

484 4382 733 4438 civitatis.
762 4383 925 4439 Facta
973 4394 1057 4441 est
1082 4402 1319 4455 praesens
1347 4390 1627 4446 translatio
1674 4390 1729 4444 in
1781 4389 2066 4460 praesentia

487 4474 758 4530 Michaelis
779 4477 1105 4533 sanctissimi
1144 4482 1465 4553 presbyteri,
1488 4490 1544 4537 et
1589 4482 1902 4553 apocrisarii
1929 4498 2064 4552 apo-

484 4566 688 4620 stolica:
707 4568 873 4632 sedis,
894 4579 950 4624 et
973 4570 1300 4639 reliquorum
1322 4575 1667 4629 sacerdotum
1700 4616 1716 4642 ,
1770 4592 1835 4631 ac
1861 4591 2064 4645 praesu-

484 4658 592 4711 lutn
615 4657 712 4711 sub
741 4659 979 4714 Artemio
1031 4662 1377 4731 imperatore.
1426 4664 1594 4721 Porro
1620 4681 1741 4721 cum
1792 4666 2067 4721 Artemius

484 4744 757 4801 didicisset
784 4749 927 4817 quod
956 4750 1145 4807 classis
1170 4753 1591 4810 Sarracenorum
1618 4758 1686 4810 ab
1736 4757 2063 4811 Alexandria

486 4837 538 4891 in
568 4834 877 4894 Phoenicem
907 4852 1223 4912 properaret
1268 4844 1335 4898 ad
1364 4846 1705 4901 incidendum
1741 4848 1942 4915 lignum
1967 4864 2058 4919 cy-

484 4930 806 5001 pressinum,
832 4932 1018 4988 electis
1039 4950 1104 4988 ex
1128 4938 1345 5006 proprio
1360 4939 1499 4995 slolo
1526 4940 1798 4996 velocibus
1823 4942 2062 5010 scaphis,

482 5026 630 5081 mi'sit
658 5035 868 5082 taxatos
896 5042 965 5081 ex
1004 5028 1239 5083 themate
1279 5027 1513 5097 Obsicio,
1545 5046 1733 5087 omnes
1761 5032 1899 5101 apud
1918 5033 2064 5087 Rho-

483 5117 610 5172 dum
638 5133 851 5173 amnem
884 5119 1064 5188 colligi
1108 5121 1287 5190 jussit,
1330 5126 1729 5193 praeposuitque
1774 5132 2061 5193 praetorem

478 5204 624 5279 ejus,
656 5217 711 5262 et
739 5219 903 5277 caput
927 5207 1190 5266 Joannem
1217 5227 1424 5281 magna:
1464 5214 1708 5269 ecclesiae
1735 5214 2058 5282 ministrum,

483 5302 579 5370 qui
626 5300 905 5357 dicebatur
959 5318 1096 5372 papa
1160 5300 1492 5372 Joannacis,
1547 5305 1746 5372 quique
1798 5305 2063 5373 generalis

485 5397 614 5445 tunc
663 5398 783 5447 erat
828 5392 1125 5461 logotheta.
1156 5392 1206 5448 Is
1234 5409 1365 5464 ergo
1389 5410 1512 5451 cum
1542 5395 1790 5451 Rhodum
1819 5395 2058 5465 adiisset,

554 5570 579 5639 β
745 5573 884 5619 terra
906 5570 1155 5639 marique.

552 5632 579 5669 υ
610 5632 723 5703 AL,
750 5650 1031 5703 mangana.

556 5717 577 5743 ε
606 5702 717 5769 AL,
749 5702 1003 5761 Huuulid.
1028 5708 1252 5763 Arabum
1270 5711 1377 5763 dua:
1406 5721 1454 5765 et
1478 5714 1734 5767 Suliman.

555 5775 577 5810 ἰ
612 5778 932 5846 κοιτατὼριον
947 5805 959 5827 ο

2094 4533 2144 4593 D

2177 3295 2323 3335 mum
2354 3281 2621 3336 excidium
2656 3282 2865 3352 cperati
2902 3291 3047 3337 sunt.
3107 3281 3387 3354 Principes
3434 3290 3602 3346 autem,
3626 3275 3688 3346 qui

2177 3372 2229 3426 in
2251 3386 2315 3427 ea
2331 3380 2486 3426 erant
2507 3373 2729 3427 Artemii
2747 3389 2849 3427 una
2864 3389 2986 3428 cum
3003 3372 3283 3429 Germano
3303 3372 3605 3429 sanctissimo
3617 3383 3689 3438 pa-

2179 3465 2415 3519 triarcha
2427 3463 3025 3536 Constantinopolitano
3048 3469 3467 3539 comprehenso,
3489 3467 3691 3520 duxerunt

2177 3555 2231 3609 in
2257 3571 2436 3611 casam
2474 3556 2737 3623 Artemii,
2782 3565 2837 3613 et
2882 3573 3067 3613 eorum
3122 3560 3369 3629 quicum
3416 3559 3524 3628 ipso
3567 3555 3689 3611 erati!»

2177 3645 2345 3702 Porro
2373 3647 2642 3702 Artemius
2669 3648 2750 3703 his
2774 3648 2898 3703 visis
2914 3649 3355 3720 desperationem
3380 3651 3459 3705 sui
3482 3645 3691 3704 confessus

2176 3738 2523 3805 semetipsum
2556 3738 2791 3805 tradidit,
2822 3741 3093 3810 verboque
3130 3743 3468 3813 impunitatis
3508 3746 3689 3806 accepto.

2173 3830 2473 3885 monastico
2526 3830 2740 3885 indutus
2802 3840 2884 3887 est
2930 3833 3135 3889 habitu.
3197 3838 3369 3903 Quem
3426 3830 3691 3890 Theodosius

2173 3920 2396 3977 illaesum
2430 3938 2710 3979 reservans
2760 3926 2900 3994 apud
2923 3926 3367 3985 Thessalonicam
3397 3928 3565 3984 exsilio
3594 3923 3693 3979 rele-

2174 4012 2337 4080 gavit.
2370 4012 2540 4068 Porro
2556 4012 2884 4084 Philippicus
2910 4018 3365 4087 imperavitannis
3383 4020 3571 4090 quidem
3593 4017 3691 4069 duo-

2171 4101 2289 4166 bus,
2313 4111 2368 4157 et
2394 4103 2668 4159 mensibus
2695 4120 2910 4172 novem,
2939 4107 3219 4166 Artemius
3248 4128 3379 4167 vero
3421 4126 3546 4165 anno
3590 4119 3690 4165 uno,

2171 4203 2229 4250 et
2258 4197 2531 4252 mensibus
2557 4198 2744 4254 tribus.
2780 4198 2891 4254 Leo
2927 4210 3192 4267 prazterea
3241 4220 3364 4261 cum
3393 4210 3525 4258 esset
3549 4204 3691 4269 praetor

2170 4285 2541 4355 Orientalium,
2568 4291 2823 4357 quoniam
2853 4295 3223 4351 auxiliabatur
3251 4295 3509 4363 Artemio,
3529 4306 3611 4347 non
3631 4291 3687 4341 εει

2167 4376 2412 4433 subditus
2460 4377 2787 4437 Theodosio.
2835 4381 3082 4439 Habebat
3129 4394 3318 4442 autem
3362 4384 3686 4453 conspirantem

2168 4469 2288 4535 sibi,
2313 4480 2368 4524 et
2392 4483 2805 4529 concurrentem
2835 4477 3194 4533 Artabesdum
3227 4479 3528 4537 Armenium
3550 4476 3690 4547 prtem-

2172 4579 2287 4619 rem
2312 4564 2776 4634 Armeniacorum,
2808 4570 2894 4624 cui
2916 4579 2972 4625 et
3007 4573 3308 4642 spopondit
3335 4572 3490 4626 tiliam
3512 4579 3632 4623 suam
3649 4573 3689 4615 se

2168 4660 2224 4713 in
2249 4673 2487 4733 uxorem,
2506 4658 2780 4727 daturum,
2804 4661 2950 4729 quod
2981 4672 3035 4716 et
3062 4662 3211 4719 fecit.

2732 4759 3180 4819 THEODOSIUS.

2238 4849 2393 4905 Anno
2418 4852 2485 4907 ab
2505 4853 2879 4912 lncarnationc
2904 4858 3110 4912 Domini
3132 4858 3264 4925 708,
3287 4857 3598 4915 Theodosius
3616 4851 3669 4905 im

2166 4951 2476 5010 peratanno
2506 4961 2632 4999 uno.
2664 4946 2830 5017 Cujus
2884 4956 3127 5019 tempore
3154 4950 3448 5007 Masalmas
3489 4948 3689 5001 adversus

2164 5028 2681 5105 Constantinopolim
2712 5038 2882 5092 aciem
2934 5040 3135 5109 dirigit,
3192 5056 3251 5097 et
3281 5040 3527 5112 prmmisit
3550 5033 3576 5074 ιι
3596 5028 3689 5086 Ζυὶ-

2164 5124 2325 5179 cimin
2353 5143 2474 5181 cum
2507 5131 2746 5185 exercitu
2776 5146 2873 5200 per
2899 5132 3124 5199 siccum,
3148 5134 3479 5189 Haumarum
3503 5133 3689 5191 vel’OPer

2165 5230 2331 5271 mare.
2364 5218 2532 5275 Porro
2555 5222 2667 5291 ipse
2698 5233 2822 5292 post
2851 5240 2945 5279 eos
2965 5240 3087 5280 cum
3108 5227 3287 5280 multo
3314 5229 3559 5295 apparatu
3581 5211 3691 5269 venit

2164 5304 2362 5363 hostili.
2391 5309 2651 5367 Zulciniin
2700 5322 2902 5382 autem,
2933 5324 2989 5370 et
3014 5314 3273 5371 Bacarius
3321 5314 3574 5370 Amorium
3598 5317 3691 5374 per-

2162 5401 2442 5458 venientes
2453 5404 2696 5458 scribunt
2722 5404 2791 5461 ad
2819 5405 3053 5462 Leonem
3079 5415 3371 5477 praetorem
3396 5395 3688 5460 Orientalium

2290 5575 2399 5640 AL,
2422 5576 2540 5629 hinc
2563 5592 2681 5631 vero
2711 5577 2843 5632 uolo
2867 5579 3039 5635 divisi.

2241 5643 2263 5723 ξ
2292 5652 2543 5723 Arcuit»;
2571 5653 2805 5723 πρρᾳτως
2833 5658 2935 5706 τῶν
2951 5650 3228 5723 δημοσόιιυ.

2237 5720 2263 5782 F
2284 5717 2393 5782 AL,
2426 5716 2621 5769 Sancti"
2639 5716 2863 5774 Henna.

2232 5776 2256 5815 ⁸⁸
2286 5776 2392 5850 AL,
2425 5786 2737 5842 Suseliman.
2778 5789 2831 5843 Ι).
2867 5790 3030 5859 Μαι,
3055 5793 3379 5849 Suhelr'ntan.
