3956 6342
300 370 442 427 1075

1338 372 1652 449 HISTORIA
1698 371 2057 430 MISCELLA.
2099 404 2167 417 —
2205 374 2338 432 LIB.
2386 376 2505 432 xx.

3424 383 3447 436 l
3460 383 3568 438 074

294 481 368 536 ita
399 496 413 535 :
445 480 702 538 Novimus
727 482 851 552 quia
873 483 1156 553 imperium
1186 482 1552 538 Romanorum
1583 490 1639 538 te
1664 481 1822 538 decet
1853 520 1871 545 ,
1903 485 1950 541 A
1979 482 2231 548 minibus,
2254 484 2339 539 vel
2366 486 2726 541 animantibus
2751 528 2767 554 ,
2798 487 2891 555 qui
2926 500 3322 555 remanserunt,
3354 480 3561 547 nullum

292 572 416 625 veni
465 588 593 642 ergo
631 572 698 625 ad
755 588 873 637 nos,
906 582 961 627 et
1010 574 1336 643 loquamur,
1395 589 1515 642 quae
1563 573 1630 626 ad
1685 588 1873 643 pacem

288 672 439 720 sunt.
485 671 511 700 ι
559 661 790 717 lunuens
828 672 1007 718 autem
1062 662 1323 719 Zulcimin
1375 662 1657 718 Amorium
1714 679 1869 718 exer-

288 753 460 809 citum
493 767 597 807 non
641 744 860 819 habere,
891 762 949 808 et
981 753 1256 807 inimicitia
1288 767 1454 822 penes
1504 754 1873 820 magistratum

282 847 477 915 jacere
506 845 576 899 ob
601 845 858 899 auxilium
881 845 1024 916 quod
1046 846 1287 900 Artemio
1312 844 1644 911 conferebat,
1667 845 1877 899 obsedit

286 936 441 1001 illud,
463 938 650 990 volens
672 937 761 992 ille
798 936 1087 991 Masalman
1131 946 1468 1006 exspectare.
1522 936 1645 991 Mox
1694 943 1872 990 autem

286 1038 348 1083 ut
375 1029 824 1098 appropinquavit
876 1029 1103 1095 civitati,
1130 1037 1411 1098 cmperunt
1438 1027 1721 1083 Sarraceni
1752 1027 1874 1082 lau-

285 1123 444 1177 dibus
470 1121 746 1176 ditl‘amare
778 1129 1063 1190 praetorem
1095 1121 1326 1175 Leonem
1355 1120 1757 1188 imperatorem,
1781 1135 1873 1173 ro-

281 1224 476 1281 gantes
504 1220 559 1266 et
588 1213 686 1266 bos
713 1212 805 1280 qui
836 1213 980 1267 intus
1016 1219 1171 1265 erant
1216 1211 1445 1279 idipsum
1502 1209 1735 1264 efﬁcere.
1779 1209 1872 1264 Vi-

279 1303 474 1358 dentes
497 1312 676 1357 autem
703 1313 757 1358 et
786 1303 861 1369 hi,
886 1304 977 1372 qui
1020 1311 1180 1357 erant
1229 1302 1453 1365 Amorii,
1482 1301 1630 1370 quod
1682 1303 1871 1357 Sarra-

279 1398 402 1452 ceni
438 1398 578 1451 hunc
625 1411 810 1451 amore
864 1396 1184 1461 laudarent,
1232 1395 1590 1450 laudaverunt
1643 1402 1696 1449 et
1745 1395 1866 1464 ipsi.

276 1486 630 1556 Cognoscens
658 1503 789 1543 vero
813 1498 1014 1559 praetor
1039 1489 1184 1559 quod
1200 1478 1434 1554 'taxatis,
1458 1506 1521 1544 ac
1544 1489 1869 1559 principibus

276 1596 389 1634 non
419 1580 772 1635 existentibus
793 1580 1083 1649 petiturum
1107 1581 1243 1636 foret
1276 1580 1573 1649 Amorium,
1603 1581 1868 1650 signiﬁcat

275 1674 543 1729 Zulcimin
573 1692 584 1725 :
619 1674 675 1729 Si
706 1674 807 1739 vis,
840 1674 1104 1745 inquiens,
1136 1683 1196 1729 ut
1225 1676 1434 1730 veniam
1467 1676 1533 1730 ad
1562 1684 1636 1739 te,
1667 1683 1722 1731 et
1749 1688 1868 1743 qua:

270 1768 425 1838 pacis
448 1776 570 1821 sunt
590 1767 894 1835 loquamur,
918 1784 1014 1822 cur
1040 1768 1258 1825 obsides
1292 1771 1608 1825 civitatem?
1637 1771 1703 1824 At
1726 1771 1818 1825 ille
1848 1788 1862 1824 :

269 1970 395 2010 cum
428 1954 681 2008 trecentis
704 1954 974 2023 equitibus
992 1956 1143 2009 venit
1168 1954 1232 2010 ad
1276 1954 1441 2009 illum.
1483 1953 1737 2009 Videntes
1762 1969 1861 2009 au-

272 2057 386 2101 tem
413 2061 536 2102 eum
568 2047 799 2115 Agareni
833 2046 1011 2101 vestiti
1045 2047 1227 2102 loricis
1252 2047 1363 2102 suis
1385 2054 1651 2101 venierunt
1680 2047 1729 2101 ei
1765 2047 1860 2102 ob-

190 2159 201 2166 -
270 2140 443 2208 viam,
472 2140 596 2210 quia
624 2141 877 2195 manebat
914 2140 1136 2196 dimidio
1166 2141 1352 2211 procul
1397 2157 1424 2194 a
1456 2142 1645 2196 castris
1673 2156 1860 2197 corum

270 2246 388 2287 uno
417 2230 685 2285 milliaria.
724 2229 827 2286 Per
849 2241 958 2286 tres
986 2247 1117 2286 sane
1147 2232 1263 2286 dies
1290 2246 1357 2286 eo
1384 2231 1741 2301 procedente,
1794 2233 1860 2289 ad

275 2325 475 2395 ipsum,
509 2338 628 2391 quae
660 2322 728 2377 ad
778 2339 963 2394 pacem
993 2332 1138 2389 sunt,
1168 2324 1543 2393 loquebantur,
1563 2335 1619 2380 et
1648 2335 1757 2380 uta
1784 2327 1860 2381 ci-

266 2417 441 2471 vitate
478 2416 811 2471 recederent.
858 2416 926 2469 At
968 2415 1043 2469 illi
1092 2417 1449 2470 asserebant:
1497 2415 1713 2486 Sponde
1765 2431 1861 2487 pa-

266 2522 412 2570 cem,
431 2517 485 2561 et
499 2507 820 2561 recedimus.
837 2505 1130 2576 Comperto
1145 2523 1276 2562 vero
1292 2516 1490 2578 praetor
1502 2509 1646 2579 quod
1661 2509 1861 2563 vellent

266 2615 393 2654 eum
424 2600 656 2654 retinere
680 2640 695 2665 ,
742 2600 950 2654 vocavit
987 2601 1185 2654 multos
1213 2617 1278 2654 ex
1332 2601 1626 2655 illustribus
1676 2603 1861 2656 Sarra-

271 2693 424 2747 cenis
444 2691 510 2745 ad
529 2706 761 2758 cumam,
785 2690 1297 2746 etdescendentihus
1319 2692 1414 2755 eis,
1438 2693 1583 2747 misit
1597 2692 1859 2749 Zulcimin

265 2785 372 2838 tria
400 2784 571 2838 millia
600 2783 948 2838 loricatorum
991 2784 1057 2838 ad
1106 2784 1549 2839 circumdandum
1614 2800 1734 2839 cum
1793 2799 1860 2840 ne

264 2874 499 2943 fugeret,
531 2883 587 2929 et
634 2876 976 2941 servandum,
1031 2876 1121 2945 qui
1168 2875 1380 2945 cngnita
1436 2875 1677 2930 custodia
1724 2893 1858 2931 nun-

268 2969 410 3021 tiant
440 2968 513 3034 ei,
544 2968 670 3036 quia
720 2966 1011 3021 multitudo
1059 2968 1386 3036 equestrium
1433 2965 1855 3022 Sarracenorum

267 3060 321 3114 in
354 3059 582 3114 circuitu
642 3068 827 3113 nostro
877 3068 1004 3113 stat.
1036 3059 1266 3112 Veniens
1297 3069 1474 3115 autem
1510 3075 1646 3113 unus
1684 3076 1749 3113 ex
1780 3059 1858 3114 eis

266 3168 436 3223 eques
483 3152 699 3207 nomine
738 3151 954 3216 Zubeir,
1000 3153 1051 3206 in
1096 3154 1380 3222 praesentia
1428 3154 1583 3208 stetit
1629 3152 1853 3208 dicens:

270 3217 472 3303 Servus
501 3246 707 3301 furatus
738 3248 995 3317 pecunias
1042 3217 1236 3301 multas
1268 3248 1422 3315 fugit,
1455 3262 1510 3301 et
1538 3254 1759 3317 propter
1788 3246 1855 3301 il-
1886 3217 1930 3279 Ο

271 3340 385 3396 lum
408 3340 563 3409 equis
585 3339 897 3394 insedimus.
947 3339 1116 3393 Porro
1143 3340 1377 3409 ipsorum
1431 3341 1608 3408 agnita
1663 3349 1858 3409 prator

266 3430 594 3499 deceptione
622 3430 756 3484 dixit
791 3430 860 3484 ad
889 3446 1010 3486 eum
1036 3448 1051 3484 :
1088 3430 1164 3485 Ne
1191 3431 1476 3485 turbemini
1499 3473 1513 3497 ,
1570 3446 1691 3485 nam
1721 3447 1855 3502 quo-

265 3536 483 3591 cunque
533 3521 834 3590 perrexerit
867 3559 882 3584 ,
960 3522 1011 3575 in
1069 3524 1258 3575 castris
1282 3522 1478 3575 nostris
1527 3524 1855 3591 reperiemus

264 3631 414 3671 eum.
439 3613 705 3671 Trtstatus
756 3625 935 3669 autem
978 3616 1146 3671 voluit
1196 3618 1405 3672 occulte
1455 3634 1550 3687 per
1582 3618 1851 3673 hominem

264 3723 423 3762 suum
454 3707 794 3761 innotescere
822 3706 928 3773 his,
955 3708 1045 3776 qui
1078 3707 1471 3771 Amoriierant,
1504 3711 1687 3764 dicens
1716 3729 1727 3763 :
1760 3709 1852 3764 Ti-

264 3807 414 3855 mete
446 3798 632 3862 Deum,
658 3813 723 3853 ne
764 3802 1118 3877 vosmetipsos
1148 3800 1423 3870 prodatis:
1458 3817 1585 3857 ecce
1623 3803 1764 3856 enim
1796 3813 1852 3859 et

271 3892 562 3948 Masalmas
590 3895 1002 3963 appropinquat,
1034 3903 1088 3948 et
1108 3896 1237 3949 exiit
1275 3897 1435 3949 etiam
1467 3896 1753 3965 episcopus
1781 3897 1852 3952 ad

269 4003 421 4051 eum,
451 3995 503 4041 et
528 3986 716 4042 eadem
745 3987 856 4057 ipsa
884 3986 1013 4041 dicit
1039 3988 1109 4043 ei.
1141 3989 1272 4042 Cum
1323 4004 1448 4043 vero
1479 3987 1739 4043 Zulcimin
1773 3989 1853 4042 di-

265 4078 489 4132 dicisset
509 4078 650 4146 quod
673 4077 871 4131 exisset
914 4077 980 4130 ad
1035 4092 1155 4131 eum
1203 4078 1523 4148 episc0pus,
1574 4077 1737 4131 mittit
1784 4078 1852 4133 ad

264 4180 554 4243 prtetorem
600 4171 783 4226 dicens
808 4190 820 4225 :
850 4171 923 4225 Da
975 4172 1130 4226 nobis
1155 4171 1487 4241 episcopum,
1511 4172 1597 4241 qui
1629 4181 1850 4228 moestus

268 4263 444 4318 factus
470 4262 754 4317 abscondit
778 4278 923 4330 eum,
953 4271 1007 4317 et
1051 4263 1260 4318 cuidam
1310 4263 1581 4316 hominum
1630 4277 1850 4316 suorum

260 4356 599 4426 praecipiens,
628 4354 813 4417 Nobis,
842 4355 1031 4422 inquit,
1055 4352 1505 4424 colloquentibus,
1538 4348 1705 4407 indue
1729 4369 1849 4408 eum

260 4446 384 4499 aliis
410 4445 580 4507 stolis,
607 4454 660 4498 et
687 4445 839 4514 quasi
861 4452 1080 4513 pr0pter
1102 4445 1263 4511 ligna,
1282 4444 1361 4497 vel
1388 4458 1580 4511 aquam
1603 4444 1848 4512 missum,

259 4538 382 4594 sine
414 4548 472 4591 nt
500 4537 659 4591 vadat
700 4539 752 4591 in
783 4546 1013 4591 montes.
1048 4537 1421 4591 insistentibus
1453 4545 1631 4589 autem
1652 4554 1748 4606 pro
1777 4552 1843 4593 eo

258 4630 600 4695 Sarracenis,
636 4630 765 4684 dicit
796 4640 1035 4700 praetor:
1067 4628 1092 4666 ι)
1126 4628 1314 4684 Nonne
1334 4630 1455 4684 hic?
1478 4640 1849 4687 verumtamen

256 4722 471 4793 pergite
500 4722 567 4776 ad
598 4724 857 4788 Amiram,
894 4731 950 4777 et
987 4724 1144 4777 venio
1180 4724 1314 4793 ipse,
1340 4732 1395 4778 et
1421 4724 1489 4777 de
1518 4724 1728 4778 cunctis
1769 4723 1850 4780 lo-

257 4829 512 4884 quemur.
537 4815 635 4884 Ipsi
669 4823 848 4868 autem
880 4815 1179 4884 cogitantes
1207 4814 1352 4883 quod
1407 4830 1527 4869 cum
1579 4816 1854 4869 introisset

258 4909 329 4963 ad
358 4908 621 4970 Amiram,
652 4908 705 4962 in
737 4907 915 4963 medio
947 4908 1183 4976 ipsorum
1214 4908 1511 4962 retinerent
1537 4923 1683 4975 eum,
1708 4907 1851 4963 hunc

257 5001 599 5055 dimiserunt.
633 5000 702 5052 At
728 4998 817 5053 ille
867 5014 988 5053 cum
1019 5013 1158 5068 equo
1188 4999 1492 5066 insedisset,
1514 4999 1851 5070 profecturus

256 5108 382 5148 cum
412 5092 719 5148 hominibus
746 5090 1014 5157 ducentis,
1049 5091 1201 5161 quasi
1229 5100 1520 5146 venaturus
1543 5131 1557 5157 ,
1614 5093 1762 5147 dedit
1790 5108 1851 5149 se

258 5185 315 5239 in
360 5192 569 5253 partem
596 5183 888 5238 sinistram.
924 5182 1206 5237 Sarraceni
1259 5196 1407 5252 ergo,
1432 5183 1521 5253 qui
1549 5191 1846 5239 erantcum

258 5291 364 5339 eo,
408 5274 595 5329 dicunt
649 5273 699 5329 ei
729 5293 741 5328 :
768 5275 886 5341 Quo
906 5273 1092 5329 vadis?
1118 5275 1207 5344 qui
1258 5275 1367 5329 ait:
1399 5275 1455 5330 ln
1506 5276 1673 5346 pratis
1722 5276 1847 5332 volo

257 5384 501 5424 manere.
537 5368 611 5426 At
653 5369 728 5424 illi
757 5370 1035 5437 dixerunt,
1086 5367 1377 5424 Consilium
1417 5378 1562 5425 tuum
1613 5386 1720 5426 non
1766 5379 1848 5425 est

258 5464 487 5532 bonum,
525 5473 580 5519 et
621 5479 729 5519 non
758 5465 1002 5519 venimus
1052 5473 1248 5519 tecum.
1300 5462 1449 5518 Tunc
1496 5472 1692 5534 praetor
1718 5464 1847 5519 dicit

259 5557 374 5611 suis
411 5574 423 5609 :
455 5553 636 5612 Verbo
686 5557 839 5612 nobis
883 5557 1009 5611 dato
1063 5567 1244 5611 tenere
1284 5570 1385 5612 nos
1428 5556 1733 5620 voluerunt,
1792 5564 1846 5612 et

261 5655 486 5719 propter
512 5663 610 5703 nos
637 5647 974 5705 Christianos
1002 5647 1250 5719 perdere.
1296 5647 1495 5703 Verum
1534 5662 1603 5703 ex
1630 5647 1713 5703 bis
1740 5646 1842 5703 ho-

329 5784 360 5814 ⁸
395 5782 504 5848 Al.,
526 5784 752 5837 intuens.

328 5857 360 5898 δ
389 5851 499 5917 ΔΙ..
530 5869 634 5906 non
669 5862 745 5906 est
774 5853 874 5907 hic.

1980 572 2233 627 retinent.
2267 574 2472 629 Etcum
2498 575 2661 629 issent
2697 573 2929 630 millibus
2958 576 3166 643 decem,
3192 581 3407 636 mansit.
3434 581 3563 638 Pos-

1981 671 2094 717 tera
2111 680 2239 719 vero
2269 665 2356 720 die
2377 667 2540 721 mittit
2587 676 2876 722 stratnrum
2929 684 3149 724 suorum
3181 671 3561 740 domesticum,

1979 762 2033 809 et
2059 756 2325 823 signiﬁcat
2350 758 2427 811 eis
2456 776 2467 810 :
2503 758 2636 825 Quia
2665 760 2885 815 verbum
2915 762 3044 816 mihi
3075 762 3320 828 dedistis,
3354 776 3409 821 et
3436 767 3562 824 dolo

1979 863 2067 903 me
2113 850 2346 904 retinere
2375 852 2648 915 voluistis,
2682 853 2881 908 ideirco
2923 856 3141 910 recessi.
3190 858 3257 910 At
3288 874 3416 913 vero
3446 858 3561 914 Ma-

1977 937 2171 993 salmas
2216 940 2490 995 clausuras
2534 942 2776 1006 tenebat,
2824 953 2880 997 et
2929 948 3232 1002 transierat.
3293 947 3560 1006 Zulcimin

1978 1037 2156 1082 autem
2186 1030 2288 1085 huc
2312 1032 2607 1099 ignorabat.
2644 1032 2811 1089 Porro
2841 1039 3147 1092 tumultuati
3172 1047 3299 1093 sunt
3322 1040 3559 1108 Amirmi,

1977 1130 2032 1177 et
2062 1120 2289 1191 populus
2320 1122 2579 1178 Zulcimin
2603 1126 2970 1194 perhibentes,
3000 1139 3053 1182 ut
3094 1129 3222 1199 quid
3254 1131 3561 1190 obsidemus

1974 1227 2186 1276 muros,
2216 1220 2270 1267 et
2300 1213 2631 1269 incursiones
2655 1232 2760 1270 non
2793 1217 3053 1273 facimus?
3084 1220 3455 1290 Depositisque
3488 1231 3562 1277 ta.

1974 1303 2279 1359 bernaculis
2324 1304 2704 1361 discesserunt.
2774 1307 2980 1365 Praetor
3040 1321 3218 1367 autem
3263 1326 3284 1353 ο
3318 1313 3559 1371 Nicetam

1974 1393 2357 1451 Turmarcham
2400 1413 2519 1451 cum
2558 1401 2877 1468 octingentis
2902 1402 3158 1458 militibus
3197 1405 3249 1459 in
3283 1408 3558 1464 Amorium

1972 1486 2293 1554 introduxit,
2322 1491 2530 1549 emissis
2561 1494 2742 1547 tnultis
2772 1495 3086 1551 mulieribus
3113 1539 3129 1564 ,
3160 1506 3214 1552 et
3244 1499 3557 1569 infantibus,

1972 1585 2028 1633 et
2074 1579 2431 1648 proﬁciscitur
2462 1583 2512 1636 in
2555 1582 2827 1639 Pisidiam.
2873 1584 3006 1641 Cum
3054 1596 3234 1643 autem
3278 1591 3560 1648 Masalmas

1974 1672 2204 1729 venisset
2252 1674 2305 1729 in
2331 1673 2750 1745 Cappadociam,
2778 1678 2805 1715 ά
2828 1679 3077 1734 exierunt
3116 1682 3183 1736 ad
3227 1697 3369 1748 eum,
3415 1693 3474 1738 ut
3501 1701 3561 1739 se

1971 1764 2241 1834 reciperet
2280 1764 2606 1835 flagitantes.
2663 1769 2857 1824 Audita
2886 1785 3017 1825 vero
3067 1773 3350 1827 Masalmas
3382 1773 3559 1829 inimi-

168 1851 181 1861 ’
279 1860 433 1927 Veni,
458 1859 650 1927 inquit,
671 1860 1291 1930 etrecedo;et,accepto
1306 1863 1371 1915 ab
1386 1862 1863 1931 eoverho,pr:etor
1904 1846 1937 1897 Π
1966 1854 2111 1921 cilia,
2147 1872 2306 1926 quam
2339 1859 2571 1915 habebat
2599 1858 2934 1917 Theodosius
2958 1863 3011 1917 in
3044 1874 3350 1934 prtetorem,
3373 1866 3558 1923 volens

1967 1946 2110 2002 hunc
2132 1948 2403 2019 decipere,
2439 1962 2491 2005 et
2523 1953 2722 2021 pacisci
2744 1969 2865 2009 cum
2912 1970 2999 2020 eo,
3030 1971 3092 2011 ac
3120 1973 3217 2027 per
3245 1958 3417 2028 ipsum
3448 1957 3558 2015 Ro-

1966 2040 2199 2094 maniam
2230 2041 2329 2096 sibi
2347 2042 2636 2111 subjicere,
2661 2044 2789 2100 dicit
2814 2046 2892 2101 eis
2926 2066 2939 2101 :
2970 2047 3086 2102 Non
3116 2050 3246 2105 estis
3269 2050 3557 2119 praetoris?

1965 2129 2036 2183 At
2056 2130 2131 2184 illi
2161 2150 2172 2184 :
2204 2132 2396 2187 Etiam.
2427 2133 2528 2200 Qui
2557 2135 2689 2188 dixit
2710 2135 2936 2192 :Facitis
2960 2139 3213 2208 quidquid
3239 2140 3353 2211 ipse
3386 2141 3509 2198 facit
3534 2143 3559 2198 2

1968 2222 2068 2289 Qui
2100 2223 2357 2279 dixerunt
2391 2244 2404 2279 :
2442 2227 2635 2282 Etiam.
2686 2227 2837 2283 Tunc
2856 2230 2984 2285 dicit
3013 2231 3093 2285 eis
3121 2246 3134 2284 :
3167 2229 3243 2287 Ite
3282 2233 3348 2288 ad
3377 2243 3556 2291 castra

1963 2322 2166 2382 vestra,
2191 2323 2246 2371 et
2268 2331 2594 2386 quemquam
2627 2318 2815 2374 timere
2844 2320 3029 2375 nolite.
3054 2321 3325 2393 iussitque
3353 2326 3555 2396 populo

1963 2425 2063 2465 suo
2094 2425 2163 2464 ne
2195 2410 2566 2481 prmdarentur
2596 2412 2648 2466 in
2672 2416 2879 2469 cunctis
2898 2416 3204 2484 provinciis.
3233 2415 3327 2472 His
3356 2427 3556 2488 praetor

1963 2505 2277 2574 compertis,
2332 2513 2389 2560 et
2417 2505 2755 2574 intelligens,
2787 2507 2932 2577 quod
2975 2507 3236 2563 Zulcimin
3282 2512 3558 2567 nuntiaret

1962 2593 2260 2659 Masaltnm,
2291 2596 2434 2666 quod
2485 2612 2543 2651 se
2591 2598 2883 2666 dimiserit,
2918 2606 2974 2653 et
3016 2599 3359 2665 discesserit,
3408 2601 3556 2656 misit

1964 2688 2173 2742 litteras
2202 2688 2268 2742 ad
2299 2689 2585 2744 Masalman
2617 2691 2799 2745 dicens
2828 2710 2840 2744 :
2871 2690 2952 2745 Ad
2981 2701 3033 2746 te
3070 2693 3314 2747 volebam
3346 2696 3550 2761 venire,

1962 2779 2058 2835 sed
2088 2778 2350 2834 Zulcimin
2390 2796 2510 2834 cum
2562 2782 2861 2837 evenissent
2886 2824 2905 2852 ,
2937 2792 3122 2838 tenere
3163 2799 3249 2839 me
3277 2784 3468 2849 voluit,
3500 2795 3557 2842 et

1963 2872 2169 2927 idcirco
2218 2882 2399 2927 metuo
2450 2875 2634 2929 venire
2660 2876 2727 2929 ad
2778 2884 2855 2931 te.
2902 2876 3041 2931 Dicit
3086 2892 3214 2945 ergo
3266 2876 3552 2936 Masalmas

1962 2964 2164 3020 homini
2200 2966 2448 3034 prmtoris
2479 2983 2492 3019 :
2526 2965 2657 3019 Novi
2688 2967 2832 3036 quod
2864 2967 3053 3021 illudat
3082 2969 3212 3022 mihi
3237 2977 3457 3038 prtetor.
3483 2986 3553 3026 ne

1962 3056 2179 3125 penitus
2231 3056 2509 3125 deprmder
2565 3058 2873 3127 provincias
2925 3059 3059 3128 ejus.
3124 3060 3261 3115 Dicit
3286 3063 3335 3115 ei
3388 3061 3554 3117 homo

1963 3149 2208 3218 prmtoris
2242 3164 2256 3202 :
2288 3148 2403 3203 Non
2447 3157 2529 3203 est
2568 3149 2662 3215 ita,
2712 3149 2805 3205 sed
2852 3150 2903 3205 in
2935 3151 3166 3206 veritate
3205 3152 3394 3208 scribit
3430 3154 3549 3210 tibi.

1966 3239 2115 3295 Tunc
2141 3240 2434 3309 interrogat
2467 3257 2480 3295 :
2514 3241 2796 3308 Quomodo
2832 3250 2955 3307 est,
3007 3244 3220 3313 inquit,
3267 3244 3547 3301 Amorium

1960 3347 2088 3399 erga
2116 3332 2451 3391 illum?Ait:
2482 3333 2647 3399 Bene,
2680 3342 2735 3387 et
2769 3335 2821 3389 in
2846 3335 3184 3405 subjectione
3211 3336 3348 3407 ejus.
3381 3337 3553 3394 Iratus

1957 3432 2134 3477 autem
2152 3423 2359 3492 injuriis
2376 3424 2535 3480 afﬁcit
2560 3441 2681 3480 eum
2700 3425 2884 3482 dicens
2902 3448 2914 3482 :
2935 3426 3042 3483 Cur
3054 3428 3332 3484 mentiris?
3348 3430 3414 3483 At
3427 3429 3513 3485 ille
3534 3449 3549 3486 :

1958 3515 2035 3570 ita
2065 3525 2163 3579 est,
2198 3526 2255 3571 ut
2278 3517 2406 3572 dixi.
2439 3517 2503 3570 Et
2527 3526 2736 3574 taxatas
2763 3520 2907 3574 misit
2938 3536 3039 3574 una
3059 3536 3181 3576 cum
3214 3520 3548 3579 Turmarcha

1956 3608 2008 3661 in
2041 3608 2234 3676 ipsum,
2268 3617 2322 3661 et
2362 3608 2550 3662 eduxit
2604 3610 3024 3667 abundantiores
3062 3610 3313 3666 familias.
3359 3611 3547 3667 Tribu-

1957 3700 2158 3754 latione
2203 3700 2381 3767 itaque
2412 3700 2614 3768 ingenti
2667 3700 2947 3755 Masalmas
2994 3717 3157 3772 super
3196 3703 3299 3759 hoc
3324 3714 3547 3773 accepta

1955 3807 2078 3846 cum
2109 3789 2290 3844 furore
2338 3791 2544 3861 expulit
2572 3805 2716 3845 eum.
2757 3789 3051 3847 Consilium
3075 3795 3274 3864 quippe
3311 3795 3548 3850 habebat

1955 3893 2139 3940 testate
2167 3898 2359 3953 capere
2391 3882 2516 3937 illud
2542 3922 2558 3948 ,
2606 3891 2661 3937 et
2712 3884 3057 3953 exspectandi
3088 3885 3339 3952 classem,
3387 3895 3440 3941 et
3465 3887 3546 3943 sic

1955 3976 2010 4031 in
2042 3976 2224 4030 Asiam
2255 3974 2651 4039 descendendi,
2682 3983 2842 4045 atque
2885 3977 3176 4030 hiemandi.
3209 3977 3350 4047 Ergo
3396 3980 3545 4048 qua.

1955 4069 2059 4125 sito
2106 4068 2297 4120 iterum
2348 4066 2592 4135 praetoris
2652 4066 2871 4121 homine
2920 4068 3297 4123 sciscitabatur
3340 4069 3408 4123 ab
3456 4086 3542 4127 eo.

1955 4160 2048 4215 Ille
2076 4175 2205 4213 vero
2236 4158 2589 4228 jurejurando
2612 4158 2745 4213 dixit
2776 4160 2842 4214 ad
2883 4176 3004 4215 eum
3040 4180 3051 4213 :
3084 4159 3273 4216 Omnia
3304 4178 3423 4232 qua:
3455 4163 3542 4220 aio

1956 4252 2072 4317 tibi,
2103 4267 2227 4305 vera
2269 4259 2412 4315 sunt,
2468 4249 2565 4304 sed
2616 4259 2671 4304 et
2710 4252 2860 4304 mulli
2893 4252 2943 4305 in
2976 4251 3027 4306 id
3060 4253 3224 4306 laxati
3253 4269 3374 4308 cum
3405 4252 3542 4309 Tur-

1952 4344 2173 4400 marcha
2219 4344 2443 4410 ingressi
2477 4352 2635 4408 sunt,
2665 4353 3020 4413 cunctamque
3050 4345 3403 4399 substantiam
3443 4346 3542 4401 ibi-

1954 4439 2076 4493 dem
2130 4436 2482 4490 habitantium
2507 4478 2523 4504 ,
2554 4444 2609 4490 et
2657 4438 2848 4506 inopes
2874 4437 3111 4493 familias
3147 4438 3333 4494 eduxit
3369 4441 3538 4498 illinc.

1956 4529 2050 4583 His
2076 4529 2269 4584 auditis
2306 4528 2490 4583 scribit
2520 4530 2734 4598 prmtori
2772 4550 2782 4583 :
2818 4529 2976 4596 Veni,
3030 4531 3294 4599 inquiens,
3344 4534 3408 4588 ad
3432 4550 3539 4602 me,

1957 4630 2013 4677 et
2040 4630 2213 4676 tecum
2255 4621 2520 4690 paciscor,
2560 4628 2615 4674 et
2644 4620 2894 4676 universa
2923 4629 2981 4691 ut
3008 4622 3090 4675 vis
3120 4623 3342 4692 parabo.
3401 4624 3540 4681 Con-

1957 4718 2245 4786 templatus
2273 4716 2433 4784 igitur
2465 4724 2683 4784 prator,
2736 4714 2882 4784 quod
2934 4716 3202 4770 Masalmae
3247 4720 3539 4789 appropin-

1953 4818 2207 4881 quasset,
2234 4819 2288 4865 et
2311 4809 2454 4878 quod
2494 4809 2545 4864 in
2588 4809 2707 4867 aliis
2742 4810 2977 4879 quinque
3021 4809 3211 4865 diebus
3237 4813 3539 4880 provincias

1952 4919 2079 4959 suas
2111 4902 2431 4957 transiturus
2461 4911 2621 4967 esset,
2657 4902 2833 4955 missis
2856 4900 2922 4955 ad
2959 4916 3081 4955 eum
3109 4901 3319 4957 duobus
3339 4918 3537 4959 Consu-

1953 4995 2093 5049 libus
2115 5038 2129 5059 ,
2163 4993 2427 5063 signiﬁcat
2473 4992 2522 5048 ei
2561 4993 2747 5048 dicens
2774 5011 2786 5045 :
2819 4993 3050 5048 Litteras
3075 5003 3193 5049 tuas
3231 4996 3456 5065 accepi,
3485 5004 3542 5052 et

1952 5087 2284 5143 voluntatem
2315 5094 2458 5141 tuam
2507 5086 2766 5156 suscepi,
2816 5102 2883 5142 en
2923 5086 2991 5140 ad
3043 5096 3096 5141 te
3119 5088 3297 5144 venio.
3342 5088 3447 5144 Sed
3478 5097 3537 5143 ut

1953 5179 2113 5245 nosti,
2144 5187 2341 5247 praetor
2365 5194 2503 5244 sum,
2529 5187 2584 5233 et
2606 5178 2850 5247 pecunia,
2872 5190 2927 5233 et
2954 5188 3252 5247 argentum,
3276 5190 3330 5234 et
3361 5196 3535 5251 popu-

1951 5271 2033 5324 lus
2054 5284 2141 5324 me
2170 5277 2451 5323 secuturus
2472 5277 2572 5323 est.
2604 5269 2670 5323 At
2693 5269 2945 5339 permitte
2975 5269 3105 5323 mihi
3128 5285 3223 5339 per
3242 5270 3349 5326 hoc
3376 5285 3537 5341 super

1950 5375 2280 5429 unoquoque
2322 5360 2561 5429 ipsorum
2585 5360 2826 5415 verbum.
2879 5358 2943 5413 Et
2970 5361 3234 5429 siquidem
3275 5362 3536 5432 quemad-

1949 5451 2165 5506 modum
2208 5451 2423 5519 requiro
2477 5465 2546 5506 ex
2600 5451 2775 5517 vobis,
2800 5467 2960 5506 causa
3014 5468 3134 5507 mea
3177 5452 3339 5508 fuerit
3366 5453 3530 5524 facta,

1949 5544 2104 5605 bene,
2142 5550 2197 5596 et
2226 5543 2429 5612 optime
2455 5560 2468 5595 :
2501 5542 2583 5597 sin
2610 5551 2808 5610 autem,
2834 5543 3101 5599 indemnis
3124 5545 3334 5612 saltem,
3358 5558 3415 5603 et
3438 5548 3534 5603 tri-

1947 5636 2223 5692 bulatione
2248 5634 2558 5704 proﬁciscar
2596 5644 2848 5706 excepta.
2872 5637 3194 5694 Consulibus
3227 5654 3359 5709 ergo
3397 5656 3526 5711 per-

2024 5776 2046 5803 ε
2091 5770 2174 5825 Al.
2210 5770 2449 5825 Niream.

2021 5836 2047 5874 ἀ
2074 5842 2182 5907 AL,
2213 5842 2473 5912 desperati
2494 5861 2646 5917 super
2674 5862 2729 5900 se.
2748 5844 3077 5918 Cappadoces
3101 5848 3359 5903 exierunt.
