3956 6342
261 265 407 322 εον-1

1330 261 1648 321 HISTORIA
1685 256 2049 317 IIISCELLA.
2091 289 2161 305 -—
2200 263 2330 320 LIB.
2370 263 2515 320 XXI.

3376 272 3516 333 1078

258 382 404 437 iiiios
422 384 666 443 nostros,
697 386 754 434 et
778 379 903 434 date
937 380 1092 435 nobis
1110 381 1425 450 spatarium,
1455 386 1514 433 ut
1561 377 1835 432 mittamus
1861 376 1918 437 Δ
1939 376 2109 431 donec
2135 386 2371 433 castrum
2397 378 2691 448 capiamus.
2725 378 2874 435 Tunc
2903 380 3032 437 dicit
3058 381 3473 439 Pharasmanius
3499 402 3515 440 :

256 486 387 535 ea.
438 472 507 525 ad
541 467 921 524 latinia-um.
970 468 1165 529 Verum
1191 470 1456 539 spatarius
1490 469 1601 524 hoc
1644 468 1836 522 admit-
1889 498 1895 505 ε

254 571 383 618 κη
419 558 861 619 militassent:
900 578 913 613 :
958 558 1113 615 Valet
1136 556 1266 614 mibi
1314 559 1461 615 Deus
1514 559 1727 630 aperire
1752 574 1841 614 os-

252 658 400 714 tium
437 656 690 731 exeundi.
734 652 867 710 Nam
912 670 1010 725 per
1057 656 1340 724 Abasgiam
1371 669 1479 710 non
1523 668 1678 709 exeo.
1711 651 1838 709 Post

256 752 484 824 aliquod
513 764 641 806 vero
671 754 915 821 tempus,’
932 766 1054 805 cum
1075 746 1344 805 exercitus
1384 749 1545 804 Rom.
1576 756 1632 804 et
1656 750 1842 803 Arme-

261 845 480 900 niorum
508 830 732 912 ingressi
753 851 933 897 essent
954 843 1008 896 in
1036 836 1301 904 Lazicam,
1337 840 1710 910 Archeopolim
1740 854 1841 893 ex-

262 938 566 1007 pugnarent
596 920 627 996 ,’
654 933 1073 989 Sarracenorum
1106 933 1287 989 audito
1337 934 1568 988 adventu
1597 945 1841 987 recesse-

260 1018 416 1081 runt.
450 1025 697 1095 Separati
721 1039 849 1080 vero
885 1040 950 1079 ex
972 1022 1050 1081 e‘is
1078 1038 1246 1093 usque
1268 1012 1348 1078 'ad
1372 1024 1633 1079 ducentos
1653 1024 1841 1077 ascen-

266 1116 464 1171 derunt
489 1114 541 1169 id
573 1119 754 1184 partes
797 1113 1012 1168 Abs'dire
1034 1158 1047 1178 ,
1081 1120 1240 1183 atque
1282 1098 1665 1167 Caucasiorum
1695 1104 1849 1165 mon-

262 1206 401 1261 tium
430 1206 819 1273 depmdantes.
842 1205 987 1260 Sane
1022 1188 1343 1259 Sarracenis
1366 1203 1432 1257 ad
1482 1201 1727 1257 Lazicam
1752 1216 1849 1257 ve-

262 1298 539 1354 nientibus
563 1284 684 1365 fuga
729 1286 910 1367 lapsus
932 1296 1335 1364 Romanorum",
1367 1288 1851 1365 Armeniorumque

269 1384 501 1458 populus
525 1429 538 1452 ,
566 1378 1037 1443 Pbasin’remeans
1091 1389 1221 1443 adit.
1259 1388 1480 1443 Ducenti
1503 1392 1634 1441 vero
1660 1385 1732 1441 illi
1760 1401 1849 1441 re-

267 1481 591 1535 meantesin
620 1479 895 1536 Caucasiis
924 1487 1124 1536 stetere
1153 1480 1423 1536 montibus
1443 1477 1848 1542 latrocinantes,

271 1582 332 1627 et
354 1572 437 1627 sui
472 1570 904 1642 desperationem
945 1574 1227 1643 patientes.
1258 1572 1377 1639 Quo
1406 1558 1682 1644 comperio
1727 1574 1853 1626 A'a-

272 1665 330 1718 ni
360 1660 604 1719 arbitrati
646 1671 773 1719 sunt
798 1654 1190 1719 multitudinem
1226 1661 1590 1719 Romanorum
1630 1664 1681 1718 in
1711 1663 1851 1719 Cau-

1942 470 2018 525 Da
2040 472 2167 526 mihi
2191 476 2429 527 vernum.
2456 471 2524 526 At
2572 486 2701 527 vero
2748 473 3016 542 spatarius
3043 474 3187 529 dedit
3217 476 3267 530 ei
3289 476 3512 531 verbum

1942 565 2072 620 nihil
2097 562 2148 621 ei
2190 567 2439 631 nocendi,
2470 568 2564 623 sed
2612 583 2733 621 cum
2774 568 3018 637 triginta,
3059 569 3149 637 qui
3197 586 3300 625 una
3332 585 3514 626 secum

1942 652 2397 737 ingrediebantur,
2454 660 2709 732 praecepit
2752 660 2975 716 dicens:
3009 660 3131 716 Mox
3184 671 3245 716 ut
3291 663 3519 731 ingressi

1945 750 2225 819 fuerimus,
2250 760 2429 807 tenete
2457 761 2659 822 portas,
2692 760 2749 831 et
2783 752 3055 807 introeant
3083 767 3294 821 omnes,
3324 762 3379 809 et
3408 754 3514 811 hoc

1946 843 2089 899 iacto
2112 843 2268 899 rediit
2296 836 2563 899 missdrus
2594 838 2768 929 ignem
2820 845 2872 899 in
2923 853 3119 900 castra.
3151 844 3285 900 Cum
3337 856 3518 901 autem

1948 930 2146 989 factum
2182 932 2369 989 fuisset
2396 934 2701 989 incendium
2748 942 2978 997 vastum,
3006 936 3207 1001 exiere,
3260 935 3520 1008 quidquid

1946 1035 2195 1097 poterant
2220 1010 2709 1105 gsstareorapientes
2724 1042 2789 1082 ex
2811 1027 2969 1082 bonis
2996 1028 3127 1091 suis,
3153 1036 3207 1082 et
3237 1026 3523 1101 transactis

1948 1112 2067 1172 aliis
2091 1112 2304 1186 triginta
2334 1118 2518 1173 diebus
2549 1116 2813 1173 destruxit
2836 1134 3016 1187 muros
3046 1132 3214 1187 usque
3240 1118 3304 1172 ad
3319 1125 3519 1189 terram

1952 1218 2005 1262 et
2031 1216 2207 1263 motus
2228 1208 2504 1264 descendit
2544 1209 2598 1263 in
2628 1208 2911 1279 Dapsiliam
2955 1223 3073 1262 cum
3096 1206 3303 1263 Marino
3351 1210 3526 1277 primo

1951 1314 2161 1377 eorum,
2213 1309 2496 1377 susceptus
2523 1316 2644 1355 cum
2664 1300 2867 1368 ingenti
2906 1300 3112 1354 honore
3154 1315 3181 1353 a
3230 1290 3527 1369 Dapsilien-

1953 1391 2119 1447 sibus.
2146 1388 2381 1461 Indeque
2409 1391 2593 1447 abiens
2631 1391 2701 1446 ad
2731 1392 2993 1446 maritima
3022 1393 3186 1455 venit,
3246 1401 3300 1446 et
3327 1407 3531 1447 remea-

1954 1483 2034 1537 vit
2071 1482 2135 1536 ad
2176 1480 2556 1538 Iustinianum.
2600 1484 2869 1539 Praeterea
2918 1483 3218 1559 iustiniano
3272 1485 3526 1541 interem-

1954 1584 2069 1642 pto,
2120 1582 2172 1626 et
2220 1570 2518 1642 l'hilippico
2570 1572 2687 1627 visu
2715 1572 2991 1626 oculorum
3035 1572 3246 1638 orbato,
3299 1572 3530 1643 imperat

1946 1664 2244 1743 ‘Artemius,
2274 1662 2363 1734 qui
2394 1664 2644 1735 provexit
2672 1680 2794 1721 eum
2840 1664 3189 1741 Orientalium
3224 1668 3527 1735 prtetOrem.

270 1755 439 1811 casiis
478 1753 752 1811 montibus
794 1770 933 1820 esse,
965 1756 1368 1825 gaudentesque
1397 1756 1544 1811 aiunt
1570 1756 1847 1825 spatario:
1879 1748 1929 1809 B
1955 1753 2089 1808 Cum
2118 1746 2248 1809 vero
2269 1752 2610 1811 Theodosius
2637 1744 2971 1824 imperasset,
3000 1765 3056 1809 et
3086 1750 3355 1810 Artemius
3412 1756 3519 1825 pul-

274 1845 508 1899 Romani
537 1846 1003 1915 appropinquant,
1028 1860 1190 1917 perge
1217 1836 1285 1901 ad
1311 1838 1425 1902 eos.
1455 1846 1754 1916 Assumptis
1770 1860 1858 1900 er-

271 1949 347 2004 go
382 1930 648 2004 spatarius
676 1935 857 1993 Manis
882 1936 1269 2005 quinquaginta
1289 1928 1315 1999 ,’
1346 1928 1599 1994 transivit
1612 1944 1731 1991 (11m
1761 1953 1854 2008 cy-

271 2026 589 2096 clopedibus
618 2027 755 2082 Maio
784 2022 971 2084 niens'e
989 2022 1279 2083 Caucasias
1310 2038 1521 2084 montes
1540 2067 1554 2091 ,
1581 2036 1636 2084 et
1652 2028 1860 2083 invenit

271 2134 390 2176 eos.
442 2116 595 2175 Uade
632 2120 858 2175 multum
906 2121 1159 2188 gavisus,
1215 2122 1591 2176 sciscitabatur
1640 2122 1856 2176 ubinam

272 2220 425 2269 esset
448 2212 677 2283 populus
698 2252 713 2277 ,
741 2214 832 2282 qui
856 2214 1107 2269 dixerunt
1132 2224 1147 2267 τ
1182 2213 1494 2270 Sarracenis
1538 2215 1860 2270 irruentibus

272 2304 333 2359 in
372 2304 689 2360 Romaniam
729 2314 855 2359 sunt
878 2306 1102 2361 reversi.
1136 2306 1241 2362 Nos
1265 2315 1441 2361 autem
1485 2320 1591 2360 non
1622 2306 1861 2362 valentes

273 2398 333 2453 in
366 2398 678 2455 Romaniam
720 2394 827 2455 ire.
856 2398 925 2453 ad
972 2398 1208 2454 Alaniam
1240 2401 1514 2461 venimus,
1549 2406 1604 2453 et
1632 2398 1765 2453 dixit
1795 2398 1859 2453 ad

274 2502 375 2543 eos
400 2507 412 2541 :
442 2487 578 2555 Quid
605 2488 866 2545 iaciemus
896 2489 1095 2549 modo?
1124 2489 1229 2544 Per
1257 2490 1527 2559 regionem
1556 2490 1709 2545 istam
1758 2491 1860 2544 im-

277 2581 537 2652 possibile
560 2591 644 2637 est
670 2583 898 2638 transire
926 2598 1045 2639 nos.
1079 2584 1147 2639 At
1174 2600 1303 2639 vero
1322 2586 1585 2654 spatarius
1608 2586 1681 2638 ait
1703 2600 1718 2639 τ
1742 2584 1860 2643 Non

275 2680 368 2729 est
394 2671 651 2743 possibiie
677 2686 775 2742 per
803 2674 961 2728 aliam
1002 2675 1246 2730 transire.
1286 2664 1535 2729 Castrum
1577 2690 1705 2745 ergo
1746 2684 1864 2731 erat

277 2760 399 2818 illic
420 2763 854 2831 cognominatum
874 2763 1166 2830 'Siderium,
1196 2770 1221 2800 ⁸
1249 2765 1303 2819 in
1331 2780 1437 2834 quo
1478 2766 1593 2821 loco
1642 2766 1860 2835 quidam

276 2863 532 2910 servator
546 2854 844 2910 habebatur
865 2854 1071 2910 Manius
1101 2844 1336 2921 nomin’e,
1366 2857 1465 2911 sub
1490 2858 1692 2912 ditione
1729 2857 1860 2912 Sar-

279 2958 604 3001 racenorum
647 2946 946 3002 consistens
967 2988 981 3011 ,
1027 2954 1081 3001 et
1108 2961 1294 3014 pacem
1321 2961 1442 3001 cum
1471 2944 1745 3005 Armeniis
1765 2948 1862 3002 ha.

281 3035 447 3091 bens.
477 3036 634 3090 uiuit
664 3036 848 3107 itaque
866 3038 1154 3105 spatarius,
1183 3045 1239 3092 et
1266 3038 1531 3107 signiﬁcat
1555 3039 1602 3092 ei
1638 3038 1822 3093 dicens
1847 3056 1859 3094 :

282 3082 447 3091 --ην
477 3082 633 3090 ..-πυ
664 3082 846 3107 ---τη
867 3082 1154 3105 -.ηπ-...μη
1185 3082 1238 3092 ν-
1268 3082 1531 3107 -η.ο...-.ν..-
1557 3082 1602 3092 ν.
1642 3082 1822 3093 -m..-
1847 3082 1859 3094 .

282 3125 536 3193 Quandiu
573 3142 696 3182 cum
727 3125 994 3183 Armeniis
1019 3124 1207 3198 pacem
1256 3128 1449 3196 habes,
1504 3131 1772 3197 paciscere
1811 3082 1938 3185 et‘3

285 3235 520 3287 mestus,
559 3230 616 3275 at
640 3229 759 3278 esto
794 3225 896 3277 sub
946 3235 1114 3291 regno
1160 3237 1302 3288 meo,
1333 3231 1389 3278 et
1424 3223 1672 3279 da‘nobis
1716 3223 1866 3277 auxi-

283 3312 420 3366 lium
464 3310 827 3379 descendendi
856 3312 921 3367 ad
968 3320 1146 3380 mare,
1181 3323 1239 3367 et
1280 3314 1586 3371 transeundi
1616 3314 1685 3367 ad
1737 3312 1868 3368 Tra-

286 3404 700 3474 peauntensium
742 3404 886 3460 loca.
939 3403 1018 3460 Eo
1047 3418 1175 3459 vero
1206 3412 1416 3475 patrare
1462 3406 1567 3460 hoc
1607 3419 1712 3459 non
1746 3418 1867 3472 pro-

287 3503 548 3565 ponente,
586 3495 757 3549 mittit
782 3495 1052 3565 spatarius
1094 3508 1160 3551 ex
1186 3494 1491 3550 hominibus
1536 3496 1647 3549 suis
1674 3494 1740 3548 ad
1770 3494 1870 3548 Ar-

290 3592 505 3647 menios
548 3592 862 3661 praecipiens
907 3590 1020 3652 eis,
1063 3596 1123 3642 ut
1165 3587 1407 3643 iacerent
1430 3586 1867 3652 occultationem,

285 3690 349 3735 et
371 3696 492 3736 cum
518 3681 771 3743 exierint,
794 3679 988 3749 inquit,
1014 3694 1051 3734 e
1089 3686 1268 3734 castro
1310 3679 1378 3732 ad
1402 3678 1667 3745 laborem,
1695 3678 1870 3748 capite

288 3789 364 3828 ex
389 3773 466 3828 eis
482 3768 747 3843 quotquot
766 3772 1012 3842 potestis,
1044 3780 1332 3839 portasque
1355 3778 1535 3824 tenete
1549 3770 1617 3824 ab
1644 3769 1748 3835 his,
1776 3768 1871 3839 qui

291 3864 429 3919 teris
449 3872 586 3929 sunt,
619 3863 792 3919 donec
824 3872 882 3919 et
912 3878 1016 3917 nos
1046 3861 1348 3916 veniamus.
1388 3858 1590 3927 Quibus
1619 3860 1871 3914 abeunti»

286 3954 419 4019 bus,
450 3964 504 4008 et
526 3955 841 4010 iacientibus
864 3946 1297 4016 occdistionem,
1330 3967 1451 4007 cum
1478 3952 1708 4022 populus
1726 3958 1875 4006 esset

290 4046 363 4099 ad
380 4045 638 4111 laborem,
659 4044 861 4114 egressi
882 4044 1065 4105 subito
1090 4045 1384 4108 irruerunt,
1403 4051 1459 4097 et
1478 4051 1663 4111 portas
1684 4049 1872 4097 tenue-

1957 1860 2048 1901 sus
2094 1847 2421 1923 exstitisset,
2451 1844 2923 1923 Romanorumque
2942 1847 3180 1916 respubl.
3213 1854 3355 1901 esset
3403 1861 3534 1919 con-

1957 1938 2071 1993 fusa
2102 1948 2300 1993 tamex
2346 1939 2697 1994 barbarorum
2726 1940 2970 2005 incursu,
3002 1954 3160 2008 quam
3184 1954 3251 2011 ex
3283 1939 3535 1994 Justinia-

1956 2028 2014 2085 ni
2041 2031 2363 2099 homicidiis,
2395 2041 2450 2086 et
2476 2030 2753 2101 Philippici
2788 2031 3026 2087 scelestis
3055 2032 3280 2097 actibus,
3305 2031 3393 2086 hic
3423 2028 3535 2086 Leo

1958 2114 2355 2189 stimulabatur,
2413 2137 2467 2197 et
2495 2116 2592 2196 pro
2624 2110 2862 2181 Artemio
2906 2125 3263 2199 expugnabat,"
3293 2122 3538 2180 Theodoo

1959 2216 2147 2286 sioque
2178 2208 2583 2284 adversabatur,
2635 2218 2784 2285 quin,
2839 2225 2895 2269 nt
2945 2222 3145 2271 verum
3185 2206 3413 2279 dicatur,
3442 2216 3537 2285 {ad

1961 2309 2192 2377 seipsum
2254 2309 2540 2393 transferre
2592 2308 2873 2379 imperium
2926 2292 3248 2373 decertans,
3294 2308 3437 2395 quod
3483 2316 3539 2363 et

1961 2398 2108 2455 fecit.
2144 2390 2384 2455 Habebat
2413 2390 2590 2453 autem
2620 2400 3069 2463 concordantem,
3102 2406 3157 2453 et
3207 2390 3536 2453 c‘oncurreno

1964 2499 2069 2557 tem
2102 2476 2570 2565 sibiArtubasdum
2595 2476 3036 2543 Armeniacorum
3054 2498 3538 2559 praetorcm,quem

1964 2592 2017 2661 et
2064 2572 2317 2667 generum
2379 2570 2543 2665 Anum
2598 2581 2715 2635 lilia:
2768 2572 2896 2661 suae,
2944 2582 3225 2667 postquam
3276 2581 3541 2665 regnavit,

1965 2678 2301 2733 convinctum
2330 2672 2527 2739 effecit,
2561 2690 2886 2743 promovens
2923 2673 3092 2739 illum,
3123 2682 3177 2747 et
3205 2675 3541 2747 copstituens

1965 2748 2333 2839 curepalaten:
2363 2758 2571 2845 Interea
2600 2767 2899 2845 Masalmas,
2922 2782 3041 2841 cum
3068 2766 3121 2819 in
3149 2764 3272 2819 Asia
3307 2765 3541 2820 hiemas-

1966 2874 2066 2921 sex,
2094 2840 2519 2929 praestolabatur.
2550 2840 2742 2911 Leonis
2789 2840 3069 2926 promissa,
3106 2872 3333 2927 cumque
3389 2855 3460 2910 nil
3509 2871 3541 2912 a

1972 2938 2154 3005 Lecine
2187 2950 2502 3017 recepisset,
2534 2958 2587 3003 et
2616 2960 2889 3019 comperto
2919 2948 3062 3018 quod
3089 2947 3273 3003 illusus
3307 2952 3449 3003 esset
3478 2949 3544 3001 ab

1964 3040 2102 3114 ipso,
2129 3030 2311 3114 abiens
2334 3042 2575 3113 Abydum
2602 3030 2812 3095 rurstun
2842 3038 3140 3094 transvexit
3163 3039 3411 3109 populum
3442 3053 3537 3093 co-

1969 3112 2176 3205 piosum
2200 3112 2261 3186 in
2292 3126 2577 3189 Thracem,
2611 3118 2666 3184 et
2694 3138 2879 3185 contra
2928 3131 3127 3197 regiam
3175 3128 3360 3195 urbem
3392 3143 3543 3182 com-

1964 3208 2142 3279 inotus
2187 3232 2269 3279 est
2289 3212 2305 3287 ,
2367 3208 2604 3279 scribens
2655 3221 2720 3275 ad
2766 3219 3029 3276 Zulcimin
3089 3218 3547 3291 prolosymbolum

1966 3298 2335 3386 quo‘venrret
2366 3310 2500 3369 'cum
2558 3298 2866 3382 pr.rpar:'itis
2913 3310 3192 3366 classibus.
3239 3308 3408 3365 Porro
3452 3323 3546 3364 ιιι

1966 3396 2010 3462 Ii
2031 3400 2189 3487 .lend.
2222 3398 2554 3477 Septembris
2568 3404 2818 3459 obsidere
2846 3404 3008 3487 cmpit
3029 3404 3215 3458 urbem
3244 3401 3544 3466 Masalmas,

1969 3478 2309 3572 deprmdatus
2326 3486 2540 3569 quoque
2570 3507 2651 3551 est
2673 3494 2901 3550 Thracia
2930 3486 3171 3549 castella.
3210 3492 3543 3551 Circumval-

1974 3590 2086 3647 lato
2114 3606 2240 3658 ergo
2265 3578 2481 3645 terreno
2509 3603 2659 3642 muro
2706 3588 2956 3641 foderunt
2984 3578 3036 3639 in
3059 3586 3287 3641 circuitu
3337 3584 3547 3640 foveam

1971 3672 2251 3756 prolixam,
2302 3688 2356 3749 et
2413 3695 2681 3749 magnam,
2716 3674 2771 3731 et
2820 3693 2977 3746 super
3015 3692 3135 3733 eam
3194 3678 3324 3732 sicci
3357 3675 3545 3761 lapidis

1972 3768 2258 3829 'maceriam
2308 3778 2621 3842 posuerunt.
2666 3768 2921 3823 Kalendis
2959 3777 3137 3822 autem
3182 3766 3545 3837 Septembrib.

1962 3852 2158 3947 prima;
2227 3850 2533 3919 indictiunis
2608 3860 2848 3916 aséendit
2912 3848 3259 3947 impugnator'
3346 3858 3544 3943 Christi

1966 3940 1999 3995 ί)
2023 3944 2286 4031 Ζυὶεὶηιίιι
2312 3971 2431 4031 cum
2460 3953 2620 4018 stolo,
2654 3959 2709 4031 et
2734 3950 2961 4006 Amireis
2988 3940 3137 4025 suis,
3168 3940 3381 4003 habens
3401 3948 3547 4031 mirae

1975 4026 2622 4119 magnitudinis'scaphas,
2651 4026 2705 4098 e't
2726 4036 2886 4119 naves
2916 4050 3157 4110 sumptus
3189 4039 3462 4103 vehentes,
3497 4028 3554 4094 et

290 4146 441 4202 runt,
464 4144 533 4192 et
552 4136 746 4199 multos
768 4142 1045 4207 ceperunt.
1076 4132 1211 4188 Cum
1243 4142 1426 4191 autem
1458 4131 1862 4191 Pharasmanius

1973 4128 2261 4192 dromones
2289 4122 2516 4207 nurnero
2549 4145 2570 4174 ο
2600 4128 2961 4201 octingentos,
2992 4139 3047 4185 et
3069 4128 3183 4184 ﬁxit
3210 4128 3495 4185 stationem
3517 4144 3549 4182 a

294 4230 353 4283 in
371 4228 565 4283 castris
594 4241 722 4291 cum
744 4225 927 4295 paucis
941 4223 1198 4289 venisset,
1230 4221 1475 4293 pervenit
1494 4229 1550 4276 et
1568 4219 1862 4289 spatarius,

1974 4222 2263 4295 Magnaura
2291 4214 2458 4293 usque
2479 4227 2545 4280 ad
2574 4224 2904 4295 Cyclovium.
2936 4220 3068 4278 Post
3095 4222 3230 4277 duos
3270 4234 3404 4276 sane
3435 4220 3549 4275 dies

290 4335 350 4378 et
388 4323 803 4392 przelocutusest
838 4333 960 4375 cum
980 4315 1386 4379 Pharasmanio,
1409 4322 1471 4369 nt
1496 4312 1729 4383 aperiret
1748 4326 1862 4366 cum

1976 4319 2173 4385 Austro
2202 4306 2401 4385 ﬂante,
2427 4304 2549 4371 inde
2579 4316 2801 4385 proiecti
2823 4314 3035 4385 navigio
3066 4320 3330 4369 venerunt
3358 4311 3426 4367 ad
3462 4328 3550 4367 ur-

291 4430 459 4487 pace,
506 4414 598 4484 qui
644 4412 836 4479 noluit,
878 4411 976 4467 sed
1020 4409 1362 4466 ceaeervavit
1400 4408 1863 4512 bellum..Verum
1895 4438 1952 4523 ρ
1979 4402 2119 4499 bern.
2157 4402 2223 4463 Et
2250 4398 2466 4499 quidam
2510 4404 2695 4463 eorum
2726 4398 2793 4461 ad
2826 4408 2961 4497 loca,
2989 4405 3403 4523 quet'licuntur
3443 4402 3550 4523 Eu;

292 4523 420 4565 cum
463 4516 699 4564 castrum
728 4505 990 4560 munitum
1017 4512 1181 4570 esSet,
1212 4517 1407 4573 capere
1438 4502 1491 4557 id
1521 4500 1741 4556 minime
1767 4515 1866 4570 po-

292 4610 539 4658 tuerunt.
566 4597 801 4653 Marinus
825 4592 954 4652 vero
989 4597 1193 4667 primus
1221 4593 1604 4666 ,Absiliensium
1632 4590 1870 4648 cumdi-

293 4692 516 4749 dicisset
536 4689 678 4760 quod
700 4697 932 4744 castrum
961 4694 1387 4757 e‘xpugnaretur,
1404 4688 1598 4739 timore
1617 4683 1873 4739 detentus

298 4793 405 4849 est,
432 4783 751 4838 existimans
774 4780 999 4835 multum
1020 4784 1142 4835 esse
1157 4793 1281 4834 cum
1310 4777 1549 4847 spatario
1591 4776 1870 4846 popttlum,

297 4873 810 4943 etsumptis‘secum
832 4870 1110 4934 trecentis,
1155 4868 1288 4923 abiit
1336 4867 1401 4921 ad
1446 4866 1743 4936 spatarium
1791 4864 1875 4918 di-

298 4983 434 5026 cens
463 4984 480 5024 :
506 4962 621 5036 Ege
656 4974 710 5020 te
741 4964 946 5019 salvum
982 4960 1122 5017 duco
1166 4975 1338 5030 usque
1365 4959 1431 5014 ad
1470 4959 1761 5013 maritima.
1806 4958 1876 5012 At

292 5075 431 5119 vero
453 5055 882 5119 Pitarasmanius,
908 5054 1023 5108 visa
1056 5052 1395 5116 necessitate,
1439 5049 1574 5103 dixit
1600 5050 1664 5103 ad
1694 5055 1874 5117 spata-

296 5155 439 5210 rium
472 5150 675 5206 :Sume
718 5148 888 5202 tilium
910 5158 1091 5212 meum
1119 5144 1383 5207 obsidem,
1414 5151 1470 5196 et
1500 5130 1757 5210 proﬁteor
1778 5140 1878 5193 im-

294 5245 452 5316 perio
470 5241 762 5299 deservire.
787 5236 892 5305 Qui
917 5244 1140 5307 recepto
1156 5243 1286 5289 nato
1306 5234 1423 5302 ejus
1454 5231 1583 5287 dicit
1602 5230 1653 5286 ei
1686 5247 1699 5283 :
1727 5228 1875 5295 Qua-

297 5338 407 5394 lem
437 5349 652 5392 servum
675 5332 904 5402 teips‘um
930 5329 1203 5400 perhibes,
1230 5328 1345 5396 qui;
1372 5318 1497 5380 cum
1525 5321 1876 5386 sisincluses,

294 5427 542 5499 loqueris
593 5424 786 5481 nobis?
840 5413 1174 5492 impossibile
1216 5426 1299 5475 εει
1324 5404 1339 5433 ⁵
1346 5418 1504 5474 nobis
1555 5415 1839 5472 discedere
1861 5452 1879 5480 ,

786 5556 889 5680 is?
910 5551 1453 5707 grassati-az?!”
1492 5551 1693 5641 ηνίίιενη
1732 5552 1881 5631 W-

374 5702 547 5767 b'Ai.,
583 5698 937 5754 Suheﬁmn.’
978 5702 1089 5713 ν·
1225 5698 1293 5723 ι

1978 4490 2155 4573 trepii,
2182 4492 2546 4565 etAuthemii,
2581 4494 2973 4554 transmearunt
3006 4516 3016 4551 :
3048 4498 3263 4567 quidam
3280 4504 3459 4551 autem
3482 4492 3551 4548 ad

1976 4576 2156 4664 partes
2196 4594 2415 4646 'l‘hra‘ca:
2442 4582 2726 4645 a'castello
2751 4586 2986 4655 Calathi,
3017 4596 3071 4643 et
3117 4601 3282 4657 usque
3314 4590 3381 4641 ad
3435 4582 3548 4639 Cli-

1976 4670 2120 4741 dium
2145 4684 2532 4755 applicuerunt.
2567 4680 2763 4736 Verum
2789 4680 3080 4750 grandibus
3111 4678 3215 4734 illis
3232 4678 3454 4732 navibus
3481 4691 3551 4730 ex

1972 4762 2488 4847 ‘o‘nere'aggravatis,
2534 4783 2698 4844 atque
2745 4773 3051 4839 retardatis,
3100 4770 3254 4827 Dorsi
3298 4768 3550 4826 custodes

1980 4868 2148 4941 usque
2198 4870 2263 4925 ad
2319 4868 2501 4939 viginti
2555 4862 2783 4937 scaphas
2829 4873 3227 4949 remanserunt,
3286 4861 3549 4917 habentes

1979 4960 2003 5002 ά
2030 4976 2287 5021 centenos
2315 4954 2572 5018 loricatos
2620 4961 2685 5014 ad
2716 4961 2810 5015 has
2855 4957 3249 5013 custodiendas.
3281 4952 3550 5009 Praeterea

1980 5044 2285 5123 serenitate,
2315 5070 2431 5125 quae
2461 5056 2556 5110 has
2587 5055 2639 5108 in
2667 5054 2946 5108 rheumale
2976 5047 3401 5119 comprehendit,
3424 5044 3554 5125 effe-

1978 5132 2083 5212 cta,
2113 5155 2169 5203 et
2195 5151 2389 5201 Austro
2419 5147 2686 5219 modicum
2714 5141 2897 5221 ﬂante,
2928 5142 2992 5195 ad
3023 5139 3288 5221 exteriora
3308 5126 3553 5207 impulsa:

1981 5234 2127 5296 sunt.
2157 5239 2451 5310 imperator
2482 5254 2612 5293 vero
2635 5220 2889 5307 pretinus:
2912 5233 3149 5304 igniferis
3179 5222 3401 5288 navibus
3422 5222 3553 5286 con-

1982 5339 2062 5383 tra
2086 5320 2181 5384 eas
2202 5320 2426 5382 directis
2454 5327 2520 5381 ab
2547 5340 2569 5367 ι·
2600 5324 2867 5397 Atropoli,’
2916 5314 3096 5379 divina
3146 5337 3249 5392 ope
3278 5323 3397 5391 igne
3423 5334 3553 5376 con-

1980 5416 2228 5499 sUmpsit,
2257 5428 2309 5474 et
2334 5420 2451 5483 alia:
2467 5419 2680 5488 quidem
2709 5418 2775 5474 e‘x
2806 5418 2887 5505 his
2912 5410 2977 5473 ad
3022 5408 3151 5486 ripa:
3182 5404 3382 5471 ‘muros’
3423 5426 3554 5505 pro-

2057 5561 2077 5588 ⁶
2104 5551 2212 5618 AL,
2239 5551 2381 5613 milia
2404 5551 2743 5620 octingentos.

2056 5626 2079 5665 ἀ
2107 5624 2215 5685 AL,
2250 5618 2521 5677 trecentos.

2059 5704 2079 5725 ε’
2107 5690 2215 5758 AL,
2247 5688 2507 5762 Acrapoii.
