3956 6342
514 244 654 301 1079
1396 240 1596 299 PAULI
1639 238 1911 297 DIACUNI
1946 236 2097 293 OPP.
2141 234 2318 294 PARS
2346 238 2385 294 Ι.
2432 268 2503 281 -
2540 238 2922 297 HISTORICA.
3576 249 3678 305 1080

508 355 667 427 jectaa
684 358 827 417 sunt,
851 349 970 406 aliae
995 364 1123 405 vero
1153 364 1257 405 una
1277 364 1398 405 cum
1421 352 1724 406 hominibus
1764 350 1818 405 in
1855 346 2085 419 profun-
2111 349 2165 412 Α
2187 362 2256 403 ex
2277 348 2541 407 Arabibus
2560 351 2896 407 occiderunt.
2925 348 2991 405 Et
3015 349 3108 407 illo
3131 358 3362 422 tempore
3372 354 3514 411 multa
3531 358 3683 418 eisam
3756 378 3769 409 ί

512 444 637 498 dum
666 442 924 498 demersa:
943 451 1089 508 sunt,
1111 458 1273 512 porro
1302 441 1419 496 alize
1446 457 1616 511 usque
1644 442 1711 497 ad
1762 448 2006 503 acutam,
2035 447 2092 494 et

511 535 674 589 latam
701 532 925 587 insulam
955 540 1307 602 consumptae,
1340 542 1677 602 portamque
1696 540 1841 586 sunt.
1872 531 1932 585 lli
1962 542 2091 599 ergo

511 627 603 695 qui
633 634 786 680 erant
814 640 880 680 ex
913 626 1066 690 urbe,
1113 625 1363 679 ﬁduciam
1390 632 1766 693 perceperunt,
1800 631 1856 676 at
1907 622 2093 677 hostes

512 730 708 785 magno
735 730 933 787 pavore
980 716 1229 770 concussi
1254 725 1378 770 sunt
1406 725 1792 785 cognoscentes
1821 712 2090 768 efﬁcacis-

514 811 699 866 simam
730 809 867 877 ignis
894 810 1286 878 operationem.
1320 808 1586 863 Volebant
1614 808 1756 863 enim
1785 807 1973 863 eadem
2004 805 2092 862 die

517 900 727 969 vesperi
765 899 829 953 ad
859 900 987 968 ripa:
1039 915 1225 954 muros
1249 898 1521 969 applicare
1564 899 1877 962 stationem,
1922 905 1978 951 et
2014 905 2095 951 te-

516 1009 705 1048 mones
732 1009 891 1059 supra
921 993 1220 1060 pugnacula
1243 1007 1467 1062 ponere,
1488 991 1582 1047 sed
1602 990 1882 1047 consilium
1900 1004 2087 1045 eorum

516 1084 787 1152 dissipavit
811 1080 1166 1152 Omnipotens
1196 1097 1294 1151 per
1323 1080 1761 1135 intercessionem
1777 1079 2092 1134 castissima:

519 1147 803 1227 Genitricis
827 1173 944 1241 ejus
974 1147 1411 1226 diariis-Eadem
1438 1185 1569 1226 vero
1614 1179 1772 1224 nocte
1800 1169 2094 1238 imperator

518 1272 762 1320 catenam
791 1280 820 1317 a
850 1264 982 1319 locis
1008 1262 1220 1318 Calathi
1243 1270 1454 1318 secreto
1480 1261 1711 1317 removit
1736 1278 1749 1325 ;
1778 1260 1976 1316 inimici
1999 1275 2095 1315 au-

520 1362 627 1408 tem
678 1354 1029 1420 aestimantes,
1077 1352 1224 1421 quod
1276 1352 1467 1408 volens
1492 1366 1586 1406 eos
1638 1351 1906 1420 decipere,
1956 1349 2097 1405 banc

471 1506 486 1525 ς
523 1447 750 1501 moverit
774 1445 1085 1515 imperator,
1121 1459 1229 1499 non
1259 1445 1375 1499 ausi
1420 1451 1547 1498 sunt
1575 1443 1777 1497 intrare
1804 1456 1978 1511 usque
2025 1441 2093 1496 ad

517 1553 603 1600 ea,
634 1552 752 1606 quae
794 1536 1043 1591 dicuntur
1070 1534 1311 1602 Galatlii,
1360 1535 1447 1590 vel
1479 1534 1770 1605 applicare,
1802 1532 1896 1588 sed
1940 1533 2094 1587 navi-

517 1636 704 1697 ganles
730 1626 793 1681 ad
815 1626 988 1680 sinum
1035 1625 1272 1681 Sostenii
1322 1624 1430 1681 illic
1469 1625 1777 1679 munierunt
1824 1623 2095 1693 navigium

517 1736 691 1776 suum.
717 1720 862 1775 Sane
891 1727 1084 1776 octavo
1112 1717 1235 1773 ldus
1278 1716 1526 1773 Octobris
1568 1719 1791 1773 moritur
1821 1716 2091 1771 Zulcimin
2118 1700 2167 1758 Β

517 1810 625 1866 dux
652 1825 863 1874 eorum,
890 1818 948 1864 et
990 1809 1171 1862 amirte
1216 1809 1378 1864 sumit
1425 1807 1657 1863 ofﬁcium
1690 1807 1928 1862 Haumar
1960 1808 2098 1863 ﬁlius

517 1899 888 1956 Habdimazid.
918 1898 1050 1952 Cum
1075 1908 1253 1953 autem
1283 1897 1621 1954 hiemsvalde
1642 1898 1889 1968 gravisin
1918 1897 2095 1952 Thra-

519 1995 657 2049 ciam
688 1993 945 2056 venisset,
978 1991 1113 2046 adeo
1156 2002 1218 2045 ut
1241 1998 1383 2044 terra
1414 2005 1519 2045 non
1549 1997 1783 2060 pareret,
1828 1998 1991 2058 atque
2041 1989 2096 2044 in

516 2086 822 2159 crystallum
850 2097 1003 2138 versa
1020 2096 1140 2137 esse
1168 2080 1463 2144 videretur,
1491 2080 1781 2133 multitudo
1809 2094 2098 2149 equorum,

516 2187 570 2233 et
591 2175 940 2238 camelorum,
963 2183 1385 2239 caaterorumque
1414 2168 1723 2223 animalium
1756 2169 2097 2224 inimicorum

519 2276 731 2324 mortua
782 2273 885 2321 est.
935 2263 1104 2320 Porro
1143 2260 1348 2316 vernali
1381 2271 1623 2328 tempore
1664 2259 1813 2313 venit
1855 2258 2099 2328 Suphian

519 2375 639 2414 cum
681 2356 844 2419 stolo,
878 2355 968 2425 qui
1015 2354 1190 2407 fuerat
1239 2350 1461 2422 Egypti
1505 2356 1869 2415 constructus,
1896 2349 2101 2404 habens

521 2463 682 2504 naves
710 2444 962 2500 frumenti
994 2442 1434 2512 quadringentas,
1467 2438 1852 2503 etdromones,
1872 2446 1928 2493 et
1949 2454 2099 2493 com-

521 2546 673 2609 perta
705 2534 945 2590 Bomaici
976 2533 1115 2601 ignis
1157 2531 1416 2594 efﬁcacia,
1462 2528 1779 2584 transcurrit
1808 2529 1863 2583 in
1916 2528 2112 2601 Bithy-’

521 2630 687 2693 niam,
720 2634 775 2681 et
804 2640 834 2679 e
859 2632 1045 2680 contra
1078 2621 1345 2675 transiens
1369 2619 1435 2674 ad
1461 2631 1671 2690 portum
1698 2618 1949 2689 Boniagri
2002 2634 2101 2689 ap-

515 2720 726 2793 plicuit.
755 2718 884 2773 Post
913 2715 1185 2787 paululum
1216 2713 1364 2769 venit
1410 2724 1463 2767 et
1488 2712 1641 2768 Gizid
1664 2728 1785 2767 cum
1804 2711 1911 2767 alio
1930 2714 2099 2781 stolo,

518 2814 608 2882 qui
638 2812 815 2867 fuerat
837 2816 1177 2865 constructus
1195 2808 1247 2861 in
1281 2805 1479 2871 Africa,
1512 2806 1714 2860 habens
1737 2812 1793 2859 et
1841 2805 1955 2874 ipse
2000 2820 2099 2860 na-

496 2900 611 2961 'ves
638 2911 909 2959 trecentas
937 2901 1238 2968 sexaginta,
1282 2908 1338 2953 et
1369 2906 1786 2966 armamentum,
1843 2906 1898 2953 et
1948 2913 2098 2955 sum-

519 3009 677 3070 ptus;
704 2996 950 3051 similiter
979 3003 1034 3047 et
1080 2993 1195 3063 ipse
1225 3008 1347 3047 cum
1377 2991 1568 3047 eadem
1595 2990 1869 3046 didicisset
1896 2991 1963 3046 de
2008 2991 2103 3046 hu-

2197 440 2447 501 ciderunt
2467 443 2693 509 atrocia,
2738 442 2811 496 ita
2841 453 2903 496 ut
2927 442 3296 512 experimento
3320 444 3569 513 discerent,
3590 452 3685 523 quia

2196 530 2355 597 Deus,
2378 541 2433 586 et
2451 533 2786 588 sanctissima
2806 532 2986 603 Virgo,
3012 533 3212 604 Deique
3228 534 3386 590 Mater
3404 536 3567 607 Maria,
3584 542 3689 601 hanc

2195 621 2443 675 muniunt
2472 621 2681 686 urbem,
2730 628 2788 675 et
2824 622 3254 677 Christianorum
3273 624 3624 694 imperatorem,
3649 642 3689 687 et

2195 726 2302 765 non
2333 720 2416 766 est
2444 712 2751 766 omnimoda
2780 712 3019 767 dimissio
3048 713 3144 767 Dei
3170 713 3222 767 in
3269 714 3368 778 bis,
3387 718 3468 784 qui
3496 718 3691 778 invocant

2194 817 2321 858 eum
2365 803 2420 857 in
2463 807 2715 869 veritate,
2751 803 2877 858 licet
2929 804 3217 858 admodum
3269 804 3388 873 quid
3436 812 3692 877 castigentur

2197 901 2416 963 propter
2442 901 2667 964 peccata
2698 904 2904 949 nostra.
2945 895 3099 949 Anno
3130 894 3361 948 secundo
3387 894 3567 966 imperii
3591 897 3690 955 Leo-

2193 988 2296 1052 nis,
2328 986 2439 1042 dux
2481 987 2714 1041 Arabum
2747 986 2973 1041 habetur
3022 986 3278 1053 ﬂaumar,
3305 988 3393 1056 qui
3417 989 3488 1043 eis
3528 990 3689 1049 duobus

2197 1077 2409 1149 praefuit
2436 1078 2609 1132 annis.
2639 1075 2949 1146 Eodemque
3008 1092 3150 1131 anno
3179 1075 3391 1146 Sergius
3416 1088 3690 1149 protospatao

2196 1169 2329 1235 rius,
2359 1178 2417 1222 et
2446 1180 2645 1238 praetor
2669 1166 2893 1234 Siciliae,
2933 1167 3148 1234 audito,
3177 1168 3318 1237 quod
3347 1170 3591 1224 Sarraceni
3628 1175 3697 1226 oh-

2196 1257 2437 1313 siderent
2484 1257 2685 1326 regiam
2717 1258 2935 1324 urbem,
2994 1258 3277 1313 coronavit
3334 1259 3434 1315 illic
3483 1261 3695 1330 prapriuru

2198 1350 2577 1420 imperatorem
2609 1349 2782 1404 virum
2805 1347 3452 1420 Constantinopolitanum
3490 1367 3547 1406 ex
3568 1354 3696 1407 homi-

2198 1445 2355 1501 nibus
2385 1445 2517 1513 suis,
2578 1444 2742 1500 ﬁlium
2772 1444 3021 1513 Gregorii
3064 1446 3380 1516 Onomaguli
3427 1455 3601 1503 mutato
3628 1464 3697 1504 no-

2197 1536 2343 1592 mine
2369 1535 2642 1591 Tiberium
2672 1537 2990 1601 vocitatum,
3022 1537 3114 1605 qui
3145 1535 3277 1593 fecit
3302 1540 3640 1608 promotiones,
3659 1550 3698 1595 et

2199 1646 2326 1687 suos
2354 1630 2626 1701 principes
2650 1629 2887 1701 pmdicti
2925 1628 3155 1685 consilio
3200 1629 3389 1700 Sergii.
3419 1629 3506 1685 Ast
3526 1631 3699 1700 impera-

2199 1730 2310 1789 tor,
2341 1721 2424 1777 bis
2454 1722 2670 1786 auditis,
2699 1720 2862 1776 mittit
2889 1719 3120 1776 Paulum
3174 1721 3443 1791 proprium
3492 1722 3699 1776 chartula-

2200 1814 2359 1879 rium,
2393 1814 2536 1869 hunc
2560 1813 2851 1883 patricium
2882 1812 3189 1867 ordinatum
3206 1853 3222 1878 ,
3251 1822 3307 1867 et
3328 1821 3583 1884 pmlorem
3604 1812 3699 1868 Sici-

2200 1903 2305 1968 lire,
2332 1902 2473 1957 datis
2497 1902 2552 1958 in
2582 1902 2839 1957 auxilium
2867 1904 2917 1958 ei
2944 1902 3157 1958 duobus
3185 1903 3450 1973 spatariis,
3479 1904 3593 1957 etin
3622 1918 3697 1957 ser-

2202 1996 2388 2049 vitium
2420 1994 2544 2064 ejus
2564 1995 2850 2066 perpaucis
2879 1994 3215 2061 hominibus,
3241 1994 3632 2065 jussionihusque
3653 1994 3697 2048 ad

2203 2087 2475 2157 principes
2506 2084 2836 2150 Occidentis,
2859 2096 2914 2141 et
2938 2102 3091 2142 sacra
3117 2086 3321 2157 pupqu
3345 2087 3606 2142 recitanda.
3629 2086 3699 2152 Qui

2203 2195 2325 2234 cum
2357 2180 2577 2250 ingressi
2625 2180 2850 2236 fuissent
2880 2188 3046 2235 noctu
3076 2181 3130 2235 in
3160 2181 3471 2238 dromonem
3500 2181 3699 2244 velocem,

2202 2273 2452 2327 exierunt
2480 2272 2533 2325 in
2565 2280 2748 2342 partes
2776 2269 2962 2326 Cizici.
3006 2270 3054 2326 A
3085 2272 3213 2328 loco
3247 2280 3424 2328 autem
3468 2274 3528 2327 ad
3572 2272 3700 2329 locum

2201 2381 2300 2436 per
2324 2375 2543 2432 terram,
2596 2380 2801 2436 perque
2828 2380 2976 2420 mare
3005 2366 3201 2421 itinere
3253 2365 3394 2421 facto
3441 2374 3628 2436 repente
3665 2365 3699 2419 in

2203 2460 2446 2514 Siciliam
2472 2468 2755 2514 venerunt.
2788 2456 3033 2526 Cumque
3062 2457 3390 2529 Syracusam
3437 2457 3700 2522 introissent,

2205 2550 2411 2606 audivit
2440 2549 2689 2618 Sergius,
2745 2557 2801 2604 et
2855 2549 3154 2619 obstupuit,
3186 2556 3244 2604 et
3290 2550 3498 2621 proprio
3539 2562 3703 2603 excessu

2204 2656 2491 2712 perpensa,
2517 2638 2759 2709 confugit
2805 2638 2873 2693 ad
2900 2639 3243 2709 propinquos
3286 2638 3531 2693 Calabriae
3552 2636 3705 2704 Longo-

2202 2732 2422 2788 bardos.
2458 2730 2694 2802 Populus
2724 2745 2854 2786 vero
2883 2738 3263 2799 congregatus,
3294 2739 3351 2786 et
3389 2745 3529 2784 sacra
3553 2728 3701 2782 relecta

2202 2839 2300 2896 per
2342 2838 2460 2879 eam
2490 2831 2670 2878 certus
2693 2820 2933 2889 effectus,
2977 2822 3122 2891 quod
3173 2832 3231 2876 et
3281 2822 3545 2892 imperium
3571 2828 3704 2885 staret,

2202 2927 2259 2971 et
2321 2917 2447 2970 urbs
2495 2915 2795 2986 promptior
2860 2923 3006 2969 esset
3050 2913 3311 2968 adversus
3362 2921 3562 2982 gentes,
3615 2926 3701 2965 nec.

2201 3022 2310 3064 non
2363 3015 2418 3062 et
2458 3006 2833 3062 enarrantibus
2888 3006 3030 3073 illis,
3079 3022 3203 3078 qua:
3248 3007 3384 3063 facta
3435 3006 3614 3062 fuerant
3644 3020 3705 3058 su‘

521 3090 664 3146 mido
702 3090 841 3157 igne,
888 3085 1147 3155 applicuit
1181 3099 1345 3154 penes
1393 3084 1648 3148 Saturon,
1688 3090 1745 3137 et
1801 3080 1995 3148 Brian,
2047 3092 2099 3137 et

2208 3115 2304 3171 per
2349 3099 2558 3154 duobus
2591 3098 2743 3154 stolis
2771 3137 2786 3163 ,
2828 3096 3065 3155 Leonem
3098 3100 3476 3171 imperatorem
3516 3098 3703 3153 laudave-

521 3197 692 3251 usque
760 3178 1017 3234 Chortam
1082 3184 1321 3246 portum.
1384 3175 1621 3245 Egyptii
1678 3188 1807 3228 vero
1874 3173 2097 3230 duarum

523 3275 711 3327 harum
761 3268 1011 3323 classium
1059 3266 1201 3335 apud
1246 3282 1307 3323 se
1350 3274 1515 3321 noctu
1556 3265 1850 3331 consiliati,
1883 3265 2100 3319 navium

525 3362 807 3418 ferentium
861 3360 1186 3415 frumentum
1235 3358 1460 3412 sublatis
1512 3358 1786 3424 lintribus,
1820 3358 1886 3411 ad
1915 3359 2100 3413 urbem

524 3454 900 3523 confugerunt,
923 3450 1205 3504 laudantes
1233 3449 1633 3519 imperatorem,
1668 3451 1739 3503 ita
1758 3458 1817 3504 ut
1844 3450 1912 3503 ab
1938 3449 2103 3507 Heria

527 3560 696 3615 usque
725 3545 789 3598 ad
824 3543 1005 3597 urbem
1030 3543 1242 3610 igneum
1264 3542 1535 3597 videretur
1560 3557 1727 3597 mare.
1752 3541 2102 3612 Comperiens

527 3647 706 3691 autem
728 3651 826 3706 per
840 3649 934 3690 eos
957 3634 1249 3703 imperator
1263 3633 1331 3687 de
1353 3633 1679 3689 absconditis
1691 3634 1743 3688 in
1764 3634 1884 3690 sinu
1898 3634 2103 3690 duabus

528 3729 776 3794 navibus,
807 3727 1138 3797 syplionibus
1165 3726 1490 3780 construens
1521 3724 1757 3794 igniferis
1806 3726 1858 3781 in
1886 3727 2105 3782 dromo-

526 3833 644 3883 nes,
673 3825 835 3885 atque
866 3817 1053 3871 tricres
1074 3817 1172 3870 bos
1204 3814 1514 3881 immittens,
1532 3826 1719 3869 contra
1747 3815 1877 3869 duas
1905 3815 2106 3871 classes

530 3908 749 3964 direxit.
784 3906 895 3962 Deo
935 3915 1113 3960 autem
1162 3913 1490 3974 cooperante
1538 3919 1634 3974 per
1664 3905 2102 3960 intercessionem

528 4001 860 4055 intemerata:
887 3996 985 4052 Dei
1021 3994 1309 4051 Genitricis
1340 3993 1540 4058 Mariae,
1569 3995 1811 4064 protinus
1835 3994 2104 4050 submersi

528 4102 654 4146 sunt
682 4091 905 4153 inimici,
932 4099 985 4142 et
1010 4087 1302 4157 assumptis
1328 4087 1516 4155 spoliis
1542 4086 1733 4151 nostri,
1768 4095 1823 4139 et
1851 4086 2104 4153 expensis

528 4203 738 4255 eorum,
769 4201 889 4240 cum
920 4182 1113 4253 gaudio
1144 4182 1348 4236 reversi
1392 4188 1535 4235 sunt.
1588 4178 1775 4233 Adbuc
1820 4186 2019 4243 autem,
2051 4184 2107 4233 et

528 4278 810 4333 Mardasan
842 4276 1037 4330 iterum
1088 4288 1119 4327 a
1170 4272 1341 4343 portis
1399 4287 1520 4325 cum
1574 4272 1814 4326 exercitu
1867 4271 2104 4325 Arabum

529 4386 696 4441 usque
723 4370 964 4431 Niceam,
989 4375 1045 4421 et
1070 4365 1433 4421 Nicomediam
1455 4364 1810 4429 discurrente,
1830 4362 2106 4433 Principes

2204 3204 2349 3261 runt,
2409 3196 2661 3251 Basiliam
2706 3206 2886 3254 autem
2930 3196 3367 3264 Onomagulum,
3421 3207 3474 3253 et
3507 3194 3707 3267 principes

2202 3287 2292 3356 qui
2341 3285 2407 3341 ab
2454 3299 2521 3341 eo
2566 3285 2789 3356 profecti
2830 3286 3073 3353 fuerant,
3115 3290 3334 3344 vinctos
3370 3285 3563 3359 praetori
3590 3282 3705 3338 tradi-

2203 3374 2416 3429 derunt.
2466 3372 2584 3443 Ipse
2627 3390 2758 3430 vero
2802 3374 3053 3430 Basiliutn
3086 3391 3232 3431 .cum
3274 3378 3516 3447 singulari
3542 3383 3708 3444 praetore

2206 3466 2369 3536 ipsius
2415 3465 2721 3533 decollavit,
2763 3474 2819 3522 et
2840 3466 3014 3537 capita
3042 3482 3233 3522 eorum
3253 3483 3415 3539 pusca
3440 3464 3618 3523 condita
3644 3477 3707 3533 per

2204 3559 2468 3631 spatarios
2510 3558 2820 3627 imperatori
2861 3560 3183 3625 transmisit,
3234 3561 3544 3630 reliquorum
3581 3563 3707 3610 autem

2206 3650 2466 3718 quosdam
2494 3654 2586 3701 aut
2623 3649 2951 3716 verberatos,
2980 3658 3072 3704 aut
3099 3659 3313 3716 tonsos,
3347 3649 3583 3720 quosdam
3618 3657 3705 3698 vero

2208 3740 2460 3797 abscissis
2490 3740 2708 3795 naribus
2730 3741 2781 3795 in
2819 3741 3066 3796 exsilium
3093 3742 3407 3797 destinavit.
3446 3739 3611 3809 Sicque
3632 3736 3705 3791 fac-

2205 3844 2319 3888 tum
2344 3841 2445 3896 est,
2475 3841 2535 3886 ut
2559 3833 2684 3887 hinc
2710 3833 2763 3887 in
2792 3834 3224 3892 Occidentalibus
3274 3850 3461 3905 magna
3486 3829 3705 3889 correctio-

2210 3925 2292 3980 nis
2314 3923 2625 3979 constitutio
2650 3923 2819 3979 lieret.
2837 3922 3006 3981 Porro
3021 3927 3247 3995 Sergius
3269 3927 3431 3982 verbo
3451 3919 3706 3996 impunitatis

2206 4025 2432 4087 accepto
2483 4032 2512 4069 a
2534 4029 2763 4087 praetore
2791 4018 3017 4087 pariter,
3066 4026 3123 4075 et
3150 4021 3326 4089 petito
3353 4018 3511 4074 exivit
3532 4014 3588 4069 ad
3605 4026 3703 4072 eum,

2206 4118 2261 4165 et
2286 4110 2359 4163 ita
2372 4125 2558 4164 omnes
2574 4124 2708 4179 pace
2728 4111 2909 4179 potita:
2927 4118 3054 4166 sunt
3081 4111 3355 4183 Hesperiu-
3379 4120 3559 4183 partes.
3587 4109 3704 4162 Inter-

2207 4213 2273 4253 ea
2330 4197 2563 4252 Haumar
2593 4214 2713 4253 cum
2761 4198 3085 4255 obtinuisset
3111 4203 3342 4268 Arabes,
3390 4193 3704 4271 pmcepitlla-

2205 4290 2408 4344 salman
2451 4289 2647 4344 redire.
2702 4288 2982 4346 Sarraceni
3025 4305 3155 4360 ergo
3185 4294 3321 4349 moti
3343 4292 3536 4348 decima
3574 4296 3700 4344 oetm

2208 4379 2430 4435 Kalend.
2462 4378 2685 4448 Augusti
2711 4395 2833 4435 cum
2864 4380 3033 4435 multa
3062 4383 3383 4438 confusione
3410 4380 3586 4437 reversi
3604 4382 3701 4430 sunt.

528 4463 700 4532 regni,
731 4461 821 4530 qui
850 4461 902 4515 in
929 4459 1099 4525 Libio,
1131 4465 1187 4513 et
1228 4456 1501 4525 Sophone,
1532 4470 1685 4510 more
1722 4455 2103 4510 Mardaitarum
2127 4452 2180 4512 D
2206 4469 2340 4525 cum
2371 4477 2551 4524 autem
2573 4470 2676 4523 iter
2710 4477 2896 4537 ageret
2920 4469 3109 4526 classis
3133 4485 3328 4527 eorum
3347 4513 3365 4541 ν
3417 4477 3655 4541 tempestas
3684 4476 3704 4513 α

528 4551 826 4607 absconditi
857 4558 1030 4613 erant,
1065 4548 1222 4602 simul
1252 4556 1308 4600 et
1360 4546 1567 4617 pedites
1602 4547 1655 4600 in
1680 4546 1779 4601 bos
1827 4546 2005 4601 subito
2033 4546 2107 4601 ir-

530 4651 772 4707 ruentes,
798 4649 853 4696 et
877 4642 1104 4696 diversis
1130 4640 1342 4693 damnis
1387 4638 1682 4692 allicientes
1729 4638 1875 4692 illinc
1920 4638 2106 4705 fugere

528 4735 923 4804 compulerunt.
946 4732 1023 4788 De
1049 4739 1252 4787 cmtero
1277 4730 1488 4785 modico
1531 4730 1778 4785 meabilis
1802 4729 1925 4785 freti
1957 4730 2105 4786 aditu

530 4829 772 4890 invento,
805 4826 874 4881 ab
925 4826 1060 4880 urbe
1096 4821 1390 4879 Chelandia
1425 4822 1677 4876 exeuntia
1704 4821 1961 4890 plurimas
2005 4836 2104 4876 ex-

529 4934 722 4992 pensas
772 4918 1042 4975 ferebant.
1101 4916 1369 4972 Prmterea
1399 4915 1542 4970 fame
1586 4928 1779 4982 magna
1826 4914 2097 4970 Arabibus

528 5011 710 5066 innixa
730 5024 919 5066 omnes
947 5007 1340 5071 moriebantur,
1366 5014 1421 5062 et
1442 5003 1695 5058 animalia
1727 5017 1823 5057 sua
1856 5002 2106 5058 comede-

528 5102 676 5169 bant,
733 5113 902 5168 equos
949 5097 1228 5164 videlicet,
1284 5096 1464 5151 asinos
1522 5102 1579 5149 et
1633 5092 1891 5147 camelos.
1942 5091 2108 5147 Aiunt

529 5202 710 5249 autem
747 5192 911 5247 etiam
958 5189 1197 5260 quidam,
1251 5187 1396 5258 quod
1445 5178 1501 5242 et
1548 5185 1795 5241 homines
1841 5193 2104 5251 mortuos,

530 5287 659 5357 quin
686 5296 741 5341 et
786 5294 994 5341 stercus
1040 5299 1196 5339 suum
1236 5283 1291 5337 in
1332 5282 1604 5338 clibanum
1652 5280 1893 5347 missum,
1943 5288 2106 5349 atque

532 5391 876 5446 conspersum
902 5376 1145 5431 ederent.
1176 5371 1427 5428 Incubuit
1475 5378 1657 5425 autem
1686 5369 1740 5423 in
1785 5384 1880 5424 eos
1910 5378 1965 5425 et
1992 5386 2108 5442 pes-

534 5467 693 5520 tilens
723 5467 964 5535 languor,
996 5474 1051 5519 et
1095 5462 1516 5519 innumerabiles
1560 5475 1629 5515 ex
1674 5459 1752 5514 eis
1803 5460 2104 5529 perierunt.

538 5555 708 5609 Porro
732 5556 1069 5620 coacervavit
1094 5554 1295 5610 bellum
1327 5552 1383 5605 in
1413 5566 1507 5606 eos
1530 5550 1817 5619 Bulgarum
1846 5566 1996 5620 gens,
2028 5561 2105 5620 et,
2178 5572 2181 5573 ν

539 5661 601 5708 ut
623 5652 773 5708 aiunt
806 5659 895 5722 qui
928 5657 1031 5711 hoc
1071 5655 1270 5710 certius
1298 5661 1524 5716 norunt,
1558 5650 1743 5720 viginti
1775 5651 1885 5707 duo
1936 5653 2103 5707 millia

2208 4563 2319 4618 Deo
2363 4577 2461 4633 per
2502 4560 2945 4617 intercessionem
2994 4563 3088 4617 Dei
3140 4563 3327 4619 Matris
3366 4565 3640 4619 incumbam
3670 4554 3705 4606 in

2204 4653 2347 4719 illos,
2392 4654 2491 4707 hos
2517 4652 2789 4720 dispersit,
2838 4660 2893 4707 et
2933 4652 3068 4709 alios
3110 4654 3333 4722 quidem
3380 4656 3553 4711 borum
3589 4659 3707 4722 1)ωὸ

2208 4744 2588 4807 Proconesum,
2618 4750 2673 4796 et
2697 4742 2931 4813 reliquas
2978 4742 3183 4800 insulas
3203 4787 3221 4811 ,
3265 4746 3402 4802 alios
3428 4759 3544 4800 vero
3566 4742 3610 4797 in
3626 4752 3707 4791 ver-

2205 4834 2418 4903 tigines,
2442 4843 2495 4889 et
2514 4842 2706 4889 caetera
2729 4834 2984 4890 demersit
3010 4835 3065 4891 in
3091 4836 3530 4907 aequora,residui
3549 4841 3707 4904 quoque

2205 4940 2327 4980 cum
2350 4926 2667 4980 transissent
2698 4924 2926 4993 Egeum
2965 4927 3209 4998 pelagus,
3241 4929 3504 5000 extemplo
3522 4922 3704 4998 pervenit

2205 5019 2260 5073 in
2286 5032 2380 5074 eos
2401 5017 2657 5072 terribilis
2681 5017 2976 5088 indignatio
2997 5019 3116 5076 Dei.
3130 5020 3350 5079 Grando
3370 5036 3579 5092 namque
3594 5019 3703 5087 ignea

2205 5108 2535 5166 descendens
2555 5124 2718 5180 super
2744 5124 2862 5177 eos,
2888 5126 3081 5183 aquam
3110 5116 3275 5170 maris
3296 5117 3509 5172 ebullire
3526 5114 3645 5179 fecit,
3664 5115 3705 5163 et

2205 5198 2326 5268 pice
2355 5197 2641 5267 liquefacta
2667 5198 2826 5254 simul
2848 5216 2972 5256 cum
3000 5202 3307 5261 hominibus
3329 5221 3484 5262 naves
3524 5201 3703 5260 induet:

2205 5298 2332 5345 sunt
2358 5291 2411 5345 in
2437 5290 2780 5360 profundum,
2812 5293 3001 5349 decem
3020 5295 3150 5351 solis
3175 5311 3245 5352 ex
3265 5298 3344 5353 eis
3359 5298 3525 5362 salvis,
3550 5304 3597 5351 et
3613 5291 3704 5361 ipsis

2206 5382 2541 5453 providentia
2585 5382 2678 5439 Dei
2698 5382 3016 5455 Salvatoris,
3061 5387 3128 5444 ad
3152 5390 3553 5446 annuntiandum
3591 5384 3704 5442 nobis

2207 5487 2416 5527 necnon
2446 5482 2501 5527 et
2528 5475 2792 5532 Arabibus
2820 5478 3086 5547 magnalia
3110 5479 3203 5535 Dei
3227 5496 3347 5551 quae
3377 5482 3425 5536 in
3455 5480 3544 5535 illis
3560 5476 3701 5532 eﬂ‘ecta

2206 5574 2353 5633 sunt,
2407 5581 2541 5636 quas
2593 5567 2755 5623 etiam
2788 5578 3058 5625 nostrates
3095 5572 3334 5628 invenire
3361 5573 3627 5645 potuerunt,
3663 5568 3703 5618 ει

2207 5659 2445 5728 quinque
2467 5659 2654 5714 barum
2684 5660 3168 5730 comprehendere,
3213 5664 3333 5717 aliae
3372 5678 3489 5715 vero
3515 5658 3701 5727 quinque
