3956 6342
152 339 273 399 1081

1155 323 1475 383 HISTORIA
1521 320 1881 380 MISCELLA.
1922 348 1990 359 ——
2030 315 2157 372 LIB.
2201 314 2344 372 XXI.

3254 316 3396 374 1082

148 458 292 516 salva:
313 455 365 511 in
393 452 604 527 Syriam
624 450 800 507 ductae
823 454 949 505 sunt
969 446 1067 502 Dei
1092 443 1493 500 annuntiaturae
1517 447 1707 509 poten-
1813 431 2141 497 dochristus,
2182 438 2237 485 et
2263 428 2476 486 seduxit
2506 428 2790 500 Hebraeos,
2813 428 2998 486 dicens
3022 444 3084 487 se
3103 443 3226 487 esse
3243 430 3400 488 Chri-

148 552 283 605 tiam.
336 545 538 603 Eodem
567 559 697 598 vero
744 556 907 606 anno,
952 543 1262 593 terrmmotu
1318 547 1516 601 magno
1546 532 1708 599 facto,

149 639 364 693 Hmmar
392 633 700 691 civitatibus
747 631 930 685 vinum
967 628 1221 691 inhibuit,
1277 633 1334 680 et
1377 621 1713 679 Christianos

147 737 436 799 apostatare
456 728 654 794 coegit,
687 732 744 779 et
772 727 1141 792 apostatantes
1182 716 1400 789 quidem
1450 715 1567 770 sine
1613 712 1712 769 tri-

146 826 265 879 buto
292 835 409 877 esse
438 818 687 881 faciebat,
718 825 777 871 at
802 830 933 871 vero
984 829 1092 868 non
1124 809 1531 867 consentientes
1575 807 1715 863 inte-

147 913 380 979 rimebat,
407 926 473 967 ac
522 924 621 981 per
649 909 699 963 id
754 906 955 962 multos
1001 913 1270 975 martyres
1311 908 1566 971 operatus
1607 908 1712 954 est.

144 1008 323 1065 Sanxit
346 1015 523 1060 autem
566 1001 930 1057 testimonium
959 995 1257 1053 Christiani
1286 995 1546 1049 adversus
1588 992 1717 1047 Sar-

144 1114 383 1158 racenum
414 1097 636 1152 minime
664 1093 1055 1164 recipiendum.
1090 1090 1245 1145 Fecit
1269 1098 1450 1143 autem
1502 1097 1558 1141 et
1599 1085 1717 1155 epi-

142 1194 326 1251 stolam
354 1189 714 1260 dogmaticam
743 1186 809 1240 ad
858 1184 1095 1241 Leonem
1128 1182 1533 1251 imperatorem,
1562 1184 1716 1232 ratus

144 1286 330 1354 impius
354 1280 680 1353 persuadere
715 1294 822 1349 quo
870 1292 902 1331 a
949 1276 1054 1330 lide
1099 1290 1196 1330 sua
1228 1271 1528 1328 recederet.
1563 1268 1717 1323 Anno

142 1378 295 1435 tertio
316 1374 525 1445 imperii
547 1373 633 1428 sui
665 1381 822 1426 natus
850 1378 934 1424 est
959 1368 1128 1423 Leoni
1158 1364 1388 1437 principi
1421 1363 1558 1416 ﬁlius
1573 1360 1719 1416 Con-

143 1472 420 1534 stantinus,
453 1468 543 1538 qui
568 1466 738 1535 magis
784 1464 878 1519 illo
907 1463 1100 1532 impius
1129 1460 1250 1526 fuit,
1295 1467 1349 1514 et
1397 1454 1716 1512 Antichristi

142 1578 452 1638 prrecursor.
502 1561 769 1616 Casterum
799 1563 989 1612 octava
1020 1552 1241 1607 Kalend.
1276 1548 1517 1605 Januarii
1550 1546 1715 1603 Maria

143 1674 272 1715 uxor
290 1654 488 1712 Leonis
510 1660 769 1709 coronata
816 1656 900 1704 est
948 1648 1002 1701 in
1058 1643 1316 1699 Triclinio
1346 1641 1611 1711 Augusta,
1662 1648 1718 1694 et

140 1750 400 1827 processit
436 1747 552 1803 sola
600 1759 721 1801 cum
750 1740 980 1798 solemni
1009 1737 1275 1807 obsequio
1306 1736 1425 1791 sine
1453 1735 1571 1788 viro
1620 1748 1717 1788 suo

1812 536 1977 585 stum.
2015 524 2173 582 Auno
2213 536 2370 580 sexto
2408 523 2620 594 imperii
2664 522 2897 589 Leonis,
2944 523 3056 581 Leo
3083 525 3261 596 coegit
3292 527 3399 583 He-

1810 619 1987 676 braeos
2028 626 2084 673 et
2115 617 2397 672 Montanos
2435 615 2727 685 baptizari,
2767 624 2823 670 at
2849 630 2981 671 vero
3010 616 3177 672 ,ιυύωὶ
3230 620 3401 688 bapti-

1813 713 1919 769 zati
1947 719 2136 768 contra
2176 710 2508 781 propositum
2545 704 2700 765 Suum
2729 710 3006 766 diluebant
3051 712 3399 784 baptismum,

1815 814 1871 864 et
1889 807 2237 863 comedentes
2256 812 2441 860 sancto
2461 805 2669 860 muneri
2689 807 3165 876 participabautur,
3190 818 3244 862 et
3273 824 3405 863 con-

1816 899 2149 955 taminabant
2181 898 2357 953 tidem.
2390 896 2559 953 Porro
2591 897 2827 953 Montani
2857 898 3157 955 divinantes
3182 900 3316 969 sibi,
3348 911 3403 957 et

1816 990 2143 1047 diflinientes
2162 990 2341 1055 ﬁdem,
2367 990 2559 1045 domos
2584 991 2906 1046 introierunt
2921 994 3093 1048 errori
3116 1009 3215 1048 suo
3234 993 3401 1064 depu-

1818 1092 1993 1149 tatus,
2059 1090 2115 1137 et
2160 1082 2516 1138 incenderunt
2561 1083 2895 1154 semetipsos.
2977 1083 3137 1140 Anno
3174 1088 3404 1155 septimo

1819 1176 2029 1247 imperii
2053 1175 2272 1241 Leonis,
2300 1174 2513 1231 Iudaeus
2541 1177 2757 1246 quidam
2791 1178 3048 1235 oriundus
3089 1194 3158 1235 ex
3215 1181 3407 1237 Laodi-

1819 1285 1914 1325 cea
1954 1270 2233 1326 maritimae
2262 1267 2554 1339 Phoenicis,
2584 1270 2877 1340 maleﬁcus,
2911 1273 3132 1329 veniens
3160 1274 3227 1328 ad
3254 1276 3407 1332 Gizid

1819 1361 2088 1432 promittit
2105 1376 2227 1415 eum
2250 1361 2601 1431 quadraginta
2624 1363 2777 1418 anuis
2803 1372 3140 1421 retenturum
3169 1367 3404 1423 Arabum

1819 1453 2209 1523 principatum,
2275 1453 2321 1507 si
2371 1454 2722 1522 venerabiles,
2776 1470 2896 1525 qua:
2948 1456 3003 1511 in
3046 1455 3298 1514 Ecclesiis
3354 1460 3409 1516 in

1821 1554 1938 1603 tom
1964 1547 2268 1617 principatu
2296 1562 2397 1603 suo
2435 1546 2695 1615 imagines
2716 1548 3142 1616 honorabantur,
3171 1550 3411 1621 depone-

1820 1649 1924 1693 ret.
1978 1637 2112 1693 Huic
2162 1638 2344 1709 itaque
2389 1639 2616 1694 credens
2656 1639 2883 1697 stolidus
2919 1639 3070 1696 Gizid
3096 1682 3114 1710 ,
3175 1643 3409 1697 edictum

1821 1732 2077 1801 generale
2121 1740 2309 1787 contra
2349 1741 2565 1787 sanctas
2598 1732 2859 1804 imagines
2898 1736 3286 1807 promulgavit,
3314 1740 3411 1796 sed

142 1824 206 1900 ad
252 1854 499 1911 magnam
554 1835 865 1899 Ecclesiam,
898 1840 956 1889 et
983 1831 1232 1888 oratione
1260 1836 1387 1883 ante
1416 1829 1715 1896 ingressum
1746 1824 1794 1884 Β
1822 1825 1991 1894 gratia
2026 1824 2235 1879 Domini
2267 1825 2436 1881 nostri
2482 1825 2609 1879 Jesu
2648 1826 2875 1894 Christi,
2904 1836 2961 1882 et
3010 1828 3412 1887 intercessioni-

141 1936 321 1994 altaris
350 1931 518 1989 eﬂusa
548 1928 764 1987 transiit
783 1927 850 1983 ad
880 1925 1254 1997 baptisterium
1296 1936 1569 1991 magnum,
1601 1920 1717 1975 viro

142 2031 255 2101 ejus
278 2028 388 2099 jam
408 2041 531 2082 cum
564 2023 752 2095 paucis
781 2018 1136 2075 familiaribus
1167 2016 1430 2086 ingresso.
1468 2014 1566 2070 Ubi
1596 2029 1718 2069 cum

141 2125 440 2181 Germanus
465 2134 710 2176 summus
743 2114 997 2171 sacerdos
1021 2112 1439 2168 Constantinum
1468 2109 1721 2179 nequitiae

142 2220 399 2288 ipsorum,
425 2224 480 2269 et
506 2210 716 2282 imperii
759 2221 1129 2264 successorem
1179 2204 1499 2275 baptizaret,
1544 2202 1721 2257 dirum

140 2310 389 2383 quiddam
448 2317 503 2364 et
556 2306 734 2362 fedum
798 2301 1056 2373 parvulus
1094 2296 1482 2353 Constantinus
1529 2294 1720 2350 eodem

142 2403 469 2474 praesignans
510 2397 754 2453 exhibuit
790 2399 1184 2463 argumentum,
1228 2404 1426 2445 cacans
1474 2387 1724 2444 videlicet

141 2499 193 2552 in
221 2501 410 2549 sancto
440 2492 678 2554 lavacro,
711 2498 769 2542 ut
815 2486 968 2540 aiunt
1003 2484 1095 2553 qui
1135 2482 1420 2551 diligenter
1444 2479 1601 2548 hujus
1642 2477 1724 2533 rei

143 2592 264 2649 facti
295 2599 423 2646 sunt
445 2589 802 2658 inspectores,
830 2583 903 2637 ita
928 2588 990 2634 ut
1030 2578 1332 2634 Germanus
1353 2576 1725 2631 sanctissimus

144 2679 460 2755 prophetice
487 2678 695 2733 diceret
726 2693 738 2727 :
771 2673 994 2728 Constat
1029 2668 1247 2724 maximi
1289 2665 1637 2730 Christianis,
1667 2672 1725 2719 et

140 2770 392 2829 Ecclesiae
430 2767 557 2822 mali
588 2779 685 2837 per
712 2779 836 2818 eum
882 2759 1149 2816 efﬁciendi
1190 2758 1297 2812 hoc
1342 2757 1555 2824 signum
1606 2767 1727 2809 esse

140 2869 398 2923 futurum.
432 2861 556 2916 Post
586 2858 764 2915 divina
784 2871 916 2912 sane
938 2853 1117 2910 oﬂicia
1142 2867 1266 2907 cum
1297 2849 1526 2905 solemni
1542 2861 1728 2903 rursus

141 2958 403 3026 obsequio
423 2954 659 3021 Augusta
686 2949 875 3011 Maria,
905 2962 1010 3003 una
1040 2960 1160 3002 cum
1191 2943 1463 3013 baptizato
1497 2940 1607 2995 tilio
1635 2954 1726 2995 re-

139 3068 295 3109 versa
328 3056 431 3114 est,
460 3046 729 3102 donativis
775 3041 1012 3110 erngatis
1057 3039 1124 3093 ab
1166 3035 1402 3092 Ecclesia
1447 3050 1617 3103 usque
1663 3031 1728 3087 ad

136 3144 373 3201 Eneam
400 3147 631 3210 portam.
655 3134 858 3191 Eodem
889 3133 1050 3187 etiam
1081 3144 1224 3185 anno
1245 3128 1427 3183 Niceta
1459 3125 1726 3196 Xylinites

1821 1918 1921 1972 bus
1942 1916 2127 1973 Matris
2148 1917 2286 1987 ejus,
2317 1918 2666 1989 omniumque
2692 1929 3025 1987 sanctorum,
3058 1932 3301 1979 mortuus
3327 1933 3412 1982 est

1821 2009 1997 2075 Gizid,
2021 2012 2262 2081 pluribus
2283 2012 2460 2068 adhuc
2489 2028 2591 2068 nec
2642 2014 2829 2070 audire
2850 2015 3153 2073 volentibus
3205 2019 3410 2075 satani-

1821 2117 1943 2157 cum
1968 2103 2133 2173 ipsius
2156 2104 2413 2159 edictum.
2476 2101 2737 2175 Percepta
2777 2121 2907 2178 ergo
2938 2124 3119 2164 amara
3169 2111 3304 2179 ista,
3357 2120 3416 2168 et

1823 2194 2005 2250 illicita
2035 2211 2374 2267 nequamque
2408 2196 2654 2252 doctrina
2677 2237 2695 2263 ,
2748 2197 2857 2255 Leo
2888 2201 3182 2272 imperator
3211 2204 3409 2259 multo-

1823 2304 1940 2343 ruzn
1972 2286 2196 2344 effectus
2225 2298 2306 2343 est
2364 2289 2516 2344 nobis
2545 2305 2707 2346 causa
2748 2292 3033 2348 malorum.
3078 2293 3249 2352 Porro
3289 2312 3412 2354 cum

1825 2377 2120 2432 invenisset
2194 2377 2703 2449 indisciplinationis
2768 2382 2925 2452 hujus
2989 2398 3413 2445 consentaneum

1824 2469 2113 2539 quemdam
2144 2468 2305 2524 Beser
2324 2470 2564 2535 nomine,
2592 2473 2684 2542 qui
2714 2483 2875 2531 nattts
2924 2477 3140 2547 quidem
3168 2478 3236 2536 de
3256 2479 3417 2536 Chri-

1825 2562 2013 2617 stianis
2046 2560 2242 2625 fuerat,
2275 2563 2369 2617 sed
2401 2564 2643 2634 captivus
2669 2565 2723 2620 in
2739 2566 2951 2638 Syriam
2981 2569 3197 2642 ductus,
3227 2572 3416 2645 refuga

1827 2652 1971 2718 tidei,
2004 2667 2125 2722 qua:
2153 2663 2236 2710 est
2277 2654 2330 2708 in
2365 2652 2669 2717 Christum.
2723 2668 2971 2728 repertus
2994 2671 3077 2717 est
3102 2704 3119 2730 ,
3179 2665 3417 2722 Arabum

1826 2744 2079 2813 dogmata
2111 2746 2308 2800 sectari
2334 2748 2601 2816 apparuit.
2634 2748 2682 2803 ls
2716 2758 2843 2804 ante
2866 2760 3079 2821 tempus
3130 2770 3238 2811 non
3273 2758 3414 2812 mul-

1829 2844 1940 2890 tum
1965 2836 2032 2891 ab
2054 2836 2267 2890 illorum
2295 2839 2554 2894 servitute
2605 2839 2746 2896 liber
2765 2842 3010 2908 eﬂcctus,
3034 2860 3156 2900 cum
3184 2847 3418 2906 venisset

1828 2930 1896 2985 ad
1925 2944 2097 3001 remp.
2130 2931 2518 3001 Romanorum,
2540 2936 2612 2991 ob
2638 2937 2806 2991 robur
2834 2940 3079 3009 corporis
3105 2981 3121 3006 ,
3178 2949 3234 2996 et
3285 2960 3417 2999 con-

1828 3039 2048 3081 sensum
2088 3041 2267 3096 pravaa
2303 3028 2575 3098 opinionis
2623 3031 2921 3087 honoratus
2969 3042 3054 3089 est
3104 3034 3172 3092 ab
3220 3037 3413 3095 eodem

1770 3126 1801 3197 '_
1832 3115 2035 3180 Leone,
2066 3118 2157 3187 qui
2180 3126 2234 3173 et
2256 3118 2596 3189 imperatoris
2623 3121 2799 3175 fautor
2828 3123 2880 3176 in
2904 3126 3083 3192 magni
3110 3126 3268 3197 hujus
3287 3130 3418 3186 mali

134 3235 332 3293 scribit
382 3193 451 3287 ad
479 3228 779 3285 Artemium
804 3221 1203 3279 Thessalonicae
1231 3193 1554 3281 morantem,
1586 3215 1729 3284 quod
1758 3193 1803 3254 (ἶ
1836 3212 2049 3286 piaculo
2079 3210 2255 3268 factus
2283 3221 2384 3268 est.
2415 3212 2793 3269 Concordabat
2843 3225 3024 3271 autem
3054 3219 3103 3274 ei
3132 3193 3423 3293 et'episco-

134 3331 394 3399 pergeret
420 3324 488 3377 ad
516 3319 832 3381 Terbellim,
865 3324 922 3372 et
947 3315 1040 3370 dat
1070 3315 1120 3369 ei
1141 3310 1464 3374 exercitum,
1493 3317 1549 3364 et
1576 3308 1733 3378 quin-

136 3422 401 3495 quaginta
426 3418 542 3473 auri
570 3414 903 3478 centenaria,
932 3421 986 3465 et
1016 3411 1099 3469 his
1128 3409 1366 3479 receptis
1416 3404 1733 3462 Constanti-

138 3512 388 3583 nopolim
435 3508 604 3564 venit.
662 3505 807 3561 Urbe
859 3519 990 3559 sane
1035 3502 1087 3557 id
1130 3500 1352 3555 minime
1381 3498 1734 3562 admittente,

135 3605 404 3674 Bulgares
434 3600 578 3655 hunc
608 3597 777 3652 Leoni
818 3594 1175 3657 tradiderunt,
1210 3599 1265 3646 et
1315 3588 1524 3645 liberali
1572 3584 1739 3654 digni-

133 3708 253 3754 tate
282 3694 540 3751 honorati
568 3690 773 3747 reversi
802 3698 946 3744 sunt.
976 3688 1072 3742 Ast
1102 3687 1399 3757 imperator
1424 3682 1572 3736 hunc
1611 3693 1737 3735 cum

127 3789 388 3863 Xylinite
406 3786 652 3857 peremit,
706 3781 922 3854 publico
965 3793 1185 3849 quoque
1212 3775 1340 3831 ﬁsco
1379 3772 1737 3830 substantiam

127 3882 431 3955 applicans
472 3876 724 3951 Xylinitis
747 3918 764 3945 ,
795 3875 883 3944 qui
922 3888 1043 3929 cum
1085 3870 1343 3941 magister
1382 3876 1555 3931 esset,
1612 3865 1740 3919 sub-

124 3976 412 4034 stantiam
464 3971 685 4027 multam
752 3967 1089 4041 possederat.
1149 3964 1385 4019 Sisinum
1451 3958 1739 4030 patricium

126 4070 516 4135 cognomento
530 4059 882 4124 Rendacium,
908 4073 973 4113 eo
993 4055 1136 4128 quod
1155 4054 1447 4111 fueritcum
1476 4050 1737 4115 Artemio,

1835 3321 1935 3377 pus
1964 3304 2217 3372 Nacoliaz,
2241 3308 2329 3376 qui
2355 3307 2830 3378 indisciplinationi
2857 3309 2972 3377 ejus
3000 3327 3219 3382 operam
3261 3315 3423 3390 dans,

1837 3399 2103 3455 consimili
2128 3398 2236 3452 vita
2266 3398 2482 3454 vivebat
2511 3416 2633 3456 cum
2651 3402 2789 3472 ipso.
2821 3405 2973 3462 Anno
2996 3415 3187 3463 octavo
3211 3408 3422 3477 imperii

1837 3493 2052 3558 Leonis,
2080 3503 2325 3547 mortuus
2353 3502 2435 3548 est
2462 3493 2614 3551 Gizid
2642 3496 2877 3552 Arabum
2900 3499 3028 3564 dux,
3056 3501 3142 3555 cui
3165 3503 3427 3559 successit

1838 3584 2021 3641 Evelid
2055 3586 2212 3655 hujus
2259 3586 2418 3651 lilius,
2447 3596 2504 3642 et
2542 3589 2706 3659 cmpit
2741 3590 3011 3646 aaditicare
3040 3608 3136 3662 per
3183 3592 3429 3652 civitates

1796 3680 1797 3683 “
1839 3688 1894 3736 et
1922 3680 2173 3750 regiones
2200 3680 2420 3750 palatia,
2446 3691 2500 3736 et
2549 3682 2770 3737 novales
2812 3685 3007 3749 facere,
3028 3696 3084 3740 et
3111 3688 3427 3759 paradi~os,

1838 3779 1894 3827 et
1922 3786 2091 3840 aquas
2117 3772 2371 3827 elucere.
2404 3774 2566 3828 Movit
2611 3775 2772 3828 etiam
2814 3776 2985 3830 aciem
3009 3787 3199 3833 contra
3228 3778 3430 3836 Roma-

1840 3865 2007 3930 niam,
2040 3864 2329 3934 multisque
2351 3879 2538 3920 eorum
2584 3872 2672 3936 qui
2703 3883 2887 3922 secum
2917 3879 3074 3924 erant
3104 3872 3315 3927 amissis
3345 3889 3431 3929 re-

1842 3972 2029 4011 versus
2058 3968 2159 4012 est.
2185 3957 2341 4013 Anno
2372 3974 2515 4014 nono
2545 3960 2756 4030 imperii
2787 3963 2869 4016 sui
2899 3964 3064 4033 cmpit
3088 3965 3283 4034 impius
3324 3967 3427 4021 im-

1842 4059 2058 4120 perator
2080 4051 2189 4105 Leo
2211 4060 2399 4107 contra
2431 4064 2649 4108 sanctas
2693 4061 2749 4107 et
2795 4056 3131 4111 venerabiles
3162 4058 3427 4127 imagines

128 4160 414 4227 Bulgares
442 4155 619 4226 capite
644 4152 957 4224 punierunt,
988 4156 1044 4204 et
1071 4145 1539 4215 archiepiscopum
1577 4142 1743 4197 Thes-

129 4251 555 4309 saldnicensem
588 4245 754 4301 Leoni
781 4242 1009 4315 principi
1046 4239 1407 4299 tradiderunt,
1432 4235 1524 4305 qui
1555 4233 1726 4289 decol-

131 4350 293 4400 latus
323 4349 410 4398 est
429 4355 549 4396 cum
582 4337 842 4393 Artemio.
866 4334 1194 4390 Similiteret
1222 4329 1404 4385 Hismn
1434 4327 1740 4398 patricium,

1842 4144 2021 4200 facere
2048 4146 2289 4200 verbum.
2322 4146 2475 4212 Quod
2515 4162 2635 4200 cum
2669 4147 2942 4203 didicisset
2977 4148 3270 4217 Gregorius
3292 4166 3430 4223 papa

1844 4237 2119 4293 Romanus
2143 4279 2159 4304 ,
2218 4238 2417 4294 tributa
2451 4238 2706 4295 Romanae
2737 4240 2882 4295 urbis
2913 4241 3202 4310 prohibuit,
3236 4253 3293 4298 et
3318 4243 3430 4299 lta-

1842 4330 1946 4395 liae,
1972 4330 2212 4386 scribens
2256 4331 2321 4385 ad
2347 4341 2369 4367 α
2412 4330 2650 4386 Leonem
2693 4331 2979 4401 epistolam
3036 4335 3431 4407 dogmaticam,

124 4448 185 4493 et
219 4433 488 4492 comitem
514 4430 739 4495 Obsicii,
766 4437 823 4483 et
841 4428 1174 4483 Teoctistum
1199 4423 1433 4494 primum
1452 4420 1738 4485 asecretis,
1844 4438 1951 4477 non
1981 4432 2233 4493 Oportere
2256 4424 2638 4494 imperatorem
2683 4425 2752 4481 de
2779 4427 2880 4481 iide
2906 4426 3085 4501 facere
3112 4431 3356 4501 verbum,
3377 4440 3433 4487 et

123 4538 192 4585 et
225 4528 481 4619 Nicetam
510 4532 765 4578 autarcen
796 4529 848 4576 el
871 4519 1127 4575 comitem
1155 4515 1408 4578 Thilicei.
1437 4522 1495 4569 υι
1541 4512 1743 4567 amicos
1779 4560 1824 4619 Β
1848 4487 2094 4571 novitate
2120 4487 2561 4589 violare-antiqua
2587 4518 2837 4588 dogmata
2862 4487 3114 4578 Ecclesik
3129 4487 3409 4582 catholica:

120 4633 189 4679 et
225 4617 539 4677 concordes
567 4616 684 4686 ejus
715 4614 915 4670 occidit
936 4655 951 4678 ,
999 4612 1235 4682 reliquos
1261 4618 1440 4665 autem
1489 4607 1747 4663 mutilatis
1779 4569 1824 4619 υ
1850 4628 1969 4684 qua:
1998 4628 2029 4665 a
2055 4612 2255 4667 sanctis
2279 4569 2526 4667 Patribus
2545 4569 3433 4686 suntuprzedicata:

123 4713 412 4780 naribus,
454 4720 510 4766 et
536 4708 931 4781 proscriptione
970 4706 1254 4763 damnatos
1288 4703 1340 4757 in
1372 4703 1618 4758 exsilium
1648 4701 1748 4755 mi-
1851 4682 2062 4773 imperii
2112 4702 2329 4767 Leonis,
2358 4704 2530 4758 movit
2576 4682 2873 4759 exercitum
2917 4706 3200 4763 Masalmas
3244 4692 3437 4765 contra

119 4811 233 4862 sit.
262 4806 432 4860 Anno
454 4812 646 4873 quarto
669 4801 877 4870 imperii
910 4798 1131 4862 Leonis,
1173 4795 1326 4851 Gizid
1358 4795 1594 4850 Arabum
1639 4793 1746 4847 dux
1850 4796 2189 4864 Romaniam,
2213 4805 2267 4852 et
2296 4795 2599 4852 Ctesaream
2630 4799 3006 4870 Cappadociae,
3030 4810 3087 4858 et
3108 4803 3251 4873 cepit
3277 4818 3431 4873 eam;

120 4847 233 4862 ο...
262 4847 431 4860 .-η-,ν
455 4847 643 4873 κρυ-η
669 4847 877 4870 ...πη---
910 4847 1131 4862 -η----,
1185 4847 1325 4851 η-ή-
1851 4847 2189 4864 μνη-πη
2219 4847 2265 4852 --
2309 4847 2599 4852 νν---η--η-
2639 4847 2703 4853 η
2782 4847 2984 4856 --π-.-

120 4901 411 4960 habetur,
437 4894 578 4949 ﬁlius
607 4891 977 4948 Habdimelich
995 4930 1010 4957 ,
1042 4890 1134 4959 qui
1164 4889 1245 4944 eis
1273 4896 1507 4957 quatuor
1535 4884 1750 4956 prmfllit
1850 4892 2128 4949 Muhavias
2150 4907 2281 4947 vero
2309 4891 2449 4947 lilius
2475 4890 2659 4947 Evelid
2708 4847 2879 4950 aciem
2912 4847 3087 4951 movit

117 4987 333 5043 annis.
370 4984 572 5041 Eodem
594 4997 736 5037 anno
760 4980 1054 5036 indictione
1080 4976 1233 5034 tertia
1254 4976 1343 5031 die
1365 4975 1580 5031 Pascha:
1609 4973 1751 5029 redi-
1850 4988 2105 5054 maniam,
2135 4993 2189 5040 ει
2209 5000 2330 5041 cum
2353 4985 2768 5053 deambujassej,
2800 5001 3047 5042 reversus
3092 4996 3193 5044 est.
3234 4988 3290 5043 ιη
3316 4989 3433 5060 ipso

116 5080 322 5135 mitus
356 5085 439 5132 est
459 5074 839 5131 Constantinus
864 5085 893 5126 a
915 5070 1096 5127 Leone
1120 5077 1274 5141 patre
1294 5083 1393 5124 suo
1420 5068 1474 5121 in
1498 5065 1751 5123 tribunali
1851 5092 1994 5133 anno
2019 5078 2207 5132 ωςιῖνο
2240 5087 2485 5147 tempore
2513 5090 2683 5147 vapor
2711 5086 2769 5131 ut
2788 5092 2852 5131 ex
2886 5078 3099 5134 camino
3125 5078 3262 5149 ignis
3287 5080 3434 5137 visus

114 5172 354 5227 decem
393 5176 449 5223 et
492 5182 688 5224 novem
720 5166 1088 5232 accubituum,
1127 5162 1399 5219 Germano
1444 5160 1750 5231 patriarcha
1852 5177 1935 5224 est
1960 5168 2186 5223 ebullire
2207 5168 2348 5222 inter
2372 5166 2602 5222 Theram
2645 5176 2702 5223 et
2740 5167 3055 5224 Therasiam
3111 5168 3314 5226 insulas
3363 5187 3433 5228 ex

116 5264 396 5320 faciente
413 5261 690 5317 orationes
713 5258 1008 5315 secundum
1030 5271 1256 5311 morem.
1291 5255 1402 5309 lloc
1422 5253 1587 5307 etiam
1609 5266 1753 5306 anno
1853 5260 2120 5333 profundo
2151 5261 2314 5314 maris
2354 5275 2451 5330 per
2473 5259 2680 5331 aliquot
2722 5259 2839 5316 dies
2864 5279 2875 5313 ε
2918 5275 3028 5330 quo
3056 5262 3312 5332 paulatim
3353 5263 3436 5319 in.

112 5365 410 5414 mortuus
435 5363 518 5407 est
546 5352 786 5408 ﬂaumar
822 5351 929 5405 dux
957 5349 1218 5415 Arabum,
1247 5356 1304 5401 et
1331 5347 1504 5401 oritur
1531 5361 1599 5401 ex
1626 5343 1724 5400 Per

1853 5359 2113 5419 crassato,
2135 5350 2449 5414 etdilatato,
2470 5351 2623 5422 igniti
2646 5352 3072 5410 :estnsincendio
3096 5362 3240 5410 totus
3256 5355 3436 5413 fumus

110 5449 260 5506 side
285 5455 576 5519 tyrannus,
607 5452 663 5500 et
688 5443 803 5513 ipse
824 5443 1041 5497 nomine
1062 5440 1213 5495 Gizid
1241 5439 1492 5503 Mohabe,
1522 5447 1576 5493 et
1603 5438 1753 5493 abie—
1780 5480 1803 5506 ,

108 5546 273 5594 runt
319 5551 449 5591 cum
488 5550 557 5590 eo
591 5550 661 5589 ex
713 5534 932 5589 Perside
974 5532 1149 5587 multi.
1200 5532 1358 5586 Misso
1384 5538 1563 5585 autem
1595 5526 1754 5583 Gizid

105 5628 419 5684 Masalma
460 5624 657 5681 occidit
693 5639 851 5694 eum,
887 5633 944 5680 et
980 5622 1251 5679 Persidem
1288 5621 1545 5677 subdidit.
1596 5620 1754 5676 Anno

104 5717 600 5791 quinto'imperii
628 5715 847 5785 Leonis,
869 5716 1121 5788 apparuit
1148 5713 1367 5785 quidam
1398 5714 1568 5785 S’yrus
1596 5727 1756 5784 pseu-

1853 5444 2043 5514 igneus
2091 5442 2511 5499 monstrabatur.
2572 5441 2744 5498 Porro
2807 5444 3163 5500 crassitudine
3207 5458 3436 5506 terrenas

1852 5536 2165 5592 substantiae
2209 5534 2452 5605 petrinos
2515 5534 2755 5605 pumices
2816 5535 3046 5604 grandes
3099 5546 3158 5591 ut
3193 5540 3439 5599 cumulos

1852 5627 2115 5699 quosdam
2146 5628 2441 5683 transmisit
2462 5642 2555 5698 per
2599 5635 2766 5683 totam
2814 5628 3079 5685 minorem
3109 5632 3327 5701 Asiam,
3381 5641 3441 5690 et

1851 5720 2088 5786 Lesbon,
2119 5727 2177 5777 et
2201 5719 2456 5789 Abidum,
2482 5731 2541 5778 et
2583 5721 2853 5779 maritima
2898 5720 3250 5794 Macedoniae,
3273 5725 3349 5782 ita
3378 5732 3439 5782 ut

201 5866 237 5895 ι
270 5853 424 5911 Vide
440 5852 594 5912 Paul.
617 5853 789 5920 Diac.,
818 5869 871 5912 vt
891 5851 1026 5909 Hist.
1063 5850 1333 5923 Longob.,
1366 5844 1486 5923 cap.
1509 5847 1602 5903 49.
