3956 6342
576 310 719 372 1087

1434 307 1638 366 PAULI
1678 308 1950 367 DlACONl
1978 311 2141 379 OPP.
2181 292 2360 367 PARS
2397 311 2438 368 I.
2480 340 2550 354 —
2588 310 2981 369 HISTORICA.

3620 329 3714 392 1088

574 432 662 484 est
711 430 971 492 castrum,
1002 422 1148 494 quod
1170 421 1368 478 dicitur
1417 421 1684 489 Siderum,
1741 434 1797 480 et
1844 422 2163 496 Eutychium
2197 446 2241 503 Α
2268 424 2516 493 cundus;
2549 441 2579 480 a
2609 422 2879 495 Philippo,
2909 422 3203 481 secundum
3256 426 3526 490 lacedones
3560 440 3714 502 millesi.

579 521 746 576 ﬁlium
796 519 1021 575 Mariani
1050 518 1262 591 patricii
1292 520 1448 575 duxit
1487 522 1781 593 captivum.
1830 522 1987 577 Anno
2015 523 2165 591 vige-

576 615 717 669 simo
742 610 984 669 secundo
1014 611 1223 683 imperii
1252 612 1445 669 Leonis
1471 629 1659 669 mense
1687 613 1826 670 Maio
1855 615 2167 670 indictionis

577 714 784 761 octava:
816 704 985 760 movit
1008 706 1303 759 exercitum
1339 704 1600 761 Zuleimin
1625 716 1813 762 contra
1845 706 2165 761 Roma'niam

579 809 702 851 eum
733 796 1009 864 octoginta
1060 794 1313 860 millibus,
1342 804 1398 851 et
1453 797 1855 866 magistratibus
1913 805 2163 867 quatuor,

577 902 809 957 quorum
840 887 1038 943 Camer
1068 886 1175 942 dux
1205 896 1323 942 erat
1361 888 1620 943 insidians
1666 888 1718 942 in
1750 887 1904 942 denis
1932 888 2168 944 millibus

576 976 895 1032 latrunculis
926 976 1138 1031 Asiana:
1178 978 1368 1047 partis,
1402 978 1556 1047 cujus
1606 978 1739 1034 socii
1770 986 1929 1032 erant
1954 977 2165 1043 Melich,

579 1081 635 1127 et
665 1071 850 1127 Bathal
883 1087 1005 1127 eum
1047 1071 1230 1140 viginti
1262 1071 1497 1126 millibus
1550 1073 1791 1142 equitum
1822 1072 1964 1127 circa
1998 1076 2167 1127 Acro-

587 1164 734 1218 nium
768 1163 1179 1227 debacchantes,
1213 1170 1268 1218 et
1291 1172 1414 1233 post
1442 1164 1541 1219 hos
1573 1163 1833 1218 ancimin
1862 1179 1983 1219 cum
2006 1177 2165 1218 sexa-

580 1253 728 1322 ginta
759 1253 992 1308 millibus
1024 1254 1166 1309 circa
1189 1252 1582 1324 Cappadociam
1613 1253 1811 1326 Tyana:
1832 1269 2166 1325 progressus,

574 1361 804 1416 quorum
864 1346 955 1401 alii
1020 1362 1117 1415 per
1168 1347 1347 1402 Asiam
1406 1354 1462 1401 et
1517 1345 1940 1416 Cappadociam,
2000 1349 2171 1403 multo

577 1438 789 1493 excidio
818 1438 1080 1503 virorum,
1132 1453 1196 1493 ac
1250 1436 1557 1502 mulierum,
1590 1446 1751 1508 atque
1775 1439 2167 1508 jumentorum,

581 1538 818 1602 patrato,
846 1530 995 1585 illaesi
1021 1530 1221 1585 reversi
1268 1539 1411 1584 sunt.
1447 1529 1510 1584 Hi
1542 1545 1671 1584 vero
1701 1530 1793 1600 qui
1824 1546 1945 1585 cum
1976 1529 2169 1599 Melieb

584 1632 640 1680 et
670 1622 858 1678 Bathal
888 1622 1026 1692 apud
1057 1621 1349 1677 Acronium
1380 1628 1555 1689 erant,
1586 1622 1876 1693 expugnati
1905 1637 1934 1675 a
1966 1621 2169 1689 Leone,

581 1729 676 1769 seu
709 1713 1081 1778 Constantino,
1114 1711 1352 1781 superati
1384 1719 1538 1775 sunt,
1579 1720 1633 1768 et
1659 1712 1841 1782 plures
1868 1728 1936 1767 ex
1966 1712 2049 1767 his
2080 1727 2171 1766 ar-

576 1809 678 1863 mis
719 1809 847 1880 ipsis
876 1824 999 1865 eum
1028 1807 1237 1864 duobus
1258 1806 1588 1878 principibus
1609 1807 1838 1877 periere,
1877 1807 2170 1877 octingenti

2273 535 2394 575 mus
2421 519 2790 588 sexagesimus
2814 518 3022 573 tertius.
3055 518 3306 589 Regnavit
3324 531 3477 579 autem
3492 525 3581 585 Leo
3596 534 3646 587 ab
3659 552 3718 593 oo-

2270 621 2394 668 tavo
2441 609 2709 666 Kalendas
2761 610 2959 681 Aprilis
3017 610 3214 679 quintae
3257 611 3452 670 decima:
3507 619 3720 684 indictiouis

2269 722 2437 779 usque
2453 716 2699 777 quartam
2721 704 2983 760 decimam
3010 703 3270 761 Kalendas
3286 707 3396 762 Julii
3423 714 3723 773 nonmindietio-

2272 802 2373 865 nis,
2405 815 2526 855 cum
2557 805 2838 867 regnasset
2886 797 3042 854 annis
3071 797 3251 867 viginti
3288 808 3503 868 quatuor,
3542 810 3724 866 mensibus

2268 894 2499 960 duobus,
2530 892 2717 947 diebus
2738 890 2924 960 viginti
2946 890 3175 944 duobus.
3203 890 3434 946 Similiter
3471 904 3517 948 et
3550 895 3726 954 Conslan-

2272 988 2414 1041 tinus
2439 983 2579 1038 ﬁlius
2594 982 2732 1052 ejus,
2757 980 2986 1052 imperii,
3006 982 3347 1050 etimpietatis
3361 984 3504 1053 ipsius
3519 1002 3725 1059 successor,

2268 1080 2338 1133 ab
2387 1078 2577 1132 eodem
2624 1091 2712 1130 xiv
2754 1072 2980 1129 Kalend.
3008 1072 3135 1127 Julii
3165 1075 3444 1131 indictionis
3468 1094 3621 1146 nonae,
3653 1098 3730 1138 cum

2269 1177 2549 1240 regnasset
2590 1178 2645 1223 et
2673 1167 2788 1238 ipse
2811 1166 2967 1221 annis
3008 1182 3190 1233 xxxiv,
3221 1169 3470 1223 mensibus
3495 1171 3639 1237 tribus,
3661 1174 3731 1228 die

2268 1266 2370 1321 bus
2396 1262 2624 1318 duobus.
2640 1259 2843 1315 Taliter
2867 1272 3018 1328 ergo,
3042 1269 3101 1313 ut
3126 1259 3462 1329 prmdiximus,
3482 1264 3629 1318 eodem
3645 1281 3733 1321 anno

2271 1363 2517 1412 mortuus
2545 1362 2626 1409 est
2658 1355 2787 1418 Leo,
2838 1368 2959 1407 eum
2992 1352 3206 1419 animas,
3235 1361 3287 1407 et
3314 1357 3528 1422 corporis
3552 1367 3685 1420 morte,
3700 1368 3734 1411 et

2271 1451 2503 1521 imperat
2528 1448 2917 1504 Constantinus
2944 1445 3083 1501 ﬁlius
3107 1445 3243 1515 ejus.
3276 1445 3340 1499 Et
3368 1447 3551 1517 quidem
3568 1463 3734 1518 quecui»

2271 1533 2376 1614 que
2419 1545 2517 1598 sub
2569 1542 2750 1597 Leone
2811 1542 2975 1611 impio
3021 1541 3332 1596 Christianis
3377 1553 3635 1607 evenerunt,
3668 1546 3738 1597 sive

2273 1640 2415 1693 circa
2443 1635 2772 1692 Ortodoxam
2804 1634 2984 1703 Iidem,
3035 1635 3150 1691 sive
3178 1650 3335 1705 super
3356 1635 3567 1690 civilibus
3587 1634 3739 1704 disposl-
3838 1616 3839 1649 ¹

2276 1730 2539 1796 tionibus,
2574 1729 2686 1783 sive
2716 1743 2881 1798 super
2918 1727 3088 1797 turpis
3115 1726 3249 1783 lucri
3277 1735 3488 1797 quaestu,
3511 1734 3556 1780 et
3579 1726 3738 1788 avaritia,

2276 1840 2373 1895 per
2400 1823 2658 1889 Siciliam,
2684 1831 2741 1877 et
2760 1821 3083 1886 Calabriam,
3116 1828 3173 1875 et
3199 1819 3423 1884 Cretam,
3447 1818 3666 1874 adiuvent:
3684 1835 3741 1889 pa-

576 1914 708 1957 vero
735 1909 1087 1972 pugnatores,
1118 1901 1205 1968 qui
1229 1915 1297 1955 ex
1320 1898 1423 1953 illis
1445 1897 1511 1952 ad
1533 1912 1630 1953 sex
1652 1897 1817 1951 millia
1843 1898 2169 1967 institerant,
2202 1889 2250 1952 Β
2275 1889 2407 1976 λειω.
2429 1932 2482 1974 ει
2504 1917 2774 1988 imposita,
2807 1917 2920 1973 sive
2952 1916 3003 1970 in
3034 1914 3203 1969 "alia,
3225 1916 3477 1985 aposusia
3499 1924 3664 1985 propter
3680 1914 3738 1967 hu,

580 1994 838 2052 Sinadam
866 1993 1204 2063 confugiunt,
1258 2001 1313 2047 et
1353 1992 1486 2046 salvi
1522 2000 1867 2046 remanentes
1896 1990 2168 2046 Zuleimin

581 2090 771 2145 sociati
802 2096 947 2155 sunt,
980 2097 1035 2143 et
1059 2088 1125 2143 ad
1173 2086 1384 2160 Syriam
1414 2085 1739 2153 repedarunt
1785 2084 2019 2154 inglorii.
2055 2083 2166 2139 Eo-

576 2181 699 2237 dem
728 2181 889 2237 etiam
918 2195 1062 2236 anno
1090 2181 1143 2234 in
1174 2179 1352 2235 Africa
1399 2178 1550 2232 multi
1579 2179 1645 2230 ab
1676 2177 1755 2231 eis
1783 2191 1905 2231 cum
1936 2184 2167 2245 praetore

579 2275 913 2332 Damasceno
936 2275 1156 2330 nomine
1179 2272 1464 2343 perditioni
1491 2278 1802 2340 patuerunt.
1832 2269 1989 2325 Anno
2014 2269 2167 2338 vigeA

584 2369 722 2423 simo
753 2367 915 2421 tertio
945 2365 1153 2435 imperii
1184 2364 1399 2427 Leonis,
1425 2361 1735 2431 nequissimi
1760 2359 1903 2432 Syri,
1956 2360 2166 2417 incensi

580 2465 707 2513 sunt
740 2454 843 2511 fori
872 2454 1012 2524 apud
1053 2454 1370 2508 Damascum
1401 2469 1431 2507 a
1476 2453 1871 2520 Raticensibus,
1902 2453 1993 2521 qui
2024 2453 2166 2522 pati-

580 2548 707 2603 bulo
760 2557 888 2603 sunt
916 2546 1088 2603 afﬁxi.
1126 2546 1427 2616 eodemque
1454 2562 1597 2602 anno
1628 2555 1785 2601 terra:
1840 2555 2019 2601 motus
2050 2547 2164 2603 fac-

580 2648 666 2692 tus
720 2648 803 2692 est
848 2652 1075 2707 magnus
1138 2646 1303 2707 atque
1351 2639 1602 2692 terribilis
1653 2639 2162 2709 Constantinopoli,

575 2744 650 2785 vn
672 2729 935 2786 Kalendas
957 2730 1241 2797 Novemb.,
1262 2729 1568 2786 indictionis
1590 2747 1744 2786 nonae
1786 2732 1917 2787 feria
1948 2734 2002 2796 4,
2033 2734 2166 2788 liora

577 2819 633 2887 8,
670 2831 727 2877 et
763 2831 1086 2879 corruerunt
1108 2823 1383 2890 ecclesiae,
1422 2838 1485 2877 ac
1516 2825 1870 2889 monasteria,
1904 2825 2167 2895 populus-

578 2929 683 2985 que
711 2914 911 2969 mnltus
950 2916 1248 2969 exstinctus
1274 2922 1375 2969 est.
1406 2912 1614 2969 Cecidit
1640 2925 1819 2969 autem
1859 2922 1915 2969 et
1939 2915 2165 2970 simula-

576 3023 725 3063 crum
769 3008 913 3077 quod
968 3007 1145 3063 stabat
1175 3021 1339 3076 super
1382 3006 1544 3060 Attali
1597 3018 1751 3075 porta
1798 3006 1975 3075 Magni
2019 3005 2164 3062 Con-

580 3086 951 3166 Stantini,una
984 3114 1106 3154 eum
1138 3100 1252 3169 ipso
1282 3097 1482 3162 Atlalo,
1512 3106 1561 3151 el
1593 3096 1779 3151 titulus
1810 3096 2045 3163 Arcadii,
2078 3096 2164 3167 qui

575 3206 737 3262 supra
766 3188 1045 3260 XerOphili
1063 3192 1312 3245 columna
1335 3189 1531 3253 stabat,
1564 3197 1618 3241 et
1637 3188 2165 3256 simulacrnmmajo-

579 3284 654 3339 ris
677 3284 989 3348 Theodosii,
1013 3283 1157 3354 quod
1180 3298 1336 3352 supra
1364 3283 1596 3336 Auream
1621 3292 1833 3351 portam
1856 3281 2160 3347 videbatur,

576 3390 790 3432 necnon
831 3385 887 3430 et
915 3377 1112 3431 terreni
1161 3374 1308 3430 urbis
1350 3375 1513 3437 muri,
1539 3389 1602 3429 ac
1629 3374 1896 3437 civitates,
1932 3390 1997 3429 ac
2024 3374 2164 3429 villa:

576 3470 628 3524 in
656 3469 880 3535 Thrace,
930 3478 987 3524 et
1013 3468 1319 3524 Nicomedia
1350 3469 1402 3523 in
1460 3467 1732 3541 Bithynia,
1782 3477 1838 3523 et
1865 3468 2161 3538 Praenetus,

572 3567 629 3615 et
655 3558 838 3627 Nicea,
869 3561 922 3616 in
950 3575 1055 3630 qua
1087 3574 1190 3615 una
1220 3569 1425 3613 tantum
1451 3560 1594 3614 salva
1624 3562 1884 3616 remansit
1914 3561 2160 3617 ecclesia.

575 3651 733 3720 Fugit
777 3661 954 3708 autem
986 3663 1042 3709 et
1072 3670 1219 3709 mare
1251 3656 1511 3711 terminos
1567 3670 1694 3711 suos
1726 3657 1778 3711 in
1834 3654 2162 3725 quibusdam

573 3742 733 3811 locis,
757 3752 815 3800 et
838 3746 1146 3815 perduravit
1177 3755 1517 3801 terracmotus
1552 3748 1825 3803 mensibus
1852 3746 2163 3802 duodecim.

573 3834 671 3891 Ast
728 3838 1024 3908 imperator
1068 3838 1337 3895 allocutus
1367 3847 1449 3893 est
1479 3840 1737 3909 pupulum
1790 3839 2018 3895 dicens:
2058 3838 2168 3895 Vos

576 3945 683 3985 non
715 3930 904 3987 valetis
948 3930 1217 3986 mdiﬁcare
1265 3946 1465 3993 muros,
1523 3931 1616 3986 sed
1671 3948 1771 3986 nos
1827 3932 2169 4001 praecipimus

575 4019 1124 4087 administratoribus,
1159 4032 1214 4077 et
1262 4023 1362 4093 ipsi
1394 4023 1612 4092 exigent
1668 4023 1719 4077 in
1770 4023 2011 4092 regulam
2070 4039 2169 4095 per

570 4114 812 4183 singulos
838 4132 1032 4171 aureos
1064 4132 1336 4171 nummum
1368 4126 1678 4186 argenteum
1711 4132 1894 4170 unum.
1922 4114 2040 4182 Quo
2065 4115 2168 4169 ini-

573 4215 792 4277 pet'ator
837 4219 1084 4280 accepto,
1106 4210 1387 4265 mdilieatit
1411 4224 1614 4271 muros,
1655 4216 1709 4262 et
1765 4208 1837 4262 ita
1898 4208 2038 4261 facta
2086 4214 2171 4261 est

581 4300 917 4356 consuetudo
946 4301 1104 4355 dandi
1130 4301 1281 4355 binas
1309 4300 1334 4328 ⁸
1366 4300 1587 4371 siliquas
1616 4297 2164 4362 administratoribus,

578 4406 702 4446 cum
750 4408 925 4447 annus
948 4401 1092 4447 esset
1120 4408 1150 4446 a
1182 4392 1492 4448 conditione
1532 4390 1750 4462 quidem
1783 4390 1988 4453 mundi,
2010 4387 2167 4457 juxta

576 4481 845 4539 Romanos
883 4485 951 4538 ab
982 4484 1151 4539 Adam
1181 4495 1364 4539 sextus
1391 4485 1707 4539 millesimus
1728 4482 2170 4552 quadragesimus

570 4583 813 4640 octavus,
864 4575 1159 4629 secundum
1204 4573 1488 4646 Egyptios
1516 4591 1664 4641 vero,
1716 4591 1810 4630 seu
1851 4573 2168 4628 Alexandri-

571 4680 687 4731 nos,
714 4677 900 4720 sextus
946 4666 1260 4721 millesimus
1314 4667 1711 4722 ducentesimus
1736 4666 2042 4735 trigesimus
2073 4678 2160 4719 se-
2188 4678 2241 4737 D

2268 2014 2357 2083 jus
2381 2011 2734 2076 cacodoxian,
2762 2010 2875 2065 sive
2902 2009 2956 2064 in
2985 2006 3151 2074 fame,
3175 2020 3227 2063 et
3258 2007 3549 2078 pestilentia,
3567 2006 3744 2076 gentium-

2275 2119 2379 2175 que
2408 2103 2696 2173 pressuris,
2730 2111 2789 2157 ut
2819 2101 3167 2172 particularia
3198 2110 3424 2165 taceam,
3462 2101 3508 2154 in
3534 2099 3744 2170 preceden-

2276 2201 2419 2255 tibus
2473 2199 2831 2253 ostenduntur
2878 2195 3154 2260 capitulis.
3186 2195 3408 2263 Dignum
3434 2202 3585 2247 autem
3615 2200 3673 2246 est
3706 2192 3745 2244 de

2272 2301 2490 2356 caetero,
2544 2300 2600 2346 et
2637 2291 2844 2361 imperii
2902 2288 2994 2343 ﬁlii
3043 2290 3182 2359 ejus,
3218 2300 3461 2358 tanquam
3508 2303 3534 2341 a
3584 2285 3747 2352 Deo,qni

2271 2388 2450 2441 omnia
2495 2384 2769 2455 perspicit,
2820 2385 3282 2454 contemplantem
3330 2381 3582 2444 veraciter,
3605 2387 3645 2431 et
3683 2392 3747 2430 non

2270 2482 2560 2551 superllue,
2615 2478 2683 2533 ad
2742 2478 3030 2532 utilitatem
3080 2477 3338 2547 posteris,
3387 2484 3439 2529 et
3487 2472 3661 2533 miseris,
3696 2468 3749 2533 qui

2271 2575 2477 2629 nuncin
2509 2572 2800 2628 cacodoxia
2828 2571 2967 2625 illius
2990 2567 3568 2640 decipiuntur,ludibria
3588 2561 3749 2630 exsequi.

2269 2684 2387 2738 qua:
2416 2669 2484 2721 ab
2514 2667 2614 2721 hac
2652 2665 2861 2721 decima
2891 2664 3194 2720 lndictione
3240 2663 3403 2734 ipsius
3445 2658 3616 2731 imperii
3655 2655 3753 2726 primi

2269 2760 2418 2826 anni,
2462 2773 2630 2827 usque
2661 2758 2725 2811 ad
2766 2769 3014 2826 quartam
3044 2757 3314 2811 decimam
3346 2753 3641 2809 indictionem
3667 2760 3755 2800 mor-

2271 2853 2337 2907 tis
2368 2853 2510 2906 illius
2540 2852 2703 2920 impie
2742 2851 2925 2919 8855“.
2957 2849 3052 2903 llic
3082 2849 3233 2903 enim
3266 2843 3695 2918 perniciosissimus,
3725 2844 3757 2889 et

2270 2944 2514 3014 agrestis,
2535 2942 2699 3005 ferus,
2733 2942 3031 3013 tyrannice,
3059 2955 3161 2995 nec
3187 2940 3441 3007 legitime,
3472 2937 3631 2990 abusus
3652 2942 3758 2997 turpe.

2270 3039 2381 3102 rio,
2412 3038 2585 3109 primo
2634 3037 2850 3107 quidem
2888 3053 2916 3090 a
2957 3036 3088 3099 Deo,
3122 3046 3181 3089 et.
3213 3035 3519 3089 intemerata
3548 3029 3674 3082 Matre
3711 3023 3757 3090 ip-

2270 3130 2401 3195 sius,
2431 3144 2497 3184 ac
2519 3128 2770 3183 omnibus
2795 3130 3016 3190 sanctis,
3034 3127 3300 3191 abscedit,
3328 3123 3530 3194 magicis
3555 3114 3757 3175 maleﬁciis,

2270 3233 2323 3278 et
2353 3221 2594 3288 luxuriis,
2622 3222 2964 3289 crnentisque
2993 3220 3302 3283 sacriﬁciis,
3338 3228 3390 3272 et
3416 3213 3646 3271 caballinis
3676 3216 3761 3261 ster-

2192 3296 2239 3361 C
2270 3314 2506 3377 coribus,
2566 3323 2730 3381 atque
2761 3312 2890 3367 lotio
2930 3312 3255 3376 delectatus,
3310 3308 3693 3371 mollitie'ursque,
3721 3308 3759 3347 ac

2266 3409 2569 3463 daemonum
2611 3406 3040 3462 invocationibus
3069 3406 3351 3475 gaudens,
3407 3413 3553 3471 atque
3596 3394 3762 3451 omnibus

2268 3501 2475 3555 animas
2526 3499 2998 3569 eorrump‘entibus
3044 3495 3510 3553 adinventionibus
3573 3506 3597 3543 a
3645 3493 3762 3537 lene“

2268 3599 2427 3645 mtate
2475 3591 2785 3645 conviveus.
2832 3588 2965 3656 Quia
2996 3579 3122 3643 vero
3164 3598 3452 3660 paternum
3509 3579 3761 3653 principatum

2269 3700 2390 3739 cum
2446 3684 2651 3738 malitia
2694 3685 2964 3753 suscepit,
3006 3698 3112 3737 non
3154 3683 3424 3736 modicam
3472 3679 3518 3731 in
3546 3673 3762 3729 brevileln-

2270 3793 2401 3849 pore
2444 3777 2777 3831 demonstrat
2805 3774 3117 3844 nequitiam,
3179 3775 3253 3828 ita
3288 3783 3345 3827 ut
3394 3772 3458 3824 ab
3509 3764 3626 3821 omni
3657 3776 3697 3814 us
3723 3753 3764 3809 ob

2269 3869 2658 3941 impudentiam
2718 3868 3001 3923 confestim
3050 3866 3180 3921 odio
3238 3867 3536 3925 haberetur,
3590 3866 3630 3911 et
3668 3852 3762 3905 Δηί-

2272 3964 2437 4020 basdo
2486 3961 2806 4032 curopalati,
2850 3970 2905 4016 et
2934 3960 3116 4015 comiti
3152 3959 3381 4019 Obsicii,
3415 3955 3497 4024 qui
3526 3953 3684 4005 Annam
3710 3956 3763 3992 so.

2270 4073 2451 4115 rorem
2483 4057 2599 4125 ejus
2625 4056 2890 4122 duxerat,
2921 4055 3003 4107 vis
3029 4069 3126 4124 pro
3155 4049 3489 4123 capessendo
3518 4032 3763 4111 imperioim-

2271 4161 2587 4222 poneretnr.
2613 4150 2923 4218 Eademque
2948 4163 3090 4202 anno
3116 4146 3313 4201 Evelid
3340 4141 3575 4199 interﬁcit
3594 4128 3766 4222 Christia-

2271 4221 2370 4300 nos
2421 4245 2667 4311 captivos
2702 4245 2751 4297 in
2781 4242 2926 4295 omni
2954 4240 3199 4305 civitate,
3234 4239 3379 4293 inter
3408 4248 3532 4305 quos
3578 4236 3617 4281 et
3658 4221 3766 4286 Em)"

2271 4339 2445 4397 chius.
2481 4336 2622 4390 ﬁlius
2656 4333 2885 4389 Mariani
2918 4333 3153 4405 patricii,
3198 4342 3413 4403 martyr
3443 4339 3581 4382 verus
3602 4320 3771 4409 οςίζηξυε

2271 4428 2430 4485 estin
2472 4427 2653 4481 Carris
2681 4425 3103 4494 Me-opotamize,
3160 4423 3259 4476 ubi
3307 4416 3381 4475 et
3416 4413 3622 4485 reliquie
3658 4407 3769 4497 ipsi?

2272 4521 2531 4576 sanitates
2562 4534 2658 4589 per
2707 4517 2799 4571 Dei
2831 4517 3058 4584 gratiam
3093 4524 3421 4585 operantur,
3476 4518 3525 4565 et
3569 4497 3685 4558 multi
3717 4490 3771 4543 ahl

2272 4628 2369 4685 per
2390 4611 2704 4680 sanguinem
2736 4608 3093 4663 consummati
3124 4615 3279 4661 sunt.

641 4810 667 4839 λ
714 4798 911 4856 Viainti
958 4808 1059 4855 tres
1093 4801 1559 4875 άεηαγὲοε;φόχος
1577 4802 1634 4855 in
1691 4798 1897 4871 singula
1950 4799 2284 4852 numismata.

1611 4911 3771 4964 ___________—________~__—__—__——-"

1454 5057 1755 5137 LIBER
1808 5054 2383 5134 VIGESIMUS
2441 5052 3005 5132 SECUNDUS.

1095 5324 1633 5382 CONSTANTINUS.

645 5420 803 5474 Auno
852 5417 921 5473 ab
948 5416 1323 5473 incarnatione
1360 5416 1570 5472 Domini
1601 5414 1730 5480 7‘55,
1772 5414 2158 5470 Constantinus

575 5518 892 5582 persecutor
914 5508 1093 5579 legum
1123 5525 1154 5564 a
1185 5507 1435 5565 Patribus
1459 5508 1778 5563 traditarum
1809 5508 2040 5579 imperat
2076 5508 2156 5563 di-

573 5617 712 5659 vinis
764 5603 998 5673 judieiis,
1040 5612 1098 5660 et
1144 5604 1489 5660 multitudine
1543 5611 1848 5657 nostrarum
1906 5603 2156 5670 exigente

573 5699 874 5761 culparum.
918 5698 1157 5767 quicum
1187 5697 1372 5768 quinta
1401 5695 1671 5751 Kalendas
1698 5692 1826 5750 Julii
1856 5694 1923 5750 ad
1975 5704 2155 5764 partes

524 5862 527 5865 _
572 5803 823 5859 egressus
845 5785 1046 5845 Obsicii
1075 5789 1333 5845 adversus
1361 5787 1570 5847 Arabes
1598 5796 1760 5855 esset,
1795 5788 1946 5845 venit
1971 5786 2039 5843 ad
2068 5787 2150 5843 ci-

2265 5325 2487 5379 vitatem
2535 5339 2658 5394 quae
2703 5323 2902 5380 dicitur
2928 5324 3120 5380 Craso.
3150 5323 3295 5380 Cum
3352 5332 3524 5378 autem
3572 5309 3780 5385 pra-liful

2265 5414 2600 5471 Artabasdus
2629 5417 2842 5471 Dorila2i
2874 5433 2997 5473 cum
3039 5414 3286 5473 Obsiaco
3317 5415 3515 5488 populo
3540 5415 3678 5472 esset.
3699 5411 3781 5456 συθ·

2264 5507 2582 5577 pieabantur
2621 5509 2942 5564 adinvicem.
2980 5510 3201 5565 Mittens
3243 5520 3431 5563 autem
3474 5493 3781 5587 Constantinus

2263 5601 2329 5655 ad
2374 5616 2519 5667 eum,
2554 5601 2774 5671 petebat
2800 5602 2900 5660 sibi
2928 5602 3081 5671 dirigi
3139 5599 3293 5657 ﬁlios
3323 5601 3460 5672 ejus,
3519 5607 3638 5667 QUOS
3673 5591 3781 5658 φιδι

2260 5703 2487 5764 nepotes
2541 5709 2669 5749 suos
2723 5694 3062 5751 desiderabat
3119 5695 3338 5752 videre.
3395 5690 3609 5748 Intentio
3650 5685 3780 5764 aut?!"

2257 5762 2374 5857 ejus
2395 5797 2511 5841 erat
2541 5787 3035 5856 eomprehendendi
3064 5801 3183 5853 eos,
3220 5796 3281 5843 et
3309 5778 3625 5844 retrudendi.
3650 5762 3782 5829 Μῖνι
