3956 6342
120 310 262 369 1089

1174 308 1488 367 HISTORIA
1534 306 1891 366 MISCELLA.
1932 342 2003 353 -
2040 313 2170 371 LIB.
2212 316 2375 372 XXII.

3265 322 3406 381 1090

116 446 238 487 cum
260 430 614 485 intellexisset
634 427 899 496 fraudem,
920 427 1412 483 immensurabilem
1439 425 1699 481 malitiam
1731 424 1784 483 Δ
1806 436 2071 494 agrestem
2119 431 2361 499 quidem,
2414 432 2512 489 sed
2565 433 2896 503 religiosum,
2921 434 3077 506 jubet
3102 438 3156 494 in
3177 436 3402 499 Oriente

115 523 229 592 ejus
264 526 459 591 sciens,
490 525 572 582 sui
603 524 1030 594 desperationem
1064 525 1310 592 incurrit,
1335 526 1704 597 populumque

114 618 414 690 alloquens,
443 631 499 676 et
519 620 867 691 persuadens,
892 622 1096 693 impetu
1124 619 1383 676 adversus
1406 620 1554 674 illum
1584 633 1707 674 cum

113 716 261 771 omni
286 716 629 772 multitudine
653 717 983 786 properavit,
1013 724 1066 769 et
1093 716 1253 769 Beser
1294 715 1510 784 quidem
1542 713 1709 783 patri-

112 808 282 874 cium,
306 808 400 878 qui
426 823 587 863 sensu
616 817 734 861 erat
757 807 1184 862 Sarracenorum
1213 814 1473 869 sectator,
1506 807 1708 874 quique

111 909 479 970 praecesserat,
510 900 798 970 romphmis
850 901 1257 957 interfecerunt.
1300 903 1369 955 At
1398 916 1525 955 vero
1552 898 1701 954 Con-

108 994 382 1051 stantinus
409 994 610 1048 misero
637 1008 779 1062 equo
807 992 945 1048 forte
994 1002 1165 1049 strato
1195 1002 1433 1064 reperto,
1466 1010 1588 1048 cmn
1620 1008 1706 1047 as-

106 1086 383 1140 cendiSSet
399 1086 449 1138 in
480 1100 623 1149 eum,
659 1084 863 1153 fugiens
890 1088 1037 1139 venit
1066 1086 1366 1148 Amorium,
1401 1094 1455 1139 et
1482 1101 1603 1141 cum
1636 1085 1704 1140 ad

102 1174 462 1231 Orientalium
495 1177 698 1240 thema,
738 1176 892 1244 cujus
924 1185 1122 1246 prtetor
1176 1185 1293 1231 erat
1324 1176 1572 1244 Lacinus,
1608 1194 1704 1234 cu-

104 1266 387 1326 currisset,
405 1265 823 1320 circumvenitur
835 1265 901 1320 ab
917 1266 1039 1327 illis.
1066 1282 1204 1336 quos
1221 1283 1341 1321 cum
1357 1271 1562 1337 magnis
1586 1270 1705 1339 pol-

104 1358 497 1413 Iicitationibus
525 1359 836 1424 sublevans,
892 1360 958 1414 ad
990 1360 1340 1415 Sisinnatiuni
1398 1362 1581 1427 mittit,
1615 1362 1707 1431 qui

104 1460 311 1522 prtctor
338 1462 458 1505 erat
479 1451 868 1506 Thracensium
903 1452 1175 1518 thematis,
1202 1461 1257 1509 et
1282 1454 1568 1524 persuadet
1603 1454 1707 1509 illis

105 1544 357 1597 auxiliari
387 1544 507 1598 sibi.
542 1543 676 1600 Hinc
699 1559 829 1613 ergo
857 1546 1209 1601 atrocissime
1241 1562 1451 1615 pugnae,
1486 1556 1541 1601 et
1571 1562 1705 1601 con-

105 1635 287 1689 ﬂictus
314 1634 541 1691 subditis
568 1646 918 1703 generantur,
950 1653 1071 1691 cum
1115 1637 1410 1706 imperator
1462 1637 1707 1707 appella-

103 1737 257 1783 retur
284 1736 531 1797 uterque.
564 1726 829 1783 Prmterea
861 1729 1046 1784 scribit
1071 1729 1400 1785 Artabasdus
1423 1730 1487 1784 ad
1522 1730 1708 1785 Theo-

102 1823 325 1892 phanen
361 1822 663 1891 patricium,
704 1830 762 1876 et
817 1824 1153 1893 magistrum,
1211 1823 1303 1892 qui
1358 1839 1425 1878 ex
1476 1839 1707 1892 persona

103 1912 371 1982 principis
409 1912 462 1967 in
516 1912 649 1967 urbe
702 1921 1057 1980 remanserat,
1090 1920 1144 1967 et
1200 1928 1298 1982 per
1352 1912 1708 1968 Athanasium

102 2008 481 2063 Silentiarium
532 2023 651 2077 quae
698 2017 848 2078 gesta
904 2018 1049 2073 sunt,
1081 2010 1171 2080 qui
1229 2025 1351 2065 cum
1408 2010 1707 2067 Artabasdo

102 2103 341 2169 faveret,
358 2111 676 2157 coacervato
694 2102 893 2172 populo
916 2103 1055 2174 apud
1072 2098 1485 2158 'catecliumenia
1500 2117 1708 2173 magna:

101 2194 374 2257 eccfesize,
405 2204 461 2250 et
474 2211 569 2265 per
583 2195 810 2262 litteras,
830 2210 883 2251 et
900 2212 993 2266 per
1005 2198 1116 2266 jam
1134 2197 1337 2251 dictum
1357 2198 1708 2253 Athanasium

102 2293 384 2361 persuasit
412 2293 659 2348 omnitus
698 2292 920 2349 credere
946 2293 1090 2363 quod
1126 2295 1419 2364 imperator
1463 2305 1709 2349 mortuus

101 2384 295 2441 fuerit.
338 2384 668 2442 Artabasdus
704 2396 882 2441 autent
916 2401 947 2440 a
973 2388 1296 2442 thematibus
1329 2374 1709 2457 pronuntiatus

101 2487 187 2531 est
206 2478 528 2545 imperator.
549 2476 698 2533 Tunc
713 2478 887 2532 omnis
902 2480 1128 2548 populus
1142 2495 1264 2534 cum
1281 2479 1575 2535 Athanasio
1590 2479 1710 2535 falsi

98 2570 351 2623 nominis
396 2571 721 2641 patriarcha,
767 2571 1097 2626 anathemati
1148 2582 1205 2628 et
1262 2573 1539 2627 testationi
1583 2573 1710 2628 sub-

99 2664 381 2718 miserunt
412 2664 837 2731 Constantinum,
892 2674 948 2719 ut
981 2675 1345 2735 arrogantem,
1375 2675 1429 2720 et
1452 2666 1708 2722 adversa-

98 2756 250 2811 rium
285 2756 405 2819 Dei,
456 2767 619 2825 atque
642 2756 811 2826 ipsius
862 2757 1063 2811 caedem
1104 2757 1559 2827 amplectabiliter
1613 2757 1710 2811 ad-

98 2850 385 2903 miserunt
416 2858 670 2918 tanquam
702 2865 730 2903 a
755 2850 899 2904 malo
931 2850 1168 2905 maximo
1197 2850 1430 2906 liberati.
1459 2852 1713 2904 Artabas-

97 2942 240 2996 dum
281 2956 418 2996 vero
444 2941 825 3012 imperatorem
858 2953 917 2997 ut
956 2940 1329 2997 Orthodoxum
1380 2943 1710 3014 prmdicave.

95 3044 260 3102 Iunt,
305 3043 363 3089 et
390 3035 692 3090 divinorum
724 3036 1033 3105 dogmatum
1075 3043 1553 3107 propugnatorem.
1588 3034 1712 3090 Mox

94 3144 244 3199 ergo
276 3132 527 3185 Monotes
561 3132 729 3185 mittit
768 3132 821 3186 in
854 3141 1034 3203 partes
1066 3132 1403 3187 Thracenses
1429 3132 1495 3186 ad
1546 3130 1708 3185 Nice-
1742 3169 1792 3236 Ο

94 3224 349 3294 phorum
365 3224 531 3277 lilium
548 3239 702 3279 suum
724 3232 1005 3294 prtetorem
1033 3224 1438 3290 Thracensium,
1463 3239 1572 3294 quo
1593 3240 1716 3279 cus-

95 3318 329 3372 todiam
381 3315 529 3369 urbis
560 3315 813 3381 muniret,
848 3323 904 3370 et
945 3315 1055 3370 illic
1085 3316 1384 3370 exercitum
1416 3316 1715 3370 constitue-

90 3416 219 3463 ret.
254 3408 533 3463 Ubseratis
564 3422 693 3476 ergo
718 3409 889 3477 portis
910 3423 1206 3473 murorum,
1240 3416 1297 3462 et
1334 3407 1531 3476 vigiliis
1565 3407 1718 3477 posi-

90 3504 198 3567 tis,
250 3501 392 3556 lilios
422 3500 757 3556 Constantini
788 3501 1231 3571 comprehensos,
1263 3516 1454 3567 caesos,
1487 3516 1551 3555 ac
1600 3509 1720 3554 ton-

91 3613 226 3657 sos,
269 3598 325 3649 in
384 3595 688 3649 custodiam
742 3596 945 3666 posuit.
977 3593 1113 3650 Cum
1156 3603 1335 3649 autem
1380 3593 1719 3649 Artabasdus

84 3705 240 3746 cum
268 3687 500 3743 Obsiciis
542 3690 731 3744 urbem
777 3698 923 3746 esset
952 3689 1244 3759 ingressus,
1281 3690 1529 3760 pervenit
1579 3689 1722 3743 Con-

82 3784 392 3838 stantinus
462 3782 834 3855 ChrySOpnlint
913 3800 1034 3839 cum
1091 3783 1300 3839 duobus
1376 3782 1718 3847 thematibus,

78 3877 508 3933 Thracensium
557 3880 783 3947 scilicet,
835 3887 997 3949 atque
1042 3878 1417 3934 Orientalium.
1478 3877 1546 3933 Et
1597 3894 1720 3934 cum

79 3972 175 4025 nil
229 3984 405 4037 agere
438 3970 709 4035 valuisset,
748 3987 997 4027 reversus
1027 3973 1169 4043 apud
1200 3972 1479 4028 Amorium
1510 3972 1716 4027 hiema-

70 4066 201 4119 vit.
275 4062 612 4119 Artabasdus
670 4073 853 4119 autem
907 4079 1005 4134 per
1054 4073 1225 4119 totam
1282 4067 1473 4121 urbem
1538 4080 1722 4121 sacras

68 4154 295 4213 erexit
326 4155 608 4224 imagines.
654 4158 863 4214 Interea
901 4157 1122 4213 barbari
1173 4159 1471 4214 sentientes
1523 4158 1717 4213 horum

66 4248 384 4302 adversus
422 4246 654 4302 invicem
676 4247 937 4319 jurgium,
963 4250 1187 4303 multam
1233 4249 1466 4319 praedam
1511 4250 1565 4304 in
1612 4247 1722 4304 Ro-

64 4340 301 4399 mania
356 4351 759 4412 perpetrarunt,
817 4343 1084 4398 Zulcimin
1140 4351 1376 4414 praetore
1455 4344 1713 4399 ducente.

62 4441 294 4495 Porro
353 4437 670 4495 Anastasius
726 4441 1246 4511 pseudopatriarcha
1304 4450 1494 4497 tenens
1545 4442 1720 4496 hono-

58 4529 292 4587 randa
331 4538 389 4586 et
422 4529 632 4586 viviﬁca
659 4529 824 4600 ligna,
861 4531 1064 4601 juravit
1113 4532 1313 4604 populo
1368 4532 1591 4589 dicens:
1622 4533 1723 4587 Per
1747 4539 1807 4603 ι)

52 4641 238 4684 eum
261 4664 282 4691 ,
324 4624 417 4693 qui
446 4624 499 4680 in
530 4625 660 4695 ipsis
688 4624 883 4681 affixus
910 4635 1017 4691 est,
1068 4627 1147 4684 sic
1172 4627 1305 4682 dixit
1357 4627 1488 4681 mihi
1546 4627 1719 4697 impe-

48 4730 275 4776 rator
338 4715 727 4774 Constantinus
770 4734 1125 4774 asseverans:
1175 4717 1253 4773 Ne
1304 4717 1583 4772 existimes
1629 4716 1716 4771 Fi-

42 4812 244 4867 lium
287 4806 383 4862 Dei
422 4823 543 4866 esse
582 4824 744 4879 quem
800 4811 1012 4881 peperit
1060 4809 1248 4875 Maria,
1305 4810 1505 4879 quique
1524 4808 1721 4864 dicitur

38 4900 393 4962 Christus,
430 4900 526 4954 sed
570 4915 765 4970 purum
823 4901 1118 4956 hominem.
1173 4900 1343 4955 Maria
1397 4900 1544 4955 enim
1595 4915 1718 4955 eum

32 4992 358 5073 peperit,
392 4992 533 5048 sicut
564 5009 649 5049 me
679 4995 890 5065 peperit
928 5004 1102 5050 mater
1131 5010 1275 5064 mea,
1306 5003 1365 5049 et
1392 5001 1522 5051 tunc
1551 4994 1723 5049 male-

32 5090 259 5149 dixit
292 5086 343 5141 ei
377 5088 551 5142 omnis
582 5089 832 5159 papulus.
866 5089 1023 5145 Anno
1055 5090 1295 5146 secundo
1326 5090 1538 5158 imperii
1581 5092 1726 5143 Con-

30 5181 370 5246 stantini,
421 5182 513 5250 qui
573 5182 789 5252 triginta
842 5183 1083 5253 quinque
1129 5199 1301 5239 annos
1355 5184 1512 5239 Rom.
1555 5182 1729 5253 impe-

30 5285 257 5340 rium
296 5276 489 5343 tenuit,
522 5285 768 5332 mortuus
797 5286 881 5332 est
931 5277 1107 5332 Evilid
1156 5280 1393 5334 Arabum
1444 5279 1574 5335 dux.
1632 5277 1731 5332 llic

29 5369 470 5435 sanctissima
500 5371 745 5428 Ecclesia
780 5373 1115 5429 Antiochena
1156 5388 1254 5444 per
1283 5389 1455 5428 annos
1493 5373 1725 5442 quadra-

31 5470 272 5541 ginta
304 5459 531 5516 viduata
560 5471 833 5530 manente,
867 5464 1277 5535 prohibentibus
1320 5465 1589 5521 Arabibus
1627 5479 1726 5535 pa-

31 5553 425 5622 Lria'rcham
454 5552 570 5608 ﬁeri
596 5554 651 5608 in
683 5556 871 5610 eadem
890 5595 906 5622 ,
957 5557 1163 5614 habens
1192 5560 1481 5629 quemdam
1533 5576 1721 5617 aman-

31 5652 401 5715 tissimum
454 5648 778 5703 monachum
825 5648 1037 5719 Syrum,
1091 5652 1312 5708 nomine
1361 5651 1727 5725 Stephanum,

136 5824 185 5854 ιι
258 5807 386 5877 AL,
415 5807 619 5866 Hualt'd
647 5815 789 5884 ﬁlius
817 5813 1024 5872 Ilium.

1811 520 2000 591 positis
2027 520 2364 590 Christianis,
2401 528 2445 582 si
2478 525 2679 581 vellent
2719 529 2961 597 permitti
3008 530 3107 586 sibi
3164 534 3401 603 patriar-

1808 610 1964 671 cham
1992 616 2214 681 habere,
2246 620 2420 689 ipsum
2450 619 2715 690 eligerent
2746 622 3105 693 Stephanum,
3140 626 3230 695 qui
3262 626 3404 683 divi-

1810 709 1953 763 nitus
1975 709 2081 765 hoc
2125 710 2239 766 fieri
2271 712 2619 779 arbitrantes,
2653 724 2984 769 consecrant
3011 730 3136 769 eum
3184 716 3237 770 in
3269 718 3401 774 sede

1809 799 2208 872 Theupboleos.
2253 802 2331 860 Ex
2386 814 2515 860 tunc
2573 821 2742 875 usque
2795 822 2937 863 nunc
2985 807 3239 863 discurrit
3286 809 3404 864 sine

1808 894 2173 964 prohibitione
2201 895 2314 951 fieri
2358 898 2691 967 hujusmodi.
2738 899 2942 955 Eodem
2972 916 3116 956 anno
3169 901 3406 956 obtinuit

1809 994 1834 1023 ⁸
1877 986 2028 1043 Giaid
2059 989 2195 1044 Illius
2243 988 2618 1047 Habdimelich
2650 991 2887 1047 Arabum
2922 994 3303 1063 principatum,
3338 992 3406 1047 ad

1809 1092 1969 1146 quem
2023 1081 2414 1137 Constantinus
2469 1084 2687 1153 quidem
2747 1085 3018 1140 Andream
3075 1086 3399 1158 spatarium,

1811 1172 2137 1229 Artabasdus
2208 1184 2388 1229 autem
2447 1175 2768 1247 Gregorium
2844 1179 3176 1247 logothetam
3244 1180 3405 1235 mise-

1809 1273 1953 1329 runt,
1979 1265 2236 1319 auxilium
2282 1277 2587 1335 quaerentes
2660 1270 2931 1338 utrinque.
2989 1269 3157 1325 Porro
3211 1270 3404 1339 pluviae

1811 1357 2076 1423 defectus,
2108 1368 2163 1414 et
2195 1369 2353 1414 terrae
2379 1373 2558 1417 motus
2607 1377 2703 1431 per
2731 1362 2849 1418 loca
2882 1363 3010 1418 facti
3041 1372 3185 1426 sunt,
3218 1364 3291 1417 ita
3344 1372 3405 1419 ut

1810 1462 2023 1507 montes
2067 1453 2348 1508 unirentur
2372 1453 2443 1509 ad
2478 1456 2709 1510 invicem
2735 1472 2829 1527 per
2853 1472 3093 1511 eremum
3120 1455 3297 1523 Sabte,
3353 1462 3410 1511 et

1813 1548 2034 1603 Castella
2071 1547 2121 1601 in
2156 1558 2352 1602 terram
2388 1548 2841 1618 immergerentur
2870 1548 3147 1620 absorpta.
3203 1548 3405 1603 Eodem

1816 1654 1944 1693 vero
1976 1655 2118 1694 anno
2148 1639 2372 1695 Cosmas
2402 1639 2742 1695 Alexandria:
2778 1642 3087 1713 patriarcha
3133 1655 3239 1695 una
3286 1654 3410 1694 cum

1817 1742 1933 1787 tota
1966 1733 2185 1788 civitate
2210 1750 2240 1787 a
2283 1733 2761 1790 Monothelitarum
2802 1735 3098 1791 cacodoxia
3142 1734 3299 1789 rediit
3342 1731 3412 1789 ad

1737 1796 1787 1857 Β
1817 1824 2221 1894 orthodoxiam,
2251 1841 2377 1881 cum
2408 1826 2673 1882 tenuisset
2709 1828 2809 1881 sub
2838 1823 3001 1896 Cyro,
3033 1826 3126 1895 qui
3166 1825 3266 1880 sub
3297 1822 3409 1880 He-

1811 1919 1978 1973 raclio
2008 1918 2350 1973 Alexandria:
2392 1919 2699 1989 patriarcha
2724 1919 2845 1973 luit.
2880 1916 3053 1972 Porro
3107 1917 3408 1972 exercitum

1812 2012 1981 2065 movit
2037 2009 2236 2065 Camer
2283 2026 2406 2065 cunt
2464 2011 2704 2066 Arabum
2762 2008 3106 2064 multitudine
3152 2008 3414 2064 adversus

1813 2103 2153 2169 Romaniam,
2179 2113 2234 2158 et
2273 2103 2456 2157 multis
2506 2104 2559 2157 in
2591 2102 2963 2171 captivitatem
3019 2101 3195 2156 ductis
3224 2116 3408 2155 rever-

1813 2211 1905 2250 sus
1933 2205 2033 2250 est.
2072 2194 2139 2247 Et
2187 2196 2437 2263 apparuit
2482 2194 2690 2262 signum
2723 2194 2777 2247 in
2831 2192 2969 2247 caelo
2996 2192 3066 2247 ad
3093 2191 3413 2261 Aquilonem

1812 2303 2000 2343 mense
2030 2287 2188 2342 Junio
2225 2328 2237 2340 .
2273 2285 2388 2339 Hali
2426 2294 2605 2340 autent
2649 2286 3050 2341 sanctissimum
3092 2283 3413 2353 metropoli-

1816 2388 1926 2434 tam
1960 2378 2207 2433 Damasci
2230 2379 2408 2447 lingua
2439 2378 2676 2433 mutilari
2719 2378 2999 2449 prtecepit,
3031 2387 3291 2447 tanquam
3323 2391 3411 2428 ar-

1813 2481 2066 2540 guentem
2097 2470 2274 2540 palatn
2314 2470 2577 2538 Arabum,
2628 2486 2691 2526 ac
2740 2470 3159 2524 Manichreorum
3211 2480 3416 2535 cogna-

1816 2562 2045 2629 tionem,
2075 2570 2132 2616 et
2163 2563 2404 2616 exsulem
2436 2576 2601 2631 penes
2630 2560 2843 2617 felicem
2867 2558 3249 2615 Eudzemonem
3278 2557 3415 2614 Ara-

1814 2653 1960 2708 biam
1991 2652 2140 2716 fecit,
2171 2654 2259 2707 ubi
2294 2653 2520 2707 moritur
2540 2653 2799 2724 martyrio
2835 2667 2934 2723 pro
2964 2652 3164 2707 Christi
3197 2651 3417 2707 nomine

1815 2753 2100 2813 percepto,
2132 2757 2254 2797 cum
2280 2742 2589 2811 expressius
2612 2741 2820 2797 divinas
2859 2743 3053 2797 missas
3082 2739 3412 2804 celebraret,

1814 2837 1954 2894 sicut
1984 2836 2148 2907 hujus
2170 2836 2248 2891 rei
2295 2843 2609 2889 narratores
2634 2836 2807 2903 aiunt,
2847 2834 2938 2905 qui
2968 2849 3028 2888 se
3056 2833 3287 2902 pmpriis
3316 2848 3413 2885 au-

1816 2923 2016 2979 ditibus
2043 2936 2212 2991 super
2258 2922 2364 2976 hoc
2415 2920 2721 2976 satisfactos
2750 2935 2871 2976 esse
2921 2928 3213 2975 testantur.
3246 2917 3415 2987 Ilujus

1815 3015 2103 3070 aautulator
2171 3024 2225 3069 et
2279 3013 2638 3085 homonymus
2687 3012 2881 3069 Petrus
2939 3011 3079 3081 apud
3127 3009 3414 3065 Mavimam

1818 3105 2063 3177 ejusdem
2099 3104 2434 3175 temporibus
2463 3113 2711 3160 ostensus
2738 3113 2823 3159 est
2844 3119 2942 3174 pro
2971 3102 3189 3157 Christo
3212 3109 3419 3172 martyr

1824 3198 2125 3254 ultroneus.
2184 3198 2469 3268 Languore
2519 3196 2790 3266 siquidem
2849 3196 3103 3251 detentus
3150 3194 3419 3266 primores

1822 3294 2057 3349 Arabum
2104 3292 2427 3355 advocavit,
2484 3298 2675 3361 utpote
2723 3288 3061 3344 assuefactos
3104 3286 3240 3353 sibi,
3295 3298 3419 3341 cum

1822 3384 2186 3441 chartularius
2218 3391 2383 3447 esset,
2411 3390 2466 3437 et
2502 3380 2717 3451 publica
2760 3381 2959 3436 tributa
3008 3378 3156 3434 facta
3208 3377 3423 3433 ratione

1822 3478 2116 3543 conferret,
2172 3488 2227 3534 et
2277 3479 2353 3533 ait
2380 3477 2485 3533 illis
2523 3495 2535 3531 :
2592 3477 2893 3533 Mercedem
2926 3477 3142 3546 quidem
3185 3491 3284 3547 pro
3316 3475 3421 3530 mei

1821 3573 2132 3628 visitatione
2160 3587 2188 3626 a
2212 3572 2326 3626 Deo
2353 3570 2651 3640 recipiatis,
2678 3569 3064 3625 licetinlldeles
3085 3568 3241 3622 amici
3266 3567 3385 3623 sitis
3409 3584 3420 3619 :

1823 3664 2136 3720 testamenti
2156 3679 2288 3719 vero
2312 3663 2419 3718 mei
2450 3672 2616 3717 testes
2643 3677 2739 3717 vos
2767 3662 2913 3727 volo,
2969 3676 3091 3716 cum
3139 3661 3212 3715 sit
3267 3659 3376 3714 tale
3405 3676 3418 3714 :

1823 3761 2013 3817 Omnis
2040 3761 2132 3831 qui
2163 3776 2270 3815 non
2301 3758 2472 3813 credit
2496 3758 2550 3812 in
2582 3756 2822 3824 Patrem,
2851 3764 2907 3811 et
2950 3756 3166 3821 Filium,
3197 3765 3252 3810 et
3299 3751 3426 3825 Spi-

1823 3851 1985 3907 ritum
2032 3860 2279 3906 sanctum
2324 3848 2886 3915 consubstantialem,
2960 3856 3016 3901 et
3084 3847 3320 3900 divinam
3368 3846 3424 3901 in

1823 3943 2058 3998 monade
2087 3940 2434 4006 Trinitatem,
2482 3948 2731 3995 mortuus
2760 3946 2842 3993 est
2897 3938 3102 4004 animo,
3134 3946 3189 3992 et
3215 3945 3424 3993 aeterno

1824 4038 2017 4108 dignus
2046 4046 2324 4093 tormento
2358 4055 2373 4090 :
2432 4035 2554 4090 talis
2585 4044 2667 4090 est
2718 4033 3053 4089 Muhammat
3085 4033 3423 4103 pseudopro-

1825 4133 1987 4202 pheta
2031 4138 2251 4197 vester,
2308 4134 2364 4183 et
2413 4127 2727 4183 Antichristi
2775 4140 3097 4196 pra-cursor.
3156 4122 3427 4179 Discedite

1825 4238 1974 4293 ergo,
1999 4223 2045 4278 si
2078 4222 2205 4277 mihi
2237 4220 2459 4277 creditis
2493 4219 2714 4275 testanti
2744 4218 2896 4273 vobis
2948 4217 3167 4283 coalum,
3227 4223 3282 4271 et
3311 4223 3423 4270 ter-

1826 4331 1966 4380 ram,
1998 4316 2065 4369 ab
2096 4314 2240 4369 illius
2288 4312 2642 4368 fabulatione.
2672 4310 2911 4365 Consqu
2959 4310 3103 4365 enim
3146 4308 3299 4363 vobis
3354 4321 3424 4362 ne

1826 4408 2145 4465 crnciemini
2196 4406 2356 4461 simul
2386 4422 2507 4461 cum
2539 4405 2648 4460 illo.
2682 4404 2815 4459 Cum
2864 4403 2979 4457 haec
3008 4411 3063 4457 et
3093 4402 3246 4472 plura
3295 4415 3421 4456 cum

1827 4499 1908 4554 eis
1951 4500 2019 4553 de
2066 4499 2179 4554 Deo
2236 4498 2592 4553 ratiocinatus
2647 4496 2958 4560 dissereret,
3012 4493 3294 4549 audientes
3347 4492 3425 4548 illi

1827 4598 2074 4661 stupore,
2105 4605 2202 4644 seu
2230 4590 2450 4645 vesania
2495 4589 2705 4645 detenti
2753 4587 3135 4657 longanimiter
3163 4587 3263 4642 visi
3295 4593 3421 4641 sunt

1828 4685 1991 4751 ferre,
2024 4700 2091 4739 ex
2122 4683 2383 4755 languore
2414 4684 2556 4739 hunc
2586 4690 2780 4754 prmter
2804 4698 3021 4739 sensum
3070 4696 3192 4737 esse
3222 4691 3422 4752 putan-

1829 4785 1933 4842 tes,
1971 4793 2095 4833 cum
2120 4785 2300 4831 autem
2332 4791 2400 4832 ex
2443 4776 2757 4831 inﬁrmitate
2786 4776 3174 4842 convaluisset,
3227 4773 3421 4843 majori

1828 4870 1993 4939 caapit
2018 4884 2150 4925 voce
2172 4869 2407 4924 clamare
2435 4887 2450 4922 :
2481 4868 2780 4924 Anathema
2810 4868 3160 4932 Muhammat,
3189 4875 3245 4922 et
3266 4866 3425 4920 fabu-~

1829 4963 2001 5019 losum
2020 4965 2282 5033 scriptum
2302 4963 2439 5033 ejus,
2457 4964 2702 5019 etcuncti
2716 4963 2807 5032 qui
2826 4962 3105 5025 obediunt,
3122 4958 3425 5016 etcredunt

1830 5054 2058 5111 ei.Tunc
2071 5071 2168 5125 per
2179 5055 2414 5125 gladium
2432 5054 2956 5109 animadversionem
2972 5064 3275 5121 perpessus.
3287 5063 3425 5103 mar-

1829 5156 1918 5220 tyr
1935 5156 2187 5202 ostensus
2204 5157 2305 5201 est.
2331 5146 2480 5203 Hunc
2498 5144 2980 5201 declamationibus
2995 5155 3306 5198 sermonum
3322 5139 3394 5195 ho

1830 5241 2044 5295 noravit
2064 5247 2283 5295 sanctus
2300 5238 2460 5295 Pater
2483 5247 2666 5295 noster
2680 5236 2938 5304 Joannes,
2962 5237 3050 5306 qui
3073 5238 3210 5290 bene
3221 5248 3421 5302 cogno-

1832 5331 2068 5385 minatus
2093 5340 2175 5385 est
2200 5328 2557 5403 Chrysoroas,
2594 5339 2815 5401 propter
2844 5342 3060 5383 auream
3085 5336 3141 5381 et
3169 5323 3423 5393 fulgidam

1832 5423 2063 5493 Spiritus
2082 5425 2254 5479 sancti
2282 5424 2531 5493 gratiam,
2555 5438 2677 5493 qua:
2702 5425 2756 5477 in
2773 5423 2887 5491 ipso
2915 5431 3021 5476 tam
3048 5420 3235 5487 verbo,
3259 5432 3421 5489 quam

1832 5517 1887 5572 in
1910 5517 2032 5573 vitze
2052 5523 2177 5571 actu
2196 5514 2450 5583 efﬂoruit,
2474 5530 2635 5586 quem
2657 5513 2907 5570 videlicet
2928 5511 3310 5569 Constantinus
3332 5509 3425 5564 im-

1830 5612 1951 5685 pius
1965 5611 2257 5683 imperator
2268 5625 2448 5667 annuo
2463 5616 2685 5682 propter
2699 5607 3027 5665 eminentem
3039 5603 3422 5664 orthodoxiam
