3956 6342
208 397 345 457 109³1

1234 401 1562 466 HISTORIA
1601 407 1965 487 MISCELLA.
2003 439 2075 459 -ι-
2108 412 2241 473 LIB.
2283 415 2450 473 XXII.

3311 387 3474 527 toasl

201 512 410 572 silentia
456 512 696 608 per-dies
721 513 963 608 singulos
989 514 1219 586 faciens,
1246 522 1506 593 populum
1531 524 1601 579 ad
1640 540 1766 583 sen-
1788 528 1845 590 Δ
1866 537 2127 601 expetens
2150 538 2211 587 ut
2237 532 2306 587 ad
2332 546 2393 588 se
2412 532 2497 587 via
2525 532 2684 589 unius
2708 531 2814 590 diei
2841 532 3153 605 diverteret,
3183 546 3453 608 quatenus

199 621 313 661 sum
342 620 501 661 suum
538 602 690 661 ﬂexit
724 605 1010 664 infeliciter
1034 611 1349 668 sectandum
1376 654 1394 682 ,
1432 615 1660 684 praevius
1689 616 1772 672 fu-

199 705 327 751 tura:
354 696 644 766 impietatis
664 697 919 755 existens.
948 698 1107 757 Anno
1134 702 1348 758 decimo
1376 706 1537 761 tertio
1560 707 1770 777 imperii

197 788 547 854 Constantini,
602 788 936 859 Anastasius,
988 794 1080 862 qui
1124 795 1354 852 sceleste
1394 797 1592 854 throno
1628 797 1771 855 Con-

193 879 673 947 stantinopolitano
702 882 933 950 pnefuit,
959 892 1206 941 mortuus
1235 895 1319 942 est
1344 902 1574 958 corpore
1609 889 1768 945 simul

194 979 247 1025 et
268 972 466 1039 anima,
494 973 785 1027 miserabili
816 975 1215 1047 passione,qu:e
1235 978 1430 1035 dicitur
1453 982 1765 1052 cordapsos,

192 1061 459 1130 fatigatus,
491 1079 611 1119 cum
640 1072 849 1121 stercus
878 1081 976 1136 per
1004 1083 1065 1122 os
1094 1069 1408 1138 evolvisset,
1432 1071 1647 1141 dignam
1674 1087 1769 1128 ex-

191 1154 402 1208 solvens
432 1154 719 1211 vindictam
748 1171 847 1226 pro
876 1156 1116 1224 audacia,
1148 1159 1376 1227 scilicet,
1398 1176 1556 1231 quam
1580 1172 1767 1218 contra

192 1240 375 1306 Deum,
408 1250 704 1313 contraque
742 1260 897 1299 suum
926 1247 1237 1315 magistrum
1267 1248 1531 1305 exhibuit.
1566 1249 1765 1306 Eodem

191 1346 410 1402 quoque
435 1348 594 1402 anno,
616 1335 1001 1392 Constantinus
1026 1338 1218 1408 impius
1235 1350 1421 1395 contra
1450 1352 1664 1399 sanctas
1704 1360 1769 1401 ac

192 1424 516 1480 venerabiles
589 1426 848 1495 imagines
898 1428 1183 1483 concilium
1238 1430 1482 1500 iniquum
1550 1433 1766 1501 triginta

188 1521 309 1583 octo
333 1514 703 1583 episcoporum
725 1517 1068 1585 congregavit
1094 1517 1146 1571 in
1170 1518 1369 1587 palatio
1392 1517 1607 1588 Hierim,
1633 1536 1765 1589 quo-

186 1622 301 1660 rum
328 1606 482 1676 primi
506 1617 655 1663 erant
680 1606 941 1677 Ephesius
971 1608 1106 1664 filius
1136 1609 1420 1675 Absimari,
1446 1620 1501 1665 et
1524 1612 1765 1668 l‘astillas

186 1695 481 1765 Pergensis,
516 1698 607 1766 qui
637 1697 776 1766 apud
816 1714 895 1763 se,
929 1714 1049 1768 qua:
1085 1700 1186 1755 sibi
1226 1700 1338 1754 visa
1380 1700 1610 1768 fuerant,
1671 1702 1765 1758 do-

184 1787 573 1856 gmatizarunt,
618 1787 765 1843 nullo
806 1799 1065 1859 praesente
1106 1806 1173 1845 ex
1202 1789 1493 1846 Catholicis
1546 1791 1762 1848 sedibus

183 1875 340 1932 Boni.
372 1878 593 1947 scilicet,
626 1879 711 1935 vel
740 1880 1095 1949 Antiochena,
1126 1881 1509 1949 Alexandrina,
1540 1882 1762 1939 Jeroso-
1790 1870 1840 1934 B

180 1969 434 2041 lymitana
461 1990 475 2025 :
507 1988 537 2026 a
562 1981 752 2043 quarta
771 1972 893 2029 ldus
924 1973 1196 2029 Februarii
1219 1975 1536 2045 incipientes
1564 1978 1762 2047 perdu-

178 2071 433 2119 raverunt
463 2080 628 2135 usque
657 2067 723 2121 ad
751 2074 957 2122 sextam
987 2066 1108 2124 ldus
1137 2067 1360 2138 Augusti
1389 2068 1631 2137 ejusdem
1674 2083 1756 2124 se-

176 2156 359 2224 ptimae
388 2155 715 2213 indictionis.
749 2157 850 2223 Qui
880 2174 1000 2213 cum
1043 2159 1098 2213 in
1142 2160 1421 2217 Blaternas
1450 2159 1545 2215 Dei
1578 2162 1760 2217 Gene-

176 2246 327 2300 tricis
385 2247 568 2302 hostes
614 2249 1017 2318 convenissent,
1075 2250 1317 2306 ascendit
1370 2252 1758 2308 Constantinus

174 2334 472 2404 imperator
500 2336 553 2392 in
580 2338 865 2393 ambonem
893 2346 1082 2394 tenens
1120 2338 1531 2395 Constantinum
1572 2357 1761 2398 mona—

172 2428 357 2494 chum,
385 2429 473 2497 qui
503 2427 599 2484 fuit
626 2429 769 2501 Sylei
797 2433 1098 2503 episcopus,
1123 2440 1178 2489 et
1214 2449 1335 2490 cum
1365 2445 1595 2503 orasset,
1624 2451 1759 2493 voce

173 2533 370 2588 magna
400 2521 765 2588 pronuntiavit
806 2523 991 2579 dicens
1020 2541 1035 2578 :
1076 2524 1434 2582 Constantino
1467 2527 1759 2584 universali

169 2609 493 2680 patriarchae
524 2612 720 2667 multos
749 2628 936 2670 annos.
972 2613 1035 2667 Et
1053 2614 1176 2670 dein
1202 2616 1443 2671 ascendit
1463 2618 1759 2687 imperator

170 2716 295 2757 cum
320 2701 673 2759 Constantino
709 2704 973 2762 scelerato
1004 2707 1250 2776 praesule,
1294 2716 1349 2763 et
1378 2709 1598 2777 reliquis
1636 2710 1756 2779 epi-

166 2794 355 2863 scopis
382 2793 579 2863 forum,
628 2805 681 2851 et
730 2797 1168 2853 exclamaverunt
1216 2813 1367 2854 suam
1417 2801 1757 2871 divulgantes

166 2885 499 2940 cacodoxam
533 2887 686 2942 fidem
738 2888 792 2943 in
834 2899 1121 2961 conspectu
1156 2892 1319 2948 totius
1351 2892 1520 2963 plebis
1568 2912 1581 2947 :
1627 2910 1756 2949 ana-

167 2976 580 3031 thematizantes
606 2976 931 3034 Germanum
953 2982 1349 3037 sanctissimum
1372 2983 1753 3053 patriarcbam,

165 3072 225 3121 et
253 3064 568 3134 Gregorium
601 3070 873 3140 Cyprium,
908 3080 961 3125 et
988 3069 1247 3126 Joannem
1279 3072 1621 3143 Chrysoroan
1647 3072 1753 3128 Da-

164 3176 480 3216 mascenum
510 3170 758 3232 nepotem
805 3164 1040 3229 Mansur,
1073 3164 1215 3219 viros
1242 3175 1477 3230 sanctos,
1510 3174 1563 3219 et
1594 3180 1750 3220 reve—

163 3250 366 3305 reudos
395 3251 698 3322 magistros.
747 3254 902 3309 Anno
931 3255 1141 3311 decimo
1171 3266 1363 3326 quarto
1412 3258 1623 3327 imperii
1648 3257 1752 3326 sui,

164 3343 557 3411 Muhammath,
610 3347 699 3415 qui
746 3354 800 3401 et
847 3347 1138 3411 Abubalas,
1183 3357 1427 3404 mortuus
1476 3358 1579 3417 est,
1629 3363 1754 3405 cum

161 3437 407 3508 quinque
439 3438 732 3506 praefuisset
768 3438 943 3504 annis,
993 3446 1218 3509 eratque
1258 3440 1543 3495 llabdallas
1588 3440 1754 3497 frater

159 3528 285 3599 ejus
336 3529 387 3582 in
434 3529 616 3584 Macha
668 3529 786 3585 loco
836 3530 1181 3599 blasphemiae
1231 3530 1492 3600 ipsorum.
1551 3530 1752 3586 Scribit

159 3633 298 3688 ergo
326 3621 619 3691 Amussim,
650 3621 743 3690 qui
792 3628 909 3676 erat
938 3621 989 3676 in
1038 3620 1276 3686 Perside,
1322 3622 1750 3676 conservandum

154 3712 267 3769 sibi
296 3713 477 3768 locum
514 3714 865 3784 principatus,
902 3714 1042 3771 sicut
1070 3723 1217 3770 sorte
1243 3715 1344 3770 sibi
1375 3714 1550 3769 fuerat
1578 3715 1751 3784 depu-

155 3812 333 3860 tatus.
377 3804 475 3870 Qui
519 3821 640 3860 cum
689 3805 962 3861 didicisset
1010 3805 1304 3861 llabdallan
1353 3805 1517 3860 lilium
1552 3805 1747 3873 Hal'm,

151 3895 389 3953 fratrem
414 3910 538 3950 vero
570 3895 753 3960 Salim,
786 3910 1051 3951 summum
1082 3904 1366 3966 praetorem
1397 3894 1583 3967 Syriae,
1607 3896 1753 3966 prin-

151 3990 405 4060 cipatum
432 3989 528 4043 sibi
556 3987 922 4059 alfectantem,
956 3999 1009 4044 et
1038 3991 1339 4046 venientem
1388 3990 1453 4046 ad
1498 3992 1751 4046 obtinen-

150 4083 287 4139 dam
317 4081 609 4147 Persidem,
641 4084 1123 4155 adversantemque
1152 4085 1361 4150 Persis,
1394 4093 1449 4139 et
1478 4084 1750 4141 faventem

152 4173 247 4230 his
278 4174 371 4243 qui
403 4182 557 4228 erant
583 4173 782 4246 Syriae,
812 4176 1009 4245 quique
1039 4171 1441 4230 Auxiliabantur
1467 4177 1537 4243 ei,
1568 4177 1749 4231 conci—

152 4267 291 4321 tatis
323 4266 649 4322 exercitibus
673 4268 804 4334 suis,
838 4268 1145 4337 aggreditur
1172 4268 1312 4338 apud
1342 4266 1566 4333 Nisibin,
1588 4277 1640 4323 et
1668 4268 1748 4322 vi-

152 4372 316 4418 ctore
345 4376 410 4415 eo
441 4360 706 4419 Amussim
734 4363 931 4417 multos
960 4362 1205 4432 peremit.
1240 4361 1408 4416 Erant
1429 4370 1606 4417 autem
1634 4361 1752 4431 plu-

149 4470 247 4510 res
279 4470 351 4510 ex
379 4455 462 4510 his
490 4457 685 4521 Sclavi,
718 4463 772 4511 et
802 4455 1139 4512 Antiocheni.
1171 4456 1265 4510 Ast
1292 4455 1576 4510 Habdallas
1602 4454 1750 4511 solus

152 4549 351 4604 salvus
394 4564 701 4617 remanens,
735 4559 858 4620 post
884 4565 1085 4620 paucos
1113 4548 1227 4604 dies
1252 4548 1406 4620 petiit
1429 4549 1651 4604 verbum
1680 4548 1748 4603 ab

150 4643 339 4697 altero
369 4639 633 4696 Habdalla
666 4640 834 4697 fratre
872 4641 1255 4708 Muhammath,
1286 4639 1538 4695 veniente
1568 4638 1747 4695 studio

147 4734 339 4788 multo
384 4732 437 4786 in
469 4730 741 4787 Persidem
770 4749 799 4788 a
842 4732 1052 4797 Macha,
1077 4748 1184 4803 quo
1214 4733 1267 4786 in
1296 4731 1617 4787 domuncula
1650 4748 1749 4801 pu.

149 4823 391 4879 trefarta
421 4829 651 4889 retruso,
682 4822 840 4877 effodi
869 4822 1215 4878 fundamenta
1245 4821 1576 4891 praecipiens,
1606 4821 1749 4877 hunc

144 4920 299 4977 clam
335 4920 626 4975 interfecit.
660 4918 828 4972 Porro
875 4915 1141 4970 Amussim
1197 4913 1462 4967 furentem
1494 4912 1749 4968 adversus

147 5012 374 5067 Arabes
420 5011 610 5081 Syriae,
643 5026 741 5081 pro
770 5024 836 5064 eo
875 5009 1016 5073 quod
1062 5008 1114 5062 in
1154 5006 1541 5075 Maurophoros
1572 5006 1749 5061 insur-

145 5110 440 5167 rexerant,
473 5110 529 5157 et
554 5100 751 5156 multos
781 5101 834 5153 in
883 5099 1183 5164 Palaestina,
1215 5106 1269 5151 et
1299 5098 1509 5161 Emesa,
1549 5104 1603 5169 et
1627 5111 1747 5149 ma-

141 5194 345 5250 ritima
393 5200 673 5261 ceperant,
719 5199 879 5259 atque
924 5190 976 5243 in
1023 5203 1117 5244 eos
1161 5188 1366 5242 irruere
1394 5185 1745 5242 meditantem

143 5286 412 5343 cohibuit
440 5302 562 5341 cum
594 5283 941 5340 exercitibus.
989 5284 1059 5335 At
1080 5280 1169 5335 ille
1190 5280 1354 5334 iratus
1376 5277 1650 5333 Habdallae
1679 5276 1748 5332 ad

144 5376 479 5434 interiorem
528 5374 799 5430 Persidem
843 5387 961 5428 cum
1018 5369 1359 5427 multitudine
1413 5367 1746 5438 properavit.

146 5468 338 5536 Quem
366 5482 485 5523 cum
517 5467 864 5522 vehementer
906 5463 996 5518 ille
1026 5472 1312 5529 metueret,
1355 5461 1586 5515 accersit
1624 5472 1747 5513 cum

141 5562 427 5619 suasoriis
462 5560 639 5616 verbis
686 5569 739 5613 et
768 5558 1039 5629 precibus,
1084 5567 1242 5623 atque
1272 5554 1399 5624 ipsis
1430 5550 1750 5609 execrabili-

140 5657 257 5713 bus
289 5655 554 5726 principis
584 5655 819 5723 ipsorum
846 5650 1101 5722 symbolis
1129 5648 1440 5711 destinatis,
1464 5648 1611 5716 virga
1642 5645 1748 5701 sci-

141 5749 307 5815 licet,
340 5757 503 5817 atque
530 5745 787 5801 sandaliis
832 5741 1317 5813 pseudoprophetis
1357 5738 1722 5812 Multammath

221 5870 253 5899 ⁸
276 5860 395 5930 AL,
426 5858 871 5914 Publicianorum.
903 5857 1011 5924 AL,
1044 5854 1493 5911 Paulicianorum.

568 5974 840 6048 Parion.
877 5970 1067 6034 XCV.

1874 620 1923 675 ei
1950 622 2202 679 decentes
2242 626 2533 693 gratiarum
2561 624 2801 682 actiones
2828 624 3079 683 referret.
3121 628 3191 684 At
3234 631 3323 686 ille
3354 633 3454 688 de-

1874 724 2062 784 ceptus
2087 716 2235 770 venit
2264 732 2385 771 eum
2414 725 2631 773 centum
2656 718 2891 774 millibus
2928 720 3171 789 equitum
3193 760 3212 787 ,
3243 724 3453 780 unitus-

1871 820 1977 873 que
2017 807 2093 862 illi
2141 810 2403 865 occiditur
2448 811 2515 866 ab
2566 826 2633 868 eo
2679 813 2911 883 propriis
2966 816 3231 880 manibus,
3265 818 3453 887 sicque

1870 897 2201 967 principatus
2248 901 2519 958 ﬂabdallaa
2567 903 2858 972 confertur,
2897 906 2988 974 qui
3031 923 3139 962 uno
3181 917 3236 963 et
3266 911 3454 980 viginti

1871 988 2024 1043 annis
2054 989 2265 1058 praefuit
2295 993 2577 1050 Arabibus.
2605 996 2763 1051 Anno
2793 997 3004 1053 decimo
3026 1000 3213 1068 quinto
3241 1000 3455 1069 imperii

1869 1080 1952 1135 sui
1983 1080 2365 1140 Constantinus
2403 1085 2592 1158 Syros,
2624 1096 2681 1143 et
2709 1088 3017 1157 Armenios,
3046 1106 3185 1161 quos
3214 1107 3244 1147 a
3276 1093 3454 1149 Theo-

1870 1169 2138 1242 dosopoli,
2160 1183 2216 1229 et
2246 1176 2480 1231 Mitilena
2501 1178 2746 1245 duxerat,
2776 1179 2831 1233 in
2859 1181 3120 1237 Thracem
3148 1183 3452 1253 emigravit,

1869 1276 1938 1318 ex
1965 1266 2160 1333 quibus
2181 1268 2345 1321 etiam
2373 1272 2397 1298 ³
2420 1266 2834 1327 Publicanorum
2860 1273 3076 1330 haeresis
3103 1284 3186 1331 est
3208 1276 3449 1333 dilatata.

1868 1351 2129 1412 Similiter
2154 1367 2210 1412 et
2239 1359 2292 1413 in
2317 1360 2448 1416 urbe
2476 1364 2657 1431 paucis
2686 1381 2793 1434 prae
2819 1368 3145 1424 mortalitate
3172 1369 3327 1427 factis
3355 1372 3454 1427 ha-

1867 1443 2191 1503 bitatoribus
2221 1449 2355 1517 ejus,
2398 1450 2555 1506 duxit
2582 1469 2686 1507 una
2713 1471 2833 1509 cum
2866 1455 3100 1525 familiis,
3130 1467 3241 1514 tam
3269 1476 3337 1515 ex
3371 1462 3455 1517 in-

1866 1537 2021 1606 sulis,
2054 1549 2108 1595 et
2136 1541 2372 1606 Hellade,
2403 1559 2564 1613 quam
2595 1562 2661 1601 ex
2684 1546 3028 1605 inferioribus
3057 1553 3317 1621 partibus,
3346 1553 3454 1609 sic-

1866 1644 1973 1698 que
2010 1630 2195 1685 urbem
2228 1633 2475 1689 habitare
2504 1635 2651 1704 fecit,
2680 1652 2843 1707 quam
2884 1648 2939 1694 et
2969 1642 3292 1699 condensam
3318 1645 3448 1700 red-

1865 1718 2019 1776 didit.
2051 1720 2257 1778 Eodem
2289 1739 2507 1794 quoque
2534 1741 2675 1781 anno
2700 1729 2961 1797 quaesiere
2989 1732 3246 1804 Bulgares
3266 1743 3448 1805 pacta,

1867 1821 2090 1882 propter
2117 1826 2317 1879 castra,
2349 1830 2469 1885 quae
2498 1828 2809 1875 constructa
2836 1821 3066 1878 fuerant.
3096 1826 3196 1882 Ast
3216 1842 3453 1898 tmpera-

1868 1909 1987 1957 tore
2036 1903 2425 1973 apocrisarium
2474 1922 2662 1963 eorum
2714 1910 3071 1969 dehonestare
3124 1916 3450 1987 destinante,

1865 1995 2116 2049 exierunt
2142 1994 2432 2063 hostiliter,
2469 2007 2526 2053 et
2564 2015 2735 2070 usque
2762 2002 2827 2056 ad
2860 2004 3075 2073 longum
3105 2022 3315 2064 murum
3354 2026 3452 2066 ve-

1863 2094 2079 2156 nerunt,
2130 2096 2186 2143 et
2227 2089 2399 2145 multo
2442 2090 2657 2148 excidio
2687 2105 2998 2164 perpetrato
3045 2097 3197 2155 illaesi
3244 2102 3455 2159 reversi

1863 2188 2009 2235 sunt.

1933 2290 2089 2347 Anno
2142 2291 2354 2349 decimo
2402 2302 2557 2351 sexto
2602 2296 2814 2368 imperii
2867 2300 3240 2373 Constantini,
3286 2311 3451 2361 terra

1860 2392 2043 2439 motus
2092 2384 2234 2440 haud
2288 2386 2537 2444 modicus
2584 2388 2760 2447 factus
2814 2402 2897 2447 est
2946 2394 3001 2448 in
3052 2393 3362 2463 Palaestina,
3394 2406 3451 2454 et

1862 2473 2039 2546 Syria,
2058 2477 2291 2545 septimo
2320 2477 2443 2533 ldus
2475 2480 2671 2549 Martii,
2702 2490 2759 2537 et
2784 2484 2940 2539 exsul
2968 2483 3140 2542 factus
3166 2496 3249 2542 est
3269 2486 3451 2545 Theo-

1860 2566 2026 2622 dorus
2053 2568 2353 2625 Antiochia:
2394 2571 2701 2640 patriarcha
2747 2574 2948 2630 invidia
2977 2576 3267 2649 derogatus
3309 2582 3451 2637 Ara-

1861 2659 1986 2714 bum
2016 2701 2032 2727 ,
2073 2660 2220 2729 quod
2258 2662 2450 2718 crebro
2496 2664 2811 2734 imperatori
2850 2666 3207 2726 Constantino
3253 2685 3449 2728 causas

1860 2765 2046 2807 eorum
2069 2766 2164 2823 per
2186 2753 2392 2810 litteras
2414 2755 2694 2823 indicaret,
2718 2767 2774 2813 et
2798 2759 2866 2815 de
2886 2770 3081 2817 caetero
3102 2762 3279 2821 Halim
3302 2764 3448 2821 hunc

1859 2843 2103 2899 exsulem
2158 2845 2305 2899 misit
2370 2846 2425 2901 in
2476 2848 2821 2905 Moabitidem
2874 2852 3149 2922 regionem
3206 2856 3440 2925 patriam

1857 2951 2032 3003 suam,
2068 2940 2428 3009 praecepitque
2471 2940 2669 2997 ibidem
2704 2941 2878 2998 Halim
2907 2959 3012 2999 non
3054 2947 3446 3005 construendas

1858 3045 2032 3087 novas
2079 3032 2362 3099 ecclesias,
2396 3047 2496 3088 nec
2522 3034 2809 3090 videndam
2847 3050 3083 3102 crucem,
3123 3039 3217 3092 sed
3263 3055 3443 3110 neque

1856 3122 1926 3179 de
1956 3123 2060 3178 fide
2088 3139 2116 3179 a
2149 3124 2456 3180 Christiano
2483 3141 2604 3181 cum
2642 3126 2908 3183 Arabibus
2940 3128 3430 3198 dugmatizandum.

1859 3210 2029 3269 Porro
2059 3216 2357 3270 exercitum
2384 3218 2556 3271 movit
2576 3216 2716 3272 idem
2747 3225 2936 3274 contra
2963 3218 3280 3276 Roma-iam
3308 3238 3437 3279 cum

1861 3309 2136 3378 octoginta
2165 3310 2420 3377 millibus,
2452 3319 2507 3367 et
2534 3312 2758 3367 veniens
2780 3313 2835 3367 in
2864 3312 3260 3384 Cappadociam
3285 3318 3443 3375 audi-

1858 3400 1936 3457 vit
1964 3400 2374 3458 Constantinum
2417 3403 2674 3460 adversus
2712 3421 2772 3461 se
2815 3407 3119 3463 venientem
3149 3419 3441 3479 armatum,

1856 3504 1915 3555 et
1963 3498 2183 3556 territus
2208 3499 2457 3555 inefficax
2501 3501 2680 3568 rediit,
2727 3503 2858 3559 nihil
2908 3506 3286 3578 depopulatus,
3337 3509 3443 3567 nisi

1856 3591 1999 3661 quod
2035 3592 2223 3660 paucis
2250 3592 2515 3647 Armeniis
2545 3593 2612 3647 ad
2647 3607 2707 3649 se
2736 3593 3129 3653 confluentibus
3153 3600 3444 3670 assumptis

1854 3698 2103 3740 reversus
2130 3693 2230 3740 est.
2261 3685 2418 3740 Anno
2441 3684 2650 3740 decimo
2680 3686 2909 3756 septimo
2940 3688 3148 3758 imperii
3176 3689 3442 3747 Constan-

1855 3775 1951 3831 tini
1997 3777 2289 3832 Habdallas
2319 3778 2640 3832 tributorum
2670 3779 2937 3833 rationem
2972 3780 3289 3838 Christianis
3320 3799 3435 3839 διι-

1853 3866 2064 3936 pliavit,
2089 3867 2228 3923 adeo
2259 3876 2317 3921 ut
2346 3884 2535 3923 omnes
2560 3868 2875 3935 monachos,
2908 3878 2965 3925 et
2988 3871 3245 3942 inclusos,
3274 3883 3441 3945 atque

1853 3956 2114 4027 Cionitas,
2146 3959 2237 4030 qui
2284 3958 2392 4014 Deo
2420 3961 2634 4029 placere
2674 3962 3056 4030 noscebantur,
3091 3964 3194 4019 sub
3224 3966 3438 4023 tributis

1853 4055 2143 4123 redigeret.
2193 4053 2437 4123 Signavit
2465 4063 2646 4110 autem
2676 4062 2732 4111 et
2781 4055 3129 4112 ecclesiarum
3158 4067 3183 4094 ο
3214 4058 3434 4127 cimilia,

1854 4157 1909 4203 et
1930 4147 2157 4202 adduxit
2186 4146 2446 4203 Hebraeos
2473 4148 2540 4203 ad
2579 4149 2996 4205 venundandum
3029 4150 3143 4219 illa,
3184 4159 3240 4208 et
3283 4169 3434 4209 eme-

1852 4249 1979 4297 runt
2006 4254 2069 4296 ea
2100 4241 2287 4296 libere.
2319 4241 2473 4297 Anno
2503 4240 2713 4296 decimo
2734 4250 2929 4298 octavo
2957 4243 3166 4313 imperii
3189 4246 3271 4300 sui
3291 4246 3434 4303 Con-

1851 4333 2119 4389 stantinus
2143 4332 2420 4389 Sclavinas
2448 4347 2613 4402 penes
2637 4331 3004 4389 Macedoniam
3036 4336 3235 4405 positas
3256 4339 3431 4408 capti-

1854 4424 2014 4489 vavit,
2033 4431 2088 4480 et
2115 4424 2353 4494 reliquos
2379 4422 2703 4492 subjugavit.
2736 4422 2937 4480 Eodem
2962 4440 3103 4482 anno
3125 4427 3342 4498 quidam
3363 4442 3435 4485 ex

1854 4517 2226 4588 Maurophoris
2255 4518 2463 4586 Persis,
2508 4534 2628 4573 cum
2659 4519 2879 4589 magicae
2914 4519 3186 4588 religionis
3224 4532 3426 4588 essent,

1780 4588 1830 4650 Ῑ)
1852 4610 2170 4681 deceptione
2190 4609 2388 4666 diaboli
2411 4588 2949 4676 detenti,venundata
2977 4608 3275 4667 substantia
3302 4627 3423 4679 sua,

1851 4708 1977 4764 nudi
2015 4723 2177 4778 supra
2224 4721 2406 4761 muros
2433 4704 2789 4760 ascendentes
2833 4702 3193 4773 projiciebant
3231 4714 3432 4761 semet-

1848 4800 2016 4871 ipsos,
2054 4800 2127 4853 ita
2157 4806 2215 4853 ut
2253 4813 2312 4854 se
2339 4798 2523 4853 volare
2564 4796 2620 4850 in
2663 4794 2855 4851 calum
2892 4794 3302 4862 arbitrarentur,
3335 4797 3433 4865 qui

1850 4891 1981 4947 nihil
2003 4891 2219 4961 dignum
2247 4889 2457 4945 ratione
2476 4887 2638 4943 sortis
2657 4886 2802 4942 illius
2827 4886 3106 4954 habentes,
3130 4896 3276 4942 artus
3296 4902 3427 4943 con-

1850 4983 2113 5050 terebant,
2173 4981 2239 5036 ad
2284 4981 2391 5036 ima
2439 4979 2690 5046 demersi,
2741 4993 2972 5048 quorum
3026 4977 3281 5045 sedecim,
3335 4992 3430 5034 eos

1849 5075 2111 5130 duntaxat
2146 5063 2243 5144 qui
2286 5074 2341 5128 in
2392 5088 2579 5128 errore
2620 5072 3042 5142 prteeminebant
3082 5110 3097 5135 ,
3140 5067 3429 5124 Habdallas

1850 5181 1947 5237 per
1975 5166 2149 5221 Halim
2180 5165 2449 5220 interfecit
2496 5165 2553 5219 in
2594 5163 2821 5229 Beroea,
2870 5170 2926 5215 et
2953 5158 3225 5216 Chalcide.
3273 5158 3430 5215 Anno

1849 5257 2061 5317 decimo
2090 5274 2233 5314 nono
2259 5256 2470 5328 imperii
2496 5238 2856 5320 Constantini,
2874 5250 3070 5307 invidia
3095 5249 3429 5305 Christianos

1848 5352 2241 5425 prohibuerunt
2266 5350 2470 5404 Arabes
2498 5362 2529 5402 a
2555 5346 2783 5417 publicis
2806 5341 3185 5401 chartothesiis
3211 5339 3279 5396 ad
3308 5355 3428 5396 mo-

1851 5444 2034 5500 dicum
2065 5451 2293 5511 tempus.
2329 5438 2435 5494 Sed
2474 5452 2661 5494 rursus
2703 5436 2879 5492 coacti
2924 5432 3268 5489 committunt
3303 5446 3428 5486 cum

1851 5536 1930 5593 eis
1958 5535 2147 5592 eadem
2177 5534 2326 5603 ipsa,
2368 5544 2436 5586 eo
2473 5528 2617 5599 quod
2647 5542 2757 5582 non
2785 5531 3009 5594 possent
3053 5521 3153 5593 ipsi
3191 5521 3430 5578 scribere

1853 5629 2254 5697 calculationes,
2288 5627 2540 5695 aciesque
2566 5624 2880 5680 direxerunt
2923 5616 3152 5686 multas,
3191 5625 3248 5674 et
3288 5617 3428 5671 Pau-

1852 5726 1964 5783 lum
1992 5730 2274 5795 praetorem
2314 5716 2757 5778 Armeniacorum
2784 5710 2986 5769 bellum
3026 5716 3248 5779 agentes
3284 5706 3427 5777 apud

1923 5849 1953 5892 ι)
1977 5840 2088 5908 AL,
2120 5832 2473 5894 cimiliarchia.

2997 5939 3071 6003 35
