3956 6342
529 441 672 510 1099

1383 428 1587 492 PAULI
1623 414 1899 486 DlAcONl
1942 418 2094 479 ore.
2134 400 2313 475 me
2352 402 2395 470 t.
2434 432 2507 455 -
2543 388 2931 467 nigrantes.

3576 400 3679 467 lilio

529 556 713 620 Melan
737 534 1107 631 peremerunt,
1136 556 1353 606 necnon
1380 551 1436 602 et
1462 534 1816 615 quadraginta
1859 526 2108 631 duos‘ina
2138 534 2187 593 Α
2211 526 2426 631 dromio
2444 523 2627 631 sancti
2646 514 3089 631 h‘iamaa’ocgcidit,
3111 510 3682 631 ndﬂngtemlmma.

529 604 713 723 Eg;
735 604 1545 714 :n-o‘sza-p'tivosﬁduxerunt,net
1570 604 1749 704 capita
1780 626 1971 684 multa.
1994 618 2107 679 im»
2210 628 2321 678 tem
2339 617 2480 691 ejus,
2508 625 2564 675 et
2580 609 3109 677 Valentinianistam,
3140 618 3201 665 ac
3218 604 3243 647 ⁵
3262 604 3535 665 Civilianum
3551 612 3684 682 appel-

1710 720 1719 723 -
1792 722 1795 723 ν
1903 718 1915 723 -
2098 718 2107 723 .
2213 713 2230 723 .
2310 720 2322 723 ᾼ
2714 720 2728 723 _
2764 716 2781 723 Α
2828 713 2871 723 Α.
2902 703 2951 723 ,Α
2989 701 3203 723 ,ιη-η
3242 699 3665 723 ..ηωμωμμ

530 751 755 818 perator
803 746 984 794 autem
1033 733 1331 791 exercitum
1380 726 1554 785 movit
1602 726 1658 781 in

532 808 776 895 -venlenti
825 831 881 886 in
905 826 1222 897 Verebagan
1268 822 1335 879 ad
1371 819 1675 877 clausuram
1722 812 1980 884 Bnlgares
2016 808 2116 866 ob-

536 928 681 987 viam
714 926 765 984 ei
794 923 1147 987 advenerunt,
1191 925 1245 975 et
1272 912 1470 970 multos
1508 908 1778 968 exercitus
1801 905 1917 978 ejus
1947 900 2116 959 truci-

536 1025 824 1085 daverunt,
850 1014 904 1073 in
935 1013 1127 1086 quibus
1156 1012 1212 1067 et
1235 1010 1470 1065 Leonem
1497 1003 1806 1077 patricium,
1838 1004 1895 1055 et
1920 1002 2119 1086 praetof

537 1132 659 1176 rem
685 1082 1121 1175 Thracesiorum,
1140 1112 1194 1161 et
1227 1104 1462 1160 Leonem
1484 1096 1817 1169 logothetam
1838 1082 2121 1147 Tudromii

540 1209 822 1278 ceperunt,
845 1212 901 1257 et
920 1213 1067 1254 arma
1092 1210 1298 1278 eorum,
1327 1200 1382 1248 et
1403 1188 1659 1262 populum
1683 1184 1931 1247 multum,
1963 1187 2026 1278 et
2045 1177 2123 1236 sic

543 1266 832 1353 inhoneste
854 1288 1054 1344 reversi
1085 1290 1230 1343 sant.
1274 1274 1432 1337 Anno
1462 1277 1720 1348 vigesimo
1746 1271 1963 1345 imperii
1986 1266 2125 1325 Con-

542 1384 765 1446 stantini
795 1383 968 1440 factus
1004 1387 1086 1437 est
1115 1392 1268 1436 error
1309 1370 1546 1439 Paschae,
1580 1379 1634 1428 et
1681 1364 1969 1425 orthodoxi
1999 1363 2123 1435 qui-

545 1474 669 1534 dem
699 1477 755 1531 in
778 1470 998 1528 Oriente
1025 1478 1217 1525 octava
1254 1465 1373 1521 ldus
1402 1460 1602 1533 Aprilis
1644 1457 1848 1515 Pascha
1875 1454 2125 1511 celebra-

1705 718 2031 792 Bulgariam,
2057 718 2114 772 et
2213 713 2418 770 lantem
2448 724 2592 779 eum,
2629 716 2792 781 quem
2820 713 2877 762 et
2902 703 2957 759 in
2986 701 3207 792 rheuma
3242 700 3393 792 maris
3414 699 3574 792 lactari
3591 712 3685 772 pm-

2216 802 2381 875 cepit,
2412 799 2516 857 nisi
2560 810 2782 857 sorores
2816 792 2938 865 ejus
2984 790 3131 848 hunc
3172 790 3421 862 rapientes
3444 790 3689 862 ittemporlo

2220 891 2476 952 Leucadii
2504 890 2842 963 sepelissent.
2879 886 3036 943 Anno
3073 882 3317 956 vigesimo
3338 884 3545 942 secundo
3566 886 3692 959 impe.

2218 984 2291 1045 rii
2319 978 2683 1052 Constantini,
2710 980 2959 1053 apparuit
2984 976 3213 1035 Docetes
3240 976 3291 1032 in
3317 973 3524 1047 Oriente,
3561 988 3605 1035 et
3639 980 3693 1036 in-

2222 1076 2485 1135 teriectus
2509 1080 2594 1133 est
2620 1072 2763 1131 illius
2793 1070 3053 1130 Phatnim.
3087 1070 3158 1127 At
3196 1082 3315 1127 vero
3337 1066 3557 1142 Bnlgares
3577 1075 3697 1130 insin.

2226 1181 2414 1246 gentes
2442 1170 2759 1229 occiderunt
2790 1166 3037 1224 dominos
3066 1180 3210 1232 suos,
3223 1173 3276 1221 et
3294 1172 3561 1221 statuerunt
3579 1168 3696 1222 virum

2228 1266 2284 1321 in
2305 1272 2551 1321 senatum
2578 1261 2800 1318 nomine
2828 1258 3060 1324 Zeletin,
3088 1272 3207 1313 cum
3230 1262 3361 1312 esset
3382 1257 3568 1327 triginta
3585 1272 3700 1313 anne

2230 1376 2371 1417 rum.
2399 1357 2549 1417 Multi
2572 1365 2835 1429 praeterea
2864 1352 3043 1412 Sclavi
3064 1348 3320 1422 fugientes
3335 1348 3394 1404 ad
3415 1351 3701 1420 imperatorem

2230 1450 2628 1518 conﬂuxerunt,
2656 1462 2792 1520 quos
2808 1444 3087 1503 constituit
3116 1441 3565 1515 superArthanam.
3587 1434 3703 1496 Porro

3842 212 3847 247 4

544 1532 762 1631 verunt,
778 1574 833 1621 at
857 1580 989 1620 vero
1014 1559 1228 1618 erronei
1254 1532 1493 1613 haeretici
1519 1550 1647 1609 ldus
1672 1550 1889 1621 Aprilis.
1918 1544 2128 1603 Eodem

2266 1546 2444 1604 lecima
2469 1542 2702 1616 septima
2737 1538 3002 1596 Kalendas
3030 1536 3157 1596 Julii
3205 1535 3363 1592 exivit
3409 1535 3643 1605 imperator
3670 1532 3705 1589 in

549 1676 690 1717 anno
719 1657 1037 1713 translatum
1072 1661 1158 1707 est
1184 1652 1347 1720 caput
1372 1646 1545 1703 sancti
1572 1640 1794 1699 Joannis
1823 1648 2131 1710 praecurso-
2236 1636 2526 1707 Thracem,
2554 1635 2721 1693 misso
2750 1633 2966 1704 navigio
2991 1647 3085 1703 per
3102 1626 3359 1685 Euxinum
3385 1635 3571 1697 pontum
3595 1640 3709 1695 usque

546 1753 623 1808 ris
668 1760 829 1819 atque
878 1744 1131 1815 Baptistae
1163 1752 1193 1796 a
1249 1719 1578 1794 monasterio
1615 1730 1802 1804 Spelei
1822 1729 1878 1786 in
1925 1725 2131 1797 templo

2266 1733 2311 1790 id
2345 1732 2621 1803 octoginta
2650 1727 2957 1791 chelandia,
3013 1722 3240 1780 ferentia
3293 1719 3543 1776 duodenos
3580 1733 3708 1787 equos.

549 1860 650 1901 suo
680 1842 734 1899 in
762 1837 1126 1896 Emeiensium
1166 1833 1387 1891 civitate
1418 1831 1543 1896 sito,
1576 1842 1699 1884 cum
1728 1832 1870 1882 esset
1899 1820 2131 1886 illustre,
2170 1888 2213 1901 _
2241 1823 2314 1880 At
2339 1840 2470 1880 vero
2494 1822 2712 1889 Zeletis,
2741 1820 2920 1876 audita
2936 1826 3127 1874 contra
3152 1828 3212 1872 se
3233 1828 3328 1887 per
3357 1820 3533 1867 terram
3552 1819 3594 1866 et
3613 1824 3713 1865 mare

553 1944 609 1993 et
635 1937 927 1991 descensus
956 1930 1250 1986 aediﬁcatus
1272 1931 1435 1992 esset,
1462 1922 1533 1978 ibi
1559 1934 1728 1991 usque
1754 1917 1917 1974 hodie
1944 1928 1976 1971 a
2002 1912 2136 1970 ﬁde-
2166 1888 2216 1958 Β
2243 1917 2387 1973 facta
2418 1888 2807 1982 commotione,
2835 1908 3129 1981 assumpsit
3180 1908 3234 1963 in
3264 1905 3496 1961 auxilium
3521 1918 3575 1957 ex
3612 1898 3712 1969 adja-

551 2028 693 2086 iibus
723 2025 1068 2087 honoratum,
1094 2027 1148 2076 et
1176 2018 1482 2082 adoratum,
1512 2013 1658 2070 omni
1681 2007 1980 2077 suavitatis,
2010 2018 2135 2062 cor-
2243 2005 2494 2064 centibus
2522 2003 2622 2060 sibi
2654 2001 2963 2058 nationibus
2980 1998 3168 2071 viginti
3196 1992 3374 2061 millia,
3392 1992 3520 2064 et,in
3538 1988 3714 2046 munitio-

552 2118 727 2193 porali
755 2116 981 2181 scilicet,
1006 2129 1071 2169 ac
1095 2108 1360 2183 spirituaii
1384 2078 1682 2162 honoratur
1702 2101 1889 2167 odore,
1914 2106 1970 2155 et
1990 2108 2139 2153 ema-

2266 2101 2404 2156 iibus
2428 2097 2511 2154 his
2541 2095 2870 2162 constitutis,
2899 2109 2959 2149 se
2986 2099 3205 2148 cautum
3234 2099 3289 2147 et
3333 2082 3610 2155 intrepidum
3629 2078 3715 2136 red-

553 2180 689 2266 nans
719 2207 948 2264 eil‘undit
969 2180 1229 2262 omnibus
1255 2201 1564 2260 sanitatem,
1597 2194 1689 2265 qui
1720 2192 1824 2247 ﬁde
1851 2189 2140 2259 ﬂagrantes
2246 2191 2401 2248 didit.
2436 2190 2534 2247 Ast
2564 2190 2857 2259 imperator
2878 2202 2999 2242 cum
3031 2184 3288 2250 venisset,
3308 2185 3651 2236 castrametatus
3666 2180 3718 2228 est

555 2264 871 2359 occurrunt.
933 2294 1247 2362 Eodemque
1289 2303 1432 2345 anno
1472 2264 1702 2341 Docetes
1746 2279 2046 2338 clarissima
2085 2277 2143 2333 in

2266 2301 2303 2340 ,n
2328 2298 2520 2353 campo
2548 2280 2815 2347 Anchiali,
2849 2286 2904 2335 et
2931 2268 3106 2349 pridie
3166 2270 3282 2331 Kal.
3309 2264 3427 2330 Julii
3454 2269 3604 2342 prima:
3631 2264 3719 2362 indi-

560 2394 783 2448 Oriente
811 2387 1060 2458 apparuit
1090 2354 1186 2456 per
1207 2383 1393 2437 decem
1420 2379 1557 2442 dies.
1583 2384 1639 2433 et
1662 2377 1856 2432 iterum
1886 2372 1952 2427 ad
1978 2369 2142 2426 ουσία
2248 2374 2445 2432 ctionis
2472 2372 2605 2429 feria
2626 2374 2813 2444 quinta
2840 2369 3036 2426 Zeletis
3063 2364 3316 2440 apparuit
3338 2378 3449 2420 cum
3474 2354 3720 2417 multitudine

561 2485 781 2539 dentem
827 2446 1017 2535 diebus
1062 2446 1251 2543 viginti
1283 2481 1341 2528 et
1382 2484 1512 2526 uno.
1546 2467 1772 2535 Quidam
1812 2479 1944 2521 vero
1972 2463 2146 2535 Syrus
2250 2464 2491 2535 gentium
2534 2463 2757 2519 veniens
2782 2504 2799 2533 ,
2867 2459 3230 2529 ineuntesque
3274 2454 3461 2512 bellum
3486 2494 3500 2522 ,
3548 2446 3723 2506 occidunt

564 2571 883 2630 Theodorus
911 2567 1130 2623 nomine
1159 2563 1450 2625 Libanites,
1481 2562 1625 2617 circa
1659 2556 1937 2627 regionem
1966 2553 2151 2609 Helio-

563 2666 773 2737 poleos,
807 2672 926 2732 quas
953 2656 1126 2715 estad
1162 2656 1444 2723 Libanum,
1465 2654 1722 2709 adversus
1751 2650 1953 2705 Arabes
1973 2648 2150 2702 insur-

572 2756 746 2818 rexit,
779 2760 977 2809 etcum
1006 2749 1205 2805 bellum
1233 2746 1489 2802 movisset
1516 2742 1568 2799 in
1597 2756 1713 2809 eos,
1744 2739 2055 2798 ceciderunt
2078 2748 2149 2793 ex

569 2849 811 2916 utrisque
840 2844 1029 2900 multi:
1059 2840 1349 2899 novissime
1372 2854 1505 2894 vero
1549 2848 1697 2906 terga
1720 2843 1777 2891 et
1800 2835 1916 2904 ipse
1932 2840 2151 2890 vertens

568 2941 778 3010 eil‘ugit,
813 2946 869 2993 et
890 2935 1148 2991 Libanitae
1174 2946 1363 2990 omnes
1388 2932 1481 3002 qui
1502 2945 1625 2986 cum
1655 2930 1774 2999 ipso
1798 2934 1955 2982 erant
1980 2926 2153 2981 inter.

570 3034 738 3104 empti
754 3039 895 3087 sunt.
913 3029 1091 3085 Facta:
1121 3034 1247 3083 sunt
1267 3032 1322 3081 et
1335 3027 1387 3080 in
1407 3024 1587 3079 Africa
1604 3022 1977 3085 saditiones,et
1990 3016 2152 3083 bella,

568 3128 734 3185 solari
761 3125 949 3196 eclipsi
978 3124 1118 3177 facta
1162 3121 1370 3176 decima
1402 3128 1593 3175 octava
1623 3116 1811 3171 Kalen.
1843 3111 2149 3184 Septemb.,

568 3218 703 3273 feria
749 3222 926 3281 sexta,
956 3212 1089 3267 hora
1117 3210 1347 3267 decima.
1395 3206 1568 3262 Porro
1596 3208 2007 3262 insurrexerunt
2033 3201 2154 3271 qui.

570 3306 699 3366 dam
726 3322 793 3363 ex
822 3304 1191 3374 Matimpltoris
1222 3303 1361 3372 apud
1388 3300 1642 3356 Dabecho
1669 3300 1913 3357 dicentes
1931 3337 1946 3363 ,
1980 3294 2153 3351 tilium

564 3396 961 3472 protosymboli
988 3394 1189 3453 Deum.
1224 3401 1284 3447 ut
1311 3394 1632 3447 nutritorem
1660 3402 1837 3454 suum,
1875 3395 1934 3443 et
1962 3395 2153 3457 protu-

570 3492 753 3549 lerunt
796 3490 1044 3558 dogmata
1086 3484 1417 3557 huiusmodi,
1458 3493 1515 3539 et
1566 3483 1888 3539 introierunt
1930 3480 2154 3536 domum

572 3579 921 3651 Iaurophori
967 3577 1168 3633 erroris
1218 3575 1323 3640 aui,
1378 3580 1436 3629 et
1486 3572 1805 3629 occiderunt
1856 3569 2156 3638 clavigeros

575 3672 879 3740 sexaginta,
909 3677 965 3724 et
985 3667 1235 3723 exierant
1262 3664 1484 3735 quidam
1532 3665 1590 3718 in
1622 3664 1936 3728 Barrasson,
1961 3669 2020 3717 et
2058 3676 2156 3717 ca-

580 3765 755 3834 ptivos
785 3760 1005 3829 multos,
1035 3768 1092 3815 et
1128 3758 1388 3829 pecunias
1428 3756 1802 3811 inuumerosas
1853 3766 2156 3825 sumpsere.

577 3856 737 3911 Anno
783 3852 1042 3922 vigesimo
1072 3849 1247 3921 primo
1279 3847 1489 3917 imperii
1536 3843 1897 3910 Constantini,
1927 3843 2157 3901 seditio-

578 3960 704 4003 nem
748 3945 1092 4000 concitarunt
1114 3939 1375 3994 Cassiotae
1405 3945 1597 3993 contra
1623 3934 2008 4007 Maurophoros
2033 3948 2161 4005 pro-

578 4048 703 4110 pter
748 4036 1023 4093 mulieres.
1067 4031 1377 4087 lauerant
1418 4038 1602 4085 autem
1624 4044 1693 4085 ex
1716 4028 1871 4084 eisin
1893 4027 2075 4095 domo,
2106 4026 2162 4083 in

582 4147 692 4203 qua
745 4140 854 4185 tres
903 4128 1100 4183 fratres
1144 4126 1466 4191 manebant,
1518 4132 1576 4180 et
1627 4124 1918 4180 voluerunt
1966 4134 2164 4177 uxores

583 4238 772 4280 eorum
812 4223 865 4277 in
899 4220 1120 4291 pelagus
1139 4218 1367 4290 jacere:
1395 4225 1680 4286 surgentes
1708 4222 1889 4271 autem
1917 4221 2029 4269 tres
2052 4211 2164 4267 {ra-

584 4324 696 4371 tres
719 4313 1057 4380 occiderunt,
1088 4319 1144 4367 et
1187 4318 1216 4349 ι
1245 4310 1598 4366 obtinuerunt
1638 4307 1779 4374 illos,
1826 4304 1923 4362 aed
1963 4312 2016 4361 et
2063 4317 2163 4359 co-

586 4408 825 4463 acervati
855 4405 1168 4460 occiderunt
1195 4404 1356 4459 etiam
1385 4402 1642 4471 reliquos,
1682 4409 1738 4457 et
1763 4414 1885 4457 cum
1926 4398 2159 4454 misisset

587 4497 816 4552 Salanus
859 4496 1123 4560 militiam,
1172 4494 1545 4549 fraudulenter
1589 4507 1786 4548 venere
1829 4505 1995 4561 super
2020 4490 2161 4556 illos,

591 4598 645 4645 et
698 4588 1103 4657 comprehensis
1155 4587 1233 4643 eis
1301 4586 1541 4657 patibulo
1608 4584 2041 4657 suspenderunt,
2109 4588 2167 4636 et

591 4681 788 4736 multos
836 4678 970 4734 alios
1030 4679 1361 4734 occiderunt.
1429 4676 1600 4733 Porto
1668 4676 1916 4732 Paschali
1964 4674 2168 4730 festivi-

592 4782 703 4829 tate
771 4773 1043 4844 ingressus
1095 4779 1179 4827 est
1230 4770 1298 4825 ad
1344 4778 1588 4825 sanctam
1642 4769 1923 4824 collectam
1972 4767 2026 4822 in
2080 4781 2171 4822 ec-

592 4865 755 4922 clesia
824 4862 1101 4919 Catholica
1127 4900 1144 4927 ,
1217 4875 1448 4931 cumque
1532 4860 1979 4930 metropolitanus
2048 4858 2171 4929 epi-

592 4970 793 5025 scopus
841 4960 1066 5020 artaret,
1124 4960 1180 5006 et
1229 4951 1564 5007 exclamaret
1621 4964 1770 5005 more
1818 4949 2001 5013 solito,
2059 4948 2172 5005 Deo

594 5047 780 5102 dicens
835 5062 848 5099 :
906 5042 1064 5098 Plebs
1114 5050 1208 5099 tua
1238 5080 1255 5109 ,
1310 5050 1370 5098 et
1434 5040 1677 5098 Ecclesia
1750 5047 1841 5095 tua
1910 5039 2175 5109 supplicat

600 5139 700 5194 tibi
750 5156 764 5193 :
807 5137 1072 5194 duxerunt
1121 5152 1288 5204 cura,
1326 5145 1386 5193 et
1431 5135 1811 5192 concluserunt
1838 5136 1891 5189 in
1931 5150 2171 5205 carcere,

600 5240 661 5287 et
689 5230 827 5286 alius
852 5230 1099 5300 implevit
1118 5238 1362 5286 sanctam
1407 5229 1722 5295 collectam,
1767 5236 1823 5284 et
1878 5228 2049 5284 factus
2088 5237 2173 5284 est

596 5324 763 5378 timor
802 5334 1031 5392 magnas
1056 5363 1071 5389 ,
1120 5332 1179 5380 et
1219 5324 1322 5380 nisi
1368 5322 1709 5393 metropolita
1753 5322 2059 5378 moralitate
2110 5338 2176 5379 ac

503 5474 507 5487 τ
599 5414 888 5472 humilibus
925 5417 1107 5472 verbis
1148 5417 1450 5487 mitigasaet
1488 5426 1653 5480 cum,
1694 5416 1895 5471 malum
1935 5415 2177 5486 profectae

496 5482 507 5535 ί
600 5507 792 5576 ingens
816 5508 872 5563 in
902 5508 1003 5564 hac
1020 5508 1159 5569 hora
1184 5482 1552 5580 perpetratum
1584 5508 1789 5564 fuisset.
1990 5520 2177 5566 autem

603 5597 695 5653 hic
722 5598 914 5656 beatus
932 5602 1267 5658 Anastasius.
1290 5601 1494 5657 Eodem
1508 5616 1728 5671 quoque
1740 5618 1880 5659 anno
1890 5603 2177 5661 Coristant.

606 5698 922 5760 perseeutor
953 5693 1222 5750 Andream
1246 5694 1650 5751 memorabilem
1674 5699 2002 5753 monachum
2020 5736 2038 5764 ,
2080 5697 2180 5767 qui

606 5781 888 5839 dicebatur
912 5783 1201 5855 GaLybites,
1234 5787 1375 5858 apud
1403 5785 1684 5846 Blaternas
1705 5784 1885 5860 ﬂagris
1906 5789 1959 5846 in
1982 5788 2179 5865 hippo-

689 5902 711 5932 ⁸
737 5895 849 5965 AL,
870 5897 1166 5954 obruerunt.

2252 2556 2453 2613 diutius
2474 2556 2738 2623 invicem;
2768 2569 2956 2610 verum
2988 2552 3355 2619 Zeletisterga
3382 2554 3567 2603 vertens
3585 2537 3722 2609 eiiugit.

2254 2650 2427 2708 Porro
2458 2662 2638 2720 pugna
2676 2646 2850 2703 tenuit
2886 2646 2952 2701 ab
3002 2645 3139 2700 hora
3184 2640 3369 2714 quinta
3392 2650 3539 2708 usque
3583 2628 3726 2697 adves-

2255 2743 2548 2815 pertinam,
2576 2749 2632 2796 et
2671 2735 3043 2795 multitudines
3074 2733 3363 2803 Bulgarum
3386 2739 3633 2785 numerosa
3650 2734 3725 2791 per-

2256 2843 2452 2904 empta:
2501 2838 2647 2898 sunt,
2678 2837 2735 2886 et
2762 2826 2915 2883 multi
2945 2841 3011 2882 ex
3038 2825 3121 2881 his
3171 2823 3338 2895 capti,
3364 2818 3589 2889 multique
3617 2815 3728 2880 impe-

2257 2924 2431 2982 ratori
2452 2922 2650 2979 subditi
2683 2919 2810 2976 facti
2839 2928 2987 2975 sunt.
3020 2914 3120 2973 Ast
3168 2915 3459 2986 imperator
3481 2907 3728 2979 hujuscemo-

2258 3016 2313 3074 di
2334 3017 2504 3073 elatus
2536 3013 2779 3079 victoria,
2812 3010 3107 3083 publicavit
3140 3008 3286 3064 hanc
3330 3017 3501 3061 coram
3527 2997 3731 3053 urbecum

2259 3110 2581 3167 exercitibus
2621 3107 2892 3177 ingressus
2920 3101 3177 3167 armatis,
3226 3108 3282 3154 et
3327 3094 3545 3151 laudibus
3576 3083 3732 3177 plebiulll

2259 3200 2626 3259 celeberrimis
2649 3171 2975 3264 diffamatus,
3008 3202 3063 3249 et
3096 3209 3169 3249 ex
3210 3182 3563 3266 hyl0panduris
3585 3171 3733 3236 constri-

2259 3303 2377 3352 ctos
2414 3291 2635 3348 trahens
2669 3290 2926 3359 Bnlgares
2983 3293 3178 3356 captos
3201 3322 3217 3349 ,
3258 3296 3390 3352 quos
3432 3285 3562 3331 extra
3600 3274 3734 3338 portam

2258 3388 2495 3444 Auream
2523 3382 2780 3441 decollari
2828 3377 3125 3452 praecepit:
3164 3372 3371 3430 Zeletin
3415 3383 3527 3424 vero
3564 3359 3737 3428 Bulgares

2260 3480 2645 3538 tumultuantes
2676 3490 2782 3532 una
2804 3488 2929 3531 cum
2950 3469 3287 3543 principibus
3308 3465 3415 3535 ejus
3432 3452 3733 3515 interfecerunt,

2260 3582 2317 3633 et
2340 3571 2734 3628 constituerunt
2766 3567 3023 3624 Sabinum
3069 3574 3337 3631 generum
3379 3547 3738 3633 Comersii‘quon:

2261 3664 2384 3722 dam
2404 3661 2606 3719 domini
2627 3657 2731 3727 sui,
2762 3657 2854 3727 qui
2900 3652 3157 3710 videlicet
3201 3650 3429 3708 Sabinus
3455 3656 3559 3699 cum
3582 3626 3671 3727 mox
3697 3625 3738 3679 ad

2262 3760 2645 3829 imperatorem
2686 3751 2955 3816 misisset,
3002 3756 3059 3803 et
3100 3760 3296 3817 pacem
3344 3739 3452 3797 fieri
3495 3724 3739 3803 anquisisset,

2262 3856 2535 3909 conventu
2557 3847 2812 3916 Bnlgares
2839 3842 2982 3899 facto
3011 3838 3339 3896 restiterunt
3368 3833 3564 3890 robuste
3579 3822 3739 3913 diremti

2263 3944 2351 3999 ei:
2382 3935 2632 4010 Bulgaria
2662 3952 2758 4008 per
2780 3944 2854 4002 te,
2880 3941 2938 3990 ut
2966 3931 3266 3997 cernimus,
3317 3923 3551 3995 redigitur
3574 3916 3619 4010 in
3637 3920 3740 4010 εςῐῖι·

2266 4042 2433 4089 tutetn
2464 3998 2743 4086 Romanis.
2776 3998 3048 4095 Factaque
3069 4022 3305 4078 Sabinus
3334 4015 3577 4075 simultate
3602 3998 3741 4095 futili“

2267 4135 2504 4184 castrum
2533 4120 2888 4189 Mesembria),
2926 4126 2980 4173 et
3001 4116 3070 4173 ad
3097 4118 3481 4188 imperatorem
3505 4122 3553 4161 se
3571 4090 3743 4189 contulit;

2265 4224 2574 4274 statuerunt
2610 4222 2790 4269 autem
2819 4182 3072 4282 Bnlgares
3100 4182 3271 4264 alium
3309 4204 3408 4263 sibi
3433 4182 3743 4282 dominumLPJ‘

2265 4323 2462 4380 ganum
2484 4306 2721 4362 nomine.
2768 4303 2926 4358 Anno
2962 4299 3231 4372 vigesimo
3263 4297 3421 4354 tertio
3460 4283 3623 4361 imperii
3656 4272 3747 4380 (ξιξη-

2267 4402 2511 4468 stantini,
2535 4398 2877 4471 cgressisunt
2900 4393 3058 4451 Turci
3079 4410 3110 4449 a
3132 4393 3345 4464 Caspiis
3358 4387 3533 4461 portis,
3558 4364 3748 4457 etoccidt-

2268 4502 2393 4551 runt
2423 4495 2476 4549 in
2506 4468 2760 4547 Armenia
2781 4489 2981 4545 multos
2998 4533 3011 4557 ,
3032 4497 3087 4542 et
3115 4484 3302 4557 praeda
3320 4489 3519 4548 sumpta
3539 4486 3619 4528 non
3640 4468 3750 4557 ΡΜίῆ

2271 4587 2473 4645 reversi
2503 4593 2646 4641 sunt.
2680 4584 2901 4639 Cosmas
2932 4588 3112 4635 autem
3143 4574 3368 4646 quidam
3414 4568 3647 4640 episcopus
3677 4549 3751 4604 εηι

2272 4678 2599 4750 Epiphaniae,
2648 4690 2768 4746 quae
2811 4681 2896 4729 est
2934 4670 3123 4726 civitas
3166 4666 3411 4740 Apamia:
3455 4650 3751 4750 Stricti-POT?

2270 4740 2593 4844 (ιίιὶίωδάωιέ
2645 4740 2713 4823 ἐκ
2759 4764 2967 4821 civibus
3027 4758 3354 4832 Epiphania:
3398 4753 3459 4808 ad
3503 4740 3751 4844 THCOJOTET

2273 4860 2639 4936 patriarcham
2664 4857 3057 4913 Antiochenum
3074 4849 3476 4908 accusationem
3495 4844 3645 4897 contra
3662 4832 3754 4936 eum:

2274 4955 2398 5010 dem
2426 4956 2674 5010 Cosmam
2704 4965 2867 5022 super
2910 4947 3274 5004 diminutione
3304 4951 3561 4999 sacrorum
3585 4922 3754 5022 vasoruiﬂ

2273 5048 2618 5114 facientibus,
2663 5061 2784 5101 cum
2828 5043 2917 5098 ille
2952 5042 3176 5098 minime
3224 5036 3484 5109 potuisset
3531 5017 3757 5116 restituerit

2274 5142 2520 5200 discessit
2546 5142 2614 5197 ab
2626 5135 2929 5196 orthodoxa
2953 5136 3078 5204 ﬁde,
3111 5140 3504 5191 consentaneus
3517 5114 3757 5179 Conanti!"

2276 5236 2331 5291 in
2362 5233 2575 5300 haeresi,
2606 5232 2776 5290 sacris
2798 5230 3117 5286 adversatus
3146 5224 3494 5297 imaginibus,
3520 5224 3647 5286 quem
3663 5213 3760 5300 αἶαν

2276 5325 2424 5381 muni
2454 5322 2719 5381 sententia
2765 5321 3082 5380 Theodorus
3111 5291 3483 5374 Antioclicnus
3515 5291 3758 5378 patrianlu.

2278 5428 2332 5477 et
2354 5420 2667 5495 Theodorus
2676 5418 2701 5473 J
2710 5415 3181 5487 erosolymitanus,
3210 5419 3377 5480 atque
3388 5405 3588 5461 Cosmas
3603 5390 3763 5495 Alexin;

2230 5502 2233 5505 ’
2280 5481 2526 5577 drinus,’
2556 5524 2677 5565 cum
2725 5481 2992 5577 episcopis
3031 5503 3126 5560 sibi
3182 5498 3473 5572 subjectis,
3517 5490 3589 5545 die
3630 5481 3763 5537 εειιειε

2280 5592 2650 5666 Pentecostes,
2671 5609 2793 5670 post
2832 5597 3117 5654 lectionem
3140 5592 3322 5650 sancti
3342 5579 3608 5656 Evangelii,
3630 5578 3762 5670 censi"

2281 5706 2475 5753 nentur
2521 5693 3109 5750 anathematizaverunt
3176 5687 3374 5758 singuli
3412 5684 3462 5740 in
3498 5691 3579 5733 sua
3597 5664 3763 5727 civitateo

2285 5788 2491 5844 Eodem
2533 5801 2676 5842 anno
2713 5801 2743 5840 a
2773 5784 2892 5842 Kal.
2932 5782 3186 5842 Octobris
3242 5779 3439 5837 factum
3474 5778 3551 5830 est
3572 5762 3668 5837 gelu
3692 5763 3765 5811 tnt-

2354 5901 2384 5941 1’
2413 5901 2524 5973 AL,
2543 5880 2829 5957 lulianum.

2484 6071 2499 6077 -
2521 6066 2578 6075 νο-οι
