3956 6342
261 412 395 480 “Ol

1288 410 1610 470 HlS’l'OBIA
1649 407 2013 471 MiSCELLA.
2053 442 2120 455 -
2161 413 2290 470 LIB.
2334 413 2498 474 XXII.

3380 422 3520 487 “03

258 546 447 605 gnum,
478 536 534 585 et
559 524 970 590 amarissimum,
1002 539 1108 579 non
1135 524 1313 580 solum
1350 526 1403 581 in
1433 532 1581 582 terra
1610 532 1794 581 nostra
1819 565 1835 591 ,
1863 525 1918 585 Α
1940 527 2326 595 plenitudinem
2342 530 2657 600 patientem,
2673 528 2961 601 persuadet
2990 534 3135 602 quod
3154 537 3421 595 curandus
3436 536 3520 595 fo-

258 637 451 678 verum
474 624 635 676 etiam
666 620 719 674 in
740 618 980 683 Oriente,
1013 626 1069 672 et
1097 617 1268 672 multo
1296 618 1467 685 magis
1511 620 1567 675 in
1611 617 1842 689 Sopten-

257 714 480 769 trionali
529 719 702 785 parte,
746 725 806 764 ut
841 721 1061 780 pelagus
1098 710 1249 778 ponti
1288 725 1460 779 usque
1506 710 1573 764 ad
1621 720 1873 767 centum.

260 804 511 860 milliaria
544 816 652 871 ρτω
679 800 868 871 glaciei
892 801 1070 869 rigore
1098 801 1148 855 in
1172 800 1363 871 lapidis
1388 800 1639 858 duritiam
1682 802 1844 860 fuerit

256 912 500 963 versum,
532 894 738 950 habens
770 894 980 949 cubitos
1008 895 1061 949 in
1095 892 1380 963 superﬁcie
1401 896 1468 949 ad
1516 895 1841 965 profundum

260 991 501 1060 triginta,
548 990 755 1047 cunctis
784 990 1033 1044 nimirum
1084 991 1391 1061 regionibus
1421 992 1489 1046 ab
1518 992 1634 1062 ipsa
1680 991 1843 1062 Lycia

257 1097 433 1152 usque
462 1081 528 1136 ad
566 1081 901 1148 Danubium,
946 1089 1002 1137 et
1044 1082 1273 1153 Euphrze
1302 1084 1547 1150 ﬂuvium,
1595 1084 1844 1140 Danastri

255 1183 479 1239 quoque
507 1178 564 1226 et
587 1169 837 1241 Danapri,
872 1181 1033 1242 atque
1062 1172 1382 1244 Necropela,
1411 1190 1624 1230 necnon
1654 1184 1710 1229 et
1745 1190 1846 1245 per

256 1262 498 1331 reliquas
524 1262 690 1332 ripas,
716 1271 769 1316 et
796 1277 966 1333 usque
990 1264 1058 1319 ad
1097 1265 1473 1320 Mesembriam
1515 1272 1571 1319 et
1599 1264 1841 1321 Mmsiam

257 1353 509 1409 similiter
536 1354 878 1425 patientibus.
910 1355 1151 1425 Cumque
1174 1356 1547 1426 hujuscemodi
1565 1357 1687 1426 gelu
1719 1358 1844 1413 nive

256 1443 453 1501 fuisset
479 1454 818 1514 coupertum,
847 1461 1011 1517 super
1036 1447 1171 1503 alios
1200 1447 1383 1517 viginti
1410 1447 1623 1502 cubitus
1652 1448 1839 1514 erevit,

256 1535 337 1592 ita
366 1544 428 1590 ut
445 1549 598 1592 mare
626 1536 789 1591 aridis
818 1537 1266 1601 conformaretur,
1316 1546 1370 1592 et
1399 1537 1625 1607 pedibus
1669 1538 1845 1593 calca-

256 1634 415 1683 retur
457 1627 511 1682 in
564 1628 852 1698 superﬁcie
895 1628 1087 1697 glaciei
1132 1643 1161 1683 a
1205 1629 1425 1684 Cazaria
1468 1636 1524 1682 et
1569 1628 1841 1696 Bulgaria,

256 1719 392 1791 quin
422 1719 863 1790 etadjacentibus
891 1722 1101 1791 insulis,
1126 1723 1314 1777 tamab
1344 1722 1651 1777 hominibus
1678 1737 1842 1791 quam

257 1816 565 1885 agrestibus
592 1826 649 1873 et
680 1814 1066 1873 mansuefactis
1107 1817 1489 1872 animantibus.
1542 1816 1840 1872 Februario

1942 620 2105 683 ret,si
2119 635 2186 676 ex
2199 620 2377 690 aliqua
2396 620 2736 679 confectione
2757 623 3015 692 ptannica
3037 622 3093 683 in
3120 640 3277 682 nares
3299 626 3414 696 ejus
3435 628 3521 685 in-

1942 716 2247 773 suﬂiaretnr
2273 731 2303 772 a
2332 717 2544 775 medico
2564 733 2684 783 suo,
2712 717 2893 791 Moyse
2907 721 3145 789 nomine,
3172 720 3399 779 diacono
3412 724 3524 781 Au.

1943 809 2319 865 tiochenorum
2344 809 2608 874 ecclesiae,
2641 823 2799 877 quem
2825 808 2936 877 jam
2982 810 3294 873 muneribus
3319 810 3522 870 fecerat

1944 900 2264 955 acerrimum
2285 898 2555 956 coniicere
2578 901 2930 968 medicamen,
2945 900 3088 966 quod
3113 901 3271 956 simul
3286 904 3521 957 nat-coti-

1945 1005 2067 1045 cum
2093 990 2231 1046 foret
2258 991 2635 1053 vehementer;
2691 991 2784 1061 qui
2814 990 3063 1057 videlicet
3102 1007 3221 1047 cum
3253 992 3524 1062 paruisset

1945 1079 2236 1147 Habdallas,
2250 1081 2595 1153 suscepitper
2610 1096 2770 1143 nares
2783 1080 3200 1147 coniectionem,
3216 1088 3270 1137 et
3284 1082 3522 1151 repletus

1946 1168 2000 1225 in
2016 1170 2264 1226 omnibus
2287 1171 2431 1227 circa
2461 1180 2623 1240 caput
2647 1170 2962 1240 cunctisque
2982 1171 3228 1235 sensibus
3259 1185 3364 1231 una
3392 1186 3519 1239 cum

1946 1259 2310 1330 hegemonicis
2347 1262 2750 1331 operationibus
2777 1260 3123 1329 defraudatus
3143 1261 3260 1316 sine
3286 1276 3422 1327 voce
3437 1262 3519 1333 ias

1946 1352 2121 1407 cebat.
2154 1353 2440 1411 Advocatis
2469 1354 2650 1421 itaque
2696 1352 2982 1415 Habdallas
3023 1352 3275 1419 ducibus,
3299 1367 3364 1408 ac
3406 1354 3521 1424 pri-

1947 1443 2188 1503 moribus
2230 1444 2443 1513 gentis:
2473 1442 2610 1509 Quid
2645 1442 2816 1506 vobis,
2868 1442 3063 1513 inquit,
3100 1441 3313 1499 videtur
3355 1456 3523 1513 super

1946 1536 2128 1593 laturo
2150 1536 2307 1605 rege?
2328 1537 2397 1591 At
2420 1536 2517 1599 illi,
2537 1536 2800 1603 abnegatn
2819 1549 2886 1601 eo
2916 1534 3282 1607 concorditer,
3307 1532 3526 1599 dextras

1946 1627 2143 1685 dedere
2170 1626 2279 1681 tilio
2293 1626 2410 1693 ejus
2444 1623 2717 1683 Habdallae
2756 1623 3215 1695 Mubammai.(iui
3241 1638 3523 1693 nuncupa.

1946 1720 2107 1777 batur
2136 1718 2301 1775 Madi.
2351 1718 2521 1779 Porro
2563 1718 2705 1787 Hyse
2733 1717 2938 1785 absque
2978 1730 3141 1785 sensu
3168 1715 3388 1781 domum
3422 1729 3514 1779 re-

1948 1818 2321 1880 portaverunt.
2352 1807 2504 1867 Hunc
2525 1817 2705 1867 autem
2740 1817 2863 1878 post
2902 1807 3118 1875 tertium
3148 1806 3291 1863 diem
3320 1819 3525 1867 conva-

257 1922 395 1963 vero
423 1922 610 1964 mense
638 1907 806 1978 ipsius
834 1908 1081 1965 secundae
1130 1907 1458 1972 indictionis,
1490 1906 1841 1977 hujuscemn-
1870 1884 1922 1948 Β
1947 1902 2239 1958 lescentem
2271 1900 2705 1961 excusationibus
2736 1899 2871 1965 lictis
2900 1897 3278 1965 consolabatur
3306 1906 3525 1957 centum

256 1999 315 2055 di
340 2000 465 2068 gelu
486 2014 583 2071 per
618 2002 910 2070 jussionem
952 2001 1048 2056 Dei
1089 2000 1145 2055 in
1187 1999 1382 2055 multas
1406 2015 1470 2055 ac
1506 1998 1747 2057 diversas
1785 1999 1842 2055 in

257 2092 446 2162 specie
466 2093 733 2149 montium
760 2092 932 2148 factas
960 2094 1299 2149 concisioues
1327 2094 1382 2149 in
1417 2093 1743 2163 Danupsiam
1787 2100 1844 2148 et

259 2183 467 2241 Hieron
491 2184 789 2242 descendit.
818 2184 1022 2240 Taliter
1054 2200 1149 2255 per
1168 2194 1452 2255 angustum
1481 2195 1847 2255 pervenerunt

260 2276 334 2333 ad
366 2277 581 2343 urbem,
606 2285 661 2334 et
684 2292 856 2347 usque
904 2277 971 2333 ad
995 2277 1399 2349 Propontidem,
1429 2286 1485 2333 et
1513 2278 1738 2341 insulas,
1792 2286 1847 2333 et

264 2372 531 2443 Abydum,
552 2386 739 2427 omnes
754 2372 1054 2428 maritimos
1067 2372 1287 2440 choros,
1302 2386 1366 2427 ac
1394 2372 1539 2441 ripas
1552 2371 1845 2440 replentes,

257 2478 492 2534 quarum
520 2464 772 2519 videlicet
794 2465 1162 2519 concisionum
1194 2464 1527 2535 inspectores
1543 2471 1597 2517 et
1620 2478 1719 2517 nos
1748 2462 1849 2531 ipsi

259 2554 567 2609 exstitimus
630 2553 1020 2610 descendentes
1058 2569 1220 2622 super
1271 2568 1432 2608 unam
1480 2569 1667 2608 eorum
1723 2567 1846 2608 cum

259 2643 587 2713 quibusdam
610 2644 825 2712 triginta
855 2644 1141 2699 comtaneis
1162 2643 1377 2699 nostris.
1398 2641 1640 2699 Habebat
1664 2650 1845 2699 autem

262 2744 323 2791 et
362 2737 609 2790 animalia
634 2737 975 2806 campestria,
999 2747 1056 2791 et
1078 2749 1375 2801 inausueia,
1391 2744 1450 2791 et
1474 2736 1617 2801 viva,
1638 2744 1692 2791 et
1708 2751 1849 2793 moro

261 2836 383 2882 tua.
412 2824 597 2883 Omnis
617 2827 760 2883 enim
791 2827 1096 2898 quicunque
1122 2827 1283 2882 vellet
1309 2841 1341 2880 a
1372 2826 1662 2896 Sophianis
1679 2842 1851 2899 usque

264 2920 339 2975 ad
366 2922 553 2975 urbem
581 2929 637 2976 et
661 2937 690 2975 a
720 2920 1035 2992 Chrysopoli
1058 2936 1228 2992 usque
1248 2921 1315 2976 ad
1335 2929 1577 2976 sanctum
1597 2918 1849 2986 “amate.

265 3022 325 3069 es
357 3014 418 3068 ad
451 3028 515 3069 ea
545 3030 664 3084 quae
683 3017 938 3071 dicuntur
958 3014 1194 3080 Gaiathi,
1219 3030 1315 3085 per
1338 3015 1547 3070 aridam
1576 3014 1695 3071 sine
1723 3028 1850 3083 pro.

269 3106 539 3163 libitinae
568 3110 839 3177 pergebat,
871 3118 928 3165 et
952 3124 1058 3164 una
1087 3107 1303 3178 quidem
1316 3123 1384 3164 ex
1403 3107 1482 3164 eis
1510 3106 1576 3161 ad
1606 3107 1852 3177 Acropoq

268 3197 390 3253 ieos
419 3198 618 3253 scalam
647 3198 884 3269 disrupta
908 3199 1162 3255 contrivit
1186 3213 1329 3265 eam,
1354 3197 1458 3253 alia
1471 3212 1601 3253 vero
1622 3197 1853 3267 ingentis

268 3290 432 3347 molis
444 3289 510 3344 ad
524 3305 735 3345 mumm
762 3291 965 3358 collisa,
991 3292 1134 3349 hunc
1155 3307 1349 3363 magno
1372 3292 1605 3363 impulsu
1622 3306 1856 3349 concus—

267 3386 367 3452 sis,
393 3383 532 3439 adeo
564 3392 621 3439 ut
646 3384 931 3441 interiores
960 3400 1179 3456 quoque
1198 3385 1389 3443 domus
1417 3386 1533 3442 salo
1558 3386 1854 3455 comparu-

274 3477 616 3547 ciparentnr.
644 3478 811 3533 Porro
861 3480 914 3533 in
944 3480 1048 3534 tria
1098 3479 1343 3551 disrupta
1368 3480 1539 3534 cinxut
1586 3479 1773 3534 urbem
1824 3494 1857 3534 a

268 3563 557 3634 Ilanganis
588 3567 837 3623 videlicet
882 3582 1051 3637 usque
1093 3567 1159 3623 ad
1203 3568 1560 3639 Bosphorum,
1592 3568 1743 3636 cujus
1787 3568 1859 3623 al-

270 3658 452 3714 titudo
481 3674 666 3716 muros
691 3660 941 3715 excessit.
971 3657 1172 3716 Omnes
1200 3669 1381 3715 autem
1418 3670 1526 3715 tam
1554 3660 1655 3715 viri
1696 3675 1857 3730 quam

270 3747 513 3816 feinime;
532 3749 692 3804 simul
713 3757 769 3805 et
793 3750 942 3819 pueri
988 3750 1203 3813 horum,
1234 3749 1426 3805 visioni
1445 3749 1637 3805 dantes
1660 3748 1860 3805 indesi-

272 3848 475 3895 nenter
498 3855 716 3910 operam
747 3841 1184 3911 perseverabant,
1212 3848 1270 3896 et
1308 3856 1430 3896 cum
1471 3841 1724 3911 lacrymis
1764 3842 1863 3897 do-

272 3948 432 3990 mum
463 3936 886 4001 revertebantur,
913 3936 1221 4005 ignorantes
1241 3935 1370 4005 quid
1386 3936 1453 3991 ad
1467 3936 1521 3991 id
1543 3935 1643 3991 fari
1657 3936 1852 4007 quivis.

272 4036 423 4085 sent.
453 4028 719 4082 Caeterum
749 4043 891 4083 anno
918 4028 1131 4099 eodem,
1166 4044 1351 4085 mense
1366 4029 1574 4096 Martio,
1605 4030 1776 4085 stella
1795 4029 1865 4086 de

276 4121 424 4178 caelo
449 4122 707 4178 cadentes
736 4136 1057 4193 apparuere,
1093 4124 1169 4177 ita
1198 4131 1256 4177 ut
1292 4138 1482 4179 omnes
1510 4125 1600 4193 qui
1632 4125 1736 4179 hoc
1780 4124 1863 4179 vi-

278 4213 499 4279 derunt,
533 4212 783 4269 instantis
802 4214 989 4269 seculi
1029 4215 1549 4269 consummationem
1597 4229 1717 4270 esse
1761 4230 1865 4285 pu-

277 4315 488 4363 tarent.
536 4306 764 4362 Siccitas
790 4321 1006 4376 quoque
1051 4307 1219 4362 multa
1248 4306 1440 4362 eﬂecta
1468 4315 1573 4375 est,
1621 4307 1757 4361 adeo
1809 4315 1870 4361 ut

281 4400 451 4454 etiam
474 4396 652 4453 fontes
679 4398 1099 4462 essiccarentur.
1131 4400 1228 4453 Ast
1256 4399 1571 4469 imperator,
1603 4400 1868 4455 accersito

279 4492 616 4564 patriarcha,
649 4491 780 4546 dicit
799 4492 880 4546 ei:
911 4489 1068 4546 Modo
1088 4490 1218 4561 quid
1246 4507 1343 4546 vos
1381 4491 1620 4556 laederet,
1653 4492 1699 4546 si
1717 4490 1871 4546 dixe-

1947 1997 2064 2051 auri
2100 1994 2320 2051 talentis
2373 1992 2594 2063 injurias
2643 2005 3080 2062 recompensans,
3127 1988 3329 2045 Eodem
3360 1990 3525 2047 etiam

1946 2104 2089 2145 anno
2117 2089 2264 2145 misit
2293 2088 2539 2155 Paganus
2565 2084 2812 2151 dominus
2834 2084 3099 2151 Bulgaria;
3124 2082 3192 2137 ad
3223 2082 3521 2151 imperato-

1946 2196 2086 2247 rem,
2117 2179 2394 2251 postulans
2408 2188 2468 2234 ut
2496 2191 2618 2233 cum
2631 2191 2698 2232 eo
2721 2175 2857 2235 facie
2886 2175 2949 2237 ad
2980 2170 3525 2243 faciemjungeretur,

1948 2283 2003 2329 et
2028 2281 2255 2343 accepto
2282 2273 2448 2327 verbo
2465 2269 2878 2335 descenditcum
2907 2283 3107 2329 cocum
3128 2265 3366 2325 Boiladis
3387 2264 3519 2323 suis.

1947 2364 2193 2435 Cumque
2218 2366 2517 2433 imperator
2546 2376 2652 2419 una
2698 2377 2818 2425 cum
2846 2359 3051 2417 Sabino
3079 2358 3310 2425 sederet,
3344 2371 3527 2413 susce-

1949 2459 2029 2530 pit
2056 2473 2172 2526 eos,
2218 2466 2275 2515 et
2315 2455 2660 2525 exprobravit
2708 2452 3159 2511 inordinationem
3206 2465 3432 2517 eorum,
3472 2456 3533 2505 et

1950 2553 2133 2608 odium
2156 2550 2397 2607 habitum
2439 2548 2491 2603 in
2521 2548 2803 2614 Sabinum,
2841 2546 3192 2613 feceruntque
3227 2556 3435 2614 pacem,
3468 2546 3530 2595 ut

1950 2645 2231 2716 putabant.
2259 2642 2355 2697 Ast
2391 2640 2688 2708 imperator
2716 2638 2851 2701 ciam
2883 2638 3099 2701 mittens
3120 2635 3175 2689 in
3220 2632 3527 2701 Bnlgariam

1951 2739 2095 2810 cepit
2115 2738 2438 2795 Severeruni
2465 2735 2760 2805 principem
2774 2732 3106 2798 Sciavinum,
3131 2728 3225 2797 qui
3252 2728 3306 2782 in
3320 2728 3531 2785 Thrace

1953 2832 2121 2887 multa
2167 2831 2375 2886 fecerat
2421 2829 2581 2887 mala.
2639 2825 3072 2894 Comprehensus
3117 2828 3200 2889 est
3253 2827 3432 2875 autem
3475 2825 3536 2887 et

1952 2925 2306 2989 Christianus,
2326 2923 2512 2993 quiest
2539 2919 2858 2977 Christianis
2888 2916 3221 2986 Margarites,
3245 2922 3302 2971 et
3333 2913 3535 2983 primus

1955 3019 2283 3076 Scaurorum
2324 3014 2554 3072 eﬁ‘ectus
2597 3022 2703 3079 est,
2735 3026 2893 3083 quem
2925 3010 3067 3082 apud
3094 3014 3342 3066 sanctum
3388 3003 3536 3060 Tho-

1954 3127 2097 3169 mam
2137 3110 2386 3167 manibus
2434 3117 2488 3163 et
2535 3106 2757 3177 pedibus
2813 3104 3215 3165 detruncantes,
3258 3098 3533 3163 adduxere

1957 3204 2215 3268 medicos,
2246 3203 2337 3273 qui
2360 3200 2506 3255 hunc
2532 3199 2711 3254 vivum
2733 3196 3036 3251 inciderunt
3061 3210 3095 3251 a
3121 3193 3342 3251 thorace
3359 3190 3531 3261 pube-

1959 3306 2139 3364 tenus,
2173 3296 2238 3350 ad
2270 3294 2503 3350 hominis
2525 3290 2957 3362 cognoscendam
2986 3288 3338 3359 positionem,
3372 3293 3537 3355 atoue

1960 3397 2315 3453 structuram,
2364 3395 2421 3443 et
2466 3386 2544 3441 sic
2595 3399 2719 3440 eum
2752 3382 3093 3439 tradiderunt
3119 3380 3251 3450 igni.
3282 3382 3541 3437 Actutum

1959 3493 2225 3557 praeterea
2254 3483 2446 3539 exiens
2467 3481 2761 3552 imperator
2784 3482 2852 3534 ab
2880 3478 3033 3545 urbe,
3066 3492 3190 3533 eum
3218 3476 3338 3532 sine
3360 3482 3541 3532 custo-

1959 3579 2049 3636 dia
2078 3577 2372 3632 invenisset
2401 3578 2472 3631 ob
2491 3572 2853 3644 deceptoriam
2888 3586 3098 3642 pacem,
3129 3585 3226 3641 per
3262 3569 3541 3626 clausurus

1959 3670 2231 3741 ingressus
2248 3677 2332 3725 est
2348 3668 2647 3737 Bulgariam
2669 3680 2841 3735 usque
2853 3663 2921 3719 ad
2932 3663 2959 3703 δ
2979 3663 3146 3729 Zitas,
3162 3668 3217 3717 et
3237 3662 3401 3717 misso
3414 3661 3538 3730 igne

1960 3762 2019 3816 in
2070 3773 2093 3801 ε
2128 3762 2383 3816 cohortes
2435 3752 2687 3814 reversus
2726 3764 2829 3821 est,
2855 3769 2979 3810 eum
3002 3754 3231 3809 nilforte
3251 3758 3540 3829 patrasset.

1967 3850 2125 3907 Anno
2151 3852 2410 3920 vigesimo
2455 3849 2646 3919 quinto
2674 3847 2885 3918 imperii
2930 3845 3036 3914 sui,
3064 3844 3384 3900 duodecima
3430 3842 3539 3899 Ka—

1962 3946 2110 4005 lend.
2152 3944 2464 4001 Decembris
2494 3942 2799 3998 indictionis
2845 3946 3068 4009 quarta,
3110 3937 3294 3994 furens
3342 3934 3539 4005 impius

1964 4047 2020 4095 et
2071 4040 2333 4094 scelestus
2402 4036 2697 4107 imperator
2739 4032 3005 4089 adversus
3047 4044 3237 4086 omnes
3296 4029 3547 4084 timentes

1965 4130 2154 4195 Deum,
2197 4136 2652 4199 protomartyrem
2694 4127 3029 4196 Stephanum
3060 4135 3259 4179 novum
3304 4119 3547 4177 abstrahi

1966 4222 2240 4294 praecepit,
2272 4235 2395 4276 cum
2429 4219 2668 4275 inclusus
2692 4228 2841 4274 esset
2871 4216 3014 4288 apud
3042 4223 3289 4272 sanctum
3328 4212 3549 4269 Auxen-

1952 4314 2100 4368 tium
2128 4314 2181 4367 in
2204 4311 2456 4383 proximo
2482 4318 2668 4365 monte
2700 4308 2956 4365 Amastri.
2991 4307 3160 4373 Quem
3188 4306 3243 4362 hi
3267 4306 3362 4376 qui
3421 4320 3548 4361 eru-

1969 4404 2236 4459 ditionum
2284 4402 2403 4472 ejus
2454 4400 2687 4457 fructum
2738 4399 3127 4470 percipiebant,
3173 4406 3231 4454 et
3277 4396 3433 4453 unius
3480 4409 3548 4453 ac

1970 4495 2163 4552 similis
2191 4509 2385 4551 sensus
2413 4509 2536 4549 cum
2567 4508 2634 4549 eo
2682 4502 2860 4561 erant,
2913 4491 3166 4549 scholarii
3192 4504 3430 4561 quoque,
3482 4503 3549 4545 ac

282 4587 462 4643 rimus
495 4586 743 4649 θεοτόκον,
763 4584 1126 4658 χριςτὸτοκονῖ
1154 4584 1333 4639 Atille
1374 4586 1521 4639 hunc
1558 4585 1857 4653 complexus

1974 4590 2196 4659 reliquis
2224 4587 2504 4644 ordinibus
2525 4586 2790 4657 deputati,
2810 4585 3140 4656 accipientes
3159 4582 3355 4653 pedem
3381 4582 3552 4651 ipsius

282 4680 404 4735 ait:
436 4675 709 4741 Miserere,
742 4677 985 4744 Domine,
1011 4692 1077 4732 ne
1101 4677 1168 4732 ad
1195 4676 1576 4745 eontagionem
1599 4683 1747 4731 tuam
1782 4689 1877 4730 ve-

286 4772 409 4827 niat
438 4783 616 4825 sermo
646 4769 747 4824 iste
769 4809 785 4836 ,
814 4782 992 4824 nonne
1012 4768 1162 4824 vides
1201 4768 1435 4839 qualiter
1477 4767 1799 4838 divulgetur,
1822 4775 1879 4823 et

284 4862 780 4919 anathematizetur
807 4861 1087 4917 Nestorius
1133 4876 1163 4915 a
1192 4868 1307 4916 tota
1335 4859 1622 4916 Ecclesia?
1650 4859 1755 4926 Qui
1790 4874 1874 4915 re-

282 4953 569 5025 spondens
592 4954 697 5008 ait:
724 4952 839 5022 Ego
868 4954 1076 5009 discere
1101 4952 1293 5009 volens
1313 4952 1659 5022 interrogari,
1692 4967 1879 5008 verum

288 5059 471 5114 usque
493 5045 559 5099 ad
588 5050 643 5099 te
678 5058 877 5101 sermo.
910 5043 1069 5099 Anno
1118 5044 1381 5112 vigesimo
1424 5052 1621 5113 quarto
1666 5042 1881 5113 imperii

284 5136 638 5191 Constantini
661 5142 905 5191 enemnt
927 5136 1124 5191 iterum
1154 5134 1319 5191 Turci
1333 5135 1402 5191 ad
1429 5134 1655 5205 Caspias
1668 5142 1876 5205 portas,

290 5237 355 5286 et
383 5227 634 5300 lberiam,
662 5230 856 5300 quibus
902 5245 1025 5286 cum
1055 5239 1081 5268 ει
1114 5230 1380 5286 Arabibus
1408 5230 1610 5286 bellum
1641 5228 1882 5285 ineunti-

292 5323 424 5390 bus,
473 5337 543 5377 ex
583 5322 826 5391 utrisque
868 5323 1149 5393 perierunt
1186 5323 1361 5378 multi.
1411 5316 1705 5379 Habdallas
1750 5336 1882 5379 vero

293 5414 677 5482 hujuscemodi
701 5414 995 5471 calliditate
1022 5414 1271 5485 deposuit
1293 5430 1323 5470 a
1352 5415 1654 5485 principatu
1702 5412 1883 5486 Hyse-

296 5507 398 5563 bin
419 5506 607 5574 Musae,
632 5507 686 5562 in
716 5522 899 5577 quem,
942 5516 1002 5562 ut
1030 5507 1278 5576 superius
1315 5506 1519 5562 dictum
1567 5514 1670 5573 est,
1724 5506 1885 5562 tertia

296 5600 669 5657 sorstenendi
719 5607 838 5671 post
887 5614 1013 5655 eum
1062 5599 1275 5655 cecidit.
1325 5599 1526 5655 Videns
1566 5599 1714 5655 enim
1758 5612 1885 5654 eum

296 5691 496 5749 dolore
521 5693 715 5765 capitis
760 5694 1114 5765 hemigranite
1162 5693 1493 5751 laborantem
1515 5734 1532 5764 ,
1554 5703 1627 5777 et.
1648 5691 1889 5751 scatenti

384 5859 412 5889 ⁸
441 5852 551 5918 Al,
571 5852 845 5911 Auaribus.
940 5824 953 5835 θ

386 5918 412 5962 δ
429 5921 539 5995 AL,
570 5921 850 5983 Tutum.

1977 4681 2207 4736 rudente
2234 4680 2483 4749 ligentes,
2517 4685 2800 4734 traxerunt
2846 4691 3014 4746 usque
3053 4674 3123 4730 ad
3166 4688 3230 4730 ea
3258 4687 3379 4743 quas
3426 4678 3556 4729 sunt

1977 4773 2187 4844 pelagis
2216 4772 2489 4844 praetorio,
2522 4771 2616 4826 ubi
2650 4779 2707 4826 et
2727 4769 3095 4838 diseerpentes
3140 4779 3269 4822 eum
3306 4761 3551 4833 proiece-

1978 4876 2105 4925 runt
2128 4865 2475 4923 honorabiles
2502 4865 2672 4935 ipsius
2716 4862 2972 4933 reliquias
3015 4860 3070 4916 in
3117 4858 3554 4914 biothanatorum

1952 4961 2179 5027 locum,
2222 4974 2289 5015 eo
2310 4957 2455 5029 quod
2483 4956 2682 5012 multos
2728 4952 3020 5019 monuerit,
3052 4958 3107 5007 et
3146 4945 3438 5005 adduxerit
3482 4942 3559 5001 ad

1978 5051 2332 5108 monasticam
2360 5051 2550 5118 vitam,
2582 5055 2744 5118 atque
2772 5053 3121 5102 contemnere
3173 5039 3353 5109 regias
3376 5036 3555 5105 digni-

1982 5154 2120 5202 tates
2157 5152 2319 5216 atque
2343 5143 2601 5215 pecunias
2619 5141 2965 5214 persuaserit.
2993 5136 3338 5197 Reverendus
3357 5133 3559 5204 quippe

1980 5239 2065 5294 vir
2085 5238 2331 5293 omnibus
2358 5244 2493 5302 erat,
2523 5249 2624 5306 pro
2648 5248 2718 5291 eo
2749 5231 2896 5303 quod
2934 5232 3046 5287 lere
3065 5228 3349 5299 sexaginta
3386 5238 3560 5280 annos

1982 5329 2156 5399 egerit
2182 5328 2239 5383 in
2286 5327 2558 5393 claustris,
2607 5334 2665 5381 et
2711 5324 3005 5380 virtutibus
3052 5320 3238 5376 multis
3276 5314 3558 5375 eﬂulserit.

1984 5423 2184 5480 Multos
2211 5421 2374 5477 etiam
2402 5421 2671 5492 principes
2714 5434 2778 5475 ac
2805 5418 3001 5473 milites
3049 5420 3330 5472 accusatos
3351 5457 3365 5483 ,
3410 5408 3560 5480 quod

1986 5518 2256 5589 imagines
2284 5516 2596 5580 adorarent,
2630 5514 2854 5569 diversis
2889 5510 3062 5583 poenis
3100 5516 3157 5565 et
3206 5501 3558 5563 amarissimis

1988 5609 2207 5668 tradidit
2228 5609 2553 5665 verberibus.
2586 5605 2963 5676 Jusjurandum
3002 5602 3168 5660 etiam
3200 5599 3459 5673 generale
3487 5596 3557 5653 ab

1988 5703 2235 5761 omnibus
2248 5702 2346 5767 sub
2364 5700 2591 5770 imperio
2620 5712 2719 5755 suo
2746 5697 3065 5767 degentibus
3092 5694 3290 5765 exegit,
3319 5706 3387 5747 ne
3404 5688 3560 5759 quis-

2073 5876 2099 5905 ι
2122 5859 2381 5929 Cedren.,
2405 5861 2585 5925 ὰνλὰς,
2616 5868 2800 5915 certes.
