3956 6342
501 378 641 442 1103

1342 372 1545 431 PAULI
1583 368 1855 428 DlACONl
1893 365 2045 423 OPP.
2082 358 2260 420 PARS
2301 359 2345 417 1.
2380 386 2455 403 -
2490 354 2871 417 HISTORICA.

3540 354 3641 416 HM

499 508 661 564 quam
686 490 936 547 adoraret
964 489 1119 544 icona
1152 505 1166 541 :
1198 501 1319 544 cum
1340 487 1533 556 quibus
1554 494 1609 541 et
1651 482 2065 539 Constantinum
2093 479 2149 540 Α
2170 473 2340 542 misit,
2363 480 2422 530 et
2446 472 2592 529 bulla
2619 469 2850 541 signavit
2863 463 3215 537 patriarcbam
3234 502 3250 532 ,
3277 472 3327 521 et
3349 464 3468 523 hunc
3497 470 3641 529 exsilio

500 586 621 640 falsi
652 584 886 639 nominis
935 580 1294 653 patriarcham
1343 593 1503 646 super
1553 578 1838 632 ambonem
1880 587 2070 629 ascen-

501 677 652 744 dere,
677 684 732 731 et
754 675 993 730 exaltare
1020 668 1255 745 prétiosa
1287 672 1447 740 ligna,
1475 681 1530 726 et
1554 671 1736 739 jurare
1754 666 1902 731 fecit,
1924 665 2073 737 quod

501 783 613 823 non
641 776 786 822 esset
823 783 892 822 ex
921 767 999 822 eis
1025 766 1116 837 qui
1135 766 1386 820 adoraret
1413 763 1688 832 imagines.
1722 761 1820 817 Cui
1848 776 1976 816 mox
2006 767 2069 815 ut

500 873 570 919 ex
593 858 858 915 monacho
888 857 1228 928 Stephanites
1242 856 1546 911 efficeretur
1561 852 1844 923 persuasit,
1864 861 1917 906 et
1946 866 2072 906 car-

502 951 663 1008 nibus
708 960 1060 1019 vesccretur,
1111 959 1274 1021 atque
1323 948 1664 1020 cythartedos
1711 947 1780 1002 ad
1827 959 2071 1000 mensam

501 1043 706 1113 regiam
747 1044 955 1098 admitti
1006 1051 1303 1113 pateretur,
1336 1042 1428 1098 sed
1460 1058 1566 1096 non
1608 1040 1660 1095 in
1708 1040 1926 1110 longum
1958 1048 2074 1093 tar-

501 1135 626 1192 data
653 1137 785 1191 ultio
816 1137 958 1191 hunc
1000 1135 1328 1191 homicidam
1376 1134 1570 1189 debitis
1621 1130 1847 1188 tradidit
1876 1129 2070 1201 poenis.

501 1227 747 1301 Denique
783 1226 1095 1283 duodecima
1117 1225 1340 1281 Kalend.
1368 1223 1643 1280 Februarii
1683 1230 1892 1293 quartae
1940 1220 2077 1276 indi-

503 1319 721 1386 ctionis,
769 1329 948 1374 motus
989 1326 1073 1374 est
1118 1326 1304 1373 contra
1337 1315 1617 1385 Bulgares,
1659 1321 1716 1369 et
1757 1312 1956 1368 direxit
2008 1309 2076 1365 ad

503 1410 742 1467 Achelon
770 1412 875 1468 duo
901 1411 1069 1467 millia
1095 1420 1350 1468 sexcenta
1379 1409 1662 1465 chelandia
1683 1416 1969 1463 exstruens
1989 1422 2076 1474 ea,

502 1511 559 1559 et
583 1518 795 1559 armans
824 1519 887 1557 ex
918 1504 1126 1558 cunctis
1155 1502 1495 1557 thematibus.
1523 1500 1651 1566 Quae
1680 1515 1801 1556 cum
1827 1499 1883 1553 in
1930 1496 2077 1553 Tho-

504 1594 582 1649 ris
626 1595 913 1649 stationem
963 1593 1236 1659 fixissent,
1281 1593 1445 1647 ﬂante
1484 1594 1792 1662 Aquilone,
1845 1590 2076 1647 contrita

504 1690 631 1739 sunt
662 1698 801 1753 pene
830 1683 1033 1749 omnia,
1066 1692 1121 1739 et
1166 1683 1396 1754 populus
1442 1692 1664 1737 necatus
1703 1689 1787 1736 est
1831 1680 2033 1734 multus
2056 1720 2073 1747 ,

502 1773 577 1829 ita
608 1782 668 1829 ut
691 1774 987 1845 imperator
1010 1772 1307 1830 extendere
1331 1773 1467 1828 retia
1499 1783 1554 1828 et
1579 1780 1823 1827 mortuos
1847 1770 2078 1826 educere

2174 569 2436 638 relegavit
2462 566 2602 639 apud
2628 575 2653 603 ι
2684 563 2937 632 lberiam,
2965 567 3024 618 et
3041 574 3242 617 rursum
3267 562 3392 631 apud
3410 562 3646 634 principem

2174 664 2423 722 insulam.

2245 756 2401 811 Anno
2430 753 2691 824 vigesimo
2720 758 2878 809 sexto
2928 746 3140 819 imperii
3183 744 3502 811 Constantini,
3546 744 3652 801 liab-

2174 849 2345 907 dallas
2377 848 2517 903 ﬁlius
2548 846 2661 900 Hali
2683 853 2931 899 mortuus
2952 848 3054 906 est,
3080 847 3263 895 ruente
3306 853 3449 907 super
3473 852 3521 891 sc
3540 844 3652 891 turre

2176 942 2232 997 in
2256 956 2360 1011 qua
2383 937 2810 996 custodiebatur.
2856 931 3143 989 Habdallas
3184 938 3350 985 autem
3395 943 3501 983 cum
3523 928 3659 981 amice

2177 1031 2486 1101 fungeretur
2515 1030 2741 1089 honore,
2776 1025 2945 1080 multa
2967 1022 3106 1078 mala
3132 1019 3424 1076 Christianis
3446 1019 3527 1073 sub
3552 1020 3659 1087 prin-

2176 1126 2356 1195 cipatu
2406 1138 2505 1179 suo
2551 1120 2873 1190 degentibus
2915 1113 3312 1172 demonstravit.
3362 1109 3590 1180 Siquidem
3625 1118 3666 1165 et

2177 1232 2366 1275 cruces
2422 1214 2773 1271 ecclesiarum
2819 1208 3060 1271 abstulit,
3100 1216 3155 1263 et
3201 1205 3396 1274 vigilias
3440 1211 3664 1258 nocturnas

2177 1307 2479 1372 celebrare,
2501 1304 2595 1360 sed
2626 1311 2682 1360 et
2704 1303 2911 1358 litteras
2934 1300 3142 1356 discere
3166 1296 3480 1367 prohibebat.
3502 1292 3557 1347 lli
3575 1306 3669 1348 vero

2177 1399 2269 1469 qui
2322 1397 2574 1453 dicuntur
2617 1394 2756 1465 apud
2834 1393 2955 1448 illos
3000 1390 3243 1455 aruritae,
3284 1386 3418 1457 quod
3470 1386 3670 1455 interpre-

2178 1499 2325 1547 tatur
2350 1489 2710 1553 temulatores,
2735 1495 2922 1543 contra
2965 1483 3344 1539 Palmirensem
3371 1494 3576 1536 eremnm
3610 1478 3672 1533 in-

2178 1590 2548 1640 surrexerunt.
2582 1580 2629 1635 ls
2675 1587 2853 1635 autem
2892 1577 2985 1647 qui
3021 1573 3338 1630 Christianis
3392 1568 3674 1627 ineffabilibus

2182 1676 2276 1732 Dei
2310 1675 2527 1745 judiciis
2568 1672 2888 1744 imperabat,
2934 1668 3179 1725 fortassis
3218 1674 3277 1720 ut
3314 1662 3510 1720 Iezabel
3548 1676 3676 1732 quon-

2181 1768 2323 1831 dam,
2356 1766 2441 1822 vel
2487 1779 2718 1821 vesanus
2750 1761 2962 1826 Achab,
3003 1759 3175 1815 multo
3202 1758 3384 1829 pejora
3409 1769 3547 1825 quam
3584 1752 3676 1806 Ara-

504 1881 569 1921 ac
615 1842 850 1937 sepelire
888 1868 1223 1938 praeceperit.
1273 1867 1441 1923 Porro
1482 1866 1691 1922 decima
1747 1871 1899 1919 sexta
1953 1860 2074 1916 Kal.
2112 1845 2156 1905 Β
2182 1859 2308 1916 bum
2334 1860 2404 1915 sit
2445 1858 2677 1923 insania,
2726 1856 2825 1913 sub
2854 1851 3081 1923 imperio
3106 1867 3207 1907 suo
3227 1849 3410 1921 positis
3433 1842 3682 1903 orthodoxis

503 1958 778 2030 Septemb.
815 1960 1053 2029 ejusdem
1091 1968 1295 2029 quartrc
1324 1959 1652 2023 indictionis,
1683 1958 1898 2028 publice
1922 1954 2078 2010 diffa-

503 2051 689 2117 mavit,
718 2059 773 2106 et
792 2052 1169 2109 dehonestavit
1194 2051 1436 2107 habitum
1463 2050 1853 2106 monachorum
1881 2049 1933 2104 in
1956 2048 2081 2119 hip-

504 2142 787 2213 podromo,
805 2145 1118 2215 praecipiens
1129 2158 1569 2215 unumquemque
1583 2144 1903 2198 monachum
1919 2157 2081 2197 manu

508 2241 694 2289 tenere
721 2237 1033 2304 mulierem,
1084 2244 1142 2293 et
1169 2236 1349 2291 taliter
1394 2236 1626 2290 transire
1649 2249 1748 2305 per
1782 2233 2081 2303 hippodro-

503 2340 652 2380 mum
684 2366 700 2390 ,
742 2328 969 2397 sumptis
1015 2327 1224 2395 injuriis
1265 2329 1334 2383 ab
1353 2327 1499 2382 omni
1547 2326 1749 2399 populo
1774 2325 2076 2381 cumulatis.

503 2414 764 2471 Similiter
798 2427 853 2472 et
880 2427 1074 2474 octavo
1100 2418 1222 2474 ldus
1247 2418 1526 2486 Septemb.
1556 2419 1701 2475 ducti
1747 2427 1872 2474 sunt
1907 2418 1972 2472 atl
2004 2418 2085 2472 lu-

505 2506 604 2563 dos
631 2507 911 2565 Circenses
938 2510 1174 2581 insignes
1193 2510 1466 2581 principes
1493 2508 1683 2565 decem
1706 2516 1762 2566 et
1790 2523 2004 2574 novem,
2028 2514 2086 2563 et

503 2602 745 2673 pompati
773 2612 899 2658 sunt
925 2604 1079 2675 quasi
1110 2604 1250 2659 mala
1281 2610 1469 2660 contra
1498 2601 1880 2673 imperatorem
1906 2600 2084 2657 consi-

503 2690 620 2747 liati
646 2690 864 2759 fuerint,
899 2709 1008 2750 non
1035 2694 1299 2750 veraciter
1324 2693 1581 2759 accusati,
1609 2690 1704 2748 sed
1734 2692 1861 2762 quia
1884 2690 2086 2747 invide-

502 2787 599 2843 bat
627 2788 729 2856 eis,
756 2804 822 2844 eo
848 2787 991 2857 quod
1016 2798 1196 2844 essent
1229 2787 1471 2855 formosi,
1497 2795 1658 2857 atque
1678 2786 1906 2854 robusti,
1938 2792 1994 2839 et
2015 2783 2083 2840 ab

504 2879 756 2934 omnibus
778 2879 1066 2935 collaudati
1087 2897 1100 2944 ;
1119 2878 1439 2948 quibusdam
1459 2894 1587 2935 vero
1601 2893 1669 2934 ex
1683 2878 1783 2942 eis,
1799 2885 1854 2933 et
1867 2878 1936 2933 ob
1950 2878 2083 2934 reli-

506 2971 743 3039 gionem,
775 2985 842 3025 eo
867 2970 1010 3040 quod
1050 2971 1116 3027 ad
1137 2971 1452 3041 pnedictum
1481 2970 1747 3026 inclusum
1787 2970 1979 3037 issent,
2028 2974 2085 3024 et

504 3064 785 3133 passiones
813 3064 932 3131 ejus
974 3063 1184 3139 publice
1229 3062 1587 3134 divulgarent,
1616 3078 1752 3133 quos
1790 3059 2080 3126 interfecit,

506 3166 736 3221 quorum
766 3150 1023 3222 praecipui
1072 3160 1218 3217 sunt,
1271 3151 1655 3208 Constantinus
1707 3152 1982 3222 patricius,
2031 3160 2087 3206 et

505 3242 709 3298 dudum
753 3242 1027 3311 logotheta
1068 3242 1276 3311 dromi,
1321 3243 1520 3312 cuique
1570 3257 1766 3297 nomen
1828 3242 2086 3313 imposuit

506 3333 941 3405 Pod0pagurum,
977 3344 1031 3391 et
1052 3336 1210 3404 hujus
1237 3335 1405 3392 frater
1425 3336 1626 3406 Stratej
1636 3351 1695 3391 us
1712 3336 2003 3405 spatarius,
2030 3342 2087 3391 et

507 3424 836 3480 domesticus
882 3426 1288 3492 excubitorum;
1321 3425 1617 3482 Antiochus
1656 3425 1934 3494 logotheta
1968 3424 2086 3480 dro-

507 3516 584 3571 mi
609 3513 805 3582 factus,
849 3525 906 3572 et
946 3524 1145 3587 praetor
1194 3516 1430 3583 Siciliae,
1486 3518 1651 3573 David
1702 3518 1991 3589 spatarius,
2032 3528 2089 3573 et

509 3623 697 3666 comes
744 3610 968 3675 obsicii;
1018 3611 1457 3683 Theophylactus
1508 3614 1977 3683 protospatarius,
2033 3620 2089 3667 et

510 3700 716 3770 primus
747 3700 1105 3771 imperialium
1132 3710 1447 3771 stratorum,
1481 3701 1619 3758 filius
1650 3704 1863 3773 patricii
1890 3703 2089 3759 Barda-

506 3795 635 3861 nis;
678 3794 1120 3869 TheOphylactus
1159 3797 1499 3863 candidatus,
1554 3804 1609 3852 et
1637 3798 1750 3866 alii,
1779 3812 1917 3866 quos
1964 3813 2085 3853 cum

511 3886 568 3941 in
608 3884 978 3957 Hippodromo
1029 3885 1185 3944 ludos
1228 3888 1406 3959 palam
1445 3887 1689 3955 traduci,
1730 3896 1788 3943 et
1830 3888 1898 3942 ab
1939 3888 2089 3943 omni

508 3984 713 4054 populo
741 3985 967 4054 conspui
989 3993 1046 4039 et
1068 3985 1319 4042 maledici
1346 3984 1584 4051 fecisset,
1623 3986 1947 4041 sententiam
1994 3986 2089 4043 de—

509 4074 607 4141 dit,
633 4087 687 4131 et
711 4078 830 4131 illos
868 4077 1085 4148 quidem
1110 4077 1245 4133 duos
1272 4077 1465 4134 fratres
1485 4078 1900 4135 Constantinum
1926 4087 2089 4148 atque

510 4166 806 4223 Strateium
837 4168 976 4223 intra
1004 4169 1307 4226 venationis
1330 4177 1482 4239 septa
1528 4169 1721 4239 capitis
1751 4170 2091 4224 animadver-

508 4260 664 4315 sione
687 4258 914 4330 punivit,
946 4260 1118 4316 multo
1140 4246 1300 4332 super
1325 4276 1421 4317 eos
1450 4261 1716 4317 universa:
1743 4262 1914 4332 plebis
1943 4261 2087 4317 facto

507 4350 769 4418 lamento,
802 4352 938 4407 adeo
960 4361 1020 4407 ut
1044 4369 1165 4410 cum
1190 4355 1296 4410 hoc
1325 4354 1597 4411 didicisset
1625 4356 1920 4426 imperator
1949 4355 2088 4411 indi-

508 4450 796 4513 gnaretur,
829 4451 886 4497 et
915 4446 1236 4515 Procopium
1284 4447 1596 4516 praefectum
1626 4450 1879 4511 caederet,
1928 4456 1983 4503 et
2020 4448 2089 4502 ab

2182 1956 2472 2027 episcopis,
2517 1953 2816 2017 monachis,
2870 1951 3037 2014 laicis,
3089 1947 3338 2019 praelatis,
3390 1951 3530 2014 atque
3552 1939 3683 2007 subje-

2181 2053 2285 2108 ctis
2311 2049 2566 2115 ostendit,
2600 2047 2799 2117 ubique
2845 2044 3262 2102 intercessiones
3290 2047 3477 2095 sanctae
3511 2031 3688 2101 Virginis

2182 2149 2238 2197 et
2287 2140 2381 2195 Dei
2432 2139 2725 2206 genitricis,
2776 2152 2843 2194 ac
2885 2136 3132 2193 omnium
3172 2139 3469 2189 sanctorum
3501 2128 3546 2183 in
3584 2124 3689 2180 scri-

2182 2236 2308 2306 ptis,
2343 2232 2402 2290 u't
2428 2231 2663 2298 inutiles,
2697 2246 2762 2288 ac
2786 2231 2903 2287 sine
2929 2230 3155 2299 scripto,
3183 2225 3463 2297 repellens,
3490 2234 3572 2291 per
3593 2230 3692 2287 quas

2139 2373 2148 2382 .
2183 2327 2341 2382 nobis
2366 2332 2582 2382 emanat
2624 2339 2785 2381 omne
2835 2322 3172 2391 suffragium,
3216 2325 3272 2373 et
3326 2323 3524 2371 sanctas
3548 2321 3687 2365 eorum

2185 2418 2444 2488 reliquias
2471 2416 2715 2487 ejiciens,
2749 2425 2803 2470 et
2853 2414 3055 2470 invisas
3083 2411 3337 2469 reddens.
3383 2405 3468 2462 Sic
3492 2402 3569 2459 ubi
3596 2398 3693 2457 insi-

2183 2512 2303 2582 gnis
2329 2512 2610 2581 quisquam
2656 2508 2976 2565 audiebatur
3021 2507 3090 2561 ad
3138 2504 3432 2560 animarum
3454 2496 3696 2558 sanitatem,

2184 2612 2240 2661 et
2262 2619 2569 2674 corporum,
2621 2602 2705 2658 vel
2729 2601 2871 2656 sicut
2908 2598 3079 2655 moris
3106 2604 3195 2655 est
3223 2612 3255 2651 a
3283 2594 3370 2664 pie
3396 2589 3609 2663 gentibus
3628 2584 3700 2637 bo-

2185 2697 2389 2764 norari,
2416 2711 2544 2753 mox
2572 2702 2801 2750 mortem
2844 2691 3107 2748 adversus
3138 2684 3461 2758 huiusmodi,
3504 2687 3700 2747 tanquam

2184 2790 2347 2862 impie
2367 2799 2589 2859 agentes
2618 2786 2956 2853 minabatur;
2981 2784 3066 2842 sin
3093 2789 3301 2845 autem,
3330 2770 3704 2849 proscriptiones.

2184 2882 2370 2940 exsilia
2390 2888 2447 2937 et
2464 2888 2771 2944 tormenta;
2819 2879 2931 2933 Deo
2973 2882 3159 2931 autem
3211 2870 3552 2943 gratissimum
3588 2862 3705 2930 lipsa-

2186 2991 2333 3042 num,
2363 2979 2574 3043 utpote
2601 2970 2821 3041 quidam
2856 2968 3148 3024 thesaurus
3174 2959 3558 3036 possessoribus
3598 2948 3707 3005 babi-

2185 3079 2295 3135 tus,
2345 3064 2710 3130 auferebatur,
2765 3060 2995 3116 invisum
3035 3071 3109 3114 de
3163 3064 3366 3113 caetero
3412 3043 3707 3135 efﬁciendum.

2189 3131 2321 3216 Tale
2346 3157 2473 3229 quid
2500 3164 2557 3212 et
2576 3155 2628 3209 in
2657 3152 3114 3226 pretiosissimum
3145 3144 3434 3204 laudabilis
3459 3136 3619 3232 matris
3630 3131 3711 3232 Env

2190 3226 2421 3324 phemia:
2448 3250 2713 3319 lipsanum
2739 3242 2994 3315 profanus
3022 3242 3118 3297 hic
3168 3240 3467 3309 imperator
3503 3226 3651 3299 gessit,
3674 3226 3711 3274 in

2186 3342 2511 3417 profundum
2536 3340 2587 3395 id
2609 3354 2730 3395 cum
2762 3336 2940 3394 loculo
2963 3335 3185 3404 jacens,
3211 3347 3324 3387 non
3365 3328 3532 3384 ferens
3556 3334 3648 3417 eam
3665 3326 3714 3417 et

2186 3404 2246 3493 se
2272 3448 2435 3505 super
2458 3446 2673 3489 omnem
2694 3429 2949 3501 populum
2989 3427 3329 3483 suavitatem
3359 3413 3589 3487 unguenti
3609 3404 3714 3505 ‘red-

2186 3501 2425 3585 dentem.
2459 3531 2514 3578 et
2541 3528 2857 3591 arguentem
2885 3518 3003 3587 ejus
3053 3516 3330 3571 adversus
3376 3501 3716 3566 intercessione!

2189 3626 2503 3676 sanctorum
2526 3616 2878 3673 deliramenta
2904 3633 2915 3664 :
2944 3611 3040 3667 sed
3076 3611 3250 3672 Deus,
3282 3608 3375 3678 qui
3409 3599 3716 3661 custoditos:

2188 3711 2289 3767 sibi
2312 3709 2663 3781 placentium,
2711 3704 3005 3761 secundum
3053 3703 3246 3757 divina
3302 3697 3525 3766 eloquia,
3553 3689 3718 3745 illast!!!

2188 3804 2293 3859 huc
2320 3801 2681 3865 conservavit,
2715 3813 2900 3854 rursus
2924 3804 3258 3852 ostensurus
3289 3791 3419 3849 illud
3464 3784 3587 3859 apud
3609 3781 3721 3834 Lem-

2190 3913 2318 3951 num
2348 3894 2597 3951 insulam.
2650 3890 2752 3948 Per
2778 3899 3106 3946 nocturnam
3141 3902 3282 3957 ergo
3310 3884 3562 3940 visionem
3601 3882 3720 3943 appi-

2188 4001 2333 4053 rens,
2361 3983 2679 4041 elevandum
2710 3998 2769 4038 se
2790 3982 3070 4052 praecepit,
3106 3988 3167 4037 et
3190 3957 3722 4066 conservandum.

2190 4079 2546 4136 Constantino
2570 4093 2700 4133 vero
2730 4084 2787 4132 et
2822 4074 3021 4131 Eirene
3072 4075 3187 4149 piis
3240 4064 3647 4144 imperatoribus,
3668 4064 3726 4109 tn-

2190 4171 2424 4226 dictione
2454 4177 2668 4240 quarta,
2700 4184 2820 4224 cum
2841 4168 3050 4224 decenti
3099 4168 3325 4224 honore
3374 4162 3526 4219 rediit
3550 4156 3604 4211 ad
3628 4160 3725 4205 tem-

2190 4264 2339 4334 plum
2385 4279 2563 4328 suum,
2610 4263 2755 4332 quod
2810 4263 2924 4333 ipse
2973 4263 3205 4331 quidem
3240 4271 3502 4330 tanquam
3543 4247 3727 4309 inimicus

2190 4355 2542 4411 ecclesiarum
2580 4369 2865 4410 commune
2906 4353 3033 4410 fecit
3080 4350 3584 4409 armamentarium.
3622 4345 3723 4392 ⁵⁸⁸³·

2190 4446 2581 4515 quiliniumque
2607 4445 2725 4500 fore
2751 4445 3012 4508 decrevit,
3046 4445 3131 4499 illi
3158 4460 3300 4501 vero
3320 4444 3635 4509 repurgatum
3653 4427 3730 4483 hoc

511 4535 977 4592 administratione
999 4537 1314 4607 depelleret,
1348 4548 1604 4608 tanquam
1635 4539 1686 4595 id
1717 4539 1833 4595 fieri
1865 4541 2089 4611 permit-
2116 4562 2168 4624 υ
2196 4538 2388 4594 iterum
2414 4545 2785 4600 sacraverunt,
2814 4536 2879 4590 ad
2906 4536 3370 4604 redargutionem
3398 4531 3595 4604 quidem
3616 4518 3731 4624 bili!”

509 4636 754 4684 tentem:
790 4637 1015 4684 czeteros
1041 4638 1221 4686 autem
1274 4632 1443 4688 oculis
1477 4632 1715 4702 privatos
1761 4635 1814 4689 in
1840 4634 2087 4690 exsilium

509 4718 819 4785 destinavit,
868 4733 1005 4787 quos
1038 4735 1135 4790 per
1183 4721 1424 4791 singulos
1468 4723 1730 4790 mittens,
1773 4737 1896 4779 cum
1945 4731 2089 4779 esset

507 4813 660 4870 omni
681 4811 1003 4869 crudelitate
1039 4813 1251 4884 plenus,
1281 4814 1349 4869 ad
1379 4814 1495 4870 loca
1523 4814 1576 4870 in
1606 4814 1799 4884 quibus
1838 4815 2085 4883 degebat,

507 4903 752 4959 centenis
772 4902 952 4972 ﬂagris
991 4903 1247 4972 vapulare
1287 4904 1531 4974 jubebat.
1589 4904 1758 4959 Porro
1785 4906 1942 4960 tertia
1982 4904 2090 4961 Ka-

506 4990 696 5049 lendas
717 4992 1053 5062 Septembris
1079 4993 1320 5062 ejusdem
1352 5005 1558 5064 quarta:
1581 4994 1909 5061 indictionis,
1941 4996 2086 5052 insa-
2124 5040 2137 5050 .

508 5084 664 5139 niens
684 5084 824 5139 idem
862 5084 1157 5141 malevolus
1184 5085 1441 5141 adversus
1464 5086 1798 5157 :equivocum
1825 5101 2001 5152 suum,
2033 5095 2089 5143 et

508 5178 932 5229 consentaneum
963 5189 1117 5230 suum
1162 5176 1547 5244 patriarcham,
1586 5185 1643 5232 et
1692 5176 1923 5233 inventis
1972 5178 2088 5250 qui-

510 5260 733 5317 busdam
772 5262 986 5319 clericis
1014 5278 1077 5319 ac
1102 5266 1385 5321 monachis
1411 5266 1666 5321 instruxit
1691 5267 1814 5325 illos
1838 5277 1901 5323 ut
1938 5270 2086 5327 dice-

512 5361 633 5407 rent
683 5367 697 5407 :
757 5354 1072 5411 Audivimus
1127 5358 1491 5427 patriarcham
1551 5374 1671 5414 cum
1733 5362 2085 5433 l’odopaguro

508 5441 768 5500 adversus
809 5448 1190 5516 imperatorem
1240 5449 1569 5518 loquentem.
1601 5460 1656 5507 et
1700 5454 1844 5509 misit
1871 5471 1966 5512 eos
2016 5458 2085 5512 ad

506 5532 890 5602 patriarcham,
917 5548 972 5591 ut
993 5548 1283 5607 arguerent
1299 5541 1467 5596 illum.
1495 5543 2079 5617 Cumqueillejuraret,

507 5620 640 5677 fecit
681 5639 777 5681 eos
814 5626 880 5682 ad
922 5630 1158 5698 pretiosa
1201 5631 1343 5700 ligna
1376 5633 1561 5702 jurare
1588 5635 1861 5695 fatentes:
1895 5641 1937 5695 Α
1987 5656 2083 5709 pa-

510 5714 745 5771 triarcha
775 5717 888 5772 haec
912 5721 1197 5778 maledicta
1223 5722 1549 5782 audivimus.
1597 5726 1743 5785 Inter
1790 5730 1906 5789 hsce
1952 5745 2085 5802 ergo

592 5837 621 5868 ⁸
646 5829 755 5900 AL,
789 5831 838 5889 Η
844 5834 1046 5890 ierim.

2194 4630 2503 4700 impietatis,
2535 4629 2897 4685 ostensionem
2946 4637 3135 4684 autem
3171 4629 3381 4683 horum
3415 4619 3629 4698 pietatis.
3653 4612 3733 4665 Hoc

2190 4730 2369 4777 autem
2397 4721 2787 4791 obstupendum
2815 4729 2871 4776 et
2897 4721 3175 4790 scriptura
3209 4722 3439 4790 dignum
3485 4706 3736 4771 miraculum

2191 4820 2313 4883 post
2332 4812 2516 4882 viginti
2544 4812 2681 4869 duos
2707 4828 2877 4869 annos
2898 4822 3021 4882 post
3050 4812 3238 4882 iniqui
3265 4808 3526 4884 principis
3544 4806 3736 4861 mortem.

2193 4918 2298 4958 una
2329 4918 2450 4957 cum
2482 4902 2739 4972 piissimis
2771 4903 3208 4973 imperatoribus
3239 4913 3299 4960 et
3321 4902 3545 4958 Tbrasio
3569 4887 3741 4951 sancti?

2191 4994 2328 5049 simo
2357 4995 2687 5064 patriarcha,
2716 5010 2815 5051 nos
2842 4995 3097 5062 vidimus,
3163 5005 3228 5052 et
3270 5012 3400 5053 cum
3429 4994 3509 5051 eis
3533 4976 3742 5057 οοωριθιί

2191 5102 2391 5152 sumus,
2423 5085 2549 5141 licet
2581 5086 2782 5154 indigni
2811 5101 3058 5154 magnam
3101 5090 3352 5159 gratiam
3413 5084 3741 5157 promerentdo

2191 5174 2363 5233 Porro
2406 5176 2615 5233 decima
2659 5185 2809 5233 sexta
2864 5176 3146 5234 Kalendas
3204 5178 3528 5237 Decembris
3553 5163 3744 5242 ejusdem

2189 5267 2390 5337 quintae
2436 5266 2763 5334 indictionis,
2795 5266 3014 5324 decreto
3043 5269 3419 5341 imperatoris
3456 5265 3748 5339 premerem

2190 5358 2406 5416 Nicetas
2423 5344 2750 5417 eunuchuse
2772 5359 2981 5416 Sclavis
3020 5370 3189 5418 ortus
3236 5361 3599 5433 irregulariter
3619 5347 3748 5425 patn-

2190 5452 2353 5508 archa
2382 5451 2947 5524 Constantinopoleos,
2979 5438 3219 5511 et.facta
3243 5467 3332 5514 est
3377 5456 3600 5513 siccitas,
3627 5448 3685 5501 ita
3707 5448 3750 5496 ιιι

2191 5559 2292 5601 nec
2328 5559 2419 5601 ros
2445 5544 2513 5601 de
2533 5546 2672 5602 caelo
2700 5545 2937 5613 caderet,
2969 5546 3316 5620 defectaque
3343 5550 3553 5621 penitus
3569 5553 3683 5611 aqua
3700 5530 3749 5588 ab

2190 5635 2344 5703 urbe,
2367 5636 2555 5693 otiosae
2592 5646 2963 5694 remanserunt
2987 5645 3102 5693 tam
3157 5642 3441 5708 cisternae,
3473 5649 3618 5708 quam
3641 5629 3752 5685 lan-

2187 5740 2303 5795 cra,
2328 5735 2388 5787 et
2399 5728 2622 5787 fontalia
2644 5729 2863 5792 ﬂuenta.
2890 5744 3013 5802 qua:
3034 5732 3209 5803 prius
3258 5733 3467 5807 jugiter
3491 5723 3753 5788 emuebant.
