3956 6342
269 344 409 404 1105

1297 337 1617 397 HISTORIA
1654 335 2019 397 MISCELLA.
2056 367 2129 383 -
2164 343 2299 400 LIB.
2341 341 2513 401 XXII.

3402 341 3544 402 “06

267 459 421 529 Quod
450 458 666 514 intuens
691 455 987 524 imperator
1004 452 1167 523 erepit
1182 465 1445 507 renovare
1461 453 1834 523 aqumductum

1948 460 2230 517 vanitatem
2260 463 2540 518 conversis
2567 461 2935 534 respondebat
2966 481 2979 519 :
3041 465 3208 532 Bene,
3263 466 3541 537 inquiens,

268 548 650 614 Valentiniani,
698 548 790 617 qui
832 561 955 601 cum
996 560 1168 615 usque
1193 544 1260 600 ad
1290 544 1596 600 Heraclium
1650 544 1848 615 perdu-

264 653 458 708 rasset,
489 644 558 698 ab
579 640 847 698 Avaribus
871 648 953 695 est
1004 638 1332 694 destructus.
1365 636 1567 692 Electis
1594 651 1748 705 ergo,
1779 652 1849 692 ex

263 737 490 794 diversis
518 735 652 791 locis
681 732 995 797 artificibus,
1027 731 1096 786 ab
1143 730 1270 786 Asia
1295 729 1513 800 quidem
1564 730 1745 799 duxit,
1792 739 1851 786 et

264 831 440 886 Ponto
490 825 848 883 aedificatores
882 824 1060 890 mille,
1102 831 1156 878 et
1196 823 1442 880 linitores
1482 823 1765 889 ducentos,
1816 837 1849 878 a

261 922 467 978 Grzrcia
485 935 614 975 vero
637 925 692 973 et
721 916 909 973 insulis
938 916 1289 972 testacearios
1308 916 1650 985 quingentos.
1679 913 1849 969 Porro

264 1028 328 1069 ex
356 1013 471 1075 ipsa
499 1010 711 1065 Thrace
733 1008 1012 1078 operarios
1032 1023 1066 1061 v
1089 1006 1257 1061 millia
1286 1007 1585 1072 hominum,
1609 1014 1664 1061 et
1692 1020 1851 1076 regu-

262 1103 342 1159 las
370 1101 629 1158 facientes
676 1100 958 1162 ducentos,
1015 1107 1071 1154 et
1100 1099 1396 1170 prmposuit
1424 1099 1504 1154 eis
1556 1099 1845 1169 principes,

262 1201 717 1262 exsecutoresque
747 1207 994 1262 operum,
1029 1206 1093 1246 ac
1118 1190 1403 1261 patricium
1449 1206 1633 1256 unum,
1660 1191 1846 1260 sicque

262 1302 431 1358 opere
458 1292 833 1342 consummato
849 1299 988 1354 aqua
1005 1284 1248 1341 introivit
1268 1284 1321 1338 in
1349 1285 1555 1339 urbem.
1581 1282 1848 1340 Caeterum

262 1379 454 1435 eadem
484 1379 592 1446 die,
651 1377 946 1433 indictione
974 1376 1184 1447 quinta,
1239 1376 1490 1447 provehit
1530 1378 1612 1431 sui
1658 1391 1851 1432 sensus

262 1479 546 1543 prretores,
575 1478 631 1525 et
678 1468 960 1538 cperarios
985 1483 1081 1523 sua
1127 1468 1365 1538 nequitia
1392 1468 1706 1537 condignas,
1750 1469 1849 1524 Mi-

260 1564 507 1626 chaelem
523 1562 723 1618 scilicet
744 1570 765 1597 α
786 1561 1117 1618 Edessenum
1133 1560 1187 1615 in
1214 1562 1452 1616 themate
1472 1558 1846 1625 Orientalium,

261 1665 318 1712 et
333 1654 650 1710 Michaelem
671 1651 1216 1709 Lachanodraconem
1241 1653 1293 1706 in
1314 1652 1579 1709 Tracesiis
1600 1671 1611 1706 :
1641 1668 1805 1723 super
1822 1651 1849 1691 δ

262 1746 627 1803 Buccellarios
665 1759 798 1801 vero
830 1744 1042 1812 Manen,
1073 1760 1104 1798 a
1154 1744 1353 1809 mania,
1387 1724 1574 1811 idoest,
1619 1745 1846 1813 insania,

1948 559 2006 606 et
2032 552 2223 618 credis,
2247 560 2304 608 et
2330 552 2470 609 bene
2505 554 2791 610 concilium
2823 563 3079 626 operatus
3128 572 3207 624 es,
3237 566 3435 629 putans
3482 571 3545 615 se

1949 642 2020 697 ob
2046 642 2151 699 hoc
2180 643 2330 698 illum
2358 644 2575 715 placare
2608 646 2731 702 sibi.
2786 646 2855 700 At
2880 647 3166 704 confestim
3196 648 3271 704 illi
3311 664 3543 720 respon-

1949 734 2138 791 dentes
2161 736 2447 792 dixerunt:
2493 736 2602 794 Nos
2638 738 2754 795 haec
2781 741 2969 796 audire
3009 741 3281 798 noluimus
3326 744 3394 798 ab
3443 758 3542 799 ore

1948 834 2044 882 tuo
2068 827 2291 897 polluto,
2324 844 2391 885 ex
2417 830 2524 887 hoc
2544 845 2676 900 ergo
2698 832 2834 887 vade
2863 833 2916 888 in
2944 835 3218 890 tenebras.
3242 835 3307 889 Et
3330 835 3541 903 sic,ac-

1949 924 2109 987 cepta
2147 922 2441 985 sententia,
2470 922 2753 978 descendit
2781 925 2847 980 ad
2902 926 3136 982 claustra
3180 926 3435 992 ferarum,
3486 933 3543 982 et

1950 1009 2248 1067 decollatus
2297 1022 2398 1080 est,
2432 1023 2490 1069 et
2517 1025 2682 1086 caput
2729 1017 2943 1086 quidem
2975 1033 3073 1089 per
3114 1034 3271 1074 aures
3310 1019 3542 1088 ligentes

1952 1100 2123 1156 tribus
2151 1102 2337 1159 diebus
2358 1104 2411 1159 in
2431 1104 2576 1162 Milio
2598 1108 3001 1178 suspenderunt
3031 1110 3096 1165 ad
3119 1111 3542 1166 ostentationem

1951 1189 2125 1260 plebis
2160 1210 2171 1245 :
2206 1208 2406 1264 corpus
2436 1212 2566 1253 vero
2610 1200 2739 1253 resti
2764 1202 2903 1271 pede
2932 1201 3100 1271 ligato
3132 1210 3416 1257 traxerunt
3445 1216 3544 1271 per

1950 1282 2159 1354 plateas
2187 1299 2359 1354 usque
2389 1286 2455 1340 ad
2486 1286 2606 1343 loca
2634 1289 2829 1358 pelagi,
2876 1299 2930 1344 et
2977 1290 3292 1347 sociandum
3332 1290 3547 1345 biotha-

1952 1375 2093 1430 natis
2111 1375 2477 1445 jactaverunt,
2510 1379 2756 1435 similiter
2807 1391 2862 1437 et
2901 1391 3066 1453 caput
3114 1383 3231 1453 ejus
3285 1391 3407 1452 post
3436 1390 3549 1438 tres

1953 1466 2069 1521 dies
2098 1466 2226 1522 illuc
2253 1468 2490 1523 delatum
2521 1471 2889 1540 projecerunt.
2920 1471 2966 1526 Ο
2996 1473 3543 1537 irrationabilitatcm,

1952 1567 2009 1614 et
2037 1559 2435 1629 crudelitatem,
2454 1572 2618 1633 atque
2642 1565 3144 1620 immisericordiam
3178 1565 3548 1621 immitissimm

1953 1648 2178 1705 bestiae!
2212 1667 2321 1707 non
2354 1660 2436 1708 est
2488 1656 2691 1711 veritus
2737 1658 2903 1712 miser
2951 1665 3196 1713 sanctum
3249 1658 3545 1715 lavacrum.

1956 1740 2101 1796 Duos
2125 1741 2270 1796 enim
2299 1741 2438 1798 filios
2465 1744 2582 1813 ejus
2604 1760 2672 1801 ex
2703 1748 2861 1802 tertia
2886 1748 3114 1818 conjuge
3167 1748 3331 1821 ipsius
3369 1751 3424 1805 in
3468 1750 3552 1806 ul-

264 1842 624 1897 nouiinatum.
656 1838 764 1894 Sed
814 1838 935 1907 quis
963 1846 1047 1894 est
1094 1838 1321 1895 idoneus
1366 1838 1436 1892 ad
1482 1839 1843 1895 enarrandum
1876 1823 1926 1885 B
1955 1846 2052 1887 uas
2094 1847 2220 1889 suas
2287 1845 2625 1906 susceperat.
2702 1838 2977 1908 Siquidem
3028 1855 3242 1912 semper
3292 1841 3551 1900 feralibus

266 1935 461 1991 horum
480 1932 744 1988 scelerata
785 1931 1022 2001 piacula,
1048 1945 1169 2000 quae
1190 1932 1386 2000 partim
1412 1930 1466 1985 in
1493 1931 1605 1986 suis
1632 1947 1663 1986 a
1693 1934 1850 1989 nobis

262 2026 701 2100 perstringuntur
732 2022 917 2079 locis?
955 2024 1146 2078 Omnia
1187 2023 1331 2077 enim
1376 2038 1562 2079 eorum
1604 2038 1769 2093 opera
1805 2024 1851 2079 si

262 2118 754 2183 conscriberentur,
774 2132 891 2187 qua:
920 2116 987 2171 ad
1009 2120 1030 2145 ο
1063 2115 1366 2171 orationem
1395 2115 1711 2186 imperantis
1725 2124 1853 2171 sunt

263 2212 475 2279 eﬂ'ecta,
510 2226 612 2267 nec
630 2212 803 2281 ipsum
828 2208 1083 2275 arbitror,
1107 2216 1169 2263 ut
1190 2210 1406 2281 proprie
1443 2223 1565 2263 cum
1615 2221 1849 2277 evange-

263 2306 387 2361 lista
415 2305 612 2374 dicam,
635 2318 831 2375 capere
857 2301 1113 2359 mundum
1163 2315 1260 2359 eos
1285 2302 1376 2373 qui
1419 2301 1685 2357 scribendi
1728 2306 1854 2356 sunt

263 2397 452 2454 libros.

331 2490 492 2545 Anno
510 2488 769 2559 vigesimo
796 2490 1030 2559 septimo
1068 2486 1277 2558 imperii
1316 2484 1677 2550 Constantini,
1708 2482 1852 2539 Con-

263 2584 535 2639 stantinus
568 2583 687 2637 falsi
727 2582 961 2637 nominis
989 2578 1298 2654 patriarcha
1340 2578 1533 2636 ductus
1570 2586 1655 2635 est
1706 2592 1851 2639 nona

260 2674 540 2747 Octobris,
570 2684 722 2733 sexta
756 2675 1046 2732 indictione
1091 2690 1121 2728 a
1165 2673 1407 2744 principe
1436 2671 1631 2737 insula,
1687 2686 1850 2742 quem

262 2778 319 2826 et
340 2769 536 2825 cecidit
561 2777 838 2840 tyrannus,
868 2766 1011 2837 quod
1035 2764 1266 2820 evadere
1294 2778 1403 2819 non
1425 2762 1653 2818 valeret.
1681 2760 1851 2818 Jussit

262 2870 447 2920 autem
477 2861 530 2917 in
552 2858 669 2916 foro
691 2860 893 2930 parari,
926 2866 982 2914 et
1024 2857 1271 2914 eumdem
1319 2857 1508 2912 sedere
1561 2856 1614 2909 in
1641 2854 1849 2923 grauia

260 2954 507 3013 ecclesia:
546 2966 770 3022 magna},
800 2959 1024 3020 eratque
1052 2966 1081 3005 a
1111 2949 1334 3006 secretis
1385 2962 1507 3004 cum
1556 2962 1624 3002 eo
1672 2946 1851 3001 ferens

260 3046 467 3102 chartae
488 3053 716 3108 tomum,
748 3043 802 3097 in
832 3056 939 3111 quo
970 3048 1127 3096 erant
1155 3038 1341 3108 scripti
1364 3037 1524 3106 hujus
1565 3050 1844 3092 excessus.

259 3137 421 3194 Omni
449 3150 579 3206 ergo
600 3135 799 3208 populo
820 3149 888 3191 ex
915 3142 1185 3204 praecepto
1208 3132 1349 3201 regis
1369 3131 1477 3186 illic
1496 3138 1846 3200 congregato,

259 3239 318 3288 et
342 3195 579 3297 vidente,
601 3195 1119 3298 .legebatur'charta
1151 3226 1204 3279 in
1235 3195 1507 3279 audientia
1540 3195 1724 3279 totiusv
1748 3195 1847 3291 po;
1875 3195 1922 3256 c

257 3324 395 3398 puli,
427 3331 485 3380 et
527 3338 625 3394 per
652 3322 861 3391 singula
891 3320 1124 3391 capitula
1164 3319 1500 3389 percutiebat
1540 3333 1573 3373 a
1624 3318 1849 3374 secretis

256 3418 456 3473 faciem
477 3414 614 3486 ejus,
639 3413 824 3470 Niceta
852 3414 1158 3485 patriarcha
1174 3412 1397 3467 sedente
1412 3412 1464 3466 in
1486 3410 1846 3479 confessione,

256 3527 323 3567 ac
350 3511 618 3565 intuente.
650 3506 780 3563 Post
806 3507 920 3562 haec
946 3521 1076 3561 vero
1123 3521 1245 3561 cum
1298 3506 1678 3576 imposuissent
1722 3520 1845 3560 eum

253 3601 311 3658 in
343 3601 655 3668 ambonem,
684 3606 740 3655 et
767 3607 914 3654 recte
941 3605 1085 3653 stare
1112 3597 1382 3663 fecissent,
1406 3598 1614 3667 accepit
1632 3596 1847 3652 Nicetas

253 3695 525 3759 chartam,
555 3701 611 3749 et
640 3693 785 3748 misit
809 3692 1099 3763 episcopis,
1129 3701 1185 3748 et
1214 3693 1397 3749 ablato
1418 3693 1844 3763 superhumerali

253 3788 398 3858 ejus,
451 3787 1044 3843 anathematizaverunt
1095 3802 1253 3853 eum,
1295 3796 1351 3842 et
1392 3785 1585 3843 huncd
1638 3789 1844 3845 socium

256 3880 428 3938 Absin
480 3879 920 3948 cognominantes
944 3918 960 3945 ,
1015 3878 1083 3933 ab
1129 3877 1360 3934 ecclesia
1385 3887 1410 3916 ο
1441 3878 1839 3935 abstraxerunt.

252 3973 484 4029 Postera
513 3988 644 4029 vero
674 3972 761 4027 die
785 3987 904 4028 cum
938 3971 1050 4027 ludi
1100 3970 1386 4028 Circenses
1414 3981 1723 4042 agerentur,
1758 3988 1845 4027 ra-

250 4073 445 4123 serunt
472 4064 664 4121 faciem
690 4064 825 4136 ejus,
859 4072 915 4119 et
946 4064 1167 4119 barbam
1195 4064 1626 4132 denudaverunt,
1651 4066 1843 4135 capitis

249 4168 311 4215 et
342 4158 750 4228 superciliorum
774 4156 895 4227 pilis
923 4154 1136 4223 ablatis,
1162 4163 1219 4211 et
1242 4154 1486 4211 indutum
1518 4156 1660 4211 hunc
1684 4157 1842 4211 laneo

247 4252 428 4316 brevi,
454 4265 519 4306 ac
547 4251 663 4305 sine
705 4249 931 4305 manicis
971 4249 1318 4313 vestimento,
1363 4248 1553 4303 sedere
1602 4247 1842 4303 fecerunt

246 4359 422 4416 super
448 4344 656 4398 asinum
677 4357 861 4413 sagma
902 4341 1188 4407 ferentem,
1229 4347 1283 4395 et
1304 4340 1470 4410 ipsius
1497 4347 1684 4395 tenere
1711 4354 1840 4395 cau-

243 4436 401 4501 dam,
427 4444 481 4490 et
522 4433 792 4489 duxerunt
844 4449 940 4504 per
991 4433 1241 4506 Dippium
1285 4434 1338 4487 in
1388 4432 1835 4503 Hippodromum,

243 4535 452 4584 cuncto
476 4526 676 4599 popqu
722 4527 1051 4597 imprecante
1076 4526 1153 4580 illi
1179 4525 1338 4591 mala,
1397 4534 1452 4581 et
1478 4535 1834 4597 conspuente.
1864 4564 1916 4624 υ

245 4620 525 4678 Trahebat
572 4630 752 4674 autem
794 4619 1001 4673 asinum
1055 4618 1442 4673 Constantinus
1497 4634 1665 4688 nepos
1722 4619 1838 4688 ejus

240 4728 385 4771 naso
414 4714 611 4778 reciso,
660 4726 892 4781 cumque
940 4711 1173 4766 venisset
1201 4710 1268 4764 ad
1312 4709 1504 4779 vulgus
1546 4710 1840 4765 descende-

239 4816 401 4871 runt,
433 4817 487 4861 et
517 4812 906 4876 conspuerunt,
934 4812 987 4858 et
1014 4803 1289 4874 pulverem
1310 4801 1659 4873 proiecerunt
1680 4816 1843 4871 super

238 4901 427 4958 illum.
461 4898 528 4953 Et
555 4914 677 4955 cum
707 4896 1057 4953 adduxissent
1085 4910 1207 4951 eum
1236 4894 1302 4949 ad
1326 4895 1726 4960 consistorium,
1746 4893 1841 4949 de-

233 4992 498 5063 jecerunt
518 5005 642 5047 eum
671 4990 741 5044 de
770 4990 944 5057 asino,
988 5000 1043 5043 et
1067 4988 1415 5045 calcaverunt
1444 5001 1609 5057 super
1636 4986 1838 5042 collum

239 5085 391 5155 ejus,
422 5092 475 5137 et
524 5082 824 5138 collocatus
852 5087 1041 5135 contra
1083 5079 1277 5147 vulgus
1323 5068 1578 5132 audiebat
1614 5076 1682 5131 ab
1734 5076 1839 5131 illis

234 5177 461 5235 ludicra
483 5172 647 5230 verba
677 5187 846 5244 usque
866 5171 932 5226 ad
964 5170 1355 5226 absolutionem
1387 5169 1632 5224 ludorum
1675 5181 1840 5236 eque-

232 5271 464 5330 atrium.
491 5268 697 5324 Eodem
726 5280 943 5336 quoque
983 5278 1188 5327 mense,
1222 5263 1401 5319 missis
1442 5261 1639 5329 impius
1670 5262 1839 5330 impe-

231 5373 405 5425 rator
433 5364 677 5437 patriciis
696 5360 959 5432 signiﬁcat
980 5359 1030 5414 ei
1051 5358 1237 5414 dicens
1271 5374 1285 5409 :
1319 5354 1457 5423 Quid
1482 5354 1616 5410 dicis
1636 5353 1704 5409 de
1734 5352 1839 5409 fide

231 5463 460 5522 nostra,
488 5460 545 5509 et
571 5451 824 5518 concilio,
850 5447 996 5522 quod
1046 5447 1270 5504 fecimus
1298 5446 1322 5499 ?
1346 5444 1446 5513 Qui
1494 5444 1742 5501 sensibus
1768 5441 1838 5498 ad

326 5646 355 5676 ει
386 5633 497 5697 AL,
514 5632 872 5697 Melissenum,
901 5630 1155 5703 στατηγὸν
1175 5635 1274 5686 τῶν
1296 5625 1616 5685 ἀνατολικῶν.

324 5712 356 5755 b
385 5708 469 5778 Et;
492 5706 548 5761 τὸ
571 5704 939 5778 βουξελλαριον.

330 5791 353 5818 ο
383 5776 497 5842 AL,
527 5774 864 5830 curationem.

332 5846 358 5887 ἀ
387 5845 691 5915 Scotiopsit.

1952 1926 2195 1982 moribus
2250 1937 2306 1983 et
2332 1929 2723 1988 immansuetus
2752 1940 2872 1990 esse
2910 1933 3262 2004 probabatur.
3314 1935 3395 1989 Ab
3443 1934 3551 1990 hoc

1954 2026 2132 2073 autem
2162 2035 2306 2075 anno
2334 2021 2582 2091 ampliori
2604 2033 2685 2079 est
2716 2025 2921 2080 insania
2944 2041 3087 2092 usus,
3110 2026 3329 2080 mittens
3350 2025 3551 2096 quippe

1954 2111 2203 2183 deposuit
2227 2112 2443 2168 Petrum
2474 2115 2711 2172 nobilem
2743 2117 2949 2172 stilicen
3001 2132 3033 2171 a
3083 2117 3275 2185 Metra,
3328 2131 3491 2185 quem
3524 2114 3545 2153 ί

1953 2207 2128 2260 virum
2161 2222 2285 2261 cum
2337 2207 2451 2262 suis
2498 2207 2767 2277 dogmatis
2794 2209 2988 2265 cedere
3028 2210 3318 2277 renuisset,
3371 2207 3546 2277 ligatis

1954 2298 2185 2371 pedibus
2210 2298 2327 2367 ejus
2354 2299 2407 2354 in
2439 2300 2754 2371 prmdictum
2789 2310 2813 2348 Β
2856 2301 3042 2371 palatii
3100 2303 3277 2356 locum
3310 2300 3544 2368 inclusit,

1955 2399 2011 2447 et
2042 2393 2183 2447 hunc
2210 2400 2439 2447 tractum
2481 2407 2699 2463 quoque
2754 2409 2851 2463 per
2891 2396 3103 2465 plateas
3133 2394 3325 2466 projici
3363 2394 3544 2465 jussit,

1955 2487 2093 2544 alios
2122 2487 2285 2543 etiam
2319 2488 2373 2542 in
2430 2489 2604 2545 saccis
2634 2489 2899 2558 vinciens,
2954 2497 3009 2546 et
3057 2489 3323 2560 lapidibus
3354 2502 3547 2558 aggra-

1952 2596 2107 2645 vans,
2140 2596 2339 2636 eruens
2365 2581 2551 2637 oculos
2582 2582 2634 2636 in
2663 2582 2886 2651 pelagus
2933 2583 3126 2651 jactari
3175 2580 3543 2652 praecipiebat,

1955 2690 2115 2731 nares
2138 2673 2478 2739 abscindens,
2504 2674 2729 2742 ﬂagellis
2748 2675 3053 2742 excorians,
3082 2683 3136 2729 et
3168 2690 3385 2730 omnem
3436 2683 3549 2729 tor-

1953 2770 2122 2826 menti
2144 2770 2379 2840 speciem
2411 2769 2669 2824 adversus
2696 2783 2812 2831 eos,
2845 2769 2937 2838 qui
2969 2768 3055 2838 pie
3082 2768 3360 2832 vivebant,
3383 2782 3545 2824 exco-

1952 2864 2148 2932 gitans,
2173 2870 2227 2916 et
2251 2862 2303 2917 in
2328 2861 2461 2916 urbe
2486 2860 2704 2929 quidem
2730 2876 2829 2931 per
2869 2861 3107 2931 seipsum
3154 2861 3288 2927 haec,
3336 2869 3392 2913 et
3418 2874 3549 2915 con-

1953 2964 2246 3013 sentaneos
2273 2970 2426 3023 suos,
2458 2954 2754 3009 Antonium
2797 2954 3102 3025 patricium,
3158 2961 3214 3009 et
3234 2951 3544 3009 scholarum

1952 3046 2311 3103 domesticum
2342 3060 2405 3101 ac
2434 3044 2652 3101 Petrum
2710 3046 3021 3115 magistrum
3071 3059 3233 3114 super
3287 3043 3545 3114 populum

1955 3139 2287 3209 singulorum
2320 3139 2591 3204 ordinum,
2616 3139 2707 3208 qui
2739 3153 2769 3193 a
2798 3152 2857 3194 se
2884 3136 3061 3193 fuerat
3086 3136 3327 3193 eruditus
3356 3135 3423 3191 ad
3465 3144 3548 3191 ta-

1950 3234 2043 3299 lia,
2067 3234 2279 3302 agebat,
2312 3233 2366 3288 in
2414 3234 2616 3288 exteris
2662 3246 2789 3286 vero
2821 3232 3060 3302 partibus
3088 3246 3186 3301 per
3234 3230 3344 3299 jam
3374 3230 3547 3286 dictos

1950 3336 2230 3395 pra'tores.
2266 3325 2379 3395 Ipse
2408 3339 2645 3394 namque
2687 3324 2909 3380 citharte
2939 3323 3311 3379 delectabatur
3340 3322 3544 3388 sonitu,

1951 3424 2117 3486 atque
2148 3417 2437 3483 conviviis,
2475 3417 2721 3485 turpibus
2754 3415 3097 3472 sermonibus
3128 3423 3186 3470 et
3235 3414 3573 3469 saltationi-.

1949 3508 2051 3563 bus
2072 3523 2166 3564 eos
2191 3509 2283 3578 qui
2314 3508 2415 3563 sibi
2437 3508 2787 3563 adhzerebant
2817 3508 3154 3563 incessanter
3184 3505 3457 3572 erudiens,
3487 3511 3546 3560 et

1948 3599 2027 3655 sic
2050 3599 2138 3653 ubi
2166 3600 2453 3669 quisquam
2477 3614 2760 3665 corruens,
2783 3598 2870 3652 vel
2898 3598 3108 3664 dolens,
3142 3597 3355 3653 solitam
3385 3597 3544 3652 Chri-

1948 3692 2244 3747 stianorum
2272 3707 2461 3747 vocem
2510 3692 2784 3746 emitteret
2835 3690 3020 3745 dicens
3061 3708 3074 3745 :
3128 3690 3222 3745 Dei
3273 3689 3541 3755 Genitrix,

1942 3784 2095 3855 juva,
2124 3792 2216 3840 aut
2246 3785 2453 3854 vigilias
2500 3798 2665 3854 agens
2687 3784 3203 3856 deprehenderetur,
3240 3792 3333 3840 aut
3366 3786 3542 3841 eccle-

1946 3879 2040 3934 siis
2068 3886 2336 3947 assuetus,
2360 3888 2454 3935 aut
2480 3896 2600 3935 cum
2625 3880 2885 3949 religione
2913 3880 3119 3943 vivens,
3154 3888 3246 3933 aut
3273 3896 3379 3935 non
3410 3895 3541 3950 pas-

1945 3971 2045 4026 sim
2096 3971 2418 4040 juramentis
2464 3974 2728 4038 abutens,
2786 3980 2846 4026 ut
2898 3971 3145 4026 inimicus
3197 3971 3538 4040 imperatoris

1944 4063 2331 4130 damnabatur,
2362 4072 2418 4117 et
2444 4062 2891 4118 immemorabilis
2922 4060 3323 4116 nominabatur.
3351 4059 3537 4117 Mona=

1943 4153 2108 4209 steria
2140 4160 2289 4219 vero,
2324 4169 2444 4224 qua:
2490 4155 2543 4208 in
2574 4154 2799 4225 gloriam
2837 4153 2929 4208 Dei
2958 4161 3014 4209 et
3039 4152 3423 4208 salvaudorum
3450 4167 3538 4209 re-

1942 4244 2144 4315 fugium
2168 4244 2358 4301 ellecta
2390 4253 2536 4310 sunt,
2582 4246 2772 4301 domos
2802 4244 2920 4300 fore
2949 4260 3265 4301 communes
3312 4244 3539 4301 fautori-

1943 4336 2044 4391 bus
2069 4338 2181 4392 suis
2207 4337 2472 4392 militibus
2498 4337 2795 4394 sanciebat.
2820 4337 3063 4406 Denique
3088 4336 3331 4391 Dalmatii
3352 4352 3539 4393 emno—

1941 4428 2112 4495 bium,
2167 4427 2313 4497 quod
2369 4429 2511 4483 inter
2554 4429 2758 4499 optima
2802 4428 3043 4501 Byzantii
3093 4437 3209 4483 erat
3262 4428 3535 4498 emnobia,

1943 4520 2200 4576 militibus
2228 4520 2282 4574 in
2312 4520 2677 4576 habitaculum
2707 4522 2912 4577 tribuit.
2943 4523 3014 4576 Ea
3046 4537 3173 4577 vero
3201 4512 3321 4595 qua:
3343 4522 3536 4579 dicun-

1945 4620 2032 4665 tur
2058 4610 2357 4678 Calistrati,
2382 4619 2436 4667 et
2468 4612 2569 4678 Dii,
2601 4628 2665 4668 ac
2693 4613 2929 4682 Maximi,
2962 4614 3014 4668 in
3038 4616 3385 4681 monasteria,
3436 4629 3537 4671 nec

1944 4720 2051 4759 non
2082 4714 2137 4759 et
2167 4705 2300 4760 alias
2328 4720 2513 4760 sacras
2536 4708 2947 4773 monachorum,
2965 4722 3029 4764 ac
3060 4710 3320 4779 virginum
3343 4710 3535 4766 domos

1941 4811 1975 4852 a
2008 4796 2372 4852 fundamentis
2401 4796 2685 4852 destruxit.
2715 4797 2823 4855 Eos
2848 4807 3030 4854 autem
3055 4801 3147 4869 qui
3178 4800 3532 4855 monasticam

1940 4888 2106 4942 vitam
2134 4887 2315 4943 subire
2345 4903 2413 4943 ex
2439 4889 2736 4955 insignibus
2760 4886 2787 4926 ιι
2811 4889 3070 4945 militibus
3098 4891 3444 4959 studuerant,
3475 4898 3533 4946 et

1940 4980 2175 5035 maxime
2223 4979 2345 5035 illos
2396 4980 2488 5050 qui
2538 4981 2638 5036 sibi
2689 4980 3070 5047 adhaeserant,
3122 4988 3181 5035 et
3234 4980 3529 5051 complices

1941 5070 2176 5125 libidinis
2200 5085 2310 5125 sum
2354 5080 2409 5126 et
2435 5070 2787 5125 nefandorum
2835 5078 3049 5128 actuum
3083 5072 3312 5139 fuerant,
3366 5074 3531 5129 morti

1939 5161 2222 5225 subdebat,
2247 5164 2519 5231 suspectui
2552 5162 2758 5216 habens
2788 5162 3187 5227 confusionem,
3247 5177 3367 5232 quae
3419 5164 3525 5220 sibi

1939 5266 2006 5307 ex
2037 5252 2500 5322 propalationibus
2529 5250 2681 5307 ﬁeret
2718 5268 2779 5307 se
2831 5254 3315 5323 pronuntiantium.
3373 5255 3527 5312 Unde

1939 5352 1996 5399 et
2020 5344 2316 5400 Strateium
2342 5342 2683 5413 PodOpaguri
2740 5342 2981 5407 fratrem,
3024 5359 3145 5399 cum
3174 5352 3321 5401 esset
3362 5345 3525 5401 urba-

1937 5456 2039 5497 nus
2060 5441 2262 5512 specie,
2279 5439 2587 5509 assumpsit.
2612 5437 2844 5494 Amabat
2861 5439 3008 5496 enim
3032 5439 3230 5498 talibus
3248 5440 3523 5499 adherere

2013 5632 2036 5730 ita
2064 5621 2451 5747 ἒξειᾞέεζέηε
2467 5618 2787 5690 gradientem
2806 5627 3111 5679 retrorsum.

2134 5731 2173 5759 ,,
2384 5730 2399 5745 .

2009 5771 2036 5833 β
2072 5762 2184 5833 AL,
2215 5759 2432 5833 palagu'.

2011 5830 2038 5871 ¹ι
2066 5830 2176 5902 AL,
2200 5830 2418 5892 mum:
2437 5832 2714 5889 senatorib.
2744 5848 2792 5890 ο.
