3956 6342
556 332 686 392 ll07

1396 328 1595 387 PAULI
1631 320 1901 385 DIACONI
1938 322 2087 381 ore.
2127 306 2305 377 PARS
2343 320 2382 377 ι.
2423 306 2491 364 εὲι
2528 312 2906 377 HISTORICA,

3572 336 3671 399 Ili)!

476 430 481 431 ί
547 458 766 520 propter
786 445 1021 502 luxurias
1050 454 1191 500 suas.
1232 434 1479 512 Cumque
1503 434 1728 498 moleste
1772 453 1891 497 eum
1917 439 2115 495 sensls-
2144 422 2197 494 Α
2226 430 2417 489 Eirene
2438 428 2595 500 ﬁliuS,
2621 430 2747 487 dum
2774 430 2949 487 adhuc
3000 436 3198 489 Vivere!
3221 435 3544 501 Comuntinus
3576 464 3669 512 avus

546 547 631 595 set
660 536 855 593 tulisse‘
875 532 1121 591 infandas
1150 536 1205 590 in
1234 534 1380 589 viros
1410 534 1645 589 insanias
1672 544 1817 599 suas,
1873 540 1929 587 et
1959 526 2120 589 beato

545 628 820 701 Stephano
851 628 1053 684 incluso
1075 628 1243 684 sancti
1270 626 1522 703 Auxentii
1550 626 1647 682 bas
1673 627 1984 682 manifestas
1999 626 2121 681 red-

549 728 766 792 didisse,
791 724 1084 793 salutisque
1132 712 1370 777 remedia
1412 722 1734 791 suscepisse,
1773 719 1915 776 hunc
1965 721 2121 789 quasi

544 818 910 877 insidiatorem
936 829 1093 872 suum
1120 812 1402 870 dilfamans
1452 827 1555 867 una
1607 827 1729 868 cum
1786 810 2011 877 incluso,
2064 822 2121 867 ut

542 910 860 983 praedictum
886 915 989 978 est,
1014 906 1296 961 interfecit.
1321 904 1468 960 Fecit
1497 912 1673 958 autem
1697 902 1967 957 abundare
1991 913 2014 941 ο
2033 918 2122 958 or-

542 1011 703 1059 natas
724 1002 927 1074 species
956 1001 1009 1055 in
1041 999 1190 1055 urbe.
1216 997 1395 1053 Novus
1416 999 1558 1051 enim
1587 994 1753 1051 Midas
1776 996 1967 1061 factus,
2018 1010 2115 1049 au-

542 1111 661 1150 rum
692 1090 1049 1157 coacervavit,
1082 1097 1136 1145 et
1164 1089 1427 1159 agricolas
1466 1089 1774 1155 denudavit,
1824 1095 1879 1141 et
1906 1086 1974 1142 ob
2022 1087 2119 1142 tri-

538 1183 795 1239 buturum
819 1181 1153 1237 exactionem
1185 1181 1515 1249 cogebantur
1546 1179 1790 1232 homines
1812 1178 1987 1246 largas
2018 1176 2114 1233 Dei

542 1274 871 1342 geniminum
927 1271 1319 1326 munificentias
1373 1268 1512 1324 facili
1563 1286 1657 1325 seu
1693 1269 1779 1322 vili
1813 1270 1987 1339 pretio
2018 1283 2118 1325 ve-

542 1362 805 1419 nundare.
842 1363 1151 1432 Eodemque
1172 1379 1314 1417 anno
1341 1361 1554 1417 Nicetas
1586 1360 1701 1416 falsi
1741 1363 1973 1417 nominis
2025 1377 2119 1433 pa-

542 1458 773 1511 triarcha
807 1457 991 1511 iconas
1020 1456 1048 1497 b
1079 1471 1142 1510 ex
1168 1455 1376 1509 musivo
1407 1453 1591 1519 factas,
1640 1464 1759 1523 quze
1804 1455 1856 1507 in
1888 1454 2118 1523 patriar-

541 1550 665 1605 chio
693 1552 881 1603 serruti
916 1548 1137 1603 minoris
1166 1556 1335 1613 erant,
1362 1549 1544 1614 erasit,
1578 1557 1630 1601 et
1656 1548 1915 1615 imagines
1940 1549 2117 1617 magni

539 1640 755 1706 secreti,
783 1656 903 1710 qua:
934 1640 1155 1709 sculpta:
1183 1649 1335 1694 erant
1359 1641 1410 1693 in
1444 1639 1607 1709 ligno,
1638 1639 1901 1709 deposuit,
1932 1650 1983 1695 et
2009 1655 2118 1695 ca:-

540 1744 773 1788 tcrarum
807 1732 1093 1799 imaginum
1126 1733 1289 1787 facies
1313 1718 1572 1796 delinivit,
1596 1731 1759 1786 sedet
1789 1733 1841 1786 in
1861 1724 2114 1787 Ahramio

2224 526 2357 593 ejus.
2374 522 2527 580 Anno
2547 525 2817 595 trigesimo
2831 524 3004 594 primo
3030 525 3226 596 imperii
3248 527 3530 591 Constantini
3554 545 3674 599 movit

2223 619 2514 674 eset-citum
2534 618 2769 675 Banacas
2798 624 2987 673 contra
3013 619 3388 687 Romaniam,et
3403 640 3503 682 cum
3519 631 3674 690 descen-

2223 706 2391 764 disset
2405 708 2471 763 ab
2494 710 2691 765 Isauria
2706 710 2759 763 in
2781 706 3015 764 castrum
3032 709 3221 778 Scices,
3244 712 3428 769 obsedit
3440 716 3557 776 illud.
3570 724 3679 790 Quod

2224 812 2344 857 cum
2375 802 2665 871 imperator
2687 803 2939 868 audisset,
2965 801 3175 871 scripsit
3201 805 3262 859 ad
3290 802 3551 866 Michaelem
3582 832 3675 885 prte-

2224 907 2396 954 torem
2424 894 2792 957 Orientalium,
2826 901 2881 949 et
2910 895 2974 949 ad
2996 894 3184 950 Manen
3218 897 3245 936 ἀ
3270 897 3609 972 Buccellarium,
3640 918 3677 966 et

2224 988 2430 1045 Bardan
2456 987 2892 1043 Armeniacorum
2923 992 3197 1055 pmtores,
3229 989 3311 1056 qui
3339 1002 3443 1044 cum
3464 997 3681 1065 venissent,

2224 1090 2509 1137 tenuerunt
2538 1092 2807 1148 egressum
2831 1090 3039 1143 eorum,
3071 1077 3192 1147 quia
3217 1087 3327 1132 erat
3344 1081 3550 1136 clausura
3577 1086 3682 1141 Valde

2223 1166 2453 1226 difficilis
2478 1169 2542 1223 ad
2572 1168 2879 1223 meandum.
2934 1166 3117 1221 Stolus
3170 1174 3336 1222 autem
3382 1169 3681 1228 Cibioretarum

2222 1278 2287 1318 cu
2297 1280 2343 1315 m
2376 1260 2625 1316 Prmcona
2649 1259 2886 1329 spatario
2907 1266 3137 1329 praetore
3160 1273 3254 1315 suo
3272 1262 3484 1327 veniens,
3503 1264 3688 1331 applicuit

2222 1354 2276 1410 in
2298 1364 2456 1426 portu
2480 1353 2717 1424 prmtlictl
2750 1354 2931 1407 castri.
2955 1351 3111 1417 Quod
3140 1362 3257 1405 cum
3288 1351 3497 1407 Banacas
3529 1355 3685 1410 vidisset

2223 1450 2303 1507 sui
2356 1446 2689 1517 desperatus,
2734 1444 2983 1499 fiduciam
3032 1452 3214 1498 rursus
3265 1445 3484 1509 assumit,
3522 1460 3688 1514 suosque

2223 1538 2424 1593 alacres
2446 1535 2639 1600 reddit,
2672 1542 2727 1589 et
2758 1535 3059 1588 ascendens
3106 1533 3170 1586 ad
3198 1534 3450 1602 pedestres
3494 1536 3689 1590 exercitus

2221 1630 2429 1699 magnis
2449 1638 2505 1684 et
2526 1627 2821 1699 repentinis
2867 1626 3091 1680 vocibus
3109 1635 3227 1679 cum
3255 1624 3480 1680 omnibus
3502 1626 3590 1680 suis
3618 1628 3692 1680 cla-

2220 1734 2425 1776 morem
2450 1720 2616 1786 dedit,
2645 1720 2829 1787 sicque
2875 1716 2998 1771 lllos
3049 1716 3264 1771 territos
3304 1716 3452 1785 fugat,
3480 1716 3691 1785 multisque

538 1826 787 1879 similiter
817 1823 963 1880 fecit.
989 1818 1140 1879 Anno
1172 1825 1429 1893 vigesimo
1461 1833 1652 1879 octavo
1677 1824 1990 1893 imperii‘sui
2020 1839 2116 1879 co-
2147 1810 2196 1872 B
2221 1815 2512 1885 peremptis
2541 1815 2879 1883 deprzndatus
2916 1823 2999 1867 est
3023 1813 3200 1867 omnia
3231 1814 3364 1867 circa
3390 1814 3629 1881 regionem,
3657 1822 3694 1869 et

537 1917 752 1972 ronarit
802 1918 1093 1986 imperator
1133 1916 1428 1969 Eudoxiam
1484 1931 1706 1970 uxorem
1757 1920 1941 1982 suam,
1993 1933 2114 1971 cum

540 2019 683 2089 esset
714 2011 988 2080 trigamus,
1012 2020 1067 2065 et
1088 2013 1202 2065 haec
1225 2021 1365 2065 esset
1393 2009 1550 2063 tertia
1580 2012 1776 2077 conjux
1798 2053 1812 2078 ,
1846 2011 1895 2063 in
1943 2011 2116 2065 tribu-

539 2102 646 2156 nali
681 2102 868 2157 decem
897 2111 951 2157 et
979 2117 1167 2157 novem
1194 2104 1557 2158 accuiiituum.
1602 2102 1718 2155 Kal.
1753 2101 1921 2170 April.
1977 2102 2115 2155 filios

538 2211 665 2251 suos
688 2212 754 2250 ex
778 2196 888 2267 ipsa
907 2203 1137 2263 creatos,
1156 2197 1603 2263 Cirrietophorum
1634 2198 1858 2259 scilicet,
1884 2205 1937 2251 et
1955 2196 2113 2251 Nice-

542 2286 767 2355 phorum
824 2293 1036 2356 postera
1085 2285 1190 2349 die,
1222 2303 1325 2358 qua
1384 2295 1625 2339 sanctum
1658 2283 1987 2339 celebratum
2034 2296 2116 2340 est

536 2378 761 2443 Pascha,
798 2381 1039 2434 Caesares
1067 2381 1353 2444 ordinavit,
1383 2379 1683 2448 patriarcha
1716 2381 2013 2433 orationem
2039 2379 2114 2433 fa-

535 2472 734 2535 ciente,
793 2479 848 2524 et
898 2470 1311 2540 imperatoribus
1353 2470 1664 2539 chlamydes
1718 2476 1772 2523 et
1826 2470 2115 2525 Ctesaricas

535 2561 935 2633 imponentibus
957 2562 1152 2629 galeas.
1190 2560 1307 2615 Pari
1340 2560 1499 2615 modo
1528 2560 1795 2615 etNicette
1820 2560 2112 2615 novissimo

534 2655 690 2709 fratri
720 2669 908 2710 eorum
938 2642 1271 2708 nobilissimo
1302 2653 1468 2719 facto,
1493 2652 1837 2722 superposuit
1863 2652 1912 2705 ei
1957 2650 2112 2704 chla-

533 2746 769 2819 mydem,
804 2753 860 2801 et
906 2759 1122 2800 auream
1180 2758 1458 2809 coronam,
1517 2751 1570 2796 et
1616 2743 1689 2797 ita
1740 2748 2117 2812 processerunt

530 2836 862 2909 iactantibus
882 2838 1299 2909 imperatoribus
1321 2837 1613 2910 hypatiam,
1664 2844 1718 2889 et
1766 2836 2013 2902 trimisia,
2060 2844 2115 2891 et

535 2933 785 2999 aemisia,
815 2938 870 2987 et
891 2932 1211 2987 numismata
1232 2945 1393 2995 nova,
1425 2945 1595 2998 usque
1616 2928 1682 2982 ad
1714 2943 1960 2996 magnam
2016 2942 2112 2983 ec-

534 3022 956 3080 clesiam.Auno
998 3023 1258 3092 vigesimo
1313 3036 1459 3077 nono
1516 3021 1722 3090 imperii
1750 3019 2110 3085 Constantini,

532 3114 775 3183 ingressa
803 3122 887 3168 est
910 3114 1104 3168 Eirene
1135 3113 1201 3167 ab
1240 3113 1462 3167 Athenis
1494 3112 1715 3168 veniens
1746 3126 1864 3166 cum
1898 3112 2114 3165 dromo-

2219 1920 2340 1961 cum
2372 1904 2558 1973 Spoliis
2599 1903 2782 1956 multis
2835 1916 3086 1958 reversus
3140 1910 3241 1957 est.
3294 1903 3560 1973 Eodemque
3599 1917 3693 1955 anno

2218 1997 2383 2049 misso
2410 2002 2639 2063 praetore
2678 1993 3097 2047 Thracesiorum
3148 1991 3549 2057 Lachanodracu,
3572 1989 3696 2045 Leone

2218 2087 2432 2141 notario
2452 2083 2568 2151 sub,
2598 2090 2652 2139 et
2673 2083 2852 2139 Leone
2877 2085 3236 2149 exmouacho,
3254 2083 3557 2137 venundabat
3573 2082 3695 2135 omnia

2217 2179 2545 2232 monasteria
2599 2178 2834 2231 virorum
2882 2188 2946 2230 ac.
2996 2175 3304 2235 mulierum,
3352 2181 3404 2229 et
3444 2174 3591 2229 omnia
3613 2185 3697 2224 vasa

2217 2278 2448 2335 sacrata,
2479 2278 2531 2324 et
2560 2269 2746 2333 libros,
2779 2275 2833 2322 et
2855 2280 3071 2338 pecora,
3113 2277 3169 2322 et
3196 2282 3412 2337 quaeque
3432 2265 3696 2335 patrimonio-

2218 2376 2337 2415 rum
2364 2375 2550 2413 eorum
2577 2366 2751 2421 erant,
2786 2366 2838 2411 et
2862 2358 3053 2411 horum
3085 2358 3255 2427 pretia
3285 2356 3491 2426 principi
3526 2354 3694 2409 detulit:

2218 2456 2487 2520 quotquot
2516 2458 2696 2502 autem
2727 2449 3073 2503 monachieos
3100 2457 3157 2502 et
3183 2457 3426 2517 paternos
3445 2448 3580 2500 libros
3597 2457 3701 2511 repe-

2217 2542 2305 2608 rit,
2333 2542 2454 2609 igne
2483 2540 2795 2605 combussit,
2843 2548 2899 2593 et
2925 2540 3096 2594 sicubi
3131 2539 3386 2607 lipsanum
3420 2536 3569 2593 sancti
3604 2534 3701 2604 quis-

2218 2648 2379 2705 quam
2436 2634 2640 2687 habens
2665 2631 3001 2701 apparuisset
3028 2631 3096 2685 ad
3118 2631 3429 2691 custodiam,
3453 2640 3499 2682 et
3520 2629 3601 2681 hoc
3620 2638 3703 2691 quo-

2218 2737 2324 2794 que
2350 2722 2697 2777 nihilominus
2722 2720 2830 2787 igni
2859 2719 3109 2774 tradebat
3144 2738 3155 2772 :
3185 2733 3305 2773 eum
3333 2731 3453 2771 vero
3491 2714 3567 2784 qui
3588 2713 3702 2766 habe-

2217 2815 2311 2870 bat
2352 2813 2501 2877 illud,
2555 2822 2615 2867 ut
2661 2811 2826 2881 impie
2875 2818 3129 2878 agentem
3182 2808 3445 2878 puniebat,
3494 2813 3540 2859 et
3570 2804 3705 2855 inuitos

2218 2906 2438 2977 quidem
2470 2905 2864 2959 monachorum
2886 2901 3163 2957 interfecit
3184 2899 3500 2964 verberibus,
3514 2892 3703 2965 quosdam

2218 3000 2380 3055 etiam
2426 2998 2617 3068 gladiis
2676 2996 2976 3051 trucidavit.
3050 2993 3322 3049 Praeterea
3386 2984 3708 3046 innumerabiles

2218 3091 2500 3145 oculorum
2557 3088 2756 3142 visibus
2782 3085 3030 3155 privavit,
3089 3094 3147 3140 et
3199 3082 3531 3153 quorumdam
3553 3074 3705 3146 quidm

536 3170 719 3269 nibus,
754 3213 809 3259 et
830 3198 1124 3258 chelandiis
1170 3204 1435 3272 plurimis,
1485 3200 1758 3256 adornatis
1786 3202 1972 3256 sericis
2001 3199 2114 3270 pal-

2218 3184 2409 3238 barbas
2434 3195 2558 3236 cera
2588 3190 2645 3235 et
2685 3180 2808 3235 oleo
2838 3192 3148 3248 perungens
3189 3174 3533 3233 suceendebat
3569 3170 3706 3238 ignem,

534 3292 645 3360 liis,
675 3302 730 3347 et
758 3295 1075 3363 proceribus
1108 3294 1254 3348 urbis
1301 3308 1419 3347 cum
1451 3294 1708 3347 uxoribus
1752 3294 1963 3346 obviam
2020 3306 2113 3346 oc-

536 3385 900 3452 currentibus,
931 3394 986 3440 et
1016 3384 1437 3454 praecedentibus
1454 3400 1591 3440 eam.
1615 3383 1856 3453 Cumque
1881 3385 2114 3438 venisset

538 3480 845 3551 patriarcha
876 3480 942 3535 ad
966 3480 1223 3549 palatium
1254 3479 1306 3533 in
1326 3479 1602 3533 ecclesiam
1636 3478 1814 3539 Phari,
1836 3478 1973 3531 facta
1993 3485 2115 3531 sunt

542 3573 610 3631 ad
639 3574 884 3629 eamdem
934 3571 1181 3629 Eirenem
1236 3571 1501 3642 sponsalia
1532 3569 1725 3627 Leonis
1754 3570 2111 3640 imperatoris,

543 3672 599 3720 et
626 3664 833 3720 decima
857 3673 1005 3720 sexta
1037 3663 1150 3718 Kal.
1193 3663 1309 3718 Jan.
1344 3672 1600 3717 coronata
1651 3670 1732 3717 est
1780 3662 1832 3715 in
1884 3661 2115 3716 triclinio

543 3755 783 3825 Augusta
807 3757 1118 3825 imperatrix
1151 3757 1362 3809 Eirene.
1412 3753 1522 3807 Hoc
1573 3754 1732 3808 etiam
1784 3767 1923 3807 anno
1974 3752 2113 3807 facta

545 3858 627 3904 est
656 3851 1007 3905 commutatio
1055 3850 1107 3904 in
1148 3850 1301 3922 Syria
1355 3848 1457 3903 viri
1488 3848 1552 3902 ad
1582 3848 1773 3909 virum,
1817 3853 1874 3900 et
1904 3845 2112 3899 feminae

542 3945 608 3998 ad
640 3942 911 4007 feminam,
940 3950 993 3997 et
1017 3941 1164 4012 pueri
1195 3942 1259 3995 ad
1290 3956 1535 4011 puermn,
1568 3950 1621 3993 et
1666 3938 1920 4008 praecepit
1970 3936 2113 3989 Hab-

542 4033 713 4088 dallas
752 4033 866 4089 radi
897 4034 1092 4089 barbas
1121 4047 1324 4097 eorum,
1358 4040 1413 4086 et
1459 4031 1571 4085 fieri
1602 4041 1623 4068 ο
1656 4029 1993 4085 calamaucos
2021 4041 2115 4080 cu-

538 4124 638 4179 biti
666 4125 840 4190 unius,
861 4133 915 4180 et
942 4125 1125 4180 semis.
1152 4124 1306 4179 Anno
1318 4123 1595 4192 trigesimo
1618 4121 1827 4191 imperii
1846 4119 2111 4174 Constan-

540 4216 639 4271 tini
662 4217 826 4273 movit
855 4219 1149 4273 exercitum
1179 4217 1417 4273 Banacas
1456 4225 1644 4273 contra
1691 4216 2029 4279 Romaniam,
2062 4224 2117 4269 et

542 4309 742 4365 multos
764 4311 1006 4379 captivos
1035 4309 1277 4378 abduxit,
1295 4318 1347 4363 et
1369 4308 1597 4364 Romani
1621 4308 1843 4375 ingressi
1866 4314 2113 4376 quartam

543 4400 850 4455 Armeniam
899 4400 1337 4471 despoliaverunt
1382 4414 1518 4454 eam.
1566 4396 1832 4453 Praeterea
1886 4395 2114 4449 moritur

542 4490 743 4556 Salem,
770 4498 825 4545 et
849 4491 1108 4543 translata
1139 4498 1220 4545 est
1264 4488 1604 4544 Germanicia
1646 4488 1698 4541 in
1746 4487 2111 4541 Palmstinam.

542 4580 749 4635 Eodem
777 4595 907 4635 vero
929 4594 1071 4635 anno
1100 4581 1335 4635 imitatus
1365 4579 1779 4634 Lachanodraco
1802 4578 2113 4647 magistrum

542 4690 723 4742 suum,
753 4688 965 4727 omnem
992 4674 1313 4729 monachum
1341 4680 1397 4728 et
1414 4673 1735 4727 monacham
1782 4673 1832 4725 in
1885 4672 2120 4726 themate

544 4766 957 4822 Thracesiorum
982 4775 1377 4822 commorantes
1406 4765 1547 4835 apud
1576 4766 1845 4834 Ephesum
1892 4777 2116 4831 congre-

536 4857 707 4927 ‘gavit,
740 4863 794 4913 et
823 4857 1007 4912 eduxit
1032 4872 1127 4912 eos
1177 4856 1231 4911 in
1265 4871 1531 4925 campum,
1583 4861 1639 4909 et
1684 4854 1795 4907 ait:
1857 4853 1953 4920 Qui
2002 4853 2117 4907 vult

542 4948 855 5018 imperatori
880 4963 942 5003 ac
965 4947 1119 5003 nobis
1139 4947 1380 5015 obedire,
1412 4946 1531 5000 alba
1564 4944 1815 4999 induatur
1838 4952 2009 5007 veste,
2066 4952 2118 4997 et

540 5053 766 5094 uxorem
792 5038 895 5093 hac
920 5046 1100 5094 sumat
1122 5039 1276 5095 hora.
1310 5038 1408 5092 Ast
1447 5036 1535 5106 qui
1585 5036 1690 5089 hoc
1739 5034 1916 5087 facere
1945 5035 2122 5102 parvi-

542 5130 847 5200 pendcrint,
876 5132 1071 5203 privati
1104 5132 1392 5187 luminibus
1442 5132 1494 5184 in
1527 5130 1706 5201 Cypro
1753 5127 1945 5181 exsilio
1974 5127 2123 5181 dam-

545 5222 835 5277 nabuntur.
868 5223 1107 5293 Tumque
1125 5238 1263 5293 Opus
1287 5222 1488 5292 pariter
1515 5234 1636 5275 cum
1675 5218 1844 5272 verbo
1874 5232 2124 5271 consum-

544 5319 747 5367 matum
773 5324 874 5376 est,
912 5322 966 5369 et
1013 5314 1163 5370 multi
1214 5313 1413 5370 ostensi
1460 5318 1585 5366 sunt
1639 5317 1919 5378 martyres,
1971 5306 2123 5361 multi

546 5415 679 5457 vero
703 5402 1101 5459 deiicienteset
1155 5404 1395 5459 enervati
1428 5402 1722 5473 perierunt,
1783 5412 1918 5469 quos
1946 5407 2002 5452 et
2041 5396 2122 5451 fa-

548 5492 783 5547 miliares
826 5494 926 5548 sibi
981 5494 1150 5550 Draco
1212 5494 1459 5549 faciebat.
1515 5490 1779 5545 Praeterea
1827 5488 2123 5543 indictione

550 5598 715 5652 nona,
743 5599 927 5639 mense
953 5584 1229 5651 Januario,
1254 5592 1417 5638 natus
1437 5590 1521 5639 est
1540 5580 1853 5654 imperatori
1880 5577 2123 5647 Leoniret

626 5724 653 5753 ι
677 5714 736 5771 Ρ.
769 5717 935 5783 Pitb.,
964 5718 1147 5773 horno.
1172 5718 1281 5785 AL,
1314 5718 1483 5774 horto.

622 5786 652 5827 δ
684 5791 771 5844 Διά
799 5788 1044 5862 ψηφίδων.

2218 3286 2276 3332 et
2316 3278 2388 3330 ita
2434 3284 2542 3330 tam
2596 3275 2759 3330 facies
2806 3288 3013 3339 eorum,
3065 3286 3232 3341 quam
3270 3270 3449 3343 capita
3488 3262 3705 3321 cremabat.

2218 3370 2387 3427 Porro
2417 3370 2553 3425 alios
2575 3376 2695 3436 post
2720 3367 2919 3422 multos
2940 3366 3214 3421 cruciatus
3242 3364 3399 3420 etiam
3416 3349 3710 3415 exsiliisdesi-

2218 3468 2407 3531 nabat,
2424 3472 2479 3519 et
2508 3472 2781 3534 postremo
2812 3463 2867 3516 in
2894 3470 3007 3516 toto
3030 3461 3275 3514 themate
3301 3456 3400 3512 sibi
3420 3452 3618 3520 subjecto
3639 3456 3711 3498 non

2219 3558 2455 3612 deseruit
2481 3556 2753 3610 hominem
2785 3568 2949 3607 unum
2996 3552 3304 3607 mmastico
3352 3547 3591 3603 schemate
3619 3534 3710 3591 ami-

2218 3658 2384 3705 ctum.
2411 3647 2565 3713 Quod
2595 3661 2719 3701 cum
2745 3644 3021 3700 didicisset
3051 3640 3374 3711 imperator,
3428 3638 3595 3690 bonum
3615 3638 3709 3713 sese

2218 3755 2317 3811 per
2343 3753 2563 3793 exosum
2588 3737 2810 3802 habens,
2840 3733 3126 3803 scripsitei
3148 3731 3350 3805 gratias
3377 3726 3540 3782 dicens
3561 3740 3570 3773 :
3589 3712 3714 3771 Inveni

2194 3841 2274 3886 te
2302 3832 2473 3885 virum
2502 3829 2793 3884 secundum
2814 3842 2910 3881 cor
2939 3840 3143 3891 meum,
3173 3824 3267 3894 qui
3303 3820 3459 3876 facias
3485 3825 3634 3871 omnes
3651 3820 3713 3859 vo-

2218 3925 2454 3978 luntates
2478 3936 2644 3977 meas.
2678 3920 2831 3974 Hunc
2853 3932 2986 3986 ergo
3011 3917 3295 3970 imitantes
3324 3921 3377 3969 et
3404 3905 3562 3966 caeteri
3579 3898 3714 3957 simia

2222 4014 2620 4086 perpetrabant.
2644 4010 2801 4066 Anno
2835 4008 3113 4077 trigesimo
3145 4006 3387 4061 secundo
3432 3995 3606 4068 imperii
3626 3991 3717 4044 Con-

2219 4108 2439 4163 stantini
2468 4106 2612 4160 misit
2641 4103 2922 4159 lhbdallas
2950 4102 3003 4155 in
3026 4100 3271 4155 Africam
3302 4092 3618 4152 Mualabicutn
3639 4092 3718 4176 Cll.“

2218 4198 2462 4253 exercitu
2518 4195 2688 4250 multo
2724 4235 2739 4259 ,
2787 4193 3063 4260 ingressus
3118 4197 3209 4245 est
3265 4179 3647 4241 Alfadalbadinar
3683 4181 3717 4220 In

2222 4291 2537 4345 Romaniam
2578 4327 2595 4353 ,
2648 4296 2705 4341 et
2746 4284 2891 4353 cepit
2938 4282 3192 4352 captivos
3250 4278 3571 4348 quingentos.
3610 4262 3719 4353 Moti-

2218 4392 2491 4439 sustenses
2544 4388 2723 4434 autem
2778 4376 2990 4431 obviam
3037 4374 3121 4429 eis
3171 4374 3544 4428 occurrentes,
3573 4346 3716 4454 etbel-

2220 4480 2329 4533 lum
2401 4476 2735 4543 exagitantes
2805 4470 3127 4527 occiderunt
3204 4484 3273 4523 ex
3344 4460 3581 4520 Arabibus
3618 4442 3719 4543 .mll‘

2148 4544 2291 4624 Dle.
2368 4569 2464 4621 Ast
2509 4539 2815 4619 'Habdallas
2878 4560 3067 4614 abiens
3129 4555 3519 4625 Jerosolymam
3568 4539 3723 4625 jejuné'

2219 4660 2315 4722 vit,
2358 4666 2417 4713 et
2443 4654 2699 4726 praecepit
2723 4652 3056 4709 Christianos
3074 4689 3094 4713 ,
3141 4658 3200 4705 et
3230 4623 3479 4702 Hebr-reos
3510 4623 3726 4726 inscribiin

2220 4724 2487 4813 titanibus,
2520 4755 2577 4800 et
2616 4744 2813 4800 idcirco
2836 4744 2991 4797 multi
3022 4741 3457 4796 Christianorum
3488 4733 3531 4785 in
3581 4724 3724 4819 Roma:

2222 4841 2364 4897 niam
2382 4838 2761 4905 confugerunt.
2794 4834 2949 4889 Anno
2978 4831 3271 4903 trigesimo
3301 4826 3458 4884 tertio
3484 4813 3655 4905 imperii
3673 4820 3728 4905 stu

2221 4932 2390 4987 movit
2412 4927 2795 4985 Constantinus
2839 4939 3023 4979 mense
3068 4923 3301 4986 Martio,
3327 4912 3609 4974 duodecima
3634 4896 3727 4955 indt-

2221 5024 2420 5089 ctione,
2446 5022 2643 5077 stolutn
2688 5017 3093 5073 chelandiorum
3134 5015 3308 5070 duum
3361 4998 3727 5089 milliumicontﬂ

2222 5088 2543 5182 Bulgariain.
2570 5108 2634 5162 Et
2662 5108 2927 5177 ingressus
2952 5106 3065 5174 ipse
3104 5106 3164 5158 in
3196 5103 3364 5157 rubea
3393 5088 3633 5152 chelandia

2224 5214 2309 5260 tus
2328 5174 2504 5258 estad
2531 5174 2835 5257 intrandum
2866 5197 3172 5253 Danubium
3205 5208 3421 5250 amnem
3442 5230 3457 5255 ,
3489 5174 3733 5264 pastoribus

2223 5294 2551 5366 equestrium
2582 5292 2875 5346 tbematum
2914 5287 3194 5344 derelictis
3225 5292 3380 5338 extra
3420 5272 3735 5360 clausurus.SI

2223 5364 2454 5441 fortasse
2483 5393 2699 5454 possent
2738 5381 3050 5449 Bulgaribus
3080 5378 3141 5432 in
3191 5392 3253 5432 se
3286 5372 3526 5430 intuitum
3550 5364 3739 5419 intenlw'

2226 5480 2309 5535 nis
2347 5478 2629 5548 ﬁgentibus
2681 5477 2906 5530 introire
2947 5473 3281 5540 Bulgariam.
3331 5466 3461 5522 Cum
3500 5467 3647 5548 autem
3679 5458 3740 5496 νῦ*

2227 5547 2402 5629 uisset
2418 5570 2486 5626 ad
2517 5570 2743 5630 Barnas,
2772 5566 3121 5630 formidabat.
3150 5572 3211 5619 et
3240 5561 3419 5618 redire
3438 5547 3738 5612 meditabatur.

2303 5708 2325 5737 °
2356 5704 2464 5768 Al.,
2498 5702 2810 5755 amelaucos.
2837 5698 2945 5761 AL,
2971 5694 3380 5768 canrmelangos.
3440 5756 3469 5768 Α.
3534 5751 3546 5764 .

2302 5772 2331 5812 ἀ
2490 5756 2941 5826 Βαοοειιαηονυηιί
2972 5768 3032 5823 Ρ.
3063 5765 3239 5833 Pith.,
3268 5756 3679 5818 Bucceuarioﬂlm-

3488 5910 3515 5927 κ’

3841 0 3843 23 1

3842 150 3843 163 l

3842 890 3843 903 l

3842 946 3843 971 1

3842 980 3843 1005 1

3842 1010 3843 1037 1
