3956 6342
192 361 332 424 H09

1210 346 1531 408 HISTORIA
1573 342 1940 406 Μιεοῑιω.
1982 368 2054 386 --
2090 340 2223 398 LIB.
2263 338 2459 398 XXIII.

3326 331 3470 397 liii)

189 478 287 539 sed
314 460 575 545 Bulgares
596 470 759 532 simili
780 481 983 543 pavore
1006 474 1330 531 metuentes,
1363 470 1420 521 et
1438 464 1491 520 el
1519 461 1773 519 inviden-
1796 461 1853 523 Α
1876 462 2026 523 runt,
2074 464 2132 512 et
2176 453 2341 512 rediit
2361 492 2379 522 ,
2410 467 2535 510 cum
2561 451 2639 510 nil
2657 452 2906 510 utilitatis
2951 450 3242 510 attuli-su.
3290 447 3467 509 Porro

190 580 309 639 tes,
355 569 622 625 miserunt
651 564 897 637 lioylam,
926 570 983 618 et
1026 560 1249 632 Zigaton
1278 566 1524 631 petentes
1563 569 1773 628 pacem.

190 664 341 733 Quos
368 675 493 717 cum
520 658 740 718 vidisset
768 656 1079 725 ltuperater,
1110 653 1325 725 gavisus
1347 659 1431 706 est
1453 694 1467 717 ,
1502 658 1559 707 et
1587 661 1776 720 pacem

190 752 343 822 fecit,
369 749 607 823 praestita
628 747 866 805 vicissim
889 745 1243 817 jurejurando
1261 784 1277 811 ,
1306 753 1573 814 quuwnus
1602 756 1781 815 neque

192 846 454 919 Bulgarcs
505 842 718 899 exirent
763 848 952 897 contra
998 838 1314 893 Romaniam
1341 878 1356 903 ,
1412 850 1587 907 neque
1644 836 1775 904 imp.

190 941 438 998 studeret
489 943 677 993 contra
717 934 1022 1004 Bulgariam
1066 933 1286 987 intrare.
1331 929 1395 984 Et
1418 928 1572 985 factis
1616 942 1781 999 super

190 1031 301 1089 hoc
348 1046 417 1087 ex
445 1039 674 1101 utraque
724 1034 880 1100 parte
915 1025 1129 1097 scriptis
1156 1022 1477 1090 adinvicem,
1532 1034 1781 1077 reversus

192 1132 280 1181 est
307 1122 621 1195 imperator,
647 1127 702 1176 et
740 1120 925 1175 urbem
953 1116 1105 1184 adiit,
1146 1116 1416 1171 derelictis
1452 1112 1782 1170 thematibus

191 1215 247 1272 in
276 1215 472 1272 castris
498 1229 618 1285 qua:
660 1211 913 1270 condidit.
962 1208 1183 1266 Octobri
1212 1224 1343 1265 vero
1374 1220 1579 1275 mense,
1612 1207 1784 1262 unde-

191 1306 340 1363 cima
366 1306 679 1373 indictione,
706 1304 949 1360 nuntium
989 1302 1226 1372 suscepit
1255 1317 1285 1356 a
1313 1299 1556 1369 Bulgaria
1586 1299 1652 1354 ab
1682 1313 1781 1354 oe-

189 1399 356 1455 cultis
398 1397 584 1453 amicis
626 1397 763 1463 suis,
792 1396 936 1467 quod
988 1396 1226 1451 mitteret
1247 1394 1497 1451 dominus
1522 1392 1786 1463 Bulgaria:

190 1494 482 1551 duodecim
512 1493 680 1550 millia
729 1510 796 1550 ex
841 1493 1061 1564 pepulo,
1111 1500 1167 1548 et
1194 1490 1469 1563 Boyladen
1510 1489 1575 1545 ad
1604 1490 1782 1560 capti-

190 1588 426 1643 vandam
457 1585 765 1654 Berzitiam,
794 1594 849 1642 et
874 1585 1245 1641 adducendum
1259 1599 1353 1639 eos
1381 1583 1433 1638 in
1456 1582 1783 1653 Bulgariam.

188 1679 477 1736 Venerant
520 1678 663 1736 enim
691 1679 761 1734 ad
787 1694 907 1734 eum
942 1677 1109 1748 legati
1134 1676 1332 1732 domini
1350 1674 1635 1749 Bulgarlte,
1661 1688 1785 1729 cum

190 1774 376 1830 adhuc
421 1773 475 1828 hi
504 1780 687 1829 essent
716 1773 771 1833 in
802 1771 954 1837 urbe,
1002 1771 1093 1842 qui
1121 1769 1390 1825 simulavit
1419 1783 1478 1823 se
1525 1765 1789 1824 adversus

1884 552 2160 608 'l‘elerlcus
2212 550 2465 607 dominus
2517 549 2800 621 Bulgaria,
2833 555 3116 619 comperto
3174 545 3321 617 quod
3370 560 3469 618 per

1885 642 2183 699 familiares
2207 656 2336 699 suos
2363 641 2586 697 consilia
2631 656 2730 701 sua
2757 648 3130 712 cognosceret,
3175 638 3365 694 scribit
3411 636 3466 694 ei

1886 733 2074 790 dicens
2101 746 2116 786 ι
2159 731 2364 793 Vellem
2391 731 2660 803 etiam,
2681 740 2740 788 et
2764 732 2953 789 venire
2971 730 3041 786 ad
3066 737 3142 797 te,
3171 727 3471 789 transmitte
3538 759 3558 781 .

1884 837 2019 895 ergo
2066 822 2196 880 mihi
2223 823 2447 881 verbum
2492 826 2833 893 securitatis,
2883 833 2942 881 et
2969 838 3104 894 ques
3139 822 3341 877 habeas
3380 823 3471 877 hic

1886 916 2114 981 amicos,
2144 925 2205 973 ut
2230 916 2337 973 hoc
2377 917 2457 972 eis
2486 917 2725 985 credam,
2758 924 2815 973 et
2834 930 3044 975 mecum
3070 922 3381 971 occurrant.
3402 912 3474 967 At

1887 1008 1981 1065 ille
2026 1008 2248 1065 levitate
2279 1024 2407 1065 usus
2433 1009 2649 1080 scripsit
2675 1010 2747 1076 ei,
2773 1010 2867 1079 qui
2897 1024 3020 1065 cum
3045 1008 3149 1063 hoc
3175 1005 3471 1072 didicisset,

1886 1114 1989 1174 per
2016 1101 2252 1156 medium
2280 1116 2375 1158 eos
2394 1101 2620 1168 recidit;
2648 1100 2798 1171 quod
2824 1098 3473 1165 audiensconstantinus,

1888 1192 2198 1262 aliquandiu
2225 1208 2393 1250 canos
2414 1209 2545 1250 suos
2568 1194 2784 1250 evulsit.
2820 1194 2976 1248 Anne
2996 1192 3267 1262 trigesimo
3288 1190 3475 1260 quinto

1888 1282 2105 1356 Imperii
2132 1285 2216 1340 sui
2267 1286 2563 1355 imperator
2595 1301 2783 1343 mense
2809 1285 3051 1355 Augusto
3082 1285 3237 1340 tertia
3268 1284 3479 1338 decima

1887 1374 2187 1431 indictione
2239 1378 2409 1433 exivit
2437 1386 2627 1433 contra
2678 1377 2955 1448 B'ulgares,
3009 1378 3103 1447 qui
3151 1376 3402 1431 divinitus
3425 1375 3481 1430 in

1888 1468 2137 1525 cruribus
2158 1477 2240 1526 est
2276 1470 2428 1540 plaga
2458 1485 2763 1541 percussus,
2788 1484 2910 1540 quo
2936 1469 3127 1525 Grrece
3164 1468 3348 1544 ἄνθραξ
3376 1483 3476 1539 ap-

1893 1560 2145 1631 pellatur,
2197 1570 2252 1617 et
2308 1563 2435 1618 hinc
2464 1560 2615 1618 febre
2641 1563 2966 1618 validissima
2994 1563 3247 1617 detentus
3278 1561 3482 1614 Archa-

1892 1653 2152 1725 diopolim
2200 1653 2400 1721 rediit,
2432 1670 2462 1709 a
2492 1655 2752 1725 subjectis
2781 1655 3038 1711 humeros
3078 1657 3135 1709 in
3164 1655 3309 1707 lecto
3336 1652 3488 1708 dela-

1893 1751 2017 1812 tus,
2066 1751 2122 1800 et
2167 1745 2389 1801 veniens
2434 1743 2796 1813 Silimbriam,
2843 1760 3037 1801 navem
3065 1743 3336 1814 ingressus
3364 1751 3487 1799 est:

190 1865 404 1923 Arabes
444 1866 742 1929 exercitum
774 1878 1016 1933 movere,
1068 1872 1123 1919 et
1163 1868 1636 1918 transmeaverunt
1674 1869 1787 1915 tam

1907 1853 2130 1907 cumque
2169 1837 2237 1893 ad
2285 1839 2575 1894 rotundum
2606 1839 2940 1909 pervenisset
2987 1836 3297 1902 castellum,
3326 1836 3493 1890 mise-

188 1959 397 2014 vexilla
426 1973 587 2029 quam
629 1956 992 2029 supellectiles
1022 1956 1301 2012 ministerii
1345 1955 1506 2025 regis,
1535 1963 1590 2009 et
1619 1968 1787 2025 appa-

188 2061 371 2109 ratus.
402 2053 535 2111 Cum
566 2060 744 2107 autem
764 2050 1122 2125 apocrisarics
1148 2049 1466 2115 dimisisset,
1483 2063 1581 2119 per
1602 2047 1793 2118 explo-

190 2153 412 2201 ratores
438 2159 627 2201 eorum
660 2158 882 2214 egressu
914 2151 1211 2213 comperto,
1245 2149 1521 2212 assumpto
1547 2139 1791 2196 exercitu

190 2237 426 2294 festinus
478 2237 581 2293 iter
624 2236 897 2307 arripuit,
950 2244 1005 2291 et
1056 2234 1389 2291 coacervatis
1439 2233 1679 2298 Taxatis,
1740 2241 1797 2287 et

186 2329 597 2395 'l'lsracesianis,
638 2338 693 2385 et
721 2329 885 2385 unitis
929 2327 1207 2385 ordinibus
1236 2325 1626 2397 optimatibus,
1669 2324 1796 2380 fecit

191 2436 296 2481 eos
343 2421 657 2491 octingenta
691 2419 877 2475 millia.
908 2418 975 2473 Et
1002 2433 1231 2490 pergens
1253 2418 1305 2473 in
1333 2417 1532 2482 locum,
1580 2416 1673 2487 qui
1709 2415 1795 2471 di-

191 2514 343 2573 citur
359 2512 655 2579 Lithsoria,
680 2511 1032 2567 nulliustubae
1062 2510 1317 2581 clangore
1342 2518 1591 2575 sonante,
1624 2509 1797 2564 irrue-

193 2613 330 2663 runt
356 2620 519 2678 super
546 2603 686 2671 illos,
736 2612 791 2659 et
821 2610 1035 2658 vertens
1066 2618 1162 2661 eos
1205 2601 1331 2657 fecit
1374 2599 1652 2656 victoriam
1681 2613 1798 2653 ma-

196 2712 393 2771 gnam,
415 2707 474 2753 et
501 2712 623 2753 cum
656 2696 840 2754 multis
862 2696 1069 2751 exuviis
1092 2703 1149 2752 et
1170 2695 1395 2766 captivis
1415 2706 1665 2750 reversus
1690 2698 1795 2762 est,

198 2789 541 2861 triumphum
591 2788 675 2844 sui
726 2787 910 2859 trepaei
942 2794 1219 2842 ostentans
1265 2801 1431 2857 penes
1484 2784 1708 2853 urbem,
1743 2791 1800 2840 et

196 2880 513 2953 obstipatus
559 2879 775 2937 obsiciis
808 2878 1087 2948 incedens,
1111 2878 1421 2948 bellumque
1462 2877 1568 2932 hoc
1618 2876 1799 2933 nobile

195 2990 551 3046 nuncupans,
582 2989 650 3031 eo
678 2972 823 3046 quod
844 2988 1004 3029 nemo
1033 2971 1134 3027 sibi
1163 2970 1443 3038 restiterit,
1475 2986 1575 3027 nec
1598 2980 1799 3027 macta-

197 3067 284 3123 tio
315 3067 371 3123 in
397 3066 503 3123 hoc
531 3075 624 3123 aut
651 3066 841 3123 effusio
874 3063 1162 3121 Christiani
1195 3064 1335 3121 facta
1376 3064 1533 3120 fuerit
1582 3067 1799 3135 sangui-

200 3158 314 3215 nis.
377 3156 537 3215 Anno
586 3158 863 3229 trigesimo
922 3165 1115 3227 quarto
1171 3158 1381 3229 imperii
1427 3155 1797 3226 Constantini,

201 3251 615 3319 Constantinus,
660 3251 874 3307 solvens
904 3250 1188 3321 Bulgarum
1236 3265 1455 3323 pacem,
1497 3253 1801 3308 construxit

198 3341 405 3401 iterum
434 3342 634 3401 stolum
664 3358 917 3417 magnum
944 3385 957 3409 ,
990 3353 1044 3398 et
1070 3344 1390 3400 intromissis
1417 3343 1470 3401 in
1498 3359 1622 3398 eum
1649 3345 1799 3414 equi-

200 3444 324 3492 tum
358 3452 430 3491 xu
462 3434 697 3491 millibus
722 3477 737 3504 ,
769 3432 967 3491 direxit
995 3450 1183 3491 omnes
1218 3446 1478 3511 praetores
1526 3435 1799 3505 classium,

204 3542 408 3587 omnes
459 3528 513 3583 in
546 3526 677 3583 illo:
711 3528 826 3603 ipse
862 3542 994 3584 vero
1022 3529 1218 3583 timens
1258 3528 1455 3587 mansit
1481 3543 1603 3584 cum
1632 3543 1801 3600 eque-

203 3620 310 3679 stri
325 3620 536 3676 militia.
554 3620 689 3677 Cum
716 3627 893 3677 autem
914 3620 1377 3697 venissentusque
1406 3618 1804 3691 Mesembriam,

204 3720 269 3771 et
296 3712 443 3770 hanc
469 3711 698 3785 ingressi
744 3711 987 3779 fuissent,
1048 3714 1288 3769 valenter
1317 3713 1586 3785 Aquilone
1640 3724 1804 3773 vento

203 3804 461 3881 spirante
484 3804 662 3861 omnia
711 3820 849 3881 pene
898 3805 1130 3863 contrita
1151 3814 1295 3873 sunt,
1346 3813 1401 3863 et
1444 3804 1599 3864 multi
1624 3804 1805 3885 perie-

1897 1934 2139 1991 rabiliter
2172 1934 2225 1988 in
2253 1932 2536 1988 chelandio
2566 1932 2799 1987 moritur
2846 1932 3105 1996 clamans,
3156 1940 3212 1985 ct
3260 1929 3485 1984 dicens:

1900 2028 2099 2084 Vivens
2128 2026 2302 2082 adhuc
2329 2026 2437 2096 igni
2466 2041 2585 2081 sum
2612 2023 3033 2095 inexstinguibili
3064 2022 3290 2078 traditus
3313 2060 3331 2088 ,
3356 2036 3454 2075 san
3484 2057 3489 2061 -

1898 2128 2151 2191 ctamque
2191 2119 2465 2190 Virginem
2493 2128 2550 2174 et
2575 2118 2670 2174 Dei
2712 2119 3027 2188 genitricem
3076 2114 3283 2171 laudari
3312 2129 3487 2185 expo-

1898 2213 2105 2269 stulans
2124 2254 2139 2279 ,
2192 2227 2315 2268 cum
2345 2212 2462 2268 sine
2492 2211 2697 2269 foedere
2724 2211 2841 2282 ejus
2881 2211 3045 2267 fuerit
3087 2208 3356 2265 inimicus.
3382 2208 3490 2263 Re—

1900 2304 2085 2374 gnavit
2112 2310 2290 2359 autem
2338 2310 2465 2375 post
2509 2311 2744 2358 mortem
2773 2304 2939 2373 patris
2982 2303 3062 2358 sui
3091 2302 3246 2357 annis
3271 2302 3491 2371 triginta

1899 2396 2157 2465 quinque,
2213 2396 2488 2452 mensibus
2535 2396 2763 2460 duobus,
2820 2396 3009 2452 diebus
3039 2395 3224 2464 viginti
3272 2408 3363 2449 sex
3391 2436 3409 2464 ,
3434 2402 3494 2451 et

1899 2488 1976 2545 ita
2024 2490 2190 2545 vitam
2232 2489 2521 2556 dissolvit,
2550 2489 2901 2560 sanguinibus
2941 2490 3123 2545 multis
3147 2487 3395 2555 infectus,
3436 2496 3495 2545 et

1901 2579 2202 2638 diemonum
2228 2582 2683 2649 invocationibus,
2729 2596 2794 2638 ac
2833 2580 3137 2647 sacrificiis,
3164 2581 3498 2653 persecutio-

1900 2673 2060 2730 nibus
2107 2688 2324 2745 quoque
2364 2683 2673 2730 sanctarum
2714 2674 3063 2731 ecclesiarum
3094 2718 3109 2739 ,
3140 2683 3411 2743 rectaeque
3431 2686 3499 2731 ac

1898 2762 2259 2820 immaculata:
2282 2764 2407 2819 fidei
2436 2780 2648 2820 necnon
2677 2773 2733 2821 et
2760 2766 3150 2821 monachorum
3167 2764 3499 2834 peremptio—

1901 2858 2102 2925 nibus,
2141 2863 2198 2914 et
2244 2858 2627 2915 violationibus
2678 2860 3130 2915 monasteriorum
3156 2899 3171 2924 ,
3229 2857 3493 2929 malisque

1899 2952 2085 3020 variis,
2118 2967 2552 3025 supercrescens,
2585 2968 2693 3009 non
2718 2954 2896 3009 minus
2922 2966 3082 3023 quam
3107 2950 3490 3019 Diocletianus,

1899 3044 1988 3101 vel
2013 3044 2209 3116 aliquis
2234 3053 2607 3119 tyrannorum.
2664 3043 2933 3100 Praeterea
2986 3044 3178 3101 eodem
3227 3058 3391 3107 anno,
3440 3051 3498 3098 et

1904 3137 2100 3192 eodem
2129 3150 2315 3193 mense
2344 3135 2570 3190 moritur
2594 3135 2880 3191 ilabdallas
2920 3134 3154 3190 Arabum
3186 3133 3315 3189 dux.
3359 3132 3499 3190 Cum

1824 3216 1877 3284 ο
1911 3231 2057 3287 enim
2089 3230 2250 3285 ambo
2276 3228 2333 3285 hi
2376 3229 2523 3284 velut
2547 3227 2820 3285 acerrimas
2849 3228 3035 3283 bestia:
3072 3226 3335 3284 diuturnis
3363 3234 3503 3283 tem-

1910 3322 2135 3395 poribus
2181 3337 2245 3377 ac
2289 3320 2693 3378 crudelitatibus
2733 3320 3027 3375 humanum
3070 3333 3238 3389 genus
3290 3319 3503 3388 depasti

1914 3416 2043 3482 sint,
2074 3417 2271 3471 mortui
2318 3422 2446 3470 sunt
2474 3412 2807 3484 providentia
2849 3411 2970 3482 Del,
2997 3419 3053 3468 et
3078 3411 3325 3467 obtinent
3351 3411 3498 3481 prin-
3524 3416 3527 3421 '

1917 3505 2155 3581 cipatum
2186 3504 2296 3562 Leo
2326 3513 2382 3561 et
2427 3504 2586 3579 Mady
2628 3503 2724 3559 lilii
2754 3517 2961 3558 eorum.
3012 3498 3282 3556 Praeterea
3311 3497 3503 3555 eodem

1918 3618 2060 3660 anno
2092 3602 2364 3674 Adilgisus
2409 3590 2888 3671 Langobardorum
2916 3612 3035 3668 rex,
3053 3596 3121 3651 ad
3156 3596 3360 3666 regiam
3405 3608 3502 3650 ur-

1914 3694 2040 3754 bem
2062 3694 2635 3768 veniens,imperatcri
2662 3708 2722 3750 se
2748 3691 3006 3769 profugus
3033 3687 3283 3749 contulit.

210 3971 3490 4003 Μ

1115 4076 1419 4163 LIBER
1474 4066 2049 4166 VIGESIMUS
2102 4083 2580 4167 TERTIUS.

293 4329 455 4385 Anne
492 4324 560 4381 ab
602 4324 870 4383 locat-net.
920 4326 1135 4384 Domini
1162 4327 1292 4396 768,
1323 4327 1437 4388 Leo
1474 4328 1820 4388 Constantini

212 4424 367 4480 Ilius
404 4422 656 4493 insperat,
701 4428 759 4477 et
788 4421 946 4494 Mady
991 4422 1101 4477 dux
1147 4422 1379 4481 habetur
1422 4425 1696 4496 Arabum,
1726 4428 1820 4498 qui

216 4528 429 4572 novem
452 4513 540 4569 bis
567 4512 783 4584 praefuit
808 4513 966 4571 annis
997 4526 1013 4569 ε
1048 4513 1159 4570 Leo
1172 4530 1305 4571 vero
1335 4515 1631 4589 imperator
1656 4519 1823 4590 erepit

220 4606 542 4678 expendere
579 4608 862 4677 manias,
918 4620 1039 4676 quae
1092 4608 1197 4663 sibi
1224 4606 1439 4665 fuerant
1489 4625 1519 4665 a
1550 4620 1705 4683 patre
1735 4613 1820 4670 di-

220 4702 410 4757 missa
440 4741 458 4769 ,
505 4698 812 4770 placuitque
858 4706 968 4754 tam
997 4701 1348 4771 optimatibus
1387 4717 1548 4772 quam
1588 4705 1820 4776 populo,

221 4804 286 4851 et
312 4794 459 4849 visus
484 4800 572 4848 est
599 4792 666 4847 ad
710 4793 878 4848 breve
919 4801 1131 4864 tempus
1178 4794 1299 4864 pius
1328 4808 1447 4851 esse
1476 4839 1491 4864 ,
1520 4806 1826 4866 sanctisque
1872 4796 1873 4799 “

225 4886 331 4942 Dei
359 4884 632 4955 genitricis
661 4898 725 4939 ac
750 4884 1138 4939 monachorum
1172 4885 1382 4943 amicus
1417 4902 1432 4939 :
1464 4887 1606 4943 unde
1635 4897 1689 4943 et
1709 4904 1825 4944 mo-

224 4980 442 5034 nachos
472 4976 921 5046 metropolitanos
949 4976 1006 5031 in
1056 4978 1280 5034 summis
1326 4979 1543 5036 sedibus
1594 4980 1827 5037 colloca-

229 5070 339 5137 vit,
364 5067 690 5139 militiasque
718 5068 961 5123 themate
1009 5067 1136 5123 fecit
1185 5068 1401 5135 multas,
1433 5078 1488 5125 et
1529 5071 1744 5128 ordines
1773 5073 1828 5129 in

230 5161 377 5218 urbe
413 5161 709 5233 ampliavit.
736 5160 908 5228 Quam
938 5160 1010 5215 ob
1037 5175 1153 5216 rem
1204 5160 1503 5217 thematum
1558 5163 1827 5235 principes

233 5253 520 5320 commoti,
552 5267 743 5307 omnes
786 5252 1013 5321 ingressi
1041 5259 1167 5307 sunt
1204 5268 1327 5309 cum
1356 5254 1701 5311 multitudine
1730 5272 1828 5328 po-

234 5344 358 5418 puli
382 5346 603 5416 copiosa
627 5384 645 5413 ,
673 5352 926 5415 petentes
951 5344 1366 5401 Constantinum
1402 5346 1568 5402 illium
1596 5346 1830 5419 impera-

238 5448 421 5497 torum
448 5438 589 5510 ejus.
614 5436 687 5492 At
714 5438 807 5495 ille
830 5478 845 5503 ,
878 5445 935 5493 ut
959 5438 1126 5494 moris
1146 5445 1229 5494 est
1258 5438 1608 5513 principibus,
1634 5454 1833 5497 renun-
1878 5442 1881 5445 λ

246 5533 402 5589 ﬂavit
424 5533 509 5589 eis
530 5546 549 5585 :
584 5530 751 5587 Filius
772 5538 880 5599 est,
922 5532 1114 5602 inquit,
1146 5546 1301 5590 meus
1331 5535 1521 5591 unicus
1568 5535 1700 5593 mihi
1722 5576 1738 5603 ,
1778 5545 1835 5593 et

245 5627 453 5682 idcirco
496 5638 692 5680 vereor
736 5625 841 5681 hoc
867 5623 1079 5692 facere,
1133 5642 1201 5681 ne
1228 5625 1370 5683 forte
1398 5628 1677 5711 contingat
1702 5628 1835 5684 mihi

246 5717 395 5790 quod
440 5718 734 5773 humanum
779 5725 883 5786 est,
932 5725 990 5775 et
1034 5733 1154 5774 cum
1207 5719 1384 5777 adhuc
1437 5721 1509 5777 sit
1552 5721 1831 5794 parvulus,

1928 4352 2048 4391 cum
2100 4336 2418 4408 iuramentis
2444 4350 2505 4393 se
2542 4332 2936 4408 profitebantur
2962 4329 3043 4389 illi
3087 4330 3505 4406 satisfacturos,

1928 4427 2195 4483 neminem
2248 4436 2593 4499 regnaturum
2638 4433 2834 4498 praeter
2882 4423 3054 4480 ﬁlium
3102 4424 3244 4497 ejus,
3295 4427 3512 4486 etiamsi

1845 4544 1901 4609 υ
1928 4521 2065 4576 mori
2108 4535 2230 4577 eum
2254 4520 2398 4575 Deus
2445 4518 2721 4575 voluisset.
2754 4517 2869 4575 Hoc
2913 4525 3095 4574 autem
3141 4532 3175 4574 a
3232 4516 3514 4577 Dcminica

1926 4612 2034 4677 die,
2083 4628 2186 4685 qua
2239 4610 2544 4672 Palmarum
2594 4611 2909 4669 solemnitas
2956 4611 3174 4682 agitur,
3214 4627 3386 4684 usque
3435 4612 3510 4669 ad

1927 4704 2174 4774 quintam
2198 4700 2389 4758 feriam
2424 4701 2773 4759 hebdomade:
2804 4700 3046 4777 majoris,
3073 4701 3275 4776 populo
3303 4702 3359 4759 in
3386 4701 3516 4775 Hip-

1927 4795 2192 4867 podromo
2244 4800 2564 4852 coacervata
2626 4800 2847 4866 petente
2874 4834 2892 4865 ,
2955 4802 3143 4850 sancta
3212 4793 3515 4865 Parasceve

1922 4886 2085 4956 jussit
2110 4887 2296 4958 jurare
2337 4886 2477 4944 illos.
2508 4884 2573 4942 Et
2606 4885 2809 4959 iuravit
2836 4888 3018 4943 omnis
3042 4889 3274 4959 populus
3314 4886 3370 4943 in
3412 4887 3520 4944 ho—

1929 4980 2187 5037 norandis
2216 4989 2271 5035 et
2297 4978 2521 5037 vivificis
2545 4978 2723 5050 lignis,
2739 4988 2849 5036 tam
2870 4979 3078 5037 scilicet
3096 4994 3164 5035 ex
3184 4977 3517 5039 tbematibus

1929 5075 1985 5125 et
2006 5078 2197 5126 senatu
2210 5086 2373 5143 quam
2402 5071 2566 5127 etiam
2583 5070 2943 5128 exterioribus
2975 5070 3273 5137 ordinibus,
3300 5078 3357 5127 et
3376 5069 3515 5128 civi-

1929 5164 2033 5221 bus
2064 5165 2334 5232 omnibus,
2364 5174 2419 5220 et
2441 5166 2839 5237 ergasteriacis,
2864 5166 3247 5236 imperatorem
3276 5178 3390 5221 non
3416 5165 3515 5221 ad-

1932 5258 2201 5327 mittendi,
2229 5267 2456 5329 excepto
2480 5259 2681 5329 Leone,
2712 5273 2810 5316 seu
2833 5257 3210 5323 Constantino,
3226 5272 3292 5314 ac
3308 5257 3519 5315 semine

1933 5350 2199 5423 ipsorum,
2250 5360 2304 5408 et
2333 5351 2575 5409 fecerunt
2605 5353 2843 5427 scripta,
2890 5352 3348 5426 quemadmodum
3366 5356 3520 5423 jura-

1933 5449 2150 5511 verunt,
2199 5442 2433 5517 proprias
2460 5458 2671 5514 manus,
2698 5454 2755 5503 et
2779 5445 2835 5502 in
2879 5445 3118 5503 crastino
3140 5443 3370 5503 sabbato
3395 5458 3522 5502 san-

1936 5542 2047 5604 cto,
2071 5533 2236 5589 exivit
2256 5533 2553 5604 imperator
2576 5533 2630 5589 in
2652 5535 3008 5592 tribunalibus
3029 5551 3124 5593 xix
3150 5535 3519 5605 accubituum,

1935 5634 1995 5689 et
2017 5626 2265 5698 provexit
2291 5626 2683 5685 nobilissimum
2713 5628 3016 5686 Eudoxium
3053 5628 3277 5685 fratrem
3324 5644 3520 5697 suum;

1940 5737 2063 5777 nam
2084 5719 2398 5776 Anthimum
2452 5720 2639 5777 vivens
2683 5732 2839 5793 pater
2885 5725 3003 5794 ejus
3056 5732 3400 5796 provexerat.
3453 5724 3522 5780 Et

251 5810 415 5869 morti
443 5823 566 5867 eum
618 5808 876 5882 tradetis,
906 5817 965 5867 et
998 5810 1169 5868 alium
1192 5811 1213 5881 ξ
1223 5808 1610 5883 promoveatis.
1663 5813 1731 5866 At
1758 5811 1837 5867 illi
1940 5816 2207 5887 processit
2255 5816 2552 5893 imperator
2572 5830 2695 5873 cum
2722 5815 2945 5888 reliquis
2973 5815 3275 5873 Caesaribus
3343 5821 3400 5871 et
3424 5814 3524 5870 tri-
