3956 6342
574 327 723 393 “ll

1472 325 1673 385 PAULI
1712 320 1986 382 DIACONI
2022 319 2175 380 OPP.
2216 319 2393 381 PARS
2430 322 2474 379 ἰ.
2497 317 2968 379 —HISTORICA.

3307 249 3355 257 »ο-

3610 331 3712 392 ωε

581 439 1069 505 bus‘nobilissimis,
1117 454 1183 496 ac
1206 452 1349 496 novo
1376 438 1764 505 Constantino,
1816 435 1887 491 ad
1914 448 2162 505 magnam
2187 434 2465 498 Abellum
2529 449 2652 491 cum
2695 432 2951 490 Romanis
2988 429 3223 489 fecerunt
3246 470 3261 499 ,
3300 441 3351 491 et
3388 437 3636 500 ceciderunt
3665 463 3710 505 ex

585 534 890 599 ecclesiam,
934 541 991 589 et
1019 538 1233 589 mutato.
1256 530 1588 593 indumento,
1620 530 1764 585 sicut
1810 525 2158 597 imperatori-

583 630 686 685 bus
707 627 874 688 moris
900 633 1024 694 est,
1072 624 1357 680 ambonem
1396 621 1636 679 ascendit
1673 636 1796 677 cum
1826 619 1936 675 lilio
1963 634 2063 674 suo
2088 617 2162 673 si-

468 756 485 771 .
583 721 697 777 mul
719 762 737 791 ,
780 728 837 778 et
865 717 1189 789 patriarcha,
1220 715 1567 784 etoingressus
1596 712 1772 768 omnis
1799 709 2030 782 pepulus
2060 722 2161 778 po-

582 819 809 871 suerunt
834 809 1034 879 scripta
1062 822 1157 864 sua
1178 807 1231 863 in
1256 820 1441 862 mensa
1456 811 1663 861 sancta.
1689 802 1843 859 Tunc
1871 802 2164 873 imperator

587 907 850 962 allocutus
874 910 959 959 est
996 900 1249 972 populum
1277 898 1355 955 sic
1394 916 1409 952 :
1450 899 1565 967 En,
1613 898 1846 962 Fratres,
1875 895 2163 966 petitiones

587 1003 795 1052 vestras
834 991 1124 1062 adimpleo,
1148 997 1205 1046 et
1229 989 1370 1044 dono
1398 987 1551 1043 vobis
1581 986 1747 1041 lilium
1773 1000 1954 1041 meum
1986 985 2162 1054 impe-

589 1096 977 1150 ratorem,ecce
999 1083 1066 1138 ab
1083 1080 1309 1138 ecclesia
1331 1080 1463 1135 etde
1476 1092 1637 1133 manu
1657 1075 1852 1132 Christi
1868 1076 2160 1146 suscipitis.

585 1178 658 1232 At
684 1175 759 1230 illi
783 1173 1152 1230 clamaverunt
1179 1183 1319 1225 voce
1357 1183 1554 1237 magna
1606 1167 1850 1223 dicentes
1881 1185 1895 1221 :
1927 1165 2168 1233 Fidejus-

584 1284 677 1325 sor
714 1273 898 1323 noster
941 1273 1092 1327 esto,
1122 1262 1224 1316 Fili
1273 1261 1387 1325 Dei,
1419 1262 1546 1330 quia
1575 1259 1644 1314 de
1693 1274 1856 1314 manu
1884 1266 1974 1312 tua
2005 1257 2167 1312 susci-

586 1361 762 1431 pimus
827 1356 1103 1411 dominum
1153 1352 1563 1410 Constantinum
1624 1352 2005 1422 imperatorem
2032 1391 2049 1417 ,
2097 1349 2167 1404 ad

586 1449 993 1508 custodiendum
1021 1461 1167 1511 eum,
1219 1453 1276 1500 et
1303 1443 1765 1500 commoriendum
1815 1457 1915 1512 pro
1954 1456 2044 1498 eo.
2096 1440 2168 1494 Et

583 1544 639 1599 in
669 1543 981 1607 crastinum,
1011 1537 1226 1609 quando
1251 1536 1506 1591 videlicet
1534 1548 1756 1603 magnus
1784 1542 1840 1591 et
1868 1532 2170 1588 dominicus

584 1633 700 1688 dies
752 1629 975 1685 Pascha:
1022 1628 1325 1685 celebratus
1373 1633 1495 1692 est,
1525 1633 1712 1680 octava
1738 1622 1964 1679 Kalend.
2019 1621 2164 1688 Maii,

2260 526 2600 584 Amiradibus
2623 525 2880 595 quinque,
2905 532 2961 580 et
2980 524 3239 581 Arabibus
3258 541 3345 582 sex
3369 528 3527 593 millia,
3552 542 3595 587 et
3607 549 3714 594 sexta

2260 620 2393 675 feria
2415 618 2706 675 redierunt.
2738 616 2956 688 Egressi
2985 618 3126 673 enim
3164 617 3364 674 fuerant
3398 621 3620 681 Dominico
3638 630 3712 687 die.

2262 707 2526 766 Prasterea
2554 712 2763 784 μαὶωμα
2783 708 2946 775 facta,
2970 708 3255 778 imperator
3286 709 3337 765 in
3362 709 3601 781 Sophianis
3618 721 3715 775 sedit

2263 804 2319 859 in
2348 802 2485 859 solio
2514 818 2636 859 cum
2666 801 2776 859 tilio
2802 817 2922 870 suo,
2972 810 3027 858 et
3043 801 3116 857 ita
3139 802 3504 872 divulgaverunt
3525 818 3710 876 praetore:

2266 894 2562 963 triumphos
2601 910 2736 963 quos
2763 904 3120 964 sumpserant.
3150 894 3424 952 Transtulit
3441 906 3588 955 autem
3607 901 3717 974 Syros

2264 987 2545 1043 haereticos
2575 988 2629 1043 in
2664 987 2925 1043 Thracem
2952 1029 2968 1055 ,
3026 997 3082 1044 et
3131 987 3317 1045 locavit
3343 1004 3428 1046 eos
3466 992 3571 1047 illic.
3615 998 3718 1051 Anno

2265 1086 2459 1148 quarto
2489 1078 2698 1149 imperii
2731 1078 2949 1148 Leonis,
2984 1077 3164 1134 furore
3190 1094 3429 1137 accensus
3456 1080 3638 1139 Arabum
3651 1085 3719 1141 dux

2265 1167 2445 1242 Mady,
2470 1169 2635 1224 mittit
2658 1169 2831 1225 Asach
2859 1184 2984 1226 cum
3008 1170 3207 1226 virtute
3228 1170 3382 1226 multa
3410 1171 3719 1244 Maurophorum

2265 1260 2477 1315 scilicet
2504 1260 2691 1333 Syriae,
2726 1275 2792 1316 ac
2818 1260 3237 1331 Mesopotamiae,
3269 1269 3322 1316 et
3359 1261 3590 1317 descendit
3608 1279 3720 1335 usque

2267 1354 2336 1409 ad
2360 1354 2659 1421 Dorileum;
2690 1368 2877 1409 verum
2907 1354 3201 1425 imperator
3239 1355 3470 1424 pmcepit
3492 1357 3721 1425 praetoribus

2268 1459 2338 1500 ne
2366 1442 2705 1501 debellarent
2731 1459 2826 1500 eos
2855 1443 3070 1515 publico
3098 1443 3259 1510 bello,
3301 1443 3388 1499 sed
3409 1445 3628 1500 munirent
3639 1446 3724 1501 civi-

2271 1544 2433 1603 tates,
2485 1544 2543 1592 et
2597 1536 2856 1607 populum
2889 1535 3321 1599 introducerent,
3350 1535 3413 1591 ad
3437 1549 3589 1591 earum
3609 1546 3725 1591 custo-

2272 1628 2417 1684 diam
2442 1628 2723 1684 destinatis
2773 1634 2831 1684 et
2868 1627 3204 1699 principibus
3239 1627 3431 1696 magnis
3455 1642 3537 1697 per
3566 1627 3726 1696 singulas

584 1722 793 1779 decima
812 1727 1006 1789 quarta
1028 1717 1341 1783 indictione,
1356 1728 1565 1771 aurorae
1575 1713 1920 1784 crepusculo,
1932 1723 2169 1767 exeunte

2283 1720 2539 1785 civitates,
2563 1720 2776 1791 ipsique
2800 1726 3081 1775 sumerent
3106 1718 3391 1775 electorum
3415 1718 3601 1773 militum
3630 1726 3728 1773 terna

583 1817 913 1886 imperatore
941 1826 1046 1866 una
1071 1825 1193 1867 cum
1238 1806 1543 1880 patriarcha
1590 1805 1643 1860 in
1701 1803 2124 1875 Hippodromum
2150 1840 2165 1865 ,

2283 1811 2463 1878 millia,
2493 1819 2550 1865 et
2577 1810 2991 1880 insequerentur
3010 1823 3128 1875 eos,
3159 1823 3228 1863 ne
3245 1807 3573 1878 dispergerent
3590 1821 3726 1862 cursus.

587 1907 769 1962 delato
797 1902 989 1957 altario
1018 1941 1034 1969 ,
1066 1899 1209 1955 omni
1235 1898 1436 1970 populo
1487 1895 1910 1965 contemplante,
1944 1894 2172 1964 patriar-

584 1998 689 2054 cha
723 1995 852 2051 fecit
880 1993 1203 2058 orationem,
1230 1998 1286 2046 et
1323 1989 1602 2047 coronavit
1640 1987 1769 2057 imp.
1804 1985 1971 2040 lilium
1993 2000 2172 2053 suum,

583 2098 642 2147 et
667 2090 742 2145 ita
768 2086 1031 2160 processit
1052 2085 1118 2140 ad
1149 2097 1397 2153 magnam
1436 2080 1723 2137 ecclesiam
1750 2086 1980 2147 uterque
2006 2077 2174 2147 impe-

592 2193 744 2241 rator
773 2199 895 2239 cum
921 2182 1131 2237 duobus
1157 2177 1459 2235 Caesaribus
1476 2217 1492 2245 ,
1528 2183 1584 2230 et
1610 2174 1783 2227 tribus
1810 2170 2173 2226 nobilissimis.

587 2275 865 2333 Processit
891 2282 1070 2329 autem
1103 2280 1157 2327 et
1185 2268 1502 2341 imperatrix
1542 2267 1765 2333 Eirene,
1795 2280 1916 2321 cum
1946 2277 2175 2334 praeces-

587 2369 788 2424 sissent
811 2366 1188 2435 imperatores,
1211 2360 1441 2432 sceptris
1457 2356 1879 2428 obsequentihus
1900 2369 1998 2426 per
2017 2354 2179 2409 scho-

587 2458 671 2513 las
696 2455 961 2520 antelatis,
993 2461 1049 2509 et
1078 2451 1488 2509 ascendentibus
1510 2462 1607 2520 per
1628 2461 1790 2502 :enete
1802 2453 1968 2515 portae
1990 2459 2179 2501 ascen-

587 2562 710 2603 sum
753 2546 807 2600 in
837 2556 860 2582 ιι
892 2543 1262 2599 cathecumeni
1290 2541 1599 2608 ecclesiam,
1639 2554 1749 2595 non
1779 2540 1966 2594 exiens
1988 2537 2042 2591 in
2063 2537 2180 2607 pla-

590 2646 735 2693 team
790 2636 1021 2692 Emboli.
1053 2636 1229 2691 Mense
1247 2650 1378 2690 vero
1406 2633 1546 2690 Maio
1584 2632 1831 2703 ejusdem
1871 2630 2182 2687 indictionis

591 2736 878 2785 accusatus
906 2735 990 2782 est
1028 2726 1360 2797 Nicephorus
1410 2726 1589 2781 Caesar
1609 2764 1625 2793 ,
1664 2733 1721 2782 et
1750 2725 1915 2781 frater
1944 2726 2179 2796 impera-

596 2821 753 2886 toris,
785 2820 928 2891 quod
951 2819 1171 2876 insidias
1192 2820 1580 2876 construxisset
1607 2819 1868 2876 adversus
1908 2834 2033 2874 eum
2054 2832 2180 2874 cn-

590 2911 907 2981 quibusdam
935 2910 1184 2981 spatariis
1206 2951 1222 2977 ,
1254 2919 1419 2982 atque
1442 2910 1768 2967 stratoribus
1792 2951 1810 2979 ,
1839 2909 2067 2980 aliisque
2091 2922 2183 2965 re-

590 3003 695 3073 giis
748 3002 1085 3069 hominibus,
1136 3011 1189 3058 et
1237 3002 1379 3059 facto
1434 3003 1729 3072 imperator
1780 3001 1998 3058 silentio
2038 3000 2182 3069 apud

590 3097 937 3166 Magnauram
966 3135 981 3161 ,
1012 3094 1263 3167 exposuit
1317 3096 1514 3165 populo
1563 3108 1684 3164 quae
1737 3093 1806 3151 de
1859 3108 1919 3149 se
1960 3092 2177 3150 fuerant

592 3186 758 3243 dicta.
790 3185 890 3252 Qui
932 3166 1253 3241 unanimiter
1281 3187 1719 3242 exclamaveruut
1739 3194 1798 3241 ut
1817 3193 2046 3255 uterque
2074 3199 2166 3241 re-
2201 3166 2250 3233 ο

594 3277 813 3332 cederet
832 3290 863 3331 e
889 3277 1087 3339 medio,
1132 3291 1242 3331 non
1270 3286 1632 3332 memorantes
1651 3318 1666 3344 ,
1694 3292 1907 3346 semper
1939 3276 2172 3348 perjuri,

595 3381 658 3422 se
682 3367 821 3436 patri
848 3380 1036 3422 eorum
1062 3366 1273 3436 jurasse
1293 3384 1401 3425 non
1430 3370 1761 3425 admissuros
1790 3379 1910 3441 post
1939 3380 2175 3426 mortem

596 3456 714 3527 ejus
744 3457 989 3527 injuriam
1014 3458 1122 3529 pati
1149 3467 1304 3514 natos
1329 3459 1465 3528 ejus.
1498 3459 1596 3515 Ast
1626 3464 1920 3531 imperator
1948 3462 2177 3518 rebelles

596 3563 767 3605 caesos
815 3559 871 3603 et
912 3558 1097 3604 tensos
1139 3549 1331 3605 exsilio
1377 3550 1679 3617 damnavit,
1735 3562 1787 3606 et
1823 3552 1963 3621 apud
2011 3551 2179 3607 Cher-

594 3654 786 3696 sonam
832 3640 1145 3709 deportatos
1198 3637 1316 3694 fore
1344 3639 1601 3706 decrevit,
1632 3649 1687 3696 et
1713 3641 1928 3695 climata
1958 3626 2048 3695 illa
2077 3641 2178 3697 sub

595 3730 847 3786 custodia
896 3737 951 3785 et
981 3730 1274 3785 munimine
1295 3734 1688 3787 conservanda.
1737 3733 1894 3789 Anno
1939 3734 2177 3789 secundo

594 3822 808 3894 imperii
850 3821 1045 3878 Leonis
1075 3823 1313 3893 confugit
1342 3823 1618 3882 Telericus
1644 3826 1902 3895 Bulgaria:
1930 3828 2179 3883 dominus

595 3913 666 3968 ad
695 3913 1074 3984 imperatorem
1095 3954 1111 3979 ,
1139 3914 1228 3981 qui
1255 3915 1383 3970 fecit
1431 3931 1555 3972 eum
1586 3918 1893 3987 patricium,
1942 3918 2178 3989 jungens

595 4004 677 4059 illi
726 4004 909 4060 uxoris
962 4018 1071 4058 sua:
1120 4002 1312 4061 Eirene
1361 4008 1765 4062 consobrinam.
1813 4006 1948 4062 Cum
1998 4016 2179 4063 autem

593 4095 927 4164 baptizatum
949 4109 1073 4149 eum
1091 4108 1161 4150 ex
1181 4103 1367 4152 sancta
1391 4096 1591 4165 piscina
1614 4099 1956 4167 suscepisset,
1976 4097 2183 4166 magni-

595 4190 699 4244 ﬁce
721 4190 1008 4246 honoravit
1033 4188 1255 4259 pariter,
1288 4198 1345 4246 et
1366 4191 1585 4244 amavit.
1616 4190 1773 4246 Anno
1812 4190 1972 4245 tertio
2002 4190 2177 4260 impe-

593 4280 661 4335 rii
688 4278 887 4335 Leonis
914 4278 1055 4335 sedit
1094 4279 1331 4335 lthumas
1361 4279 1504 4348 apud
1535 4279 1858 4345 Dabechum,
1885 4288 1940 4334 et
1966 4279 2182 4335 seditio-

544 4380 545 4385 ‘
597 4387 722 4427 nem
777 4370 1090 4426 commovit.
1141 4370 1253 4427 Leo
1310 4380 1494 4426 autem
1543 4371 1761 4426 militias
1809 4371 2177 4427 Romanorum

595 4463 811 4531 direxit,
833 4471 888 4518 et
909 4463 1148 4532 ingressa
1178 4471 1304 4519 sunt
1330 4461 1543 4534 Syriam
1567 4479 1597 4519 c
1637 4464 1822 4530 millia,
1849 4465 2043 4533 quibus
2072 4465 2176 4519 du-

597 4568 689 4608 ees
717 4562 871 4607 erant
889 4554 1115 4608 Michael
1144 4553 1565 4610 Lachanodraco
1596 4554 2029 4622 Thracesiorum,
2049 4556 2181 4611 bAr—
2205 4538 2261 4598 D

550 4656 553 4657 '
596 4642 824 4699 tavadus
881 4644 1166 4700 Armenius
1214 4643 1854 4716 Orientalium,Tazates
1907 4649 2185 4706 Buccella-

595 4734 828 4798 riorum,
864 4743 919 4787 et
942 4732 1249 4790 Basterotes
1292 4737 1735 4793 Arrneniacorum
1759 4780 1773 4806 ,
1805 4747 1860 4794 et
1888 4739 2183 4810 Gregorius

597 4824 1069 4881 Obsicianensium
1118 4834 1403 4897 praetores,
1457 4839 1513 4883 et
1562 4830 2033 4885 circumdederunt
2059 4830 2185 4886 Ger-

596 4917 908 4984 maniciam,
944 4916 1033 4972 ubi
1060 4926 1177 4973 erat
1207 4931 1231 4960 ο
1256 4918 1397 4974 Isbal
1426 4918 1567 4975 ﬁlius
1595 4919 1772 4990 Mady,
1800 4928 1854 4976 et
1882 4922 2185 4991 apprehen-

600 5009 797 5064 derunt
822 5025 1011 5066 omnes
1034 5010 1270 5067 camelos
1298 5010 1416 5081 ejus
1442 5051 1458 5078 ,
1505 5019 1561 5066 et
1598 5010 1835 5066 futurum
1865 5020 1983 5066 erat
2009 5021 2066 5066 ut
2086 5027 2178 5067 ca-

598 5108 792 5169 perent
817 5100 978 5155 etiam
1009 5098 1406 5156 Germaniciam
1430 5145 1444 5170 ,
1474 5101 1577 5157 nisi
1628 5101 1939 5158 muneribus
1961 5116 2184 5173 persua-

597 5196 757 5248 sisset
785 5192 1262 5251 l.achanodraconi
1281 5193 1463 5258 lshali,
1487 5203 1543 5250 et
1566 5195 1885 5251 recessisset
1913 5209 1943 5249 a
1964 5204 2144 5251 castro
2162 5234 2180 5263 ,

600 5292 657 5338 et
685 5285 851 5339 exivit
899 5285 952 5338 in
1002 5287 1238 5356 praedam
1279 5288 1554 5357 regionis,
1602 5295 1658 5342 et
1700 5288 2183 5358 captivatisbaere—

598 5374 720 5429 ticis
765 5373 1027 5431 Jacobitis
1075 5378 1247 5448 Syris,
1287 5379 1480 5434 iterum
1503 5378 1570 5432 ad
1598 5387 1774 5434 castra
1797 5394 2047 5436 reversus
2076 5389 2179 5438 est.

602 5464 850 5520 Etmisso
877 5463 1116 5521 ltbumas
1143 5470 1384 5524 exercitu
1411 5484 1444 5525 a
1473 5469 1724 5527 Debecho
1746 5478 1800 5527 et
1819 5457 2177 5538 Ainiradibus,

673 5622 701 5651 ⁸
738 5616 849 5701 AL,
867 5621 1255 5701 catechumenia
1272 5625 1521 5683 ecclesia.
1550 5625 1613 5683 P.
1654 5627 1820 5696 Pith.,
1850 5629 2177 5686 catechume-

599 5701 671 5741 na
700 5688 947 5743 ecclesia.

676 5756 701 5794 ⁸³
739 5756 822 5812 Al.
834 5798 849 5826 ,
877 5760 1216 5818 Artanasdus.

2276 1902 2343 1956 Et
2369 1901 2723 1957 incenderunt
2774 1899 2875 1971 ipsi
2906 1899 3155 1970 primitus
3206 1907 3313 1954 tam
3361 1897 3532 1969 pabula
3554 1912 3729 1968 equorum

2275 2008 2434 2063 quam
2474 2008 2628 2049 escas
2654 1992 2959 2061 ubicunque
2983 1992 3210 2048 fuissent
3236 1990 3467 2046 inventa.
3491 1988 3596 2045 Cum
3614 1996 3729 2042 autem

2276 2085 2578 2142 residerent
2626 2084 2828 2141 Dorilei
2853 2085 3045 2141 diebus
3080 2083 3376 2156 quindecim
3398 2124 3411 2150 ,
3440 2081 3731 2139 etdel‘ecisseut

2278 2180 2380 2235 sibi
2407 2193 2526 2248 quae
2549 2177 2715 2234 victui
2746 2185 2871 2233 sunt
2916 2176 3223 2233 necessaria
3246 2218 3261 2243 ,
3293 2175 3463 2231 exsilia
3487 2173 3633 2229 etlecta
3656 2180 3733 2226 sunt

2279 2287 2467 2328 eorum
2506 2270 2755 2326 animalia
2773 2310 2787 2335 ,
2812 2270 3090 2341 multaque
3115 2271 3169 2325 in
3216 2269 3291 2326 eis
3312 2269 3473 2341 praeda
3496 2276 3653 2339 patrata
3672 2272 3733 2320 est.

2279 2363 2347 2418 Et
2372 2362 2577 2419 reversi
2624 2370 2770 2428 sunt,
2817 2369 2872 2416 et
2917 2361 3245 2417 obsederunt
3287 2359 3534 2415 Amorium
3565 2357 3631 2413 die
3650 2369 3733 2419 uno;

2280 2454 2424 2523 quod
2455 2468 2579 2508 cum
2630 2451 2889 2506 vidissent
2934 2450 3205 2506 munitum
3249 2465 3397 2518 esse,
3423 2457 3472 2505 et
3495 2448 3665 2505 multam
3682 2445 3736 2499 ba-

2280 2543 2410 2601 bere
2456 2551 2780 2599 armaturam
2811 2581 2827 2607 ,
2883 2542 3092 2598 reversi
3146 2550 3270 2597 sunt
3312 2542 3433 2600 nihil
3478 2537 3733 2609 proﬁcientes.

2281 2637 2440 2691 Anno
2466 2637 2657 2705 quinto
2688 2634 2898 2706 imperii
2929 2633 3131 2691 Leonis
3155 2634 3294 2690 veni'
3320 2630 3461 2704 Mady
3480 2632 3659 2685 Arabum
3672 2624 3737 2679 dux

2282 2728 2591 2785 Dabechum
2643 2744 2765 2784 cum
2816 2728 2986 2784 multo
3033 2735 3318 2798 apparatu,
3348 2733 3495 2796 atque
3527 2728 3734 2793 potentatu,

2282 2830 2339 2878 et
2363 2821 2527 2878 misso
2552 2821 2661 2877 lilio
2702 2836 2802 2877 suo
2854 2821 2909 2876 in
2955 2820 3295 2882 Romaniam,
3319 2820 3427 2890 ipse
3450 2816 3580 2872 rediit
3600 2813 3647 2867 ad
3664 2827 3740 2867 san-

2283 2923 2426 2971 ctam
2456 2915 2751 2980 civitatem,
2797 2922 2855 2969 et
2898 2911 3047 2968 misit
3067 2912 3320 2979 Thesian,
3341 2911 3427 2981 qui
3446 2902 3740 2965 dicebalurZe-

2284 3008 2444 3075 lotes,
2474 3013 2530 3063 et
2565 3005 2656 3061 dat
2685 3005 2733 3062 ei
2762 3013 3088 3077 potestatem
3130 3010 3396 3075 apostatas
3440 2996 3628 3055 faciendi
3646 2992 3741 3049 Chri-

2288 3098 2596 3153 stianorum
2620 3111 2806 3152 servos
2823 3137 2839 3163 ,
2880 3102 2935 3150 et
2959 3092 3241 3151 desolandi
3269 3090 3499 3148 ecclesias
3521 3094 3689 3147 sanctas,
3706 3089 3740 3136 et

2280 3190 2429 3244 venit
2459 3190 2688 3245 Emesan
2722 3231 2738 3256 ,
2770 3197 2825 3244 et
2855 3188 3189 3259 repromittit
3217 3202 3276 3243 se
3305 3202 3405 3243 non
3440 3181 3687 3255 compellere
3701 3174 3742 3230 ad

2281 3281 2309 3322 ἀ
2336 3281 2805 3339 menzerizandum
2828 3321 2845 3347 ,
2876 3281 2979 3336 nisi
3004 3296 3100 3337 eos
3136 3282 3227 3351 qui
3255 3278 3440 3336 dudum
3464 3293 3521 3333 ex
3542 3269 3742 3331 inﬁdelibus

2280 3373 2733 3442 fuissent,donec
2754 3373 3003 3444 patefacti
3043 3383 3172 3429 sunt
3214 3371 3417 3428 Hebrtei
3457 3377 3505 3425 et
3527 3358 3738 3423 Christiani.

2282 3469 2351 3524 Et
2372 3467 2555 3524 statim
2577 3468 2743 3537 erepit
2767 3467 2931 3537 impie
2952 3467 3219 3533 cruciare,
3245 3467 3382 3522 sicut
3402 3477 3489 3518 nec
3508 3458 3646 3532 Lysias
3662 3452 3740 3508 olim

2282 3562 2369 3616 vel
2414 3559 2763 3631 Agricolaus,
2813 3558 3121 3628 multosque
3171 3557 3411 3628 perdidit.
3450 3552 3567 3608 Sane
3594 3544 3741 3606 (enim

2283 3653 2456 3724 gratia
2481 3652 2678 3708 Christi
2713 3650 2808 3706 Dei
2837 3651 3029 3719 nostri,
3060 3649 3308 3705 vicerunt
3329 3647 3439 3718 ejus
3476 3636 3742 3699 insaniamid

2282 3746 2368 3801 has
2410 3760 2536 3802 cum
2582 3743 2893 3799 nubitenses
2933 3749 3119 3797 essent
3146 3734 3494 3796 archidiaconi
3526 3730 3741 3788 Ernest.“

2282 3834 2378 3891 ﬁlii
2403 3835 2575 3903 lsaiaz,
2595 3834 2823 3890 multum
2851 3834 3125 3898 cruciatus,
3173 3848 3295 3889 cum
3317 3846 3419 3887 non
3445 3816 3739 3914 cessissent

2282 3928 2495 4000 piem”
2544 3927 2760 3983 ¹¹³ί¹¹θ¹¹³
2787 3927 2990 3997 quippe
3039 3925 3206 3996 “aura
3257 3923 3569 3993 recipientes,
3609 3906 3736 3969 eius

2282 4019 2466 4075 multis
2515 4018 2841 4076 cruciatibus
2894 4024 3196 4084 attentatae,
3262 4028 3500 4071 coronam
3542 4001 3740 4061 victoria:

2282 4111 2501 4168 Christo
2541 4120 2923 4183 perceperunt.
2954 4110 3211 4167 Pervenit
3256 4117 3429 4165 autem
3468 4112 3516 4161 et
3536 4111 3658 4170 usque
3676 4093 3739 4146 llu-

2285 4218 2549 4272 muscum,
2582 4214 2639 4259 et
2666 4204 2863 4259 multas
2889 4202 3148 4259 ecclesias
3175 4203 3414 4258 desertas
3433 4198 3566 4260 fecit,
3587 4205 3660 4246 non
3690 4186 3739 4239 iﬂ'

2286 4294 2511 4351 tendens
2530 4293 2658 4350 dato
2680 4292 2999 4350 Christianis
3022 4294 3191 4349 verbo
3208 4294 3276 4350 ab
3296 4290 3551 4347 Arabibus.
3569 4282 3739 4338 hiem

2284 4394 2476 4440 octava
2501 4382 2623 4440 ldus
2650 4383 2779 4439 Feb.
2813 4392 3028 4440 mortuo
3056 4383 3245 4440 Niceta
3267 4423 3283 4451 ,
3327 4383 3391 4438 de
3415 4395 3512 4451 quo
3534 4371 3740 4447 pretim

2286 4486 2408 4544 est,
2452 4476 2995 4548 Constantinopoleos
3031 4476 3315 4548 episcopo,
3359 4472 3568 4531 secunda
3591 4458 3743 4537 jejunio-

2287 4588 2409 4629 rum
2437 4572 2793 4637 hebdomada,
2824 4564 3244 4641 die.Dominico,
3287 4570 3475 4626 Paulus
3497 4551 3741 4622 honorabilis,

2286 4680 2485 4736 genere
2513 4663 2756 4738 Cyprius,
2787 4664 2954 4719 verbo
2992 4672 3049 4719 et
3075 4671 3203 4721 actu
3232 4673 3525 4725 contactum.
3566 4643 3742 4725 pOSlPl"

2285 4761 2477 4813 rimam
2503 4767 2723 4829 propter
2742 4757 2988 4813 haeresim
3008 4772 3116 4826 qua
3139 4757 3420 4813 tenebatur
3432 4744 3740 4829 excusationem.

2285 4849 2337 4903 vi
2382 4826 2551 4903 multa
2580 4848 2942 4919 compellente
2994 4856 3349 4905 consecratur
3387 4826 3741 4916 patriarchaW

2283 4940 2728 5011 stantinopoleos.
2773 4940 2947 4997 Media
2984 4956 3116 4997 vero
3145 4937 3473 4997 hebdomada
3517 4927 3741 5001 jejunio!um

2284 5039 2469 5089 tentus
2522 5041 2606 5088 est
2650 5029 2885 5087 Iacobus
2938 5032 3401 5104 protospatarius,
3443 5034 3492 5082 et
3528 5018 3743 5108 Palma?c

2282 5122 2572 5191 Strateius,
2601 5133 2656 5180 et
2683 5099 3057 5194 Theophanes,
3089 5099 3421 5188 cubicularii,
3450 5129 3541 5173 una
3563 5099 3744 5199 caluitiiis
3848 5172 3849 5199 ξ

2284 5217 2551 5287 religiosis
2590 5218 2739 5287 viris,
2767 5233 2835 5274 eo
2863 5218 3005 5289 quod
3050 5219 3312 5289 imagines
3354 5214 3615 5271 adorarent.
3648 5196 3745 5253 TW
3848 5196 3849 5271 ἓ

2283 5307 2560 5364 denudans
2597 5310 2866 5365 occultam
2893 5309 3152 5366 malitiam
3207 5323 3382 5375 suam,
3429 5304 3524 5360 Leo
3570 5300 3743 5368 ροηοω·

2283 5398 2418 5453 toris
2444 5398 2607 5468 filius,
2633 5400 2811 5457 ethos
2832 5400 3329 5458 immisericorditer
3355 5409 3524 5458 οπεος,
3547 5389 3741 5471 omni?

2281 5496 2338 5543 οι
2359 5503 2456 5560 Per
2478 5464 2714 5547 medium
2737 5492 2884 5548 urbis
2909 5492 3119 5550 vinctos
3138 5488 3384 5562 pompari
3402 5484 3530 5549 fecit,
3551 5486 3596 5536 et
3612 5464 3742 5531 includi

2353 5647 2377 5713 ἦ
2402 5644 2514 5713 AL,
2543 5644 2846 5703 Isbalillu'us

2352 5710 2380 5757 9'
2411 5710 2519 5785 AL,
2563 5716 2819 5788 Nagara.

2065 5822 2110 5851 3‘?
2186 5818 2231 5848 Ἰ

2212 5874 2215 5877 λ
2230 5874 2235 5881 ι
