3956 6342
208 353 227 387 ί

216 362 386 469 ius

1216 386 1531 449 HISTORIA
1568 377 1927 443 MISCELLA.
1966 406 2037 421 —-
2076 376 2201 434 LIB.
2245 376 2437 435 XXlll.

3344 367 3483 431 “ll

214 486 291 581 νἱιι
311 514 561 592 praetorio
607 508 922 577 mandavit,
976 507 1118 563 inter
1141 520 1281 577 quos
1309 505 1481 560 dictus
1502 502 1664 559 etiam
1697 514 1809 554 mo-
1839 496 1890 558 Λ
1914 510 2033 550 cum
2063 494 2379 550 confusione
2404 501 2528 548 sunt
2555 494 2772 549 reversi.
2804 491 3097 565 Cmperunt
3123 492 3329 548 interea
3353 489 3482 563 piis-

230 615 369 673 ritur
410 605 767 678 Theophanes
817 601 1098 659 confessor
1143 597 1408 662 enectus,
1454 603 1510 651 et
1548 608 1804 651 coronam

229 704 478 779 martyrii
490 708 809 760 consecutus
836 718 847 753 :
878 698 1069 770 reliqui
1087 703 1268 752 autem
1294 698 1620 763 omnespost
1647 688 1807 760 hujus

232 801 443 859 obitum
476 795 687 869 probati
738 791 989 849 monachi
1018 788 1223 846 inventi
1276 794 1424 843 sunt.
1477 788 1573 840 Ast
1626 783 1808 838 Aaron

230 893 503 960 ingressus
548 886 990 945 Armeniacorum
1022 884 1224 943 thema,
1277 878 1485 935 obsedit
1528 876 1811 933 Semaluos

229 981 513 1039 castellum
567 985 755 1033 aestate
798 983 934 1042 tota,
986 981 1042 1029 et
1090 968 1395 1042 Septembri
1438 979 1626 1022 mense
1670 965 1815 1034 cepit

228 1074 369 1132 illud
414 1073 469 1128 in
497 1072 687 1126 verbo.
745 1068 961 1123 Miserat
1013 1073 1193 1120 autem
1246 1060 1491 1115 lthuman
1546 1057 1597 1110 in
1628 1055 1812 1110 Asiam

229 1182 359 1226 cum
379 1162 760 1237 quinquaginta
787 1160 1040 1225 millibus,
1070 1164 1123 1214 et
1142 1168 1435 1212 occurrens
1461 1150 1686 1206 Michael
1708 1148 1812 1203 La-

228 1255 575 1315 chanodraco
631 1266 792 1308 cursu
829 1248 1042 1304 modico
1097 1261 1197 1303 suo
1236 1241 1524 1298 debellavit
1569 1254 1714 1305 eum,
1762 1244 1817 1293 et

223 1348 496 1420 iugulavit
528 1344 746 1399 fratrem
771 1340 1011 1396 lthumre.
1048 1336 1357 1405 Eodemque
1392 1347 1599 1400 mense,
1626 1336 1815 1400 quarta

231 1438 553 1505 indictione,
603 1442 841 1489 mortuus
870 1438 953 1485 est
1007 1428 1114 1484 Leo
1159 1426 1298 1481 filius
1326 1420 1669 1479 Constantini
1712 1421 1817 1474 hoc

230 1526 419 1584 modo.
450 1524 584 1581 Cum
608 1532 633 1560 α
666 1522 927 1579 insaniret
966 1518 1111 1575 circa
1141 1516 1367 1588 lapides,
1418 1513 1577 1569 nimis
1603 1512 1819 1566 adama-

229 1622 315 1677 vit
342 1636 599 1678 coronam
639 1632 849 1690 magnae
890 1615 1166 1681 ecclesiae,
1206 1621 1261 1668 et
1285 1610 1556 1681 accipiens
1585 1606 1820 1680 portavit

231 1728 381 1782 eam,
412 1721 469 1768 et
486 1712 735 1770 exierunt
763 1706 1078 1767 carbunculi
1108 1706 1163 1760 in
1183 1703 1361 1775 capite
1382 1701 1521 1772 ejus,
1552 1707 1604 1755 et
1630 1705 1820 1769 captus

1911 586 2034 641 simi
2067 585 2333 655 principes
2364 583 2681 639 Iiducialiter
2712 600 2893 654 agere,
2919 592 2974 639 et
3022 584 3241 638 verbum
3270 580 3482 639 Domini

1909 676 2158 744 dilatare,
2188 687 2242 733 et
2266 678 2357 747 qui
2402 677 2653 734 volebant
2680 677 2915 744 salvari,
2966 676 3083 732 sine
3120 675 3485 746 prohibitione

1910 767 2111 823 mundo
2138 767 2519 823 abrenuntiare
2544 812 2557 835 ,
2612 777 2667 824 et
2704 766 3150 839 gloriflcalionem
3186 765 3279 819 Dei
3336 764 3485 820 exal-

1911 864 2049 923 tare,
2078 873 2143 914 ac
2169 858 2492 913 monasteria
2542 872 2788 913 recreare
2810 898 2825 924 ,
2884 864 3044 925 atque
3096 869 3256 910 omne
3283 854 3485 917 bonum

1911 947 2275 1004 manifestare.
2303 947 2417 1003 Hoc
2440 949 2604 1003 etiam
2646 962 2787 1003 anno
2817 948 2869 1001 in
2902 946 3073 1015 longis
3102 945 3324 1000 Thraem
3372 961 3486 999 mu-

1911 1040 1989 1096 ris
2014 1040 2228 1112 quidam
2256 1041 2421 1099 homo
2442 1042 2649 1098 fodiens
2680 1042 2883 1096 invenit
2917 1039 2942 1078 δ
2971 1055 3152 1095 arcam
3182 1040 3446 1109 lapideam
3467 1079 3483 1105 ,

1911 1147 2072 1203 quam
2099 1147 2221 1189 cum
2267 1141 2618 1204 expurgasset
2643 1141 2699 1188 et
2725 1132 3050 1194 relevasset,
3085 1130 3285 1201 reperit
3310 1130 3483 1183 virum

1908 1223 2199 1294 jacentem,
2235 1230 2291 1278 et
2329 1222 2720 1292 conglutinatas
2746 1234 2887 1278 arcae
2924 1221 3131 1277 litteras
3151 1220 3490 1276 continentes

1917 1313 2063 1369 haec:
2094 1313 2339 1369 Christus
2380 1321 2630 1370 nascetur
2655 1328 2723 1369 ex
2762 1312 2968 1381 virgine
3010 1311 3197 1379 Maria,
3222 1319 3277 1367 et
3331 1309 3492 1367 credo

1916 1404 1970 1460 in
1992 1420 2147 1471 eum;
2176 1404 2277 1461 sub
2295 1404 2653 1461 Constantino
2682 1412 2738 1461 et
2765 1403 2961 1460 Eirene
2987 1402 3423 1475 imperatoribus,
3456 1416 3489 1458 ο

1917 1497 2019 1565 sol,
2050 1498 2241 1553 iterum
2270 1512 2358 1555 me
2389 1496 2611 1553 videbis.

1993 1589 2144 1645 Anno
2168 1589 2407 1647 secundo
2433 1588 2774 1646 Constantini
2800 1596 2857 1645 et
2885 1586 3081 1645 Eirene
3103 1629 3121 1656 ,
3179 1587 3373 1643 direxit
3396 1587 3496 1644 Ei-

1918 1697 2051 1739 rena
2071 1682 2417 1739 Constantem
2443 1683 2803 1747 sacellarium,
2836 1690 2891 1737 et
2937 1681 3222 1737 Mamalum
3247 1682 3498 1752 primice-

231 1820 265 1859 a
288 1774 463 1859 valida
503 1802 672 1871 febre,
728 1807 975 1856 mortuus
1027 1805 1133 1863 est,
1189 1774 1311 1852 cum
1363 1798 1642 1863 regnasset
1666 1789 1821 1847 armis
1848 1859 1898 1871 ᾗ
1920 1776 2061 1831 rium
2090 1776 2158 1831 ad
2186 1776 2434 1831 Carolum
2467 1775 2799 1831 Francorum
2814 1789 3016 1845 regem,
3039 1789 3146 1846 quo
3170 1774 3332 1829 filiam
3347 1791 3494 1831 suam

230 1896 494 1969 quinque,
525 1894 711 1952 diebus
730 1907 846 1950 sex.

522 2048 1040 2109 CONS’I'ANTINUS
1056 2090 1072 2119 ,
1113 2047 1202 2105 ET
1241 2045 1517 2105 EIRENE.

310 2212 467 2270 Anno
493 2211 560 2268 ab
585 2210 963 2267 lncarnatione
1006 2206 1220 2262 Domini
1250 2204 1402 2275 ,774,
1445 2203 1644 2261 Eirene
1689 2201 1822 2273 piis-

232 2303 399 2369 sima,
421 2318 525 2358 una
549 2317 671 2358 cum
703 2300 813 2355 filio
842 2313 942 2355 suo
981 2297 1341 2354 Constantino
1366 2295 1600 2365 gloriose
1649 2294 1824 2364 impe-

232 2397 382 2451 rium
404 2394 661 2450 divinitus
703 2391 946 2460 accepit,
997 2398 1151 2445 sexta
1196 2388 1320 2444 Idus
1340 2384 1644 2458 Septemb.,
1688 2384 1826 2441 indi-

233 2491 423 2547 ctione
483 2496 709 2558 quarta,
757 2501 881 2542 cum
951 2484 1211 2540 mirabilis
1256 2483 1638 2554 praedicaretur
1684 2482 1826 2537 Deus

233 2583 409 2642 etiam
436 2582 489 2636 in
515 2582 638 2646 hoc,
665 2593 763 2650 per
814 2578 1028 2633 viduam
1084 2577 1338 2633 feminam
1374 2587 1430 2633 et
1483 2592 1707 2648 puerum
1736 2566 1826 2631 6r-

235 2672 479 2745 pbanum
504 2670 778 2741 depositus
805 2669 1120 2724 immensam
1149 2674 1338 2723 contra
1384 2680 1444 2722 se
1494 2665 1827 2735 famulosque

236 2779 375 2823 suos
412 2763 765 2835 impietatem,
789 2769 845 2816 et
872 2760 975 2815 adv
994 2774 1146 2815 ersus
1165 2766 1388 2814 cunctas
1414 2758 1684 2814 Ecclesias
1711 2772 1828 2813 mo-

238 2865 357 2916 tam
369 2857 759 2928 impugnatoris
780 2854 885 2921 Dei
897 2852 1231 2909 Constantini
1248 2852 1606 2925 tyrannidem,
1622 2859 1679 2906 et
1698 2850 1827 2907 oim

237 2952 447 3012 diaboli
493 2951 850 3023 piscatorem,
901 2953 958 3001 et
992 2946 1392 3002 illitteratorum
1440 2944 1825 3001 infirmitatem.

239 3046 378 3103 Post
402 3044 755 3115 quadraginta
778 3056 912 3099 vero
941 3040 1059 3098 dies
1114 3037 1328 3110 imperii
1358 3038 1496 3108 ejus,
1519 3052 1642 3093 cum
1691 3037 1829 3093 filius

240 3139 364 3210 ejus
384 3146 526 3195 esset
554 3138 740 3194 decem
763 3151 1049 3200 annorum,
1080 3133 1366 3191 consilium
1424 3132 1683 3188 facientes
1706 3131 1827 3203 qui-

244 3229 374 3286 dam
401 3237 714 3286 senatorum
736 3228 1029 3285 voluerunt
1071 3225 1307 3283 educere
1321 3223 1682 3294 Nicephorum
1712 3223 1828 3279 Car-
1848 3226 1901 3292 α

240 3333 447 3390 sarem,
471 3330 525 3379 et
576 3322 951 3393 imperatorem
976 3327 1235 3376 statuere.
1263 3320 1398 3373 Cum
1427 3328 1607 3373 autem
1633 3318 1735 3374 hoc
1760 3318 1829 3374 ad

236 3415 493 3473 notitiam
524 3428 677 3469 suam
708 3413 1061 3485 pervenisset,
1102 3412 1236 3468 tenti
1267 3418 1396 3467 sunt
1431 3410 1726 3480 Gregorius
1750 3410 1829 3467 lo-

241 3505 468 3576 gotheta
494 3503 691 3570 dromi,
721 3513 779 3560 et
803 3504 1006 3560 Bardas
1053 3502 1256 3559 dudum
1296 3510 1496 3573 praitor
1551 3503 1832 3557 Armenia-
1868 3520 1871 3523 ν

245 3613 461 3663 eorum,
491 3596 984 3667 Constantinusque
1010 3596 1196 3651 vicarii
1236 3594 1531 3666 spatarius,
1565 3602 1618 3649 et
1645 3595 1833 3649 dome-

245 3692 418 3749 sticus
437 3689 831 3755 excubitorum,
854 3695 912 3744 et
935 3688 1373 3760 Theophylactus
1400 3686 1621 3756 rangabi
1656 3684 1833 3741 dron-

245 3785 434 3857 garius
461 3783 796 3839 duodecima:
823 3780 1028 3848 insulas,
1058 3789 1115 3836 et
1133 3780 1286 3835 multi
1308 3780 1399 3835 alii
1425 3818 1440 3844 ,
1482 3794 1618 3850 quos
1665 3793 1834 3835 caesos

247 3883 311 3932 et
338 3883 523 3930 tensos
550 3873 604 3928 in
620 3872 847 3929 diversis
867 3871 1214 3928 locis‘exsilio
1235 3871 1516 3940 relegavit.
1543 3869 1713 3926 Porro
1732 3870 1831 3925 viri

244 3965 343 4037 gui
370 3964 585 4034 fratres,
603 3962 863 4031 Cmsares,
896 3978 962 4020 ac
1010 3963 1407 4030 nobilissimos,
1448 3972 1635 4019 tonsos
1666 3977 1838 4018 sacer-

249 4058 408 4115 dotio
429 4056 597 4127 fungi,
628 4064 686 4112 et
712 4056 915 4128 pepulo
947 4054 1385 4111 communionem
1438 4056 1491 4109 in
1548 4054 1836 4111 festivitate

250 4148 563 4206 Nativitatis
584 4148 786 4204 Christi
816 4147 1092 4217 porrigere
1122 4144 1276 4211 fecit,
1299 4146 1353 4201 in
1402 4145 1840 4225 quaprocedens

251 4240 608 4311 imperatorio
628 4254 780 4296 more
806 4239 1018 4311 publice
1039 4253 1163 4294 cum
1192 4252 1384 4309 puero,
1412 4238 1644 4293 reddidit
1666 4238 1838 4294 eccle-

249 4332 353 4389 sia:
375 4339 630 4399 stemma,
654 4331 800 4400 quod
837 4330 1014 4386 fuerat
1036 4346 1065 4385 a
1088 4330 1283 4386 marito
1308 4329 1566 4395 ablatum,
1593 4329 1842 4399 pulcher-

252 4424 397 4482 rime
422 4423 797 4488 fabrefactum,
826 4430 883 4477 et
904 4422 1170 4492 lapidibus
1194 4422 1451 4492 pretiosis
1477 4431 1839 4477 venustatum.

254 4515 539 4572 Promovit
558 4523 737 4570 autem
760 4511 1064 4583 Helpidium
1096 4521 1385 4583 praetorem
1434 4515 1487 4568 in
1519 4513 1720 4580 Sicilia,
1748 4513 1839 4584 qui

251 4602 459 4660 et'illic
485 4611 613 4659 ante
642 4610 841 4672 praetor
853 4603 1155 4658 exstiterat.
1182 4602 1351 4659 Porro
1372 4602 1585 4658 decima
1615 4604 1844 4673 septima

254 4694 489 4752 Kalend.
511 4694 634 4749 Maii
660 4702 945 4750 accusatus
961 4701 1048 4749 est
1067 4693 1208 4749 idem
1232 4693 1533 4764 Helpidius,
1557 4694 1701 4765 quod
1724 4711 1846 4750 cum

250 4785 563 4843 Cesaribus
582 4786 829 4852 sentiret,
849 4794 904 4840 et
918 4784 1085 4840 misso
1107 4783 1408 4854 Theophilo
1428 4787 1687 4857 spatario,
1706 4802 1846 4857 prae-

252 4877 485 4947 cepitut
505 4874 826 4946 compendio
845 4883 1082 4942 raperet,
1109 4883 1166 4930 et
1184 4874 1409 4930 duceret
1436 4891 1558 4931 eum
1583 4894 1597 4942 ;
1624 4877 1848 4945 quicum

257 4969 614 5041 perrexisset,
638 4982 746 5023 non
776 4966 1041 5022 dederunt
1086 4980 1209 5021 eum
1249 4964 1453 5031 Siculi,
1495 4976 1549 5021 at
1580 4968 1666 5023 illa
1690 4968 1851 5039 hujus

258 5072 496 5114 uxorem
517 5065 571 5113 et
600 5055 737 5113 ﬁlios
757 5071 946 5123 caesos,
983 5064 1041 5111 et
1058 5064 1253 5112 tonsos
1292 5057 1515 5127 praetori
1563 5057 1709 5113 misit
1758 5073 1852 5113 cu-

258 5147 599 5204 stodiendos.
632 5143 794 5201 Junio
810 5154 992 5202 autem
1020 5161 1207 5203 mense
1234 5146 1417 5201 omnia
1444 5146 1706 5203 interiora
1733 5148 1852 5203 the-

260 5238 431 5294 matis
450 5237 740 5293 destinavit
767 5237 833 5293 ad
853 5237 1128 5295 clausuras
1155 5238 1565 5307 custodiendas,
1593 5246 1649 5294 et
1668 5239 1852 5294 obser-

262 5330 430 5409 vandi
459 5332 660 5384 exitum
686 5328 945 5395 Arabum,
976 5345 1295 5401 pmponens
1320 5332 1371 5387 ei
1403 5340 1564 5402 caput
1589 5331 1852 5388 Joannem

263 5422 637 5496 sacellarium,
660 5420 751 5500 qui
773 5430 893 5477 erat
915 5424 1214 5492 eunuchus,
1245 5433 1302 5480 et
1328 5424 1663 5485 domesticus
1693 5422 1809 5492 ejus
1837 5441 1851 5477 :

263 5527 328 5575 at
347 5532 483 5575 vero
510 5520 656 5576 misit
677 5520 836 5594 Mady
860 5520 1020 5578 Cebir
1047 5535 1170 5577 cum
1212 5520 1419 5576 virtute
1462 5518 1654 5585 multa,
1679 5524 1735 5573 et
1760 5530 1855 5572 oc-

265 5618 501 5667 currunt
524 5612 580 5666 in
598 5611 779 5669 locum
797 5614 901 5684 .qui
921 5614 1117 5671 dicitur
1141 5612 1347 5669 Milium
1376 5654 1391 5681 ,
1443 5619 1500 5668 et
1527 5611 1664 5667 inito
1715 5608 1856 5665 bello

264 5709 602 5773 superarunt
614 5705 840 5776 Arabes,
862 5713 920 5763 et
944 5704 1268 5765 occiduntur
1294 5718 1364 5771 ex
1396 5703 1477 5775 eis
1501 5700 1678 5773 multi,
1706 5709 1762 5763 et
1780 5699 1859 5757 ita

346 5834 706 5917 δ’Διθομιγῆς.

1848 1859 1903 1925 Β
1925 1876 2147 1939 nuptum
2182 1867 2740 1939 traderetimperatori
2769 1867 3120 1923 Constantino
3146 1867 3254 1923 tilio
3281 1883 3399 1923 suo.
3433 1867 3502 1923 Et

1923 1958 2067 2016 facto
2089 1960 2291 2031 placito
2317 1976 2380 2017 ac
2404 1960 2756 2031 jurejurando
2786 1961 2927 2016 inter
2955 1970 3237 2029 utrosque,
3264 1960 3502 2030 relique—

1922 2063 2047 2109 runt
2075 2052 2360 2109 “elisarum
2387 2054 2689 2109 eunuchum
2732 2060 2895 2125 atque
2919 2053 3186 2109 notarium
3212 2052 3278 2107 ad
3300 2052 3502 2109 docen-

1923 2145 2047 2200 dum
2078 2144 2223 2200 illam
2247 2145 2551 2200 Graecorum
2580 2144 2789 2199 litteras
2831 2144 2989 2201 simul
3020 2151 3074 2199 et
3103 2143 3337 2214 linguam
3358 2185 3372 2210 ,
3403 2142 3499 2198 sed

1924 2248 1981 2297 et
2006 2249 2063 2295 ut
2089 2240 2327 2296 erudiret
2355 2256 2473 2295 eam
2526 2240 2819 2296 secundum
2861 2255 3039 2296 mores
3071 2241 3230 2296 Rom.
3263 2241 3495 2311 imperii.

1925 2332 2262 2389 Constructis
2296 2340 2475 2387 autem
2506 2332 2730 2387 navibus
2760 2331 3082 2400 numerosis,
3131 2340 3186 2388 et
3224 2330 3409 2389 electis
3438 2348 3505 2388 ex

1927 2422 2253 2479 thematibus
2277 2422 2505 2495 populis,
2538 2439 2602 2479 ac
2647 2423 2997 2495 principibus,
3028 2423 3117 2493 qui
3169 2423 3498 2492 sufficerent,

1928 2516 2199 2587 promovit
2226 2515 2565 2571 Theodorum
2597 2515 2882 2585 patricium
2902 2516 3207 2571 eunuchum
3225 2516 3399 2571 virum
3422 2517 3507 2572 in-

1927 2612 2209 2678 dustrium,
2233 2619 2289 2667 et
2315 2612 2506 2666 direxit
2527 2611 2783 2667 adversus
2810 2609 3113 2681 Helpidium
3146 2610 3200 2665 in
3228 2609 3464 2666 Siciliam
3484 2648 3506 2677 ,

1928 2717 2158 2773 cumque
2179 2702 2347 2756 multa
2380 2701 2571 2758 flerent
2599 2702 2740 2757 bella
2763 2741 2780 2767 ,
2831 2701 3081 2757 vicerunt
3135 2701 3188 2756 hi
3241 2702 3333 2772 qui
3364 2702 3507 2757 circa

1930 2794 2281 2851 he'l‘odorum
2336 2792 2654 2859 erant.(3uo
2698 2793 2811 2849 viso
2858 2791 3132 2862 Helpidius
3185 2791 3406 2860 timuit,
3457 2799 3514 2847 et

1930 2886 2158 2955 sumptis
2183 2892 2450 2955 quotquot
2478 2883 2713 2939 habebat
2760 2883 3025 2953 pecuniis,
3054 2898 3177 2938 cum
3204 2882 3509 2952 Nicephoro

1931 2980 2282 3033 transmeavit
2310 2978 2363 3033 in
2388 2976 2640 3043 Africam,
2673 2984 2730 3032 et
2756 2984 2983 3047 accepto
3014 2976 3178 3032 verbo
3207 2974 3511 3031 securitatis

1932 3070 1999 3126 ad
2021 3070 2225 3128 Arabes
2247 3070 2525 3136 confluxit,
2556 3077 2717 3141 quem
2742 3070 2816 3125 illi
2866 3078 3194 3139 susceptum,
3228 3080 3284 3123 ut
3312 3068 3512 3124 Roma-

1934 3179 2126 3220 norum
2160 3164 2416 3219 tenebant
2446 3163 2829 3234 imperatorem
2849 3203 2865 3229 ,
2919 3170 3242 3218 coronantes
3272 3176 3393 3216 eum
3423 3162 3509 3216 in-

1932 3276 2170 3330 cassun,
2194 3268 2249 3315 et
2276 3259 2449 3316 ocreis
2496 3267 2551 3314 et
2578 3259 2853 3315 schemate
2901 3257 3202 3313 induentes.
3253 3255 3386 3311 Cum
3417 3271 3514 3311 au-

1932 3362 2043 3410 tem
2076 3353 2440 3410 Romanorum
2477 3353 2708 3423 populus
2736 3352 2790 3407 in
2839 3352 2923 3407 his
2955 3359 3208 3419 vacaret,
3240 3349 3513 3420 egreditur

1934 3446 2090 3519 Mady
2118 3444 2261 3503 ﬁlius
2285 3448 2464 3501 Aaron
2487 3460 2608 3501 cum
2639 3452 2919 3518 potentatu
2950 3451 3005 3499 et
3032 3450 3296 3514 apparatu
3322 3443 3509 3508 nimio,

1934 3545 2043 3592 tam
2066 3536 2488 3608 Maurophorum
2508 3550 2667 3605 quam
2697 3536 2863 3591 totius
2882 3533 3307 3605 Mesopotamim,
3339 3540 3391 3589 et
3412 3531 3513 3604 Sy-

1933 3633 2049 3700 riaa,
2074 3639 2131 3687 et
2156 3631 2385 3699 Deserti,
2410 3631 2631 3687 etvenit
2654 3628 3063 3701 Chrysopolim,
3116 3626 3377 3682 derelicto
3430 3624 3519 3679 Bi-

1935 3737 2099 3789 nuso,
2131 3722 2198 3777 ad
2229 3722 2584 3779 obsidendum
2636 3721 2907 3777 Nacoliam
2932 3761 2948 3787 ,
3006 3727 3062 3775 et
3108 3717 3516 3776 custodiendum

1934 3816 2095 3872 dorsa
2118 3830 2234 3871 sua.
2260 3814 2403 3871 Misit
2431 3823 2612 3870 autem
2640 3822 2695 3869 et
2724 3808 2950 3868 Burnice
2978 3811 3030 3867 in
3073 3810 3255 3867 Asiam
3277 3826 3399 3866 cum
3425 3811 3514 3865 tri-

1936 3908 2084 3979 ginta
2117 3907 2370 3971 millibus,
2406 3922 2528 3977 qua:
2555 3922 2675 3962 cum
2723 3904 3046 3961 debellasset
3074 3903 3520 3959 Laehanodraco-

1939 4014 2061 4054 nem
2093 4006 2215 4055 eum
2245 3997 2487 4053 themate
2515 3998 2931 4053 Thracesiorum
2964 3996 3019 4051 in
3060 3996 3182 4051 loco
3212 3994 3411 4048 Darino
3441 3993 3524 4049 di-

1939 4099 2046 4157 cto,
2071 4098 2127 4146 et
2155 4090 2257 4161 ipsi
2286 4106 2406 4145 cum
2436 4090 2655 4159 triginta
2687 4089 2852 4143 millia
2874 4094 3079 4149 essent,
3100 4084 3338 4156 quinque
3356 4083 3522 4139 millia

1940 4181 2226 4240 interfecit.
2259 4183 2357 4237 ASt
2384 4182 2719 4251 imperatrix,
2765 4181 2931 4236 misso
2960 4178 3195 4234 Antonio
3223 4177 3521 4233 domestico

1940 4291 2038 4332 suo
2066 4289 2188 4328 cum
2219 4272 2519 4338 ordinibus,
2550 4272 2783 4327 obtinuit
2811 4271 3013 4336 Barim,
3045 4277 3101 4325 et
3141 4268 3526 4324 coneluserunt

1942 4382 2057 4423 eos.
2081 4364 2335 4436 Confugit
2364 4372 2546 4419 autem
2577 4363 2646 4417 ad
2675 4379 2769 4418 eos
2799 4360 3029 4417 Tazates
3067 4359 3524 4415 Buccellariorum

1943 4469 2141 4532 praetor
2166 4466 2389 4530 pr0pter
2437 4457 2617 4513 odium
2647 4456 2791 4527 quod
2845 4462 3032 4510 contra
3066 4452 3397 4508 Stauratium
3426 4466 3528 4523 pa-

1875 4581 1923 4641 D
1949 4550 2165 4606 tricium
2196 4549 2449 4613 habebat,
2476 4556 2530 4603 et
2559 4547 2888 4615 logothetam
2906 4543 3205 4613 Tudromii,
3223 4543 3528 4600 eunuchum

1948 4644 2197 4700 omnibus
2226 4642 2316 4712 qui
2359 4648 2487 4697 tunc
2535 4655 2653 4696 esse
2680 4639 3001 4696 videbantur
3024 4639 3448 4711 prmminentem,
3475 4646 3533 4693 et

1948 4734 2129 4790 omnia
2150 4732 2545 4802 disponentem,
2583 4737 2638 4785 et
2688 4729 2815 4784 dato
2840 4728 2919 4785 eis
2944 4728 3171 4784 consilio
3222 4727 3534 4798 postulave-

1949 4834 2073 4881 runt
2099 4838 2307 4895 pacem.
2339 4822 2471 4878 Cum
2498 4828 2676 4875 autem
2705 4819 2770 4873 ad
2800 4820 2902 4874 hoc
2938 4819 3178 4875 exissent
3200 4816 3524 4878 Stauratius,

1951 4925 2005 4972 et
2045 4916 2235 4972 Petrus
2290 4913 2546 4981 magister
2575 4950 2591 4977 ,
2639 4919 2694 4965 et
2735 4908 2997 4965 Antonius
3042 4906 3389 4969 domesticus,
3421 4918 3531 4960 non

1950 5009 2269 5065 studuerunt
2300 5006 2567 5061 subtiliter
2594 5016 2775 5073 agere,
2803 5011 2865 5058 ut
2913 5001 3139 5057 verbum
3167 5007 3325 5056 caute
3352 4997 3527 5055 susci-

1952 5107 2165 5172 perent,
2193 5106 2249 5153 et
2272 5097 2412 5152 filios
2441 5096 2758 5166 primorum,
2782 5093 2878 5148 sed
2904 5100 3163 5148 exeuntes
3197 5089 3525 5157 inconsulte,

1952 5192 2086 5247 tenti
2112 5196 2237 5245 sunt
2265 5188 2334 5244 ab
2363 5188 2488 5255 illis,
2512 5195 2567 5241 et
2601 5186 2955 5257 compedibus
2985 5183 3148 5239 vincti
3172 5193 3319 5249 sunt,
3350 5188 3405 5238 et
3434 5197 3531 5238 co-

1954 5284 2061 5337 acti
2082 5291 2208 5339 sunt
2234 5289 2479 5350 utrmque
2505 5287 2686 5350 partes
2737 5279 2804 5333 ad
2851 5277 3144 5333 faciendam
3199 5291 3425 5347 pacem,
3478 5285 3537 5331 et

1953 5374 2290 5428 donaverunt
2334 5372 2587 5437 invicem,
2627 5370 2867 5438 Augusta
2904 5367 3155 5423 videlicet
3208 5374 3263 5421 et
3311 5366 3491 5421 Aaron
3516 5406 3535 5436 ,

1956 5463 2114 5519 xenia
2136 5462 2322 5530 multa,
2354 5468 2515 5531 pacto
2549 5460 2780 5526 firmato,
2813 5467 2874 5514 ut
2930 5472 3027 5529 per
3078 5457 3316 5527 singulos
3365 5472 3537 5513 annos

1958 5556 2039 5613 eis
2066 5570 2285 5612 censum
2314 5554 2595 5611 tribueret.
2628 5551 2696 5607 Et
2751 5551 2892 5608 facta
2938 5565 3075 5622 pace
3130 5550 3534 5617 discesserunt,

1960 5649 2123 5705 etiam
2142 5646 2476 5703 dimittentes
2503 5646 2775 5703 civitatem
2815 5643 3070 5701 Nacoliai.
3104 5640 3251 5697 Tulit
3275 5651 3460 5699 autem
3479 5649 3537 5699 et

1961 5739 2191 5797 Tazates
2212 5752 2437 5795 uxorem
2463 5752 2639 5810 suam,
2663 5747 2721 5796 et
2739 5751 2954 5797 omnem
2978 5733 3358 5794 substantiam.
3380 5733 3539 5791 Anno

2038 5866 2071 5910 ιι
2088 5858 2347 5936 AW.
