3956 6342
2043 216 2095 228 ιςιλ
2153 208 2257 227 κί’-ω
2296 209 2327 224 j

1446 303 1648 365 PAULI
1687 301 1959 364 DIACONI
1992 304 2141 361 OPP.
2172 302 2351 363 PARS
2391 303 2436 361 Ι.
2463 334 2534 347 -
2564 301 2949 371 HISTORICA.
2996 330 3013 347 ι

3607 321 3705 384 ill6

563 427 725 485 tertio
753 423 961 496 imperii
983 424 1086 491 sui,
1108 436 1243 495 pace
1270 420 1413 478 facta
1446 436 1569 477 cum
1596 418 1890 487 Arabibus,
1921 426 1975 474 et
1998 418 2148 474 aditu
2170 421 2222 483 Α
2252 415 2346 472 ille
2375 414 2655 487 respondit
2682 413 2883 486 populo
2925 412 3115 470 dicens
3143 430 3157 468 :
3185 412 3502 487 immaculata
3525 423 3618 483 tidei
3640 447 3706 489 ηο.

564 526 798 591 reperto,
829 515 1023 576 Eirena
1050 516 1213 572 mittit
1239 515 1567 571 Stauratium
1597 514 1881 586 patricium
1912 555 1928 579 ,
1983 511 2137 583 logoo

566 614 766 668 thetam
787 610 983 677 dromi,
1026 623 1147 666 cum
1173 608 1369 664 virtute
1395 608 1582 675 multa,
1608 616 1799 664 contra
1858 603 2141 660 Sclavino-

563 720 681 762 rum
710 711 935 773 gentes;
964 701 1056 772 qui
1085 688 1207 757 cum
1236 699 1603 757 descendisset
1630 699 1683 754 in
1714 695 2065 765 Thessaliam,
2087 702 2146 754 et

565 798 849 862 (it-inciam,
894 798 1127 869 subjecit
1155 812 1365 863 omnes,
1389 804 1445 853 et
1474 795 1788 853 tributarios
1817 795 1942 852 iecit
1974 796 2143 866 impe-

565 891 669 947 rio.
696 888 939 947 introivit
962 896 1143 945 autem
1170 896 1226 945 et
1274 888 1328 945 in
1352 887 1810 959 Peloponnesum,
1830 894 1886 943 et
1913 887 2138 943 multam

566 982 955 1054 captivitatem,
985 991 1042 1037 et
1090 995 1311 1037 exuvias
1366 979 1611 1037 Romano
1660 979 1887 1051 imperio
1940 980 2138 1036 attulit.

564 1074 724 1129 Anno
751 1084 943 1144 quarto
972 1072 1181 1145 imperii
1210 1071 1549 1128 Constantini
1595 1079 1649 1127 et
1677 1069 1881 1127 Eirenze
1916 1112 1932 1136 ,
1980 1069 2143 1125 rediit

563 1162 896 1231 Stauratius,
926 1162 993 1219 de
1015 1178 1123 1235 quo
1150 1178 1309 1234 supra
1338 1162 1543 1218 dictum
1566 1169 1651 1219 est
1680 1203 1698 1231 ,
1745 1175 1777 1216 a
1808 1160 2045 1227 Sclavis,
2089 1168 2142 1216 et

566 1255 837 1324 triumpho
908 1255 1270 1311 manifestavit
1342 1263 1541 1326 tropma
1614 1253 1668 1309 in
1749 1253 2138 1325 ilippodromo.

561 1346 749 1404 Mense
773 1354 952 1403 autem
986 1346 1125 1404 Maio
1154 1346 1398 1416 ejusdem
1419 1345 1663 1417 septimas
1696 1343 2024 1412 iudictionis,
2047 1359 2142 1400 ex-

563 1439 660 1496 ivit
687 1438 1003 1510 imperalrix
1042 1437 1235 1493 Eirena
1271 1452 1374 1492 una
1404 1452 1527 1493 cum
1560 1436 1668 1493 lilio
1694 1449 1813 1502 suo,
1865 1442 1919 1493 et
1946 1434 2143 1491 virtute

561 1532 776 1606 copiosa
808 1532 863 1589 in
893 1528 1577 1595 Thracem,circumierens
1604 1541 1834 1600 organa,
1859 1533 1913 1583 et
1941 1532 2138 1583 caetera

559 1637 759 1692 genera
786 1622 1136 1687 musicorum,
1168 1629 1224 1675 et
1250 1620 1397 1677 venit
1425 1633 1595 1690 usque
1618 1617 1899 1683 Beroeam,
1927 1625 1983 1671 et
2004 1615 2143 1675 hanc

555 1718 810 1775 aedificari
832 1717 1046 1788 jubens,
1080 1715 1380 1773 nominavit
1405 1712 1795 1782 EirenOpolim.
1830 1711 1990 1769 Venit
2039 1724 2138 1767 att—

2245 516 2374 563 stra:
2395 505 2822 563 Christianorum
2853 501 3128 571 custodes,
3157 512 3394 562 eteorum
3416 511 3497 581 qui
3522 512 3567 569 in
3588 518 3708 586 gina.

2244 602 2340 660 Dei
2361 608 2487 658 sunt
2515 600 2859 658 aemulatores
2899 597 3088 656 ﬁdeles
3114 597 3438 669 imperatores
3478 608 3643 678 nostri,
3672 622 3711 671 et

2244 692 2665 771 incommodum
2713 700 2962 750 nostrum
2984 705 3171 775 curam
3196 690 3448 763 facientes,
3475 704 3523 752 et
3541 702 3714 761 maxime

2242 802 2387 843 nunc
2410 784 2782 847 ecclesiastica
2812 783 3031 855 negotia
3075 783 3349 854 diligenter
3372 788 3711 861 considerantes,

2242 894 2351 955 quo
2372 893 2611 935 summus
2636 877 2891 934 sacerdos
2916 876 2971 933 in
2990 877 3093 933 hac
3113 877 3241 933 urbe
3261 878 3397 949 regia
3418 881 3712 952 constitueret,

2244 971 2297 1028 in
2325 985 2436 1031 suae
2464 970 2683 1044 pietatis
2705 969 2947 1025 animum
2969 983 3057 1025 me
3100 982 3438 1041 assumpsere,
3461 979 3509 1027 et
3529 980 3577 1027 ut
3594 974 3716 1030 matti-

2244 1067 2385 1126 ieste
2414 1067 2546 1123 mihi
2580 1065 2875 1130 diceretur,
2900 1063 3045 1135 quod
3095 1062 3354 1120 consiliati
3373 1072 3487 1122 sunt
3520 1079 3716 1139 pmeepe-

2243 1168 2390 1217 runt.
2419 1160 2665 1233 Cumque
2694 1158 2762 1214 ad
2790 1159 2897 1215 hoc
2944 1173 3034 1215 me
3059 1157 3330 1230 indignum
3356 1172 3464 1215 esse
3480 1161 3714 1230 pronuntia.

2243 1269 2380 1325 rem,
2404 1262 2462 1310 et
2487 1253 2687 1309 nullum
2718 1266 3042 1308 consensum
3065 1248 3417 1319 emcerem,ut
3442 1258 3554 1322 pote
3574 1252 3642 1321 qui
3660 1251 3718 1322 ju-

2244 1362 2375 1420 gum
2413 1346 2572 1417 hujus
2610 1345 2836 1402 sarcinas
2877 1351 3099 1416 portare
3138 1341 3226 1398 vel
3253 1340 3486 1400 sufﬁcere
3530 1357 3616 1397 non
3636 1357 3719 1415 pos

2250 1457 2364 1501 sem
2397 1484 2414 1513 ,
2442 1443 2748 1514 :-jusserunt
2798 1455 2885 1497 me
2939 1437 3133 1495 adduci
3162 1446 3284 1495 ante
3307 1436 3485 1495 faciem
3518 1445 3721 1504 vestrm,

2256 1549 2357 1606 pro
2381 1548 2449 1591 eo
2478 1532 2619 1604 quod
2648 1532 2807 1603 hujus
2833 1530 3045 1588 consilii
3087 1530 3363 1585 unanimes
3411 1534 3462 1585 et
3483 1527 3723 1599 comproba-

2248 1632 2397 1682 tores
2424 1622 2601 1681 eii‘ecti
2628 1624 2766 1681 sitis.
2796 1621 2863 1678 Et
2887 1637 3052 1689 nunc,
3081 1636 3116 1680 ο
3143 1621 3267 1688 viri,
3288 1619 3377 1695 qui
3402 1619 3549 1677 Deum
3561 1619 3717 1684 timetis,

2252 1724 2308 1774 et
2327 1730 2540 1790 semper
2563 1715 2709 1772 hunc
2729 1715 2784 1771 in
2815 1714 3068 1772 cordibus
3109 1712 3350 1781 habetis,
3376 1710 3551 1784 quique
3590 1709 3726 1766 misti

558 1819 665 1868 tem
689 1820 745 1867 et
766 1824 933 1881 usque
962 1808 1376 1880 Philippopolim
1425 1822 1546 1863 cum
1577 1805 1723 1863 omni
1750 1804 2058 1867 securitate.
2083 1811 2139 1859 et
2166 1809 2216 1873 Β
2245 1809 2593 1866 invocatione
2621 1806 2975 1864 nominamini
3012 1808 3126 1862 veri
3158 1805 3253 1861 Dei
3279 1803 3437 1860 nostri
3482 1799 3727 1869 Christiani,

555 1900 735 1967 rediit,
758 1915 879 1956 cum
909 1899 1300 1956 construxisset
1328 1897 1488 1953 etiam
1547 1896 1881 1953 Anchialum.
1938 1892 2138 1951 Eodem

555 2005 771 2063 quoque
799 2005 940 2047 anno
970 1990 1205 2053 Arabum
1235 1988 1345 2045 dux
1373 1987 1551 2062 Mady,
1581 1988 1673 2058 qui
1704 1996 1759 2045 et
1784 1985 2138 2054 Muhammat,

555 2092 801 2140 mortuus
822 2092 923 2149 est,
956 2091 1010 2137 et
1041 2081 1374 2153 principatus
1416 2088 1499 2139 est
1546 2078 1757 2150 Moyses
1804 2078 1944 2134 filius
2000 2077 2135 2147 ejus.

558 2174 728 2231 Porro
756 2177 930 2246 primo
958 2174 1047 2230 die
1070 2174 1185 2230 Kal.
1214 2173 1492 2244 Septemb.
1526 2171 1761 2241 ejusdem
1793 2170 2035 2243 septima:
2059 2170 2140 2225 in-

557 2268 805 2324 dictionis
834 2265 1032 2339 Paulus
1080 2266 1367 2321 Altnisicus
1419 2264 1726 2337 patriarcha
1771 2262 2141 2318 sanctissimus

558 2359 856 2415 infirmatus
887 2359 1139 2415 thronum
1170 2356 1411 2427 reliquit,
1460 2363 1514 2410 et
1551 2354 1886 2410 descendens
1916 2354 1981 2409 ad
2021 2368 2138 2408 mo-

556 2455 849 2512 nasterium
879 2452 1046 2521 Flori,
1080 2452 1436 2507 monasticum
1465 2450 1700 2520 suscepit
1744 2449 2007 2513 habitum,
2039 2448 2138 2501 im-

556 2549 710 2623 perio
736 2548 1034 2617 ignorante.
1070 2544 1204 2603 Cum
1233 2552 1416 2601 autem
1447 2542 1764 2613 imperatrix
1789 2543 1889 2598 hoc
1918 2540 2138 2597 didicis-

558 2654 662 2713 set,
694 2643 840 2700 venit
867 2657 990 2698 cum
1045 2639 1155 2697 tilio
1196 2639 1383 2706 tristis,
1412 2645 1466 2695 et
1487 2636 1760 2695 clamans:
1788 2634 2137 2706 Cur,inquit,

557 2739 661 2795 hoc
685 2736 1008 2793 iecisiti?At
1035 2732 1126 2790 ille
1150 2748 1273 2790 cum
1314 2730 1564 2786 lamentis
1607 2730 1682 2784 ait
1729 2728 1795 2784 ad
1825 2742 1984 2785 eam:
2023 2726 2141 2791 Uti-

561 2847 690 2889 nam
737 2844 806 2885 ne
864 2841 1102 2897 unquam
1156 2825 1210 2880 in
1264 2821 1549 2881 sacerdotii
1603 2821 1799 2877 throno
1850 2818 2139 2885 sedissem,

563 2922 801 2980 Ecclesia
851 2921 944 2979 Dei
996 2917 1331 2991 tyrannidem
1381 2915 1643 2987 patiente,
1680 2912 1976 2987 prtesertim
2019 2927 2139 2969 cum

563 3023 732 3078 scissa
760 3019 879 3075 sita
907 3016 1129 3086 reliquis
1156 3011 1555 3069 universalibus
1582 3008 1816 3075 sedibus,
1838 3018 1890 3064 et
1919 3007 2143 3065 anathe—

559 3112 835 3168 matizata.
865 3107 992 3177 Qua:
1024 3107 1237 3161 demum
1291 3102 1487 3158 ascitos
1535 3100 1789 3171 patricios
1816 3106 1869 3152 et
1923 3104 2143 3153 senatus

2247 1901 2433 1957 audite
2467 1899 2840 1956 brevissimum
2868 1898 2936 1954 ab
2970 1897 3267 1966 exiguitate
3294 1909 3410 1951 mea
3430 1901 3481 1949 et
3511 1891 3729 1948 humilitate

2246 2007 2575 2050 sermonem.
2606 1990 2723 2064 Ego
2738 1991 2885 2049 enim
2911 1989 3171 2063 quidquid
3190 1987 3293 2061 piis
3318 1985 3730 2061 imperatoribesno-

2244 2087 2372 2145 stris
2396 2094 2451 2142 et
2479 2100 2576 2157 per
2600 2084 2781 2140 omnia
2800 2082 3116 2139 orthodoxis
3158 2078 3528 2151 responderim,
3552 2076 3675 2132 etiam
3692 2073 3726 2126 in

2241 2185 2537 2249 conspectu
2560 2184 2745 2233 vestro
2792 2172 3058 2231 orationis
3110 2186 3252 2228 usus
3302 2169 3531 2240 apologis
3571 2178 3728 2235 respon-

2241 2271 2399 2327 debo.
2426 2269 2643 2325 Timore
2667 2266 2946 2338 deprimor
2964 2263 3033 2320 ad
3051 2260 3488 2320 consentiendum
3524 2257 3623 2317 huic
3648 2254 3723 2311 eis

2243 2360 2430 2427 ctioni,
2460 2369 2516 2415 et
2539 2372 2732 2416 vereor
2765 2372 2799 2412 a
2826 2356 2965 2413 facie
2986 2354 3081 2411 Dei
3134 2367 3354 2411 currere
3375 2350 3613 2414 taliter,“
3640 2357 3730 2415 qut-

2244 2455 2541 2512 modolibet
2564 2452 3048 2523 ineircumspectus
3069 2487 3088 2516 ,
3139 2456 3204 2504 ut
3231 2461 3340 2505 non
3581 2440 3733 2496 dsunt-

2243 2530 2381 2601 tioni
2399 2543 2772 2601 succumbam.
2798 2541 2859 2598 Si
2887 2541 3033 2598 enim
3052 2538 3268 2596 divinus
3292 2534 3546 2607 apostolus
3576 2528 3727 2591 Paulli.

2240 2639 2335 2711 qui
2364 2637 2459 2692 Dei
2478 2650 2641 2692 voces
2662 2633 2888 2702 audivit,
2909 2632 3221 2700 columque
3249 2626 3433 2685 habuit
3455 2621 3658 2685 erudit!
3676 2631 3731 2685 κν

2245 2741 2302 2787 et
2328 2727 2560 2801 paradisi
2586 2727 2861 2796 inspector
2886 2722 3115 2780 doetus
3158 2728 3265 2788 est,
3288 2716 3569 2785 audivique
3594 2719 3734 2773 amnt

2244 2822 2434 2887 verba,
2462 2828 2518 2876 et
2538 2817 2774 2889 portavit
2795 2830 2997 2873 nomen
3025 2813 3249 2873 Domini
3276 2825 3455 2871 eorum
3474 2804 3731 2878 unum

2244 2914 2500 2983 regibus,
2552 2909 2727 2966 dixit:
2760 2905 2849 2964 Ne
2901 2909 3037 2978 forte
3073 2922 3199 2962 cum
3242 2904 3364 2963 aliis
3412 2892 3736 2972 prditui.

2245 2982 2625 3077 ipsereprobtts
2642 3000 2841 3073 efﬁciat
2864 3014 2885 3055 :
2935 2998 3219 3069 quomodo
3266 3008 3398 3065 ergo
3434 3005 3563 3062 ego,
3600 2986 3669 3056 qui

2247 3070 2449 3153 mundo
2470 3070 2843 3156 conversatus,
2874 3096 2933 3147 et
2950 3103 3075 3151 cum
3118 3085 3280 3147 laicis
3301 3084 3675 3145 ωηηωηωει
3700 3070 3738 3127 in

564 3206 830 3278 primores
857 3167 1001 3255 misit
1036 3197 1100 3253 ad
1116 3212 1237 3253 eum
1253 3195 1437 3251 audire
1459 3167 1786 3265 quaeabipso
1802 3190 2141 3257 dicebantur,
2166 3201 2220 3268 ο
2250 3186 2592 3259 imperatoris
2632 3180 3200 3278 adsumsit-etim
3228 3175 3470 3278 militavi,

570 3296 810 3369 quidixit
836 3292 905 3348 ad
930 3292 1087 3348 illos:
1121 3288 1232 3345 Nisi
1258 3287 1492 3361 synodus
1524 3282 1834 3341 universalis
1853 3280 1963 3344 iiat,
1983 3287 2038 3334 et
2059 3294 2144 3334 er-

570 3408 664 3449 ror
690 3391 781 3461 qui
810 3395 893 3445 est
936 3388 989 3442 in
1014 3384 1194 3441 medio
1240 3382 1403 3440 vestri
1430 3380 1747 3451 corrigatur,
1774 3376 2002 3432 salutem
2034 3388 2145 3428 non

574 3481 803 3538 habetis.
835 3479 904 3535 At
928 3478 1002 3535 illi
1032 3478 1287 3535 dixerunt
1307 3474 1355 3531 ei
1384 3492 1395 3527 :
1430 3472 1607 3540 Quare
1635 3465 1998 3537 subscripsistl
2020 3479 2141 3519 cum

569 3575 598 3606 ⁸
628 3573 1026 3632 consecrareris
1053 3568 1245 3625 icona?
1284 3566 1354 3622 At
1388 3565 1478 3620 ille
1508 3563 1613 3617 ait:
1646 3560 1848 3616 idcirco
1897 3556 2147 3611 lamentis

571 3663 820 3730 aﬂicior,
875 3669 931 3717 et
978 3659 1190 3717 cucurri
1236 3656 1301 3711 ad
1338 3651 1709 3727 penitentiam
1763 3650 2149 3718 deprecaturus

567 3757 761 3825 Deum,
790 3767 858 3809 ne
886 3765 973 3809 me
1001 3751 1140 3813 sicut
1156 3745 1490 3805 sacerdotem
1512 3741 1715 3815 judicet
1733 3746 1787 3797 et
1803 3737 2024 3804 cruciet,
2054 3734 2147 3806 qui

567 3847 832 3905 tacuerim
885 3857 1054 3913 usque
1110 3853 1270 3906 nunc,
1303 3846 1358 3892 et
1403 3851 1512 3907 prae
1546 3835 1737 3888 timore
1767 3830 1961 3886 furoris
1985 3826 2149 3883 vestri

564 3957 675 4001 non
713 3936 1119 4012 pradicaverim
1151 3932 1457 3989 veritatem.
1504 3929 1573 3987 Et
1616 3927 1672 3981 in
1711 3925 1793 3980 his
1821 3922 2148 3979 obdormivit

564 4035 622 4090 iu
652 4046 805 4104 pace,
836 4028 1099 4087 derelicto
1144 4024 1382 4080 lamento
1405 4018 1576 4075 multo
1600 4027 1709 4075 tam
1738 4016 1839 4087 piis
1867 4030 2027 4089 quam
2045 4014 2151 4068 im-

562 4131 664 4203 piis
688 4138 744 4186 et
779 4123 1057 4197 religiosis,
1077 4120 1207 4175 viris
1247 4117 1381 4187 reip.
1436 4112 1706 4175 Colendus
1736 4111 1881 4167 enim
1906 4109 1985 4164 vir
2012 4116 2148 4175 erat,

566 4202 623 4280 et
652 4236 815 4294 supra
845 4230 1154 4275 mensuram
1210 4210 1537 4277 misericors,
1569 4222 1633 4263 ac
1654 4205 1800 4263 omni
1850 4202 2153 4259 reverentia

568 4316 782 4384 dignus,
814 4312 1147 4381 multamque
1179 4306 1338 4363 tidem
1386 4301 1620 4359 habebat
1669 4308 1778 4356 tam
1800 4313 1946 4371 resp.
1990 4311 2152 4367 quant

566 4405 854 4477 imperium
884 4414 1009 4472 erga
1039 4400 1212 4455 illum.
1236 4395 1317 4450 Ex
1339 4404 1463 4451 tunc
1484 4408 1613 4464 ergo
1640 4392 1802 4465 coepit
1829 4390 1953 4459 dici,
1978 4398 2031 4445 et
2048 4388 2149 4445 dis-

564 4495 742 4568 putari
783 4508 948 4565 super
994 4490 1197 4547 sanctis
1242 4487 1579 4557 imaginibus.
1621 4484 1776 4542 Anno
1831 4482 2019 4554 quinto
2050 4482 2154 4536 im-

2249 3250 2600 3351 judicatione,
2629 3282 2794 3345 atque
2813 3272 3308 3343 circumspectione
3326 3266 3514 3341 possim
3537 3250 3740 3351 insilit“!

2250 3343 2545 3433 sacerdotii
2570 3343 3027 3438 magnitudinem?
3078 3363 3425 3427 unum
3458 3366 3669 3423 «om
3697 3343 3742 3405 ad

2248 3466 2612 3535 exiguitatem
2639 3474 2839 3523 meatu.
2865 3468 2923 3519 et
2970 3458 3327 3519 temerarium
3370 3452 3596 3520 studi-Ino
3624 3442 3740 3535 (illi

2250 3532 2383 3615 me
2406 3557 2618 3612 timoris
2642 3553 2891 3611 ωοίιωι
2917 3532 3743 3627 ωεημοίοωὶωοινὶὼρειι

2246 3648 2493 3714 deuiam,
2521 3658 2639 3717 que
2658 3660 2822 3716 super
2845 3652 3057 3717 petram
3078 3625 3363 3703 Christum

2248 3748 2335 3797 cst
2352 3746 2411 3796 et
2431 3714 2669 3803 fundata,
2702 3714 2930 3795 animum
2946 3749 3125 3801 nunc,
3154 3741 3220 3794 at
3245 3731 3488 3795 divisam,
3500 3732 3563 3785 et
3581 3736 3657 3783 ω

2252 3839 2420 3901 atque
2440 3830 2599 3887 aliter
2616 3828 2924 3899 laqueum,
2952 3834 3013 3887 et
3035 3825 3202 3887 aliter
3244 3838 3345 3885 eos
3366 3817 3652 3883 carum
3682 3819 3741 3879 ιιι

2252 3925 2309 3981 in
2344 3924 2564 3981 Oriente
2613 3920 2773 3980 unius
2804 3920 3088 3983 humu
3136 3917 3270 3979 ﬁdei
3312 3924 3479 3983 sunt,
3516 3902 3743 3969 eadem

2254 4015 2651 4071 concordantes
2674 4011 3074 4079 Occidentales,
3084 4026 3195 4071 nos
3214 4010 3289 4071 ab
3306 4006 3544 4069 omni“

2256 4117 2454 4173 natos,
2506 4115 2711 4163 etase
2757 4103 3115 4176 permittite
3167 4102 3293 4161 dies
3338 4088 3744 4161 suam“:

2266 4196 2388 4252 Dira
2414 4210 2574 4266 paene
2604 4202 2692 4251 est
2718 4193 3025 4260 anathema,
3048 4191 3249 4263 procul
3296 4205 3334 4249 ει
3372 4200 3531 4257 mtto

2260 4262 2477 4357 «pelli,
2508 4293 2566 4341 et
2588 4300 2623 4340 a
2649 4284 2762 4345 Deo
2787 4283 2983 4348 emitti,
3004 4262 3219 4341 ducem
3244 4281 3303 4341 in

2256 4355 2365 4439 res.
2391 4380 2576 4436 Nescit
2598 4376 2962 4437 tamen
3004 4375 3091 4433 vel
3138 4375 3414 4437 minus
3450 4355 3748 4431 mure

2252 4472 2682 4537 contentionem,
2707 4468 2809 4527 sed
2828 4469 2973 4527 siem
2994 4467 3157 4529 nevit
3174 4465 3430 4529 conﬁteri
3456 4472 3599 4521 unum
3617 4451 3748 4513 Mt

968 4595 1091 4637 cum
1120 4579 1251 4645 tilio,
1278 4546 1512 4633 Arabum
1536 4577 1642 4633 dux
1667 4546 1982 4648 provehitur
2005 4573 2155 4645 Moy-
2184 4592 2236 4653 Β
2258 4578 2419 4665 unum
2437 4562 2724 4665 baptisma,
2938 4558 3123 4662 ηαξ,
3138 4546 3749 4665 iu:

564 4691 675 4745 ses,
702 4674 798 4747 qui
826 4673 905 4729 eis
934 4687 1041 4728 uno
1068 4668 1280 4741 praefuit
1300 4683 1465 4725 anno.
1489 4666 1605 4723 Hoc
1632 4681 1851 4737 quoque
1874 4680 2017 4719 anno
2043 4663 2156 4719 col-

568 4771 713 4829 loeto
740 4766 941 4824 Eircne
984 4762 1132 4821 omni
1158 4760 1360 4834 populo
1382 4759 1524 4831 apud
1555 4758 1912 4830 Magnauran,
1944 4754 2156 4809 dixitad

570 4878 703 4920 eos:
734 4859 920 4926 Scitis,
946 4853 1326 4927 [ratreg‘quid
1379 4851 1573 4909 iecerit
1598 4850 1797 4906 Paulus
1822 4848 2152 4921 patriarcha.

574 4953 640 5007 Et
667 4952 715 5009 si
742 4948 960 5021 quidem
989 4946 1237 5013 vixisset,
1268 4958 1377 4999 non
1429 4940 1573 4997 hunc
1619 4941 1803 5009 utique
1848 4949 2157 5011 pateremur

566 5048 848 5105 dimittere
876 5039 1165 5100 sacerdotii
1210 5039 1486 5101 thronum,
1513 5036 1642 5092 licet
1687 5032 2044 5088 monasticum
2076 5030 2153 5085 in-

569 5139 749 5197 duerit
776 5136 1057 5202 habitum;
1087 5132 1213 5203 quia
1256 5145 1422 5199 vero,
1466 5127 1605 5183 sicut
1632 5126 1743 5181 Deo
1790 5123 2031 5194 placuit,
2088 5123 2156 5178 de

574 5236 678 5291 hac
692 5236 801 5291 vita
817 5229 1087 5299 migravit,
1101 5228 1193 5298 qui
1219 5226 1390 5295 possit
1402 5238 1632 5297 pascere
1654 5238 1752 5279 nos
1768 5220 2029 5293 provideo
2040 5236 2156 5275 mus

572 5326 874 5390 hominem,
897 5328 955 5377 et
972 5316 1275 5373 Ecclcsiatu
1306 5314 1401 5371 Dei
1442 5311 1779 5369 didascalicis
1808 5325 2024 5367 servare
2045 5325 2158 5367 ser-

575 5419 860 5481 monibus;
896 5412 989 5483 qui
1023 5394 1400 5469 universaliter
1424 5409 1677 5469 dixerunt
1700 5422 1807 5463 non
1830 5405 1948 5463 fore
1991 5406 2156 5463 alium

578 5512 682 5569 nisi
701 5508 984 5567 Thrasium
1023 5519 1055 5565 a
1098 5502 1346 5559 secretis.
1371 5501 1439 5554 At
1468 5500 1597 5559 illa:
1630 5497 1695 5555 Et
1749 5514 1889 5567 nos,
1942 5497 2157 5571 inquit,

578 5599 1053 5675 ipa-selegimus,
1072 5594 1174 5653 sed
1194 5592 1454 5659 resultat,
1470 5598 1537 5649 et
1564 5590 1697 5647 dicit
1736 5605 1836 5665 pro
1862 5604 1969 5663 qua
1998 5602 2157 5645 causa

2260 4656 2314 4713 in
2345 4655 2493 4711 omni
2522 4652 2891 4711 ecclesiastico
2916 4650 3164 4721 negotio.
3194 4647 3502 4709 Nihilnihil:
3520 4636 3749 4703 ωιῑιων

2256 4752 2449 4814 spectu
2476 4743 2572 4799 Dei
2596 4752 2704 4799 tan
2724 4749 3010 4812 acceptum
3032 4778 3051 4806 ,
3104 4749 3281 4811 atque
3332 4733 3606 4811 μεωειο,
3644 4729 3749 4794 Im

2260 4846 2321 4891 ut
2346 4852 2510 4893 unum
2532 4836 2722 4901 simus,
2746 4844 2803 4891 et
2822 4849 2931 4891 una
2967 4833 3246 4893 Mutat!
3272 4830 3508 4891 Ecclesia
3530 4816 3750 4901 Μ’

2254 4925 2712 4997 quemadmodum
2764 4926 2818 4980 in
2881 4925 3113 4982 sincere
3162 4922 3300 4981 ﬁdei
3351 4928 3538 4980 nostra
3581 4900 3752 4985 67M

2256 5018 2595 5075 conﬁtemur.
2622 5016 2689 5074 Et
2726 5017 2956 5087 petilius
2980 5030 3104 5083 nos,
3127 5015 3358 5082 {rm
3386 5022 3448 5072 ιι
3470 5023 3581 5070 νοοῖ
3600 5009 3645 5061 ⁸³

2254 5110 2512 5179 quoniam
2538 5109 2659 5166 scio
2694 5108 2948 5164 timorem
2980 5106 3074 5164 Dei
3126 5121 3233 5163 vos
3287 5106 3502 5168 habere.
3528 5114 3558 5154 ³

2258 5201 2671 5272 imperatoribus
2720 5201 2913 5257 vestris
2936 5210 2995 5256 et
3034 5198 3375 5256 orthodoxi:
3416 5190 3646 5265 silui“
3677 5190 3756 5235 ω’

2259 5292 2519 5350 versalem
2546 5290 2746 5363 colligi,
2774 5300 2836 5348 ut
2852 5290 3153 5349 eﬂicianur
3174 5305 3304 5359 nos,
3335 5289 3429 5360 qui
3449 5278 3591 5343 illi!
3610 5272 3684 5332 νά
3698 5280 3757 5369 fu:
3858 5328 3859 5355 l

2258 5401 2398 5453 mus,
2420 5392 2676 5453 unum,et
2690 5384 2785 5454 qui
2811 5382 3088 5441 Trinitatis
3110 5384 3369 5441 cultores
3384 5370 3757 5460 existi-33W?
3858 5452 3859 5455 η

2259 5484 2317 5533 et
2344 5476 2629 5535 unanimes
2655 5476 2897 5543 cuum,
2928 5484 2989 5533 et
3009 5475 3158 5544 quod
3200 5475 3401 5545 capitis
3434 5465 3587 5529 nostri
3620 5457 3758 5515 απκιι

2256 5584 2464 5633 sumus.
2494 5568 2795 5626 elﬁciamur
2828 5583 3032 5638 corpus
3060 5582 3237 5627 unum
3269 5569 3618 5636 compactum
3648 5549 3759 5613 ³⁸1³⁸

960 5686 1292 5747 ductionem
1325 5684 1535 5755 imperii
1576 5642 1821 5743 citatius
1862 5642 2058 5757 plebis.
2091 5681 2161 5733 At

2260 5659 2758 5731 connexum,“qu
2771 5660 2944 5725 summi
2960 5657 3202 5732 Spit'itls
3213 5642 3760 5725 Mumewm
3858 5686 3859 5709 ι

652 5814 680 5844 ⁸
705 5805 816 5886 AL,
842 5790 1239 5875 consecraret-is,
1264 5801 1439 5869 ίοοηί,
1489 5815 1593 5856 non
1652 5805 1700 5853 te
1746 5806 2160 5863 conmaiurum
2192 5792 2396 5851 iconia?
