3956 6342
194 354 334 419 1117

1189 349 1510 415 HISTORIA
1547 334 1902 406 MISCELLA.
1943 366 2013 381 --
2037 334 2164 397 LIB.
2207 336 2397 400 XXIII.

3306 340 3445 406 m8

193 485 378 534 contra
398 470 645 540 invicem,
672 469 766 529 sed
789 482 890 545 pro
919 468 1169 534 invicem,
1195 476 1248 524 et
1273 466 1364 540 qui
1384 463 1626 523 veritatis
1658 457 1771 519 exi-
1794 459 1843 518 Α
1874 461 1957 513 tes
1982 456 2083 512 sibi
2102 456 2390 514 familiares
2440 459 2689 517 homines
2714 456 2819 519 hos
2864 460 3054 517 sedare
3080 460 3307 530 nitente,
3330 475 3446 529 non

191 564 715 635 stiinus,el'llciamur
736 563 1027 634 sapientes,
1044 574 1230 617 verum
1257 569 1417 630 atque
1438 557 1699 624 dicentes,
1716 561 1772 609 et

191 673 300 715 non
331 658 401 712 sit
426 657 481 711 in
502 655 656 711 nobis
681 663 976 720 certamen,
1004 668 1181 724 neque
1215 651 1477 708 dissensio
1509 694 1525 719 ,
1576 654 1636 705 ut
1664 660 1771 719 pax

193 748 433 823 Dei,quae
444 756 732 819 exsuperat
748 761 961 803 onmem
975 758 1211 815 sensum,
1227 745 1434 800 muniat
1450 756 1547 799 nos
1560 752 1767 798 omnes.

192 836 261 896 Et
287 841 549 911 siquidem
573 838 832 911 jusserint
863 838 1169 907 orthodoxi,
1194 844 1249 893 et
1302 844 1769 909 propugnatores,

192 932 547 1003 imperatores
576 932 801 997 scilicet,
826 940 1017 988 vestra:
1044 930 1396 1000 postulationi
1437 937 1491 984 et
1512 940 1649 984 mete
1678 938 1775 981 au-

192 1036 382 1092 nucre,
415 1025 692 1082 consentio
720 1031 775 1080 et
818 1038 955 1095 ego;
986 1025 1067 1083 sin
1097 1030 1286 1080 autem
1312 1020 1645 1093 impossibile
1691 1027 1774 1077 est

192 1116 322 1173 mihi
351 1127 404 1173 et
424 1117 529 1173 hoc
552 1117 760 1187 facere,
782 1130 852 1175 ne
882 1118 1135 1189 subjiciar
1161 1117 1507 1182 anathemati,
1540 1125 1594 1171 et
1619 1115 1772 1172 inve-

190 1210 311 1265 niar
338 1211 723 1269 condemnatus
751 1212 805 1268 in
831 1212 916 1268 die
969 1212 1177 1269 Domini
1208 1212 1398 1281 nostri,
1429 1221 1483 1269 et
1515 1211 1644 1282 justi
1689 1208 1775 1281 ju-

194 1301 348 1367 dicis,
384 1302 471 1357 ubi
500 1318 673 1372 neque
696 1303 1205 1374 imperator,neque
1254 1304 1504 1359 sacerdos
1526 1344 1541 1369 ,
1602 1312 1777 1371 neque

191 1391 484 1462 principes,
522 1406 621 1448 nec
672 1388 948 1448 hominum
981 1390 1265 1449 multitudo
1321 1392 1518 1463 poterit
1565 1392 1776 1463 eripere

191 1498 300 1538 me.
331 1478 400 1537 Et
425 1479 684 1553 quidquid
732 1483 997 1552 placuerit
1021 1483 1190 1549 vobis,
1227 1484 1440 1548 fratres,
1476 1483 1600 1538 date
1632 1495 1776 1552 apo-

188 1574 347 1647 logiae
371 1590 524 1643 meai,
545 1572 657 1633 imo
688 1588 817 1632 vero
860 1574 1142 1633 assertioni
1171 1584 1363 1632 vestrae
1388 1618 1402 1641 .
1462 1584 1516 1632 et
1563 1574 1776 1632 reddite

190 1668 440 1741 petitioni
463 1684 595 1727 meae
624 1678 966 1739 responsum.
998 1666 1064 1724 Et
1092 1669 1321 1725 libenter
1350 1666 1634 1724 audierunt
1656 1664 1773 1724 o'm-

190 1776 289 1818 nes
321 1776 437 1831 qua)
472 1762 613 1818 dicta
640 1769 804 1829 sunt,
850 1778 1127 1819 assensum
1161 1762 1461 1835 prasbentes
1517 1768 1573 1817 ut
1624 1762 1777 1818 iteret

1871 551 2271 619 tit-quieverunt,
2299 554 2430 624 quin
2458 555 2640 625 potius
2658 556 3146 626 exprobraverunt.
3176 553 3310 610 Cum
3342 569 3441 613 au-

1871 647 1981 701 tem
2018 644 2337 702 surrexisset
2361 648 2686 718 patriarcha,
2717 658 2773 705 et
2814 639 3045 706 tribunal
3093 661 3215 719 cum
3236 648 3445 717 episco-

1870 739 1953 809 pis
1967 745 2024 794 et
2054 741 2330 795 monachis
2359 741 2800 810 essetingressus,
2825 742 2879 796 hi
2900 742 2992 812 qui
3012 740 3237 810 maligni
3254 754 3445 796 sensus

1872 846 2057 889 eorum
2087 838 2242 887 erant
2263 833 2522 904 episcopi,
2552 833 2804 889 exierunt
2826 831 2892 887 ad
2915 846 3010 888 eos
3035 830 3356 898 clamantes,
3384 837 3441 886 et

1873 925 2115 981 dicentes
2144 944 2154 978 :
2194 924 2445 992 Vicimus,
2472 932 2526 981 et
2561 926 2733 995 gratia
2772 920 2865 981 Dei
2914 924 3116 980 nemini
3147 932 3449 979 nocuerunt

1873 1018 2057 1077 furiosi
2089 1022 2255 1087 illi,et
2279 1023 2553 1078 inhumani
2579 1062 2594 1088 ,
2650 1029 2706 1079 et
2734 1022 2915 1077 taliter
2938 1022 3194 1079 dissoluta
3239 1021 3447 1093 synodo

1874 1113 2235 1183 unusquisque
2256 1111 2415 1167 rediit
2436 1112 2502 1168 ad
2533 1113 2772 1183 propria.
2804 1116 2959 1169 Anno
2980 1114 3216 1183 septimo
3238 1109 3450 1183 imperii

1874 1205 1977 1270 sui,
2003 1205 2163 1259 misso
2188 1203 2383 1261 Eirene
2410 1203 2683 1261 Stauratio
2712 1205 2939 1275 patricio
2984 1213 3039 1259 et
3066 1203 3342 1276 logotheta
3395 1202 3453 1258 in

1874 1296 2158 1363 Thracem,
2190 1308 2377 1352 mense
2410 1297 2764 1368 Septembris,
2797 1297 2850 1353 in
2890 1297 3045 1353 initio
3065 1297 3286 1353 decimae
3315 1295 3453 1351 indi-

1875 1390 2087 1456 etionis,
2114 1390 2178 1445 ad
2210 1391 2463 1445 ulteriora
2512 1389 2771 1457 themata,
2806 1390 3074 1461 persuasit
3099 1404 3194 1446 em
3227 1390 3332 1445 sibi
3357 1404 3453 1446 co-

1876 1488 2188 1553 operatores
2214 1483 2351 1548 lierl,
2380 1488 2435 1537 et
2454 1482 2726 1554 depellere
2754 1484 2823 1538 ab
2859 1483 2995 1540 urbe
3029 1485 3249 1554 impium
3277 1498 3450 1555 popu-

1875 1574 2008 1642 lum,
2038 1588 2197 1644 quem
2222 1574 2579 1646 nequissimus
2616 1574 2999 1633 Constantinus
3028 1578 3373 1643 instruserat,
3398 1585 3452 1631 et

1878 1678 1999 1723 cum
2023 1681 2083 1723 se
2105 1664 2348 1737 (lugeret,
2379 1667 2522 1738 quod
2548 1675 2723 1724 totum
2738 1670 3035 1725 exercitum
3064 1676 3276 1724 motura
3304 1675 3450 1724 esset

1877 1760 1931 1818 in
1957 1760 2256 1819 Orientales
2280 1768 2563 1834 partes,eo
2590 1763 2734 1833 quod
2751 1764 2953 1819 Arabes
2979 1762 3211 1819 fuissent
3229 1762 3452 1831 egressi,

188 1855 449 1925 synodus.
474 1853 542 1910 At
572 1870 701 1912 vero
727 1850 1019 1912 Tharasius
1064 1870 1248 1911 rursus
1277 1852 1558 1928 disputans
1588 1854 1652 1911 ad
1676 1870 1774 1928 po-
1801 1822 1853 1886 Β
1880 1856 2011 1913 exiit
2036 1858 2210 1912 omnis
2239 1854 2417 1926 regius
2439 1864 2749 1926 apparatus.
2799 1862 2961 1926 atque
2987 1855 3232 1926 supellex
3288 1868 3455 1924 usqu

188 1947 377 2019 pulum
422 1947 529 2002 ait:
565 1947 673 2004 Leo
728 1946 1022 2019 imperator
1053 1948 1318 2005 subvertit
1370 1949 1631 2023 imagines
1654 1989 1668 2015 ,
1722 1959 1777 2007 et
1879 1946 1946 2005 ad
1976 1946 2253 2019 Malagma,
2285 1956 2339 2004 et
2369 1947 2700 2006 introeuntes
2728 1947 2782 2003 hi
2824 1946 2929 2020 'qui
2976 1949 3303 2005 exteriorum
3332 1947 3452 2003 the-

189 2047 406 2117 quando
434 2044 573 2100 facta
618 2052 701 2100 est
730 2044 965 2117 synodus
994 2046 1278 2101 subversas
1309 2043 1534 2113 invenit,
1562 2053 1616 2102 et
1646 2058 1776 2115 pro-
1877 2052 2081 2100 matum
2114 2050 2284 2107 erant,
2318 2052 2608 2099 tenuerunt
2656 2043 2864 2099 urbem.
2907 2040 3123 2099 Mittens
3166 2050 3346 2098 autem
3390 2040 3457 2096 ad

187 2145 312 2205 pter
333 2135 476 2204 quod
520 2132 864 2205 imperatoria
894 2148 1054 2189 manu
1085 2134 1354 2191 subversae
1405 2142 1550 2201 sunt,
1584 2135 1777 2190 iterum
1879 2134 1999 2190 illos
2020 2130 2437 2205 signiﬁcaviteis
2484 2133 2925 2191 dicenszMittite
2974 2130 3102 2189 mihi
3158 2148 3306 2189 arma
3361 2145 3456 2187 ve~

188 2230 541 2301 qumstionem
571 2228 735 2284 habet
762 2228 899 2284 idem
925 2228 1220 2299 capitulum
1242 2270 1258 2294 ,
1313 2224 1586 2298 quomodo
1638 2224 1778 2294 antl-
1880 2231 2014 2282 stra.
2045 2237 2177 2295 opus
2206 2226 2347 2280 enim
2378 2236 2485 2281 non
2506 2225 2680 2282 habeo
2706 2224 2877 2281 vobis.
2913 2226 2981 2280 At
3014 2224 3090 2280 illi
3120 2224 3270 2281 stulti
3318 2220 3457 2278 divi-

187 2338 354 2394 quam
381 2322 820 2378 consuetudinem
850 2320 901 2376 in
934 2321 1174 2376 Ecclesia
1227 2318 1479 2376 traditam
1513 2334 1773 2390 prtesum-
1864 2314 2027 2371 ‘nitus
2059 2314 2185 2371 l'acti
2210 2314 2471 2373 dederunt
2514 2330 2686 2373 arma.
2720 2314 2870 2373 Tunc
2898 2317 3073 2372 missis
3120 2314 3336 2371 familiis
3365 2327 3463 2371 eo-

187 2410 684 2484 pserunt,sicuteis
707 2409 915 2466 libitum
941 2410 1057 2477 fuit,
1078 2411 1458 2474 exterminare,
1476 2408 1566 2465 sed
1584 2411 1781 2467 veritas
1880 2420 2000 2462 rum
2026 2408 2077 2463 in
2107 2420 2293 2479 naves,
2323 2410 2535 2466 exsules
2579 2422 2763 2465 eorum
2800 2408 2947 2464 misit
2974 2409 3042 2465 ab
3070 2410 3202 2465 urbe
3245 2408 3298 2463 in
3337 2421 3464 2479 pro-

192 2502 315 2570 Dei,
344 2510 405 2556 ut
432 2502 726 2572 apostolice
771 2501 1029 2567 dicamus,
1065 2518 1169 2557 non
1196 2511 1277 2557 est
1306 2500 1544 2572 alligata.
1597 2502 1780 2571 itaque
1882 2499 2054 2571 priam
2078 2500 2353 2572 regionem
2378 2514 2795 2573 nnunquemque
2839 2501 3037 2573 juliens
3077 2501 3248 2569 abire,
3276 2499 3328 2555 in
3358 2510 3465 2570 qua

190 2602 386 2649 octava
414 2592 636 2648 Kalend.
664 2590 901 2649 Januarii
930 2638 945 2662 ,
1002 2593 1169 2664 ipsius
1226 2603 1429 2649 octavae
1470 2593 1777 2649 indictionis

194 2682 548 2741 consecratus
602 2693 684 2741 est
722 2685 891 2740 almus
944 2693 1094 2755 pater
1134 2696 1321 2740 noster
1349 2682 1638 2740 Tharasius
1687 2698 1785 2755 pa-

192 2772 434 2830 triarcha
478 2773 1129 2846 Constantinopolitanus,
1164 2776 1274 2845 qui,
1309 2776 1483 2831 missis
1512 2774 1783 2849 synodicis

194 2863 428 2926 Romam
450 2868 581 2923 viris
608 2877 663 2923 et
685 2867 865 2924 libello
908 2866 1030 2924 lldei
1078 2884 1186 2924 sua:
1217 2910 1230 2935 ,
1278 2877 1527 2939 receptus
1580 2878 1660 2926 est
1718 2866 1785 2926 ab

1882 2598 1938 2649 et
1963 2595 2172 2664 genitus
2220 2603 2386 2651 esSet.
2422 2598 2486 2651 Et
2532 2610 2654 2653 cum
2685 2595 2902 2651 fecisset
2938 2595 3213 2666 proprium
3260 2588 3467 2650 exerci-

1884 2690 2017 2751 tum,
2051 2691 2106 2741 et
2146 2685 2417 2757 principes
2448 2686 2551 2743 sibi
2581 2686 3020 2758 obtemperantes
3043 2727 3058 2752 ,
3112 2686 3226 2757 ipsa
3270 2683 3464 2740 iterum

1883 2786 2070 2830 mense
2095 2772 2236 2829 Maio
2263 2777 2482 2831 mittens
2536 2788 2632 2846 per
2657 2788 2874 2831 omnem
2905 2774 3081 2831 locum
3137 2772 3465 2829 convocavit

1886 2880 2076 2925 omnes
2106 2868 2410 2940 episcopos,
2444 2882 2550 2939 quo
2575 2870 2926 2927 convenirent
2971 2869 3023 2923 in
3054 2866 3361 2924 Nicensinm
3383 2865 3464 2921 ci-

195 2960 438 3017 Adriano
470 2976 625 3033 papa.
659 2960 875 3017 Mittens
904 2972 1083 3018 autem
1110 2973 1162 3019 et
1203 2962 1517 3035 imperatrix
1545 2962 1699 3033 petiit
1728 2972 1787 3017 ut
1884 2960 2106 3021 vitatem
2146 2961 2213 3020 ad
2236 2964 2575 3023 emciendum
2600 2962 2708 3022 illic
2736 2964 3045 3022 concilium.
3082 2963 3149 3019 Et
3177 2976 3273 3035 per
3292 2971 3464 3019 totum

194 3050 443 3108 mitteret
464 3050 669 3108 litteras
696 3066 841 3119 suas,
866 3062 920 3109 et
950 3054 1193 3110 homines
1251 3054 1426 3112 claros
1453 3054 1544 3125 qui
1574 3053 1786 3109 invenl-
1887 3058 2128 3115 aestivum
2160 3066 2369 3131 tempus
2417 3062 2727 3132 congregati
2782 3068 2906 3117 Sunt
2950 3072 3138 3117 omnes
3183 3060 3323 3131 apud
3378 3054 3469 3114 Ni-

192 3150 389 3199 rentur
415 3145 467 3199 in
516 3142 750 3218 synodo.
806 3147 905 3214 Qui
949 3146 1144 3203 direxit
1202 3142 1419 3203 Petrum
1442 3148 1782 3204 “vicedonum
1814 3200 1858 3224 η
1889 3162 2061 3206 ceam.
2091 3152 2368 3223 Siquidem
2392 3166 2486 3210 eos
2514 3154 2603 3224 qui
2634 3168 2700 3209 ex
2722 3153 2980 3209 Romamn
3026 3151 3167 3209 sedis
3206 3159 3260 3207 et
3280 3148 3470 3206 Orien-

193 3228 473 3303 Ecciesire,
503 3246 556 3291 et
586 3234 801 3293 Petrum
841 3239 1197 3307 hegumenuni
1228 3241 1399 3294 sancti
1444 3238 1621 3307 Sabm,
1640 3241 1782 3295 viros
1812 3200 1858 3265 Ε
1889 3242 2072 3298 talium
2101 3200 2328 3313 peisona
2370 3200 2585 3313 venere,
2612 3258 2718 3302 non
2773 3244 3073 3314 dimiserat,
3102 3243 3198 3300 sed
3220 3248 3464 3301 retentos

194 3328 569 3397 honorabiles,
598 3344 661 3386 ac
682 3332 827 3386 omni
870 3332 1062 3387 virtute
1085 3332 1393 3387 adornatos.
1426 3330 1568 3387 Misit
1606 3338 1784 3387 autem
1887 3348 2071 3391 secum
2104 3334 2357 3391 habebat.

195 3427 254 3475 et
272 3421 615 3476 Antiochiam
644 3428 698 3477 et
726 3422 1102 3476 Alexandriam
1148 3433 1254 3477 tam
1286 3423 1599 3495 imperatrix
1626 3438 1785 3494 quam
1958 3427 2114 3483 Anno
2144 3432 2338 3484 octavo
2366 3428 2577 3500 imperii
2624 3424 2829 3486 Eirenas
2872 3437 2928 3486 et
2964 3426 3322 3497 Constantini,
3369 3434 3469 3485 ex-

194 3512 529 3599 patriarcha.
584 3512 771 3567 Adhuc
822 3526 1049 3584 namque
1106 3528 1209 3583 pax
1258 3529 1377 3584 quae
1422 3515 1563 3569 facta
1614 3516 1789 3570 fuerat
1889 3516 1985 3573 ivit
2010 3516 2303 3576 Therasius
2345 3520 2779 3593 archiepiscopus
2826 3520 3374 3593 Constantinopoleos
3414 3520 3467 3579 in

192 3617 325 3659 cum
364 3602 629 3657 Arabibus
653 3618 758 3658 non
788 3612 867 3659 est
902 3602 1097 3669 soluta,
1122 3614 1175 3659 et
1204 3604 1471 3661 duxerunt
1499 3608 1566 3661 ab
1596 3605 1788 3662 Antio-
1891 3606 2194 3666 Nicensium
2223 3612 2516 3681 civitatem,
2548 3620 2601 3670 et
2629 3612 2900 3670 celebrata
2928 3620 3009 3670 est
3032 3622 3221 3671 sancta
3250 3622 3299 3669 et
3354 3610 3472 3670 unl-

191 3694 322 3751 chia
367 3695 584 3766 quidem
636 3691 896 3751 Joannem
948 3711 1198 3767 magnum
1234 3741 1249 3766 ,
1302 3706 1466 3768 atque
1523 3698 1791 3755 famosum
1889 3701 2117 3756 versalis
2145 3702 2372 3773 septima
2414 3702 2649 3778 synodus
2702 3709 3120 3777 episcOporum,
3170 3714 3225 3763 et
3265 3702 3475 3778 recepit

191 3787 371 3843 verbo
405 3796 458 3841 et
489 3800 681 3856 opere,
710 3786 1010 3842 sanctitatis
1061 3789 1408 3859 participem,
1465 3790 1556 3858 qui
1586 3788 1793 3862 syucel-
1893 3795 2157 3851 catholica
2186 3796 2421 3853 Ecclesia
2444 3798 2622 3867 prisca
2636 3804 2952 3853 ornamenta
2970 3810 3085 3864 sua,
3114 3798 3248 3854 nihil
3271 3813 3470 3854 novum

192 3872 287 3932 ius
344 3876 659 3931 Antiocheni
708 3877 1023 3946 patriarchae
1073 3878 1197 3946 fuit,
1255 3888 1309 3935 et
1358 3876 1621 3935 Thomam
1671 3880 1794 3936 Alé-
1893 3888 2209 3963 praedicans,
2240 3888 2333 3945 sed
2360 3899 2664 3945 sanctorum
2694 3888 2911 3945 Patrum
2962 3884 3211 3960 dogmata
3241 3888 3463 3947 immota

196 3965 529 4024 xandrinum
577 3966 750 4021 virum
802 3966 1130 4034 zelatorem,
1197 3976 1252 4025 et
1297 3968 1784 4039 religiosissimum,

1897 3984 2224 4050 custodiens,
2252 3991 2306 4039 et
2335 3996 2530 4038 novam
2554 3979 2797 4039 hmreslm
2823 3982 3096 4049 abdicans,
3123 3990 3337 4051 tresque
3363 3978 3467 4037 fai-

196 4061 294 4131 ηυί
350 4068 405 4115 θῑ
459 4058 851 4117 Τδθεδθίοηίοεε
892 4060 1121 4119 οίνίῑααε
1168 4077 1403 4135 ωδεηεε,
1444 4076 1561 4135 (Ιυω
1616 4072 1696 4120 εδι
1742 4060 1796 4121 in
1897 4088 1985 4134 sos
2018 4076 2318 4131 nominatos
2348 4075 2679 4145 patriarchas
2728 4070 3212 4140 anathematizans,
3242 4072 3473 4129 Anasta~

190 4148 439 4227 Illyrico,
489 4154 663 4210 factus
710 4155 1146 4227 archiepiscopus
1170 4158 1380 4213 claruit.
1417 4154 1626 4213 Interea
1649 4170 1798 4215 mor-
1895 4169 2036 4227 ειιιιη
2068 4168 2290 4233 scilicet,
2321 4167 2752 4235 constantinum,
2784 4175 2839 4220 ει
2877 4162 3139 4233 Νίιιειεηη,
3164 4172 3326 4236 atque
3351 4178 3470 4221 om-

191 4253 297 4300 tuo
350 4246 552 4317 Moyse,
580 4244 639 4299 iit
667 4245 903 4300 Arabum
932 4247 1038 4301 dux
1090 4246 1291 4316 Aaron,
1321 4249 1412 4319 qui
1459 4248 1645 4319 viginti
1690 4257 1784 4306 tre:

1901 4276 1997 4319 nes
2044 4249 2439 4318 consentaneos
2485 4274 2693 4316 eorum.
2752 4259 2916 4315 Facta
2943 4267 3025 4315 est
3077 4266 3256 4314 autem
3299 4257 3474 4330 prima

194 4337 282 4392 eis
343 4336 801 4407 Ρτωτυίῑίπηηὶδν
864 4345 918 4394 ει
972 4338 1139 4395 multa
1192 4338 1510 4398 Christianis
1567 4342 1801 4400 ostendi!
1902 4354 2189 4411 conventio
2218 4354 2468 4410 acsessio
2490 4340 3179 4426 episcOporuminecciesla
3209 4350 3477 4408 catholica

194 4428 368 4483 maia.

1902 4454 2105 4503 sanctae
2119 4446 2331 4517 Sophim
2356 4444 2571 4501 Nicenae
2598 4442 2933 4501 civitatis.Et
2961 4444 3149 4515 quinto
3179 4444 3300 4500 Idus
3314 4440 3477 4500 Octo-

275 4520 437 4575 Αηηο
462 4528 618 4577 sexto
640 4523 850 4627 imperii
869 4523 971 4627 soi,
996 4523 1271 4581 mittentes
1290 4526 1642 4597 imperatores
1659 4540 1790 4584 con-
1818 4562 1875 4627 υ
1905 4537 2014 4593 bris
2040 4538 2330 4594 undecimae
2355 4534 2678 4605 indictiom‘s,
2697 4548 2881 4594 mense
2896 4536 3231 4600 Novembris,
3251 4537 3478 4607 ingressi

193 4618 471 4667 vocarunt
501 4627 687 4670 omnes
716 4615 806 4684 qui
852 4616 951 4671 sub
976 4632 1164 4672 eorum
1193 4626 1346 4672 erant
1388 4626 1653 4687 potestate
1693 4633 1794 4675 an-

194 4704 316 4757 sisti
327 4712 404 4757 tes
434 4723 448 4757 :
476 4706 909 4774 pervenientilius
928 4721 1143 4778 quoque
1162 4724 1192 4765 a
1212 4710 1376 4764 Roma
1393 4711 1711 4769 transmissis
1729 4713 1795 4768 ab

198 4794 448 4849 Adriano
482 4796 671 4852 litteris
692 4809 755 4852 .et
778 4799 1099 4865 hominibus,
1125 4808 1182 4855 ut
1205 4801 1549 4871 priediximus
1573 4842 1589 4870 ,
1642 4813 1699 4858 et
1728 4805 1795 4860 ab

199 4886 494 4943 Antiochia
539 4890 593 4945 et
617 4888 971 4958 Alexandria;
1004 4901 1059 4947 et
1100 4894 1322 4963 septima
1370 4894 1492 4951 Idus
1540 4895 1785 4966 Augusti,

198 4994 357 5036 nona
386 4983 701 5055 indictione,
731 4987 1081 5057 praesidentes
1128 4990 1183 5045 in
1233 4990 1434 5061 templo
1480 5001 1793 5048 sanctorum

201 5074 585 5143 apostolorum
617 5079 760 5148 apud
789 5080 992 5149 regiam
1022 5081 1230 5149 urbem,
1270 5093 1554 5154 coeperunt
1578 5094 1796 5140 sanctas

202 5167 521 5236 Scripturas
547 5162 805 5239 relegere,
826 5178 881 5226 et
911 5172 1147 5242 obiicere
1178 5175 1427 5241 invicem,
1456 5177 1795 5248 imperatori-

200 5258 314 5316 bus
342 5272 407 5316 ac
419 5261 819 5318 catechumenis
839 5264 1243 5334 aspicientibus.
1270 5268 1366 5323 Ast
1387 5268 1618 5338 populus
1641 5269 1798 5325 scho-

202 5350 495 5420 lariorum,
521 5360 581 5409 et
602 5353 966 5424 excubituum,
993 5365 1154 5426 atque
1195 5358 1442 5421 ordinum
1474 5368 1797 5415 caeteroruni

206 5443 441 5500 adunati
469 5460 497 5499 a
524 5446 635 5501 suis
666 5448 1014 5519 principibus,
1046 5463 1165 5504 cum
1190 5450 1453 5507 haberent
1492 5454 1657 5507 etiam
1691 5453 1797 5523 ipsi

210 5537 535 5607 magistrum
550 5537 960 5595 Constantinum
979 5539 1089 5596 Deo
1119 5542 1370 5597 odibilem
1400 5542 1599 5598 dudum
1630 5544 1801 5614 impe-

208 5643 479 5697 ratorem,
503 5624 774 5689 irrueruut
800 5632 856 5689 in
886 5648 981 5689 eos
1007 5633 1219 5690 nudatis
1248 5635 1459 5704 gladiis,
1484 5636 1798 5693 minitantes

212 5723 549 5783 mortiﬁcare
579 5734 689 5782 tam
713 5743 978 5783 summum
1019 5729 1352 5793 sacerdotem
1397 5746 1559 5800 quam
1613 5732 1802 5787 ortho—

218 5816 398 5874 doxos
416 5816 700 5891 episcopos
728 5827 786 5877 et
810 5819 1051 5878 abbates.
1079 5817 1311 5892 Imperio
1341 5836 1471 5878 vero
1500 5838 1599 5907 per
1625 5832 1801 5880 astan-

1899 4639 2024 4687 sunt
2053 4644 2241 4686 omnes
2268 4632 2466 4701 regiam
2487 4631 2697 4698 urbem,
2722 4636 2778 4685 et
2808 4630 3218 4701 praesidentibus
3248 4632 3482 4701 impera-

1899 4724 2104 4778 toribus
2133 4737 2234 4777 una
2262 4738 2382 4777 cum
2410 4722 2675 4791 episcopis
2725 4722 2776 4777 in
2807 4720 3094 4791 ilaguaura
3122 4762 3138 4789 ,
3194 4720 3365 4778 iectus
3397 4728 3480 4776 est

1899 4820 2095 4880 tomus,
2128 4820 2183 4867 et
2228 4810 2545 4882 subscripsit
2597 4821 2702 4868 tam
2748 4814 3041 4883 imperator
3096 4828 3256 4884 quam
3308 4819 3483 4867 mater

1899 4902 2037 4973 ejus,
2068 4904 2342 4958 ﬁrmantes
2374 4902 2627 4973 pietatem
2656 4904 2951 4958 secundum
2984 4903 3201 4972 antiqua
3227 4901 3481 4970 dogmata

1899 5006 2065 5064 Opera
2088 4995 2450 5058 sacerdotum,
2485 4998 2539 5048 et
2591 5008 2711 5050 cum
2742 4995 2950 5049 honore
2996 4993 3315 5049 dimiserunt
3340 5006 3437 5058 eos
3461 5033 3481 5062 ,

1901 5092 1957 5138 et
1985 5097 2122 5153 pace
2150 5084 2321 5153 potita
2354 5092 2437 5138 est
2456 5081 2697 5140 Ecclesia
2727 5084 2823 5140 Dei
2855 5083 3139 5149 catholica,
3172 5094 3481 5152 quanquam

1900 5172 2149 5233 inimicus
2192 5175 2392 5229 zlzania
2419 5176 2591 5229 suain
2642 5174 2894 5247 operibus
2923 5176 3032 5231 suis
3061 5172 3325 5230 seminare
3369 5186 3482 5229 non

1902 5274 2098 5331 cesset,
2129 5264 2225 5320 sed
2255 5264 2491 5322 Ecclesia
2522 5262 2638 5334 Dei,
2683 5280 2897 5337 semper
2926 5268 3252 5338 impugnata,
3288 5265 3481 5321 trium-

1896 5356 2050 5427 phat.
2084 5356 2238 5412 Auno
2266 5372 2408 5412 nono
2436 5358 2647 5429 imperii
2671 5358 2754 5414 sui
2784 5356 2975 5414 Eirene
3005 5359 3317 5428 imperatrix
3340 5371 3478 5428 pace

1900 5445 2076 5502 soluta
2096 5462 2216 5504 cum
2245 5444 2482 5514 Francis,
2498 5458 2661 5503 causa
2676 5444 2931 5519 nuptialis
2956 5456 3265 5505 contractus
3291 5448 3487 5504 direxit

1902 5538 2286 5611 Theophanem
2312 5538 2768 5611 protospatarium
2810 5546 2866 5595 et
2903 5539 3131 5595 adduxit
3153 5541 3384 5612 puellam
3416 5554 3484 5597 ex

1905 5634 2238 5692 Armeniacis
2268 5635 2486 5689 nomine
2508 5628 2728 5687 Mariam
2757 5632 2826 5688 ab
2842 5632 3052 5699 Amnia,
3086 5641 3144 5689 et
3164 5634 3343 5702 iunxit
3358 5646 3485 5691 eam

1904 5727 2255 5785 Constantino
2278 5727 2384 5781 lilio
2414 5741 2534 5792 suo,
2577 5739 2698 5779 cum
2726 5726 2839 5796 ipse
2866 5726 3093 5781 multum
3123 5728 3432 5784 tristaretur
3458 5766 3479 5796 ,

1904 5832 1959 5879 et
1989 5821 2155 5879 nollet
2199 5827 2418 5892 propter
2466 5819 2735 5888 aﬂ'ectum,
2767 5834 2875 5891 quo
2902 5808 3041 5893 ergo
3068 5821 3232 5881 ﬁlim
3290 5822 3487 5901 Caroli
