  <div class='ocr_page' id='page_1' title='image "/cluster/home/n/w/nwhite01/storage/ocr_20150623/95/hvd.32044010719722/587.png"; bbox 0 0 3956 6342; ppageno 0'>
   <div class='ocr_carea' id='block_1_1' title="bbox 624 306 776 364">
    <p class='ocr_par' dir='ltr' id='par_1_1' title="bbox 624 306 776 364">
     <span class='ocr_line' id='line_1_1' title="bbox 624 306 776 364; baseline -0.007 0"><span class='ocrx_word' id='word_1_1' title='bbox 624 306 776 364; x_wconf 65' lang='grc' dir='ltr'><strong>Ἱ119</strong></span> 
     </span>
    </p>
   </div>
   <div class='ocr_carea' id='block_1_2' title="bbox 1532 293 2231 355">
    <p class='ocr_par' dir='ltr' id='par_1_2' title="bbox 1532 293 2231 355">
     <span class='ocr_line' id='line_1_2' title="bbox 1532 293 2231 355; baseline 0.004 -4"><span class='ocrx_word' id='word_1_2' title='bbox 1532 294 1733 355; x_wconf 80' lang='lat' dir='ltr'><strong>PAULI</strong></span> <span class='ocrx_word' id='word_1_3' title='bbox 1774 294 2047 355; x_wconf 83' lang='lat' dir='ltr'><strong>DIACONI</strong></span> <span class='ocrx_word' id='word_1_4' title='bbox 2079 293 2231 354; x_wconf 87' lang='lat' dir='ltr'><strong>OPP.</strong></span> 
     </span>
    </p>
   </div>
   <div class='ocr_carea' id='block_1_3' title="bbox 2270 295 3745 386">
    <p class='ocr_par' dir='ltr' id='par_1_3' title="bbox 2270 295 3745 386">
     <span class='ocr_line' id='line_1_3' title="bbox 2270 295 3745 386; baseline 0.007 -31"><span class='ocrx_word' id='word_1_5' title='bbox 2270 295 2450 356; x_wconf 81' lang='lat' dir='ltr'><strong>PARS</strong></span> <span class='ocrx_word' id='word_1_6' title='bbox 2487 296 2533 354; x_wconf 82' lang='grc' dir='ltr'><strong>ι.</strong></span> <span class='ocrx_word' id='word_1_7' title='bbox 2570 324 2641 341; x_wconf 88' lang='lat'><strong>--</strong></span> <span class='ocrx_word' id='word_1_8' title='bbox 2665 296 3049 356; x_wconf 80' lang='lat' dir='ltr'><strong>HISTORICA.</strong></span> <span class='ocrx_word' id='word_1_9' title='bbox 3651 324 3745 386; x_wconf 57' lang='lat' dir='ltr'><strong>me</strong></span> 
     </span>
    </p>
   </div>
   <div class='ocr_carea' id='block_1_4' title="bbox 628 392 3743 513">
    <p class='ocr_par' dir='ltr' id='par_1_4' title="bbox 628 392 3743 513">
     <span class='ocr_line' id='line_1_4' title="bbox 628 392 3743 513; baseline 0.005 -35"><span class='ocrx_word' id='word_1_10' title='bbox 628 421 772 491; x_wconf 85' lang='lat' dir='ltr'><strong>regis</strong></span> <span class='ocrx_word' id='word_1_11' title='bbox 800 416 1132 473; x_wconf 81' lang='lat' dir='ltr'><strong>Francorum</strong></span> <span class='ocrx_word' id='word_1_12' title='bbox 1163 410 1425 483; x_wconf 79' lang='lat' dir='ltr'><strong>ﬂagrabat</strong></span> <span class='ocrx_word' id='word_1_13' title='bbox 1473 426 1635 481; x_wconf 91' lang='lat' dir='ltr'><strong>quam</strong></span> <span class='ocrx_word' id='word_1_14' title='bbox 1665 421 1821 468; x_wconf 90' lang='lat' dir='ltr'><strong>antea</strong></span> <span class='ocrx_word' id='word_1_15' title='bbox 1853 392 2217 513; x_wconf 73' lang='lat' dir='ltr'><strong>desponsave-</strong></span> <span class='ocrx_word' id='word_1_16' title='bbox 2242 419 2300 479; x_wconf 73' lang='grc' dir='ltr'>Α</span> <span class='ocrx_word' id='word_1_17' title='bbox 2324 420 2482 513; x_wconf 66' lang='lat' dir='ltr'><strong>terrae</strong></span> <span class='ocrx_word' id='word_1_18' title='bbox 2509 413 2741 513; x_wconf 75' lang='lat' dir='ltr'><strong>proximi</strong></span> <span class='ocrx_word' id='word_1_19' title='bbox 2766 423 3120 471; x_wconf 80' lang='lat' dir='ltr'><strong>cernerentur</strong></span> <span class='ocrx_word' id='word_1_20' title='bbox 3145 458 3160 485; x_wconf 91' lang='lat'><strong>,</strong></span> <span class='ocrx_word' id='word_1_21' title='bbox 3213 419 3430 479; x_wconf 84' lang='lat' dir='ltr'><strong>viderunt</strong></span> <span class='ocrx_word' id='word_1_22' title='bbox 3465 441 3539 485; x_wconf 87' lang='lat' dir='ltr'><strong>eos</strong></span> <span class='ocrx_word' id='word_1_23' title='bbox 3556 448 3743 513; x_wconf 66' lang='lat' dir='ltr'><strong>plateret,</strong></span> 
     </span>
    </p>
   </div>
   <div class='ocr_carea' id='block_1_5' title="bbox 628 506 2209 577">
    <p class='ocr_par' dir='ltr' id='par_1_5' title="bbox 628 506 2209 577">
     <span class='ocr_line' id='line_1_5' title="bbox 628 506 2209 577; baseline -0.004 -8"><span class='ocrx_word' id='word_1_24' title='bbox 628 521 744 573; x_wconf 88' lang='lat' dir='ltr'><strong>rat,</strong></span> <span class='ocrx_word' id='word_1_25' title='bbox 804 518 860 566; x_wconf 90' lang='lat' dir='ltr'><strong>et</strong></span> <span class='ocrx_word' id='word_1_26' title='bbox 901 515 1413 566; x_wconf 88' lang='lat' dir='ltr'><strong>consummaverunt</strong></span> <span class='ocrx_word' id='word_1_27' title='bbox 1459 509 1671 577; x_wconf 75' lang='lat' dir='ltr'><strong>nuptias</strong></span> <span class='ocrx_word' id='word_1_28' title='bbox 1725 509 1843 577; x_wconf 87' lang='lat' dir='ltr'><strong>ejus</strong></span> <span class='ocrx_word' id='word_1_29' title='bbox 1871 522 2054 563; x_wconf 90' lang='lat' dir='ltr'><strong>mense</strong></span> <span class='ocrx_word' id='word_1_30' title='bbox 2097 506 2209 563; x_wconf 84' lang='lat' dir='ltr'><strong>No-</strong></span> 
     </span>
    </p>
   </div>
   <div class='ocr_carea' id='block_1_6' title="bbox 626 598 2201 660">
    <p class='ocr_par' dir='ltr' id='par_1_6' title="bbox 626 598 2201 660">
     <span class='ocr_line' id='line_1_6' title="bbox 626 598 2201 660; baseline -0.004 0"><span class='ocrx_word' id='word_1_31' title='bbox 626 602 863 660; x_wconf 88' lang='lat' dir='ltr'><strong>vembris</strong></span> <span class='ocrx_word' id='word_1_32' title='bbox 888 600 1190 657; x_wconf 89' lang='lat' dir='ltr'><strong>indictionis</strong></span> <span class='ocrx_word' id='word_1_33' title='bbox 1216 599 1567 655; x_wconf 84' lang='lat' dir='ltr'><strong>duodecimae.</strong></span> <span class='ocrx_word' id='word_1_34' title='bbox 1598 599 1808 655; x_wconf 87' lang='lat' dir='ltr'><strong>Interea</strong></span> <span class='ocrx_word' id='word_1_35' title='bbox 1836 598 2024 654; x_wconf 87' lang='lat' dir='ltr'><strong>Eireue</strong></span> <span class='ocrx_word' id='word_1_36' title='bbox 2054 599 2201 654; x_wconf 90' lang='lat' dir='ltr'><strong>misit</strong></span> 
     </span>
    </p>
   </div>
   <div class='ocr_carea' id='block_1_7' title="bbox 626 692 2210 762">
    <p class='ocr_par' dir='ltr' id='par_1_7' title="bbox 626 692 2210 762">
     <span class='ocr_line' id='line_1_7' title="bbox 626 692 2210 762; baseline -0.003 -10"><span class='ocrx_word' id='word_1_37' title='bbox 626 694 891 752; x_wconf 78' lang='lat' dir='ltr'><strong>Joannem</strong></span> <span class='ocrx_word' id='word_1_38' title='bbox 915 694 1254 750; x_wconf 84' lang='lat' dir='ltr'><strong>sacellarium</strong></span> <span class='ocrx_word' id='word_1_39' title='bbox 1301 701 1356 748; x_wconf 90' lang='lat' dir='ltr'><strong>et</strong></span> <span class='ocrx_word' id='word_1_40' title='bbox 1404 692 1738 762; x_wconf 87' lang='lat' dir='ltr'><strong>logothetam</strong></span> <span class='ocrx_word' id='word_1_41' title='bbox 1780 693 1834 748; x_wconf 92' lang='lat' dir='ltr'><strong>in</strong></span> <span class='ocrx_word' id='word_1_42' title='bbox 1889 692 2210 762; x_wconf 81' lang='lat' dir='ltr'><strong>Longobar-</strong></span> 
     </span>
    </p>
   </div>
   <div class='ocr_carea' id='block_1_8' title="bbox 627 786 2212 857">
    <p class='ocr_par' dir='ltr' id='par_1_8' title="bbox 627 786 2212 857">
     <span class='ocr_line' id='line_1_8' title="bbox 627 786 2212 857; baseline -0.001 -13"><span class='ocrx_word' id='word_1_43' title='bbox 627 789 794 855; x_wconf 88' lang='lat' dir='ltr'><strong>diam,</strong></span> <span class='ocrx_word' id='word_1_44' title='bbox 824 804 929 843; x_wconf 89' lang='lat' dir='ltr'><strong>una</strong></span> <span class='ocrx_word' id='word_1_45' title='bbox 952 803 1072 843; x_wconf 91' lang='lat' dir='ltr'><strong>cum</strong></span> <span class='ocrx_word' id='word_1_46' title='bbox 1105 796 1128 823; x_wconf 73' lang='grc' dir='ltr'><strong>δ</strong></span> <span class='ocrx_word' id='word_1_47' title='bbox 1164 786 1415 856; x_wconf 82' lang='lat' dir='ltr'><strong>Adelgiso</strong></span> <span class='ocrx_word' id='word_1_48' title='bbox 1432 786 1630 841; x_wconf 89' lang='lat' dir='ltr'><strong>dudum</strong></span> <span class='ocrx_word' id='word_1_49' title='bbox 1654 787 1874 857; x_wconf 84' lang='lat' dir='ltr'><strong>majoris</strong></span> <span class='ocrx_word' id='word_1_50' title='bbox 1897 787 2212 857; x_wconf 81' lang='lat' dir='ltr'><strong>Longobar—</strong></span> 
     </span>
    </p>
   </div>
   <div class='ocr_carea' id='block_1_9' title="bbox 626 879 2209 951">
    <p class='ocr_par' dir='ltr' id='par_1_9' title="bbox 626 879 2209 951">
     <span class='ocr_line' id='line_1_9' title="bbox 626 879 2209 951; baseline -0.001 -14"><span class='ocrx_word' id='word_1_51' title='bbox 626 881 729 943; x_wconf 71' lang='lat' dir='ltr'><strong>dite</strong></span> <span class='ocrx_word' id='word_1_52' title='bbox 751 895 898 951; x_wconf 89' lang='lat' dir='ltr'><strong>rege,</strong></span> <span class='ocrx_word' id='word_1_53' title='bbox 932 895 1090 950; x_wconf 90' lang='lat' dir='ltr'><strong>quem</strong></span> <span class='ocrx_word' id='word_1_54' title='bbox 1122 880 1198 935; x_wconf 87' lang='lat' dir='ltr'><strong>illi</strong></span> <span class='ocrx_word' id='word_1_55' title='bbox 1248 879 1584 936; x_wconf 88' lang='lat' dir='ltr'><strong>Theodatum</strong></span> <span class='ocrx_word' id='word_1_56' title='bbox 1614 880 1892 948; x_wconf 86' lang='lat' dir='ltr'><strong>dicebant,</strong></span> <span class='ocrx_word' id='word_1_57' title='bbox 1925 881 1992 935; x_wconf 94' lang='lat' dir='ltr'><strong>ad</strong></span> <span class='ocrx_word' id='word_1_58' title='bbox 2044 880 2209 936; x_wconf 90' lang='lat' dir='ltr'><strong>ultio-</strong></span> 
     </span>
    </p>
   </div>
   <div class='ocr_carea' id='block_1_10' title="bbox 626 970 2209 1041">
    <p class='ocr_par' dir='ltr' id='par_1_10' title="bbox 626 970 2209 1041">
     <span class='ocr_line' id='line_1_10' title="bbox 626 970 2209 1041; baseline -0.002 -11"><span class='ocrx_word' id='word_1_59' title='bbox 626 987 752 1030; x_wconf 91' lang='lat' dir='ltr'><strong>nem</strong></span> <span class='ocrx_word' id='word_1_60' title='bbox 778 970 1111 1028; x_wconf 79' lang='lat' dir='ltr'><strong>inferendam</strong></span> <span class='ocrx_word' id='word_1_61' title='bbox 1145 972 1187 1025; x_wconf 89' lang='lat' dir='ltr'><strong>si</strong></span> <span class='ocrx_word' id='word_1_62' title='bbox 1226 978 1451 1041; x_wconf 86' lang='lat' dir='ltr'><strong>possent</strong></span> <span class='ocrx_word' id='word_1_63' title='bbox 1475 972 1529 1026; x_wconf 88' lang='lat' dir='ltr'><strong>in</strong></span> <span class='ocrx_word' id='word_1_64' title='bbox 1557 970 1831 1038; x_wconf 90' lang='lat' dir='ltr'><strong>Carolum,</strong></span> <span class='ocrx_word' id='word_1_65' title='bbox 1857 980 1913 1027; x_wconf 91' lang='lat' dir='ltr'><strong>et</strong></span> <span class='ocrx_word' id='word_1_66' title='bbox 1946 971 2209 1041; x_wconf 90' lang='lat' dir='ltr'><strong>quosdam</strong></span> 
     </span>
    </p>
   </div>
   <div class='ocr_carea' id='block_1_11' title="bbox 624 1063 2211 1130">
    <p class='ocr_par' dir='ltr' id='par_1_11' title="bbox 624 1063 2211 1130">
     <span class='ocr_line' id='line_1_11' title="bbox 624 1063 2211 1130; baseline -0.001 -8"><span class='ocrx_word' id='word_1_67' title='bbox 624 1065 1003 1123; x_wconf 89' lang='lat' dir='ltr'><strong>subducendos</strong></span> <span class='ocrx_word' id='word_1_68' title='bbox 1032 1063 1235 1119; x_wconf 82' lang='lat' dir='ltr'><strong>abillo.</strong></span> <span class='ocrx_word' id='word_1_69' title='bbox 1270 1063 1671 1119; x_wconf 89' lang='lat' dir='ltr'><strong>Descenderunt</strong></span> <span class='ocrx_word' id='word_1_70' title='bbox 1706 1077 1835 1130; x_wconf 82' lang='lat' dir='ltr'><strong>ergo</strong></span> <span class='ocrx_word' id='word_1_71' title='bbox 1861 1079 1982 1120; x_wconf 92' lang='lat' dir='ltr'><strong>cum</strong></span> <span class='ocrx_word' id='word_1_72' title='bbox 2032 1063 2211 1121; x_wconf 52' lang='lat' dir='ltr'><strong>Theo.</strong></span> 
     </span>
    </p>
   </div>
   <div class='ocr_carea' id='block_1_12' title="bbox 619 1155 2207 1233">
    <p class='ocr_par' dir='ltr' id='par_1_12' title="bbox 619 1155 2207 1233">
     <span class='ocr_line' id='line_1_12' title="bbox 619 1155 2207 1233; baseline 0 -20"><span class='ocrx_word' id='word_1_73' title='bbox 619 1158 756 1233; x_wconf 86' lang='lat' dir='ltr'><strong>doro</strong></span> <span class='ocrx_word' id='word_1_74' title='bbox 809 1158 1037 1229; x_wconf 90' lang='lat' dir='ltr'><strong>patricio</strong></span> <span class='ocrx_word' id='word_1_75' title='bbox 1090 1158 1338 1213; x_wconf 89' lang='lat' dir='ltr'><strong>eunucho</strong></span> <span class='ocrx_word' id='word_1_76' title='bbox 1386 1165 1619 1228; x_wconf 68' lang='lat' dir='ltr'><strong>praetore</strong></span> <span class='ocrx_word' id='word_1_77' title='bbox 1661 1155 1893 1224; x_wconf 87' lang='lat' dir='ltr'><strong>Siciliae,</strong></span> <span class='ocrx_word' id='word_1_78' title='bbox 1971 1167 2027 1213; x_wconf 91' lang='lat' dir='ltr'><strong>et</strong></span> <span class='ocrx_word' id='word_1_79' title='bbox 2073 1158 2207 1214; x_wconf 90' lang='lat' dir='ltr'><strong>inito</strong></span> 
     </span>
    </p>
   </div>
   <div class='ocr_carea' id='block_1_13' title="bbox 620 1247 2208 1319">
    <p class='ocr_par' dir='ltr' id='par_1_13' title="bbox 620 1247 2208 1319">
     <span class='ocr_line' id='line_1_13' title="bbox 620 1247 2208 1319; baseline -0.001 -12"><span class='ocrx_word' id='word_1_80' title='bbox 620 1249 783 1317; x_wconf 89' lang='lat' dir='ltr'><strong>bello,</strong></span> <span class='ocrx_word' id='word_1_81' title='bbox 813 1258 994 1306; x_wconf 88' lang='lat' dir='ltr'><strong>tentus</strong></span> <span class='ocrx_word' id='word_1_82' title='bbox 1022 1265 1053 1304; x_wconf 91' lang='lat' dir='ltr'><strong>a</strong></span> <span class='ocrx_word' id='word_1_83' title='bbox 1080 1250 1323 1314; x_wconf 83' lang='lat' dir='ltr'><strong>Francis,</strong></span> <span class='ocrx_word' id='word_1_84' title='bbox 1357 1264 1542 1304; x_wconf 91' lang='lat' dir='ltr'><strong>amare</strong></span> <span class='ocrx_word' id='word_1_85' title='bbox 1565 1257 1878 1319; x_wconf 80' lang='lat' dir='ltr'><strong>peremptus</strong></span> <span class='ocrx_word' id='word_1_86' title='bbox 1908 1256 2010 1305; x_wconf 90' lang='lat' dir='ltr'><strong>est.</strong></span> <span class='ocrx_word' id='word_1_87' title='bbox 2049 1247 2208 1305; x_wconf 88' lang='lat' dir='ltr'><strong>Anno</strong></span> 
     </span>
    </p>
   </div>
   <div class='ocr_carea' id='block_1_14' title="bbox 617 1340 2207 1415">
    <p class='ocr_par' dir='ltr' id='par_1_14' title="bbox 617 1340 2207 1415">
     <span class='ocr_line' id='line_1_14' title="bbox 617 1340 2207 1415; baseline -0.001 -16"><span class='ocrx_word' id='word_1_88' title='bbox 617 1343 829 1400; x_wconf 89' lang='lat' dir='ltr'><strong>decimo</strong></span> <span class='ocrx_word' id='word_1_89' title='bbox 851 1344 1060 1415; x_wconf 88' lang='lat' dir='ltr'><strong>imperii</strong></span> <span class='ocrx_word' id='word_1_90' title='bbox 1088 1343 1334 1410; x_wconf 87' lang='lat' dir='ltr'><strong>Eirenes,</strong></span> <span class='ocrx_word' id='word_1_91' title='bbox 1370 1343 1536 1397; x_wconf 82' lang='lat' dir='ltr'><strong>movit</strong></span> <span class='ocrx_word' id='word_1_92' title='bbox 1564 1341 1811 1398; x_wconf 88' lang='lat' dir='ltr'><strong>diabolus</strong></span> <span class='ocrx_word' id='word_1_93' title='bbox 1832 1340 2006 1398; x_wconf 86' lang='lat' dir='ltr'><strong>livore</strong></span> <span class='ocrx_word' id='word_1_94' title='bbox 2031 1342 2207 1412; x_wconf 86' lang='lat' dir='ltr'><strong>pieta-</strong></span> 
     </span>
    </p>
   </div>
   <div class='ocr_carea' id='block_1_15' title="bbox 616 1432 2205 1504">
    <p class='ocr_par' dir='ltr' id='par_1_15' title="bbox 616 1432 2205 1504">
     <span class='ocr_line' id='line_1_15' title="bbox 616 1432 2205 1504; baseline 0 -15"><span class='ocrx_word' id='word_1_95' title='bbox 616 1434 689 1489; x_wconf 86' lang='lat' dir='ltr'><strong>tis</strong></span> <span class='ocrx_word' id='word_1_96' title='bbox 718 1434 1108 1504; x_wconf 84' lang='lat' dir='ltr'><strong>imperatorum</strong></span> <span class='ocrx_word' id='word_1_97' title='bbox 1130 1434 1401 1499; x_wconf 88' lang='lat' dir='ltr'><strong>homines,</strong></span> <span class='ocrx_word' id='word_1_98' title='bbox 1431 1433 1524 1503; x_wconf 89' lang='lat' dir='ltr'><strong>qui</strong></span> <span class='ocrx_word' id='word_1_99' title='bbox 1557 1432 1948 1502; x_wconf 89' lang='lat' dir='ltr'><strong>instigaverunt</strong></span> <span class='ocrx_word' id='word_1_100' title='bbox 1975 1442 2205 1489; x_wconf 89' lang='lat' dir='ltr'><strong>matrem</strong></span> 
     </span>
    </p>
   </div>
   <div class='ocr_carea' id='block_1_16' title="bbox 561 1522 2207 1595">
    <p class='ocr_par' dir='ltr' id='par_1_16' title="bbox 561 1522 2207 1595">
     <span class='ocr_line' id='line_1_16' title="bbox 561 1522 2207 1595; baseline 0 -14"><span class='ocrx_word' id='word_1_101' title='bbox 561 1546 569 1553; x_wconf 59' lang='grc' dir='ltr'><strong><em>ι</em></strong></span> <span class='ocrx_word' id='word_1_102' title='bbox 617 1525 876 1584; x_wconf 88' lang='lat' dir='ltr'><strong>adversus</strong></span> <span class='ocrx_word' id='word_1_103' title='bbox 904 1525 1097 1595; x_wconf 88' lang='lat' dir='ltr'><strong>filium,</strong></span> <span class='ocrx_word' id='word_1_104' title='bbox 1119 1534 1175 1582; x_wconf 93' lang='lat' dir='ltr'><strong>et</strong></span> <span class='ocrx_word' id='word_1_105' title='bbox 1196 1524 1361 1580; x_wconf 85' lang='lat' dir='ltr'><strong>filium</strong></span> <span class='ocrx_word' id='word_1_106' title='bbox 1411 1524 1667 1581; x_wconf 90' lang='lat' dir='ltr'><strong>adversus</strong></span> <span class='ocrx_word' id='word_1_107' title='bbox 1698 1535 1948 1580; x_wconf 86' lang='lat' dir='ltr'><strong>matrem.</strong></span> <span class='ocrx_word' id='word_1_108' title='bbox 1979 1522 2207 1581; x_wconf 84' lang='lat' dir='ltr'><strong>Inflexe-</strong></span> 
     </span>
    </p>
   </div>
   <div class='ocr_carea' id='block_1_17' title="bbox 615 1616 2203 1689">
    <p class='ocr_par' dir='ltr' id='par_1_17' title="bbox 615 1616 2203 1689">
     <span class='ocr_line' id='line_1_17' title="bbox 615 1616 2203 1689; baseline -0.001 -14"><span class='ocrx_word' id='word_1_109' title='bbox 615 1627 743 1675; x_wconf 84' lang='lat' dir='ltr'><strong>runt</strong></span> <span class='ocrx_word' id='word_1_110' title='bbox 768 1618 910 1674; x_wconf 89' lang='lat' dir='ltr'><strong>enim</strong></span> <span class='ocrx_word' id='word_1_111' title='bbox 935 1633 1075 1685; x_wconf 89' lang='lat' dir='ltr'><strong>eam,</strong></span> <span class='ocrx_word' id='word_1_112' title='bbox 1107 1620 1259 1689; x_wconf 91' lang='lat' dir='ltr'><strong>quasi</strong></span> <span class='ocrx_word' id='word_1_113' title='bbox 1284 1634 1356 1674; x_wconf 79' lang='lat' dir='ltr'><strong>ex</strong></span> <span class='ocrx_word' id='word_1_114' title='bbox 1385 1617 1832 1687; x_wconf 67' lang='lat' dir='ltr'><strong>praesignantibus</strong></span> <span class='ocrx_word' id='word_1_115' title='bbox 1873 1616 2051 1671; x_wconf 90' lang='lat' dir='ltr'><strong>futura</strong></span> <span class='ocrx_word' id='word_1_116' title='bbox 2107 1633 2203 1674; x_wconf 84' lang='lat' dir='ltr'><strong>co-</strong></span> 
     </span>
    </p>
   </div>
   <div class='ocr_carea' id='block_1_18' title="bbox 613 1708 2204 1783">
    <p class='ocr_par' dir='ltr' id='par_1_18' title="bbox 613 1708 2204 1783">
     <span class='ocr_line' id='line_1_18' title="bbox 613 1708 2204 1783; baseline -0.001 -18"><span class='ocrx_word' id='word_1_117' title='bbox 613 1710 948 1783; x_wconf 89' lang='lat' dir='ltr'><strong>gnitionibus</strong></span> <span class='ocrx_word' id='word_1_118' title='bbox 976 1711 1111 1766; x_wconf 90' lang='lat' dir='ltr'><strong>certi</strong></span> <span class='ocrx_word' id='word_1_119' title='bbox 1128 1710 1272 1775; x_wconf 86' lang='lat' dir='ltr'><strong>facti,</strong></span> <span class='ocrx_word' id='word_1_120' title='bbox 1297 1717 1599 1765; x_wconf 84' lang='lat' dir='ltr'><strong>asserentes</strong></span> <span class='ocrx_word' id='word_1_121' title='bbox 1629 1722 1680 1763; x_wconf 85' lang='lat' dir='ltr'><strong>et</strong></span> <span class='ocrx_word' id='word_1_122' title='bbox 1704 1728 1716 1761; x_wconf 84' lang='lat'><strong>:</strong></span> <span class='ocrx_word' id='word_1_123' title='bbox 1743 1708 1859 1764; x_wconf 84' lang='lat' dir='ltr'><strong>Non</strong></span> <span class='ocrx_word' id='word_1_124' title='bbox 1890 1717 1972 1763; x_wconf 89' lang='lat' dir='ltr'><strong>est</strong></span> <span class='ocrx_word' id='word_1_125' title='bbox 1997 1709 2204 1779; x_wconf 70' lang='lat' dir='ltr'><strong>praede-</strong></span> 
     </span>
    </p>
   </div>
   <div class='ocr_carea' id='block_1_19' title="bbox 2315 505 3748 589">
    <p class='ocr_par' dir='ltr' id='par_1_19' title="bbox 2315 505 3748 589">
     <span class='ocr_line' id='line_1_19' title="bbox 2315 505 3748 589; baseline 0.012 -28"><span class='ocrx_word' id='word_1_126' title='bbox 2315 513 2373 561; x_wconf 89' lang='lat' dir='ltr'><strong>et</strong></span> <span class='ocrx_word' id='word_1_127' title='bbox 2398 505 2515 561; x_wconf 91' lang='lat' dir='ltr'><strong>acie</strong></span> <span class='ocrx_word' id='word_1_128' title='bbox 2542 505 2746 561; x_wconf 90' lang='lat' dir='ltr'><strong>directa</strong></span> <span class='ocrx_word' id='word_1_129' title='bbox 2776 508 3063 578; x_wconf 60' lang='lat' dir='ltr'><strong>praeparati</strong></span> <span class='ocrx_word' id='word_1_130' title='bbox 3089 520 3205 565; x_wconf 92' lang='lat' dir='ltr'><strong>sunt</strong></span> <span class='ocrx_word' id='word_1_131' title='bbox 3227 512 3287 568; x_wconf 91' lang='lat' dir='ltr'><strong>ad</strong></span> <span class='ocrx_word' id='word_1_132' title='bbox 3324 516 3589 577; x_wconf 88' lang='lat' dir='ltr'><strong>bellandum.</strong></span> <span class='ocrx_word' id='word_1_133' title='bbox 3626 505 3748 589; x_wconf 67' lang='lat' dir='ltr'><strong>Theo.</strong></span> 
     </span>
    </p>
   </div>
   <div class='ocr_carea' id='block_1_20' title="bbox 2314 599 3748 681">
    <p class='ocr_par' dir='ltr' id='par_1_20' title="bbox 2314 599 3748 681">
     <span class='ocr_line' id='line_1_20' title="bbox 2314 599 3748 681; baseline 0.015 -28"><span class='ocrx_word' id='word_1_134' title='bbox 2314 599 2492 670; x_wconf 90' lang='lat' dir='ltr'><strong>philus</strong></span> <span class='ocrx_word' id='word_1_135' title='bbox 2512 608 2695 654; x_wconf 89' lang='lat' dir='ltr'><strong>autem</strong></span> <span class='ocrx_word' id='word_1_136' title='bbox 2715 599 3112 656; x_wconf 88' lang='lat' dir='ltr'><strong>Cibioretorum</strong></span> <span class='ocrx_word' id='word_1_137' title='bbox 3136 612 3336 672; x_wconf 70' lang='lat' dir='ltr'><strong>praetor,</strong></span> <span class='ocrx_word' id='word_1_138' title='bbox 3358 622 3463 664; x_wconf 88' lang='lat' dir='ltr'><strong>cum</strong></span> <span class='ocrx_word' id='word_1_139' title='bbox 3482 613 3547 667; x_wconf 87' lang='lat' dir='ltr'><strong>vir</strong></span> <span class='ocrx_word' id='word_1_140' title='bbox 3568 629 3670 673; x_wconf 84' lang='lat' dir='ltr'><strong>esset</strong></span> <span class='ocrx_word' id='word_1_141' title='bbox 3693 639 3748 681; x_wconf 81' lang='lat' dir='ltr'><strong>ro.</strong></span> 
     </span>
    </p>
   </div>
   <div class='ocr_carea' id='block_1_21' title="bbox 2313 691 3749 770">
    <p class='ocr_par' dir='ltr' id='par_1_21' title="bbox 2313 691 3749 770">
     <span class='ocr_line' id='line_1_21' title="bbox 2313 691 3749 770; baseline 0.013 -24"><span class='ocrx_word' id='word_1_142' title='bbox 2313 691 2520 756; x_wconf 88' lang='lat' dir='ltr'><strong>bustus,</strong></span> <span class='ocrx_word' id='word_1_143' title='bbox 2562 691 2690 748; x_wconf 89' lang='lat' dir='ltr'><strong>fisus</strong></span> <span class='ocrx_word' id='word_1_144' title='bbox 2726 700 2853 747; x_wconf 89' lang='lat' dir='ltr'><strong>ante</strong></span> <span class='ocrx_word' id='word_1_145' title='bbox 2879 708 3077 751; x_wconf 84' lang='lat' dir='ltr'><strong>omnes,</strong></span> <span class='ocrx_word' id='word_1_146' title='bbox 3123 708 3356 764; x_wconf 87' lang='lat' dir='ltr'><strong>egressus</strong></span> <span class='ocrx_word' id='word_1_147' title='bbox 3382 742 3397 767; x_wconf 95' lang='lat'><strong>,</strong></span> <span class='ocrx_word' id='word_1_148' title='bbox 3440 712 3582 762; x_wconf 90' lang='lat' dir='ltr'><strong>tentus</strong></span> <span class='ocrx_word' id='word_1_149' title='bbox 3620 721 3677 765; x_wconf 88' lang='lat' dir='ltr'><strong>est</strong></span> <span class='ocrx_word' id='word_1_150' title='bbox 3708 716 3749 770; x_wconf 86' lang='lat' dir='ltr'><strong>ab</strong></span> 
     </span>
    </p>
   </div>
   <div class='ocr_carea' id='block_1_22' title="bbox 2314 780 3748 867">
    <p class='ocr_par' dir='ltr' id='par_1_22' title="bbox 2314 780 3748 867">
     <span class='ocr_line' id='line_1_22' title="bbox 2314 780 3748 867; baseline 0.018 -34"><span class='ocrx_word' id='word_1_151' title='bbox 2314 780 2439 850; x_wconf 88' lang='lat' dir='ltr'><strong>illis,</strong></span> <span class='ocrx_word' id='word_1_152' title='bbox 2468 783 2559 851; x_wconf 89' lang='lat' dir='ltr'><strong>qui</strong></span> <span class='ocrx_word' id='word_1_153' title='bbox 2582 792 2694 838; x_wconf 90' lang='lat' dir='ltr'><strong>tum</strong></span> <span class='ocrx_word' id='word_1_154' title='bbox 2716 782 2908 840; x_wconf 91' lang='lat' dir='ltr'><strong>ductus</strong></span> <span class='ocrx_word' id='word_1_155' title='bbox 2930 784 2996 840; x_wconf 90' lang='lat' dir='ltr'><strong>ad</strong></span> <span class='ocrx_word' id='word_1_156' title='bbox 3025 787 3222 851; x_wconf 84' lang='lat' dir='ltr'><strong>Aaron,</strong></span> <span class='ocrx_word' id='word_1_157' title='bbox 3251 789 3477 848; x_wconf 87' lang='lat' dir='ltr'><strong>videndus</strong></span> <span class='ocrx_word' id='word_1_158' title='bbox 3512 798 3565 851; x_wconf 88' lang='lat' dir='ltr'><strong>ab</strong></span> <span class='ocrx_word' id='word_1_159' title='bbox 3595 815 3667 867; x_wconf 87' lang='lat' dir='ltr'><strong>eo,</strong></span> <span class='ocrx_word' id='word_1_160' title='bbox 3692 806 3748 858; x_wconf 84' lang='lat' dir='ltr'><strong>ad-</strong></span> 
     </span>
    </p>
   </div>
   <div class='ocr_carea' id='block_1_23' title="bbox 2313 872 3748 958">
    <p class='ocr_par' dir='ltr' id='par_1_23' title="bbox 2313 872 3748 958">
     <span class='ocr_line' id='line_1_23' title="bbox 2313 872 3748 958; baseline 0.015 -33"><span class='ocrx_word' id='word_1_161' title='bbox 2313 872 2563 928; x_wconf 89' lang='lat' dir='ltr'><strong>hortatus</strong></span> <span class='ocrx_word' id='word_1_162' title='bbox 2593 882 2676 929; x_wconf 90' lang='lat' dir='ltr'><strong>est</strong></span> <span class='ocrx_word' id='word_1_163' title='bbox 2705 882 2763 928; x_wconf 94' lang='lat' dir='ltr'><strong>ut</strong></span> <span class='ocrx_word' id='word_1_164' title='bbox 2788 874 3035 943; x_wconf 88' lang='lat' dir='ltr'><strong>proditor</strong></span> <span class='ocrx_word' id='word_1_165' title='bbox 3060 874 3180 931; x_wconf 86' lang='lat' dir='ltr'><strong>ﬁdei</strong></span> <span class='ocrx_word' id='word_1_166' title='bbox 3211 878 3352 935; x_wconf 84' lang='lat' dir='ltr'><strong>fieret</strong></span> <span class='ocrx_word' id='word_1_167' title='bbox 3377 922 3392 947; x_wconf 97' lang='lat'><strong>,</strong></span> <span class='ocrx_word' id='word_1_168' title='bbox 3438 891 3485 937; x_wconf 85' lang='lat' dir='ltr'><strong>et</strong></span> <span class='ocrx_word' id='word_1_169' title='bbox 3529 893 3748 958; x_wconf 76' lang='lat' dir='ltr'><strong>temporalia</strong></span> 
     </span>
    </p>
   </div>
   <div class='ocr_carea' id='block_1_24' title="bbox 2312 965 3747 1049">
    <p class='ocr_par' dir='ltr' id='par_1_24' title="bbox 2312 965 3747 1049">
     <span class='ocr_line' id='line_1_24' title="bbox 2312 965 3747 1049; baseline 0.012 -28"><span class='ocrx_word' id='word_1_170' title='bbox 2312 965 2454 1022; x_wconf 91' lang='lat' dir='ltr'><strong>dona</strong></span> <span class='ocrx_word' id='word_1_171' title='bbox 2484 967 2804 1037; x_wconf 85' lang='lat' dir='ltr'><strong>susciperet,</strong></span> <span class='ocrx_word' id='word_1_172' title='bbox 2828 969 2920 1039; x_wconf 89' lang='lat' dir='ltr'><strong>qui</strong></span> <span class='ocrx_word' id='word_1_173' title='bbox 2944 985 3065 1024; x_wconf 92' lang='lat' dir='ltr'><strong>cum</strong></span> <span class='ocrx_word' id='word_1_174' title='bbox 3090 969 3194 1025; x_wconf 88' lang='lat' dir='ltr'><strong>hoc</strong></span> <span class='ocrx_word' id='word_1_175' title='bbox 3238 972 3507 1032; x_wconf 84' lang='lat' dir='ltr'><strong>nullatenus</strong></span> <span class='ocrx_word' id='word_1_176' title='bbox 3527 978 3747 1049; x_wconf 76' lang='lat' dir='ltr'><strong>admisisset,</strong></span> 
     </span>
    </p>
   </div>
   <div class='ocr_carea' id='block_1_25' title="bbox 2310 1056 3753 1139">
    <p class='ocr_par' dir='ltr' id='par_1_25' title="bbox 2310 1056 3753 1139">
     <span class='ocr_line' id='line_1_25' title="bbox 2310 1056 3753 1139; baseline 0.012 -28"><span class='ocrx_word' id='word_1_177' title='bbox 2310 1056 2749 1128; x_wconf 89' lang='lat' dir='ltr'><strong>perampliusque</strong></span> <span class='ocrx_word' id='word_1_178' title='bbox 2776 1067 2998 1115; x_wconf 90' lang='lat' dir='ltr'><strong>coactus</strong></span> <span class='ocrx_word' id='word_1_179' title='bbox 3028 1075 3354 1131; x_wconf 87' lang='lat' dir='ltr'><strong>nequaquam</strong></span> <span class='ocrx_word' id='word_1_180' title='bbox 3398 1067 3630 1135; x_wconf 80' lang='lat' dir='ltr'><strong>cessisset,</strong></span> <span class='ocrx_word' id='word_1_181' title='bbox 3652 1073 3753 1139; x_wconf 69' lang='lat' dir='ltr'><strong>gladii</strong></span> 
     </span>
    </p>
   </div>
   <div class='ocr_carea' id='block_1_26' title="bbox 2310 1149 3747 1226">
    <p class='ocr_par' dir='ltr' id='par_1_26' title="bbox 2310 1149 3747 1226">
     <span class='ocr_line' id='line_1_26' title="bbox 2310 1149 3747 1226; baseline 0.01 -23"><span class='ocrx_word' id='word_1_182' title='bbox 2310 1149 2834 1207; x_wconf 87' lang='lat' dir='ltr'><strong>animadversionem</strong></span> <span class='ocrx_word' id='word_1_183' title='bbox 2851 1151 3123 1207; x_wconf 91' lang='lat' dir='ltr'><strong>sustinens</strong></span> <span class='ocrx_word' id='word_1_184' title='bbox 3145 1162 3338 1225; x_wconf 89' lang='lat' dir='ltr'><strong>martyr</strong></span> <span class='ocrx_word' id='word_1_185' title='bbox 3352 1157 3553 1226; x_wconf 80' lang='lat' dir='ltr'><strong>Optimus</strong></span> <span class='ocrx_word' id='word_1_186' title='bbox 3567 1169 3747 1217; x_wconf 68' lang='lat' dir='ltr'><strong>estostee</strong></span> 
     </span>
    </p>
   </div>
   <div class='ocr_carea' id='block_1_27' title="bbox 2308 1254 2422 1295">
    <p class='ocr_par' dir='ltr' id='par_1_27' title="bbox 2308 1254 2422 1295">
     <span class='ocr_line' id='line_1_27' title="bbox 2308 1254 2422 1295; baseline 0 0"><span class='ocrx_word' id='word_1_187' title='bbox 2308 1254 2422 1295; x_wconf 79' lang='lat' dir='ltr'><strong>SUS.</strong></span> 
     </span>
    </p>
   </div>
   <div class='ocr_carea' id='block_1_28' title="bbox 2376 1330 3755 1411">
    <p class='ocr_par' dir='ltr' id='par_1_28' title="bbox 2376 1330 3755 1411">
     <span class='ocr_line' id='line_1_28' title="bbox 2376 1330 3755 1411; baseline 0.009 -25"><span class='ocrx_word' id='word_1_188' title='bbox 2376 1330 2534 1387; x_wconf 82' lang='lat' dir='ltr'><strong>Anno</strong></span> <span class='ocrx_word' id='word_1_189' title='bbox 2556 1333 2625 1388; x_wconf 91' lang='lat' dir='ltr'><strong>ab</strong></span> <span class='ocrx_word' id='word_1_190' title='bbox 2648 1333 3031 1390; x_wconf 88' lang='lat' dir='ltr'><strong>lncarnatione</strong></span> <span class='ocrx_word' id='word_1_191' title='bbox 3081 1336 3288 1391; x_wconf 91' lang='lat' dir='ltr'><strong>Domini</strong></span> <span class='ocrx_word' id='word_1_192' title='bbox 3314 1335 3429 1405; x_wconf 77' lang='lat'><strong>783,</strong></span> <span class='ocrx_word' id='word_1_193' title='bbox 3461 1338 3632 1408; x_wconf 83' lang='lat' dir='ltr'><strong>Eirene,</strong></span> <span class='ocrx_word' id='word_1_194' title='bbox 3647 1343 3755 1411; x_wconf 85' lang='lat' dir='ltr'><strong>primo</strong></span> 
     </span>
    </p>
   </div>
   <div class='ocr_carea' id='block_1_29' title="bbox 2307 1426 3758 1503">
    <p class='ocr_par' dir='ltr' id='par_1_29' title="bbox 2307 1426 3758 1503">
     <span class='ocr_line' id='line_1_29' title="bbox 2307 1426 3758 1503; baseline 0.009 -21"><span class='ocrx_word' id='word_1_195' title='bbox 2307 1426 2517 1497; x_wconf 90' lang='lat' dir='ltr'><strong>imperii</strong></span> <span class='ocrx_word' id='word_1_196' title='bbox 2542 1428 2622 1483; x_wconf 89' lang='lat' dir='ltr'><strong>sui</strong></span> <span class='ocrx_word' id='word_1_197' title='bbox 2649 1443 2816 1494; x_wconf 90' lang='lat' dir='ltr'><strong>anno,</strong></span> <span class='ocrx_word' id='word_1_198' title='bbox 2847 1445 3035 1486; x_wconf 87' lang='lat' dir='ltr'><strong>mense</strong></span> <span class='ocrx_word' id='word_1_199' title='bbox 3064 1430 3363 1503; x_wconf 89' lang='lat' dir='ltr'><strong>Septembri</strong></span> <span class='ocrx_word' id='word_1_200' title='bbox 3386 1475 3400 1499; x_wconf 88' lang='lat'><strong>,</strong></span> <span class='ocrx_word' id='word_1_201' title='bbox 3450 1434 3676 1493; x_wconf 84' lang='lat' dir='ltr'><strong>indictione</strong></span> <span class='ocrx_word' id='word_1_202' title='bbox 3702 1439 3758 1495; x_wconf 81' lang='lat' dir='ltr'><strong>tle-</strong></span> 
     </span>
    </p>
   </div>
   <div class='ocr_carea' id='block_1_30' title="bbox 2305 1519 3757 1596">
    <p class='ocr_par' dir='ltr' id='par_1_30' title="bbox 2305 1519 3757 1596">
     <span class='ocr_line' id='line_1_30' title="bbox 2305 1519 3757 1596; baseline 0.008 -22"><span class='ocrx_word' id='word_1_203' title='bbox 2305 1519 2443 1575; x_wconf 90' lang='lat' dir='ltr'><strong>cima</strong></span> <span class='ocrx_word' id='word_1_204' title='bbox 2472 1528 2686 1590; x_wconf 89' lang='lat' dir='ltr'><strong>quarta,</strong></span> <span class='ocrx_word' id='word_1_205' title='bbox 2716 1521 2881 1588; x_wconf 91' lang='lat' dir='ltr'><strong>misit,</strong></span> <span class='ocrx_word' id='word_1_206' title='bbox 2907 1531 3239 1579; x_wconf 89' lang='lat' dir='ltr'><strong>etvenerunt</strong></span> <span class='ocrx_word' id='word_1_207' title='bbox 3267 1526 3353 1595; x_wconf 93' lang='lat' dir='ltr'><strong>qui</strong></span> <span class='ocrx_word' id='word_1_208' title='bbox 3378 1525 3597 1596; x_wconf 87' lang='lat' dir='ltr'><strong>iurabant</strong></span> <span class='ocrx_word' id='word_1_209' title='bbox 3615 1530 3660 1583; x_wconf 84' lang='lat' dir='ltr'><strong>ad</strong></span> <span class='ocrx_word' id='word_1_210' title='bbox 3696 1532 3757 1586; x_wconf 82' lang='lat' dir='ltr'><strong>Ar-</strong></span> 
     </span>
    </p>
   </div>
   <div class='ocr_carea' id='block_1_31' title="bbox 2305 1611 3758 1684">
    <p class='ocr_par' dir='ltr' id='par_1_31' title="bbox 2305 1611 3758 1684">
     <span class='ocr_line' id='line_1_31' title="bbox 2305 1611 3758 1684; baseline 0.006 -18"><span class='ocrx_word' id='word_1_211' title='bbox 2305 1611 2673 1669; x_wconf 89' lang='lat' dir='ltr'><strong>meniacorum</strong></span> <span class='ocrx_word' id='word_1_212' title='bbox 2689 1613 2891 1678; x_wconf 90' lang='lat' dir='ltr'><strong>thema,</strong></span> <span class='ocrx_word' id='word_1_213' title='bbox 2916 1616 3008 1684; x_wconf 90' lang='lat' dir='ltr'><strong>qui</strong></span> <span class='ocrx_word' id='word_1_214' title='bbox 3024 1616 3209 1684; x_wconf 89' lang='lat' dir='ltr'><strong>iurare</strong></span> <span class='ocrx_word' id='word_1_215' title='bbox 3228 1617 3436 1673; x_wconf 90' lang='lat' dir='ltr'><strong>minime</strong></span> <span class='ocrx_word' id='word_1_216' title='bbox 3447 1631 3758 1675; x_wconf 81' lang='lat' dir='ltr'><strong>consenserunt:</strong></span> 
     </span>
    </p>
   </div>
   <div class='ocr_carea' id='block_1_32' title="bbox 2304 1703 3762 1778">
    <p class='ocr_par' dir='ltr' id='par_1_32' title="bbox 2304 1703 3762 1778">
     <span class='ocr_line' id='line_1_32' title="bbox 2304 1703 3762 1778; baseline 0.005 -18"><span class='ocrx_word' id='word_1_217' title='bbox 2304 1703 2441 1771; x_wconf 87' lang='lat' dir='ltr'><strong>Quia</strong></span> <span class='ocrx_word' id='word_1_218' title='bbox 2471 1721 2581 1761; x_wconf 87' lang='lat' dir='ltr'><strong>non</strong></span> <span class='ocrx_word' id='word_1_219' title='bbox 2610 1706 2994 1777; x_wconf 90' lang='lat' dir='ltr'><strong>imperabimur</strong></span> <span class='ocrx_word' id='word_1_220' title='bbox 3023 1724 3051 1762; x_wconf 92' lang='lat' dir='ltr'><strong>a</strong></span> <span class='ocrx_word' id='word_1_221' title='bbox 3077 1708 3187 1763; x_wconf 90' lang='lat' dir='ltr'><strong>filio</strong></span> <span class='ocrx_word' id='word_1_222' title='bbox 3214 1717 3305 1764; x_wconf 92' lang='lat' dir='ltr'><strong>tuo</strong></span> <span class='ocrx_word' id='word_1_223' title='bbox 3325 1709 3373 1763; x_wconf 90' lang='lat' dir='ltr'><strong>in</strong></span> <span class='ocrx_word' id='word_1_224' title='bbox 3401 1710 3497 1765; x_wconf 86' lang='lat' dir='ltr'><strong>vita</strong></span> <span class='ocrx_word' id='word_1_225' title='bbox 3517 1713 3684 1778; x_wconf 84' lang='lat' dir='ltr'><strong>tua,sed</strong></span> <span class='ocrx_word' id='word_1_226' title='bbox 3703 1729 3762 1768; x_wconf 82' lang='lat' dir='ltr'><strong>nec</strong></span> 
     </span>
    </p>
   </div>
   <div class='ocr_carea' id='block_1_33' title="bbox 609 1791 3761 1873">
    <p class='ocr_par' dir='ltr' id='par_1_33' title="bbox 609 1791 3761 1873">
     <span class='ocr_line' id='line_1_33' title="bbox 609 1791 3761 1873; baseline 0 -17"><span class='ocrx_word' id='word_1_227' title='bbox 609 1802 869 1857; x_wconf 84' lang='lat' dir='ltr'><strong>stinatum</strong></span> <span class='ocrx_word' id='word_1_228' title='bbox 893 1802 1036 1873; x_wconf 88' lang='lat' dir='ltr'><strong>apud</strong></span> <span class='ocrx_word' id='word_1_229' title='bbox 1058 1801 1224 1856; x_wconf 91' lang='lat' dir='ltr'><strong>Deum</strong></span> <span class='ocrx_word' id='word_1_230' title='bbox 1247 1799 1463 1856; x_wconf 89' lang='lat' dir='ltr'><strong>tenendi</strong></span> <span class='ocrx_word' id='word_1_231' title='bbox 1510 1798 1677 1854; x_wconf 80' lang='lat' dir='ltr'><strong>filium</strong></span> <span class='ocrx_word' id='word_1_232' title='bbox 1708 1809 1860 1855; x_wconf 91' lang='lat' dir='ltr'><strong>tuum</strong></span> <span class='ocrx_word' id='word_1_233' title='bbox 1890 1799 2198 1870; x_wconf 88' lang='lat' dir='ltr'><strong>imperium,</strong></span> <span class='ocrx_word' id='word_1_234' title='bbox 2228 1791 2278 1852; x_wconf 90' lang='lat' dir='ltr'><strong>B</strong></span> <span class='ocrx_word' id='word_1_235' title='bbox 2306 1810 2701 1866; x_wconf 86' lang='lat' dir='ltr'><strong>praeponemus,</strong></span> <span class='ocrx_word' id='word_1_236' title='bbox 2734 1797 3002 1867; x_wconf 88' lang='lat' dir='ltr'><strong>inquiunt,</strong></span> <span class='ocrx_word' id='word_1_237' title='bbox 3035 1797 3260 1855; x_wconf 88' lang='lat' dir='ltr'><strong>Eirenes</strong></span> <span class='ocrx_word' id='word_1_238' title='bbox 3288 1809 3407 1856; x_wconf 88' lang='lat' dir='ltr'><strong>ante</strong></span> <span class='ocrx_word' id='word_1_239' title='bbox 3429 1802 3691 1857; x_wconf 79' lang='lat' dir='ltr'><strong>Constantini</strong></span> <span class='ocrx_word' id='word_1_240' title='bbox 3709 1819 3761 1857; x_wconf 71' lang='lat' dir='ltr'><strong>ne</strong></span> 
     </span>
    </p>
   </div>
   <div class='ocr_carea' id='block_1_34' title="bbox 612 1889 2201 1957">
    <p class='ocr_par' dir='ltr' id='par_1_34' title="bbox 612 1889 2201 1957">
     <span class='ocr_line' id='line_1_34' title="bbox 612 1889 2201 1957; baseline -0.002 -10"><span class='ocrx_word' id='word_1_241' title='bbox 612 1891 709 1947; x_wconf 86' lang='lat' dir='ltr'><strong>sed</strong></span> <span class='ocrx_word' id='word_1_242' title='bbox 740 1902 891 1947; x_wconf 89' lang='lat' dir='ltr'><strong>tuum</strong></span> <span class='ocrx_word' id='word_1_243' title='bbox 916 1899 1021 1956; x_wconf 90' lang='lat' dir='ltr'><strong>est,</strong></span> <span class='ocrx_word' id='word_1_244' title='bbox 1055 1907 1086 1946; x_wconf 89' lang='lat' dir='ltr'><strong>a</strong></span> <span class='ocrx_word' id='word_1_245' title='bbox 1109 1891 1221 1947; x_wconf 90' lang='lat' dir='ltr'><strong>Deo</strong></span> <span class='ocrx_word' id='word_1_246' title='bbox 1257 1890 1353 1947; x_wconf 91' lang='lat' dir='ltr'><strong>tibi</strong></span> <span class='ocrx_word' id='word_1_247' title='bbox 1405 1889 1612 1944; x_wconf 93' lang='lat' dir='ltr'><strong>datum.</strong></span> <span class='ocrx_word' id='word_1_248' title='bbox 1648 1890 1719 1944; x_wconf 88' lang='lat' dir='ltr'><strong>At</strong></span> <span class='ocrx_word' id='word_1_249' title='bbox 1746 1890 1858 1957; x_wconf 90' lang='lat' dir='ltr'><strong>illa,</strong></span> <span class='ocrx_word' id='word_1_250' title='bbox 1903 1899 1962 1946; x_wconf 92' lang='lat' dir='ltr'><strong>ut</strong></span> <span class='ocrx_word' id='word_1_251' title='bbox 2008 1890 2201 1947; x_wconf 87' lang='lat' dir='ltr'><strong>mulier</strong></span> 
     </span>
    </p>
   </div>
   <div class='ocr_carea' id='block_1_35' title="bbox 607 1982 2201 2054">
    <p class='ocr_par' dir='ltr' id='par_1_35' title="bbox 607 1982 2201 2054">
     <span class='ocr_line' id='line_1_35' title="bbox 607 1982 2201 2054; baseline 0.001 -17"><span class='ocrx_word' id='word_1_252' title='bbox 607 1982 851 2052; x_wconf 88' lang='lat' dir='ltr'><strong>seducta,</strong></span> <span class='ocrx_word' id='word_1_253' title='bbox 872 1984 1172 2054; x_wconf 73' lang='lat' dir='ltr'><strong>praesertim</strong></span> <span class='ocrx_word' id='word_1_254' title='bbox 1204 1998 1327 2038; x_wconf 92' lang='lat' dir='ltr'><strong>cum</strong></span> <span class='ocrx_word' id='word_1_255' title='bbox 1350 1997 1591 2039; x_wconf 92' lang='lat' dir='ltr'><strong>amorem</strong></span> <span class='ocrx_word' id='word_1_256' title='bbox 1619 1998 1835 2054; x_wconf 90' lang='lat' dir='ltr'><strong>quoque</strong></span> <span class='ocrx_word' id='word_1_257' title='bbox 1867 1982 2201 2054; x_wconf 87' lang='lat' dir='ltr'><strong>principatus</strong></span> 
     </span>
    </p>
   </div>
   <div class='ocr_carea' id='block_1_36' title="bbox 604 2072 2200 2145">
    <p class='ocr_par' dir='ltr' id='par_1_36' title="bbox 604 2072 2200 2145">
     <span class='ocr_line' id='line_1_36' title="bbox 604 2072 2200 2145; baseline -0.001 -15"><span class='ocrx_word' id='word_1_258' title='bbox 604 2072 854 2139; x_wconf 89' lang='lat' dir='ltr'><strong>haberet,</strong></span> <span class='ocrx_word' id='word_1_259' title='bbox 881 2074 1105 2130; x_wconf 87' lang='lat' dir='ltr'><strong>credidit</strong></span> <span class='ocrx_word' id='word_1_260' title='bbox 1127 2074 1199 2129; x_wconf 92' lang='lat' dir='ltr'><strong>ita</strong></span> <span class='ocrx_word' id='word_1_261' title='bbox 1226 2089 1364 2143; x_wconf 90' lang='lat' dir='ltr'><strong>esse,</strong></span> <span class='ocrx_word' id='word_1_262' title='bbox 1388 2084 1445 2130; x_wconf 92' lang='lat' dir='ltr'><strong>et</strong></span> <span class='ocrx_word' id='word_1_263' title='bbox 1466 2090 1575 2130; x_wconf 92' lang='lat' dir='ltr'><strong>non</strong></span> <span class='ocrx_word' id='word_1_264' title='bbox 1595 2075 1913 2144; x_wconf 74' lang='lat' dir='ltr'><strong>recognovit</strong></span> <span class='ocrx_word' id='word_1_265' title='bbox 1936 2075 2082 2145; x_wconf 90' lang='lat' dir='ltr'><strong>quod</strong></span> <span class='ocrx_word' id='word_1_266' title='bbox 2100 2074 2200 2144; x_wconf 91' lang='lat' dir='ltr'><strong>ipsi</strong></span> 
     </span>
    </p>
   </div>
   <div class='ocr_carea' id='block_1_37' title="bbox 605 2162 2197 2236">
    <p class='ocr_par' dir='ltr' id='par_1_37' title="bbox 605 2162 2197 2236">
     <span class='ocr_line' id='line_1_37' title="bbox 605 2162 2197 2236; baseline 0.001 -17"><span class='ocrx_word' id='word_1_267' title='bbox 605 2162 853 2220; x_wconf 88' lang='lat' dir='ltr'><strong>volentes</strong></span> <span class='ocrx_word' id='word_1_268' title='bbox 881 2164 1195 2236; x_wconf 87' lang='lat' dir='ltr'><strong>dispensare</strong></span> <span class='ocrx_word' id='word_1_269' title='bbox 1216 2180 1323 2230; x_wconf 89' lang='lat' dir='ltr'><strong>res,</strong></span> <span class='ocrx_word' id='word_1_270' title='bbox 1357 2165 1409 2219; x_wconf 93' lang='lat' dir='ltr'><strong>id</strong></span> <span class='ocrx_word' id='word_1_271' title='bbox 1438 2166 1538 2221; x_wconf 91' lang='lat' dir='ltr'><strong>sub</strong></span> <span class='ocrx_word' id='word_1_272' title='bbox 1556 2165 1899 2222; x_wconf 89' lang='lat' dir='ltr'><strong>occasionem</strong></span> <span class='ocrx_word' id='word_1_273' title='bbox 1957 2173 2197 2235; x_wconf 81' lang='lat' dir='ltr'><strong>praeten-</strong></span> 
     </span>
    </p>
   </div>
   <div class='ocr_carea' id='block_1_38' title="bbox 605 2254 2200 2327">
    <p class='ocr_par' dir='ltr' id='par_1_38' title="bbox 605 2254 2200 2327">
     <span class='ocr_line' id='line_1_38' title="bbox 605 2254 2200 2327; baseline 0.003 -17"><span class='ocrx_word' id='word_1_274' title='bbox 605 2254 823 2311; x_wconf 88' lang='lat' dir='ltr'><strong>derent.</strong></span> <span class='ocrx_word' id='word_1_275' title='bbox 852 2256 994 2324; x_wconf 83' lang='lat' dir='ltr'><strong>Ergo</strong></span> <span class='ocrx_word' id='word_1_276' title='bbox 1025 2272 1148 2312; x_wconf 89' lang='lat' dir='ltr'><strong>cum</strong></span> <span class='ocrx_word' id='word_1_277' title='bbox 1178 2257 1475 2327; x_wconf 87' lang='lat' dir='ltr'><strong>imperator</strong></span> <span class='ocrx_word' id='word_1_278' title='bbox 1508 2257 1621 2326; x_wconf 91' lang='lat' dir='ltr'><strong>iam</strong></span> <span class='ocrx_word' id='word_1_279' title='bbox 1654 2257 1841 2326; x_wconf 79' lang='lat' dir='ltr'><strong>viginti</strong></span> <span class='ocrx_word' id='word_1_280' title='bbox 1862 2265 2006 2313; x_wconf 89' lang='lat' dir='ltr'><strong>esset</strong></span> <span class='ocrx_word' id='word_1_281' title='bbox 2027 2272 2200 2314; x_wconf 87' lang='lat' dir='ltr'><strong>anno-</strong></span> 
     </span>
    </p>
   </div>
   <div class='ocr_carea' id='block_1_39' title="bbox 602 2345 2197 2418">
    <p class='ocr_par' dir='ltr' id='par_1_39' title="bbox 602 2345 2197 2418">
     <span class='ocr_line' id='line_1_39' title="bbox 602 2345 2197 2418; baseline 0.001 -16"><span class='ocrx_word' id='word_1_282' title='bbox 602 2360 746 2412; x_wconf 83' lang='lat' dir='ltr'><strong>rum,</strong></span> <span class='ocrx_word' id='word_1_283' title='bbox 778 2345 953 2403; x_wconf 84' lang='lat' dir='ltr'><strong>factus</strong></span> <span class='ocrx_word' id='word_1_284' title='bbox 978 2347 1248 2414; x_wconf 90' lang='lat' dir='ltr'><strong>robustus,</strong></span> <span class='ocrx_word' id='word_1_285' title='bbox 1281 2358 1445 2418; x_wconf 87' lang='lat' dir='ltr'><strong>atque</strong></span> <span class='ocrx_word' id='word_1_286' title='bbox 1465 2348 1716 2416; x_wconf 88' lang='lat' dir='ltr'><strong>idoneus,</strong></span> <span class='ocrx_word' id='word_1_287' title='bbox 1739 2348 1955 2403; x_wconf 87' lang='lat' dir='ltr'><strong>videbat</strong></span> <span class='ocrx_word' id='word_1_288' title='bbox 1976 2362 2035 2403; x_wconf 89' lang='lat' dir='ltr'><strong>se</strong></span> <span class='ocrx_word' id='word_1_289' title='bbox 2065 2347 2197 2403; x_wconf 85' lang='lat' dir='ltr'><strong>nihil</strong></span> 
     </span>
    </p>
   </div>
   <div class='ocr_carea' id='block_1_40' title="bbox 603 2441 2191 2513">
    <p class='ocr_par' dir='ltr' id='par_1_40' title="bbox 603 2441 2191 2513">
     <span class='ocr_line' id='line_1_40' title="bbox 603 2441 2191 2513; baseline 0.001 -17"><span class='ocrx_word' id='word_1_290' title='bbox 603 2441 932 2513; x_wconf 84' lang='lat' dir='ltr'><strong>potestative</strong></span> <span class='ocrx_word' id='word_1_291' title='bbox 951 2452 1250 2513; x_wconf 76' lang='lat' dir='ltr'><strong>gerentem,</strong></span> <span class='ocrx_word' id='word_1_292' title='bbox 1280 2451 1336 2496; x_wconf 93' lang='lat' dir='ltr'><strong>et</strong></span> <span class='ocrx_word' id='word_1_293' title='bbox 1376 2441 1726 2497; x_wconf 90' lang='lat' dir='ltr'><strong>tristabatur:</strong></span> <span class='ocrx_word' id='word_1_294' title='bbox 1759 2441 1972 2498; x_wconf 91' lang='lat' dir='ltr'><strong>intuens</strong></span> <span class='ocrx_word' id='word_1_295' title='bbox 1994 2457 2026 2498; x_wconf 93' lang='lat' dir='ltr'><strong>e</strong></span> <span class='ocrx_word' id='word_1_296' title='bbox 2054 2456 2191 2498; x_wconf 91' lang='lat' dir='ltr'><strong>con-</strong></span> 
     </span>
    </p>
   </div>
   <div class='ocr_carea' id='block_1_41' title="bbox 611 2531 2195 2606">
    <p class='ocr_par' dir='ltr' id='par_1_41' title="bbox 611 2531 2195 2606">
     <span class='ocr_line' id='line_1_41' title="bbox 611 2531 2195 2606; baseline 0.004 -19"><span class='ocrx_word' id='word_1_297' title='bbox 611 2531 785 2587; x_wconf 84' lang='lat' dir='ltr'><strong>trario</strong></span> <span class='ocrx_word' id='word_1_298' title='bbox 833 2532 1161 2588; x_wconf 89' lang='lat' dir='ltr'><strong>Stauratium</strong></span> <span class='ocrx_word' id='word_1_299' title='bbox 1206 2533 1493 2605; x_wconf 89' lang='lat' dir='ltr'><strong>patricium</strong></span> <span class='ocrx_word' id='word_1_300' title='bbox 1541 2542 1597 2589; x_wconf 89' lang='lat' dir='ltr'><strong>et</strong></span> <span class='ocrx_word' id='word_1_301' title='bbox 1632 2536 1963 2606; x_wconf 86' lang='lat' dir='ltr'><strong>logothetam</strong></span> <span class='ocrx_word' id='word_1_302' title='bbox 1994 2538 2195 2594; x_wconf 85' lang='lat' dir='ltr'><strong>.omnia</strong></span> 
     </span>
    </p>
   </div>
   <div class='ocr_carea' id='block_1_42' title="bbox 602 2623 2194 2696">
    <p class='ocr_par' dir='ltr' id='par_1_42' title="bbox 602 2623 2194 2696">
     <span class='ocr_line' id='line_1_42' title="bbox 602 2623 2194 2696; baseline 0.004 -17"><span class='ocrx_word' id='word_1_303' title='bbox 602 2623 905 2695; x_wconf 89' lang='lat' dir='ltr'><strong>possidere,</strong></span> <span class='ocrx_word' id='word_1_304' title='bbox 939 2638 1238 2695; x_wconf 84' lang='lat' dir='ltr'><strong>omnesque</strong></span> <span class='ocrx_word' id='word_1_305' title='bbox 1284 2624 1352 2680; x_wconf 89' lang='lat' dir='ltr'><strong>ad</strong></span> <span class='ocrx_word' id='word_1_306' title='bbox 1375 2625 1526 2680; x_wconf 90' lang='lat' dir='ltr'><strong>illum</strong></span> <span class='ocrx_word' id='word_1_307' title='bbox 1567 2626 1884 2696; x_wconf 86' lang='lat' dir='ltr'><strong>procedere,</strong></span> <span class='ocrx_word' id='word_1_308' title='bbox 1913 2635 1970 2683; x_wconf 93' lang='lat' dir='ltr'><strong>et</strong></span> <span class='ocrx_word' id='word_1_309' title='bbox 2020 2631 2194 2685; x_wconf 87' lang='lat' dir='ltr'><strong>nemi-</strong></span> 
     </span>
    </p>
   </div>
   <div class='ocr_carea' id='block_1_43' title="bbox 598 2716 2193 2789">
    <p class='ocr_par' dir='ltr' id='par_1_43' title="bbox 598 2716 2193 2789">
     <span class='ocr_line' id='line_1_43' title="bbox 598 2716 2193 2789; baseline 0.003 -16"><span class='ocrx_word' id='word_1_310' title='bbox 598 2731 726 2775; x_wconf 86' lang='lat' dir='ltr'><strong>nem</strong></span> <span class='ocrx_word' id='word_1_311' title='bbox 752 2716 819 2772; x_wconf 89' lang='lat' dir='ltr'><strong>ad</strong></span> <span class='ocrx_word' id='word_1_312' title='bbox 863 2732 923 2774; x_wconf 89' lang='lat' dir='ltr'><strong>se</strong></span> <span class='ocrx_word' id='word_1_313' title='bbox 968 2716 1318 2789; x_wconf 88' lang='lat' dir='ltr'><strong>frequentare</strong></span> <span class='ocrx_word' id='word_1_314' title='bbox 1358 2718 1578 2782; x_wconf 89' lang='lat' dir='ltr'><strong>audere,</strong></span> <span class='ocrx_word' id='word_1_315' title='bbox 1613 2727 1724 2774; x_wconf 89' lang='lat' dir='ltr'><strong>tum</strong></span> <span class='ocrx_word' id='word_1_316' title='bbox 1781 2721 2008 2776; x_wconf 91' lang='lat' dir='ltr'><strong>consilio</strong></span> <span class='ocrx_word' id='word_1_317' title='bbox 2058 2723 2193 2778; x_wconf 92' lang='lat' dir='ltr'><strong>inito</strong></span> 
     </span>
    </p>
   </div>
   <div class='ocr_carea' id='block_1_44' title="bbox 599 2808 2193 2882">
    <p class='ocr_par' dir='ltr' id='par_1_44' title="bbox 599 2808 2193 2882">
     <span class='ocr_line' id='line_1_44' title="bbox 599 2808 2193 2882; baseline 0.004 -18"><span class='ocrx_word' id='word_1_318' title='bbox 599 2823 723 2864; x_wconf 93' lang='lat' dir='ltr'><strong>cum</strong></span> <span class='ocrx_word' id='word_1_319' title='bbox 754 2808 1106 2866; x_wconf 82' lang='lat' dir='ltr'><strong>familiaribus</strong></span> <span class='ocrx_word' id='word_1_320' title='bbox 1148 2810 1435 2881; x_wconf 89' lang='lat' dir='ltr'><strong>perpaucis</strong></span> <span class='ocrx_word' id='word_1_321' title='bbox 1472 2810 1781 2868; x_wconf 88' lang='lat' dir='ltr'><strong>hominibus</strong></span> <span class='ocrx_word' id='word_1_322' title='bbox 1809 2813 1944 2882; x_wconf 90' lang='lat' dir='ltr'><strong>suis,</strong></span> <span class='ocrx_word' id='word_1_323' title='bbox 1985 2821 2042 2869; x_wconf 91' lang='lat' dir='ltr'><strong>et</strong></span> <span class='ocrx_word' id='word_1_324' title='bbox 2088 2814 2193 2870; x_wconf 88' lang='lat' dir='ltr'><strong>Pe-</strong></span> 
     </span>
    </p>
   </div>
   <div class='ocr_carea' id='block_1_45' title="bbox 598 2900 2190 2973">
    <p class='ocr_par' dir='ltr' id='par_1_45' title="bbox 598 2900 2190 2973">
     <span class='ocr_line' id='line_1_45' title="bbox 598 2900 2190 2973; baseline 0.004 -17"><span class='ocrx_word' id='word_1_325' title='bbox 598 2907 687 2957; x_wconf 86' lang='lat' dir='ltr'><strong>tro</strong></span> <span class='ocrx_word' id='word_1_326' title='bbox 712 2902 968 2970; x_wconf 88' lang='lat' dir='ltr'><strong>magistro</strong></span> <span class='ocrx_word' id='word_1_327' title='bbox 992 2916 1112 2968; x_wconf 90' lang='lat' dir='ltr'><strong>suo,</strong></span> <span class='ocrx_word' id='word_1_328' title='bbox 1138 2910 1196 2957; x_wconf 90' lang='lat' dir='ltr'><strong>et</strong></span> <span class='ocrx_word' id='word_1_329' title='bbox 1246 2900 1534 2958; x_wconf 90' lang='lat' dir='ltr'><strong>Theodoro</strong></span> <span class='ocrx_word' id='word_1_330' title='bbox 1561 2903 1809 2973; x_wconf 90' lang='lat' dir='ltr'><strong>patricio,</strong></span> <span class='ocrx_word' id='word_1_331' title='bbox 1840 2911 1895 2959; x_wconf 91' lang='lat' dir='ltr'><strong>et</strong></span> <span class='ocrx_word' id='word_1_332' title='bbox 1925 2902 2190 2962; x_wconf 90' lang='lat' dir='ltr'><strong>Damiano</strong></span> 
     </span>
    </p>
   </div>
   <div class='ocr_carea' id='block_1_46' title="bbox 598 2992 2192 3065">
    <p class='ocr_par' dir='ltr' id='par_1_46' title="bbox 598 2992 2192 3065">
     <span class='ocr_line' id='line_1_46' title="bbox 598 2992 2192 3065; baseline 0.003 -18"><span class='ocrx_word' id='word_1_333' title='bbox 598 2992 853 3064; x_wconf 87' lang='lat' dir='ltr'><strong>patricio,</strong></span> <span class='ocrx_word' id='word_1_334' title='bbox 874 3006 1030 3063; x_wconf 87' lang='lat' dir='ltr'><strong>aeque</strong></span> <span class='ocrx_word' id='word_1_335' title='bbox 1060 2992 1291 3048; x_wconf 84' lang='lat' dir='ltr'><strong>ﬁrmavit</strong></span> <span class='ocrx_word' id='word_1_336' title='bbox 1310 3008 1417 3063; x_wconf 93' lang='lat' dir='ltr'><strong>quo</strong></span> <span class='ocrx_word' id='word_1_337' title='bbox 1441 2995 1931 3065; x_wconf 90' lang='lat' dir='ltr'><strong>comprehenderet</strong></span> <span class='ocrx_word' id='word_1_338' title='bbox 1958 3011 2102 3062; x_wconf 90' lang='lat' dir='ltr'><strong>eum,</strong></span> <span class='ocrx_word' id='word_1_339' title='bbox 2136 3005 2192 3053; x_wconf 92' lang='lat' dir='ltr'><strong>et</strong></span> 
     </span>
    </p>
   </div>
   <div class='ocr_carea' id='block_1_47' title="bbox 603 3084 2187 3159">
    <p class='ocr_par' dir='ltr' id='par_1_47' title="bbox 603 3084 2187 3159">
     <span class='ocr_line' id='line_1_47' title="bbox 603 3084 2187 3159; baseline 0.003 -19"><span class='ocrx_word' id='word_1_340' title='bbox 603 3084 845 3140; x_wconf 80' lang='lat' dir='ltr'><strong>exsulem</strong></span> <span class='ocrx_word' id='word_1_341' title='bbox 875 3085 931 3139; x_wconf 92' lang='lat' dir='ltr'><strong>in</strong></span> <span class='ocrx_word' id='word_1_342' title='bbox 959 3084 1195 3141; x_wconf 91' lang='lat' dir='ltr'><strong>Siciliam</strong></span> <span class='ocrx_word' id='word_1_343' title='bbox 1220 3086 1541 3153; x_wconf 87' lang='lat' dir='ltr'><strong>destinaret,</strong></span> <span class='ocrx_word' id='word_1_344' title='bbox 1576 3086 1798 3159; x_wconf 89' lang='lat' dir='ltr'><strong>ipseque</strong></span> <span class='ocrx_word' id='word_1_345' title='bbox 1846 3096 2058 3145; x_wconf 90' lang='lat' dir='ltr'><strong>teneret</strong></span> <span class='ocrx_word' id='word_1_346' title='bbox 2085 3089 2187 3145; x_wconf 90' lang='lat' dir='ltr'><strong>im-</strong></span> 
     </span>
    </p>
   </div>
   <div class='ocr_carea' id='block_1_48' title="bbox 2301 1888 3760 1958">
    <p class='ocr_par' dir='ltr' id='par_1_48' title="bbox 2301 1888 3760 1958">
     <span class='ocr_line' id='line_1_48' title="bbox 2301 1888 3760 1958; baseline 0.003 -14"><span class='ocrx_word' id='word_1_347' title='bbox 2301 1905 2449 1955; x_wconf 88' lang='lat' dir='ltr'><strong>men,</strong></span> <span class='ocrx_word' id='word_1_348' title='bbox 2476 1889 2570 1948; x_wconf 88' lang='lat' dir='ltr'><strong>sed</strong></span> <span class='ocrx_word' id='word_1_349' title='bbox 2592 1888 2933 1947; x_wconf 90' lang='lat' dir='ltr'><strong>Constantini</strong></span> <span class='ocrx_word' id='word_1_350' title='bbox 2963 1898 3015 1946; x_wconf 89' lang='lat' dir='ltr'><strong>et</strong></span> <span class='ocrx_word' id='word_1_351' title='bbox 3046 1892 3289 1958; x_wconf 88' lang='lat' dir='ltr'><strong>Eirenes,</strong></span> <span class='ocrx_word' id='word_1_352' title='bbox 3314 1902 3370 1947; x_wconf 92' lang='lat' dir='ltr'><strong>ut</strong></span> <span class='ocrx_word' id='word_1_353' title='bbox 3389 1894 3449 1948; x_wconf 89' lang='lat' dir='ltr'><strong>ab</strong></span> <span class='ocrx_word' id='word_1_354' title='bbox 3492 1894 3614 1950; x_wconf 91' lang='lat' dir='ltr'><strong>initio</strong></span> <span class='ocrx_word' id='word_1_355' title='bbox 3643 1910 3760 1949; x_wconf 80' lang='lat' dir='ltr'><strong>susce-</strong></span> 
     </span>
    </p>
   </div>
   <div class='ocr_carea' id='block_1_49' title="bbox 2302 1981 3758 2051">
    <p class='ocr_par' dir='ltr' id='par_1_49' title="bbox 2302 1981 3758 2051">
     <span class='ocr_line' id='line_1_49' title="bbox 2302 1981 3758 2051; baseline 0.003 -16"><span class='ocrx_word' id='word_1_356' title='bbox 2302 1981 2498 2051; x_wconf 88' lang='lat' dir='ltr'><strong>pimus.</strong></span> <span class='ocrx_word' id='word_1_357' title='bbox 2525 1981 2667 2037; x_wconf 79' lang='lat' dir='ltr'><strong>Misit</strong></span> <span class='ocrx_word' id='word_1_358' title='bbox 2687 1991 2867 2038; x_wconf 90' lang='lat' dir='ltr'><strong>autem</strong></span> <span class='ocrx_word' id='word_1_359' title='bbox 2894 1983 3089 2038; x_wconf 90' lang='lat' dir='ltr'><strong>iterum</strong></span> <span class='ocrx_word' id='word_1_360' title='bbox 3114 1984 3188 2040; x_wconf 88' lang='lat' dir='ltr'><strong>ad</strong></span> <span class='ocrx_word' id='word_1_361' title='bbox 3217 1984 3568 2041; x_wconf 89' lang='lat' dir='ltr'><strong>inflectendum</strong></span> <span class='ocrx_word' id='word_1_362' title='bbox 3590 2000 3661 2041; x_wconf 85' lang='lat' dir='ltr'><strong>eos</strong></span> <span class='ocrx_word' id='word_1_363' title='bbox 3681 1986 3758 2047; x_wconf 75' lang='lat' dir='ltr'><strong>Ale-</strong></span> 
     </span>
    </p>
   </div>
   <div class='ocr_carea' id='block_1_50' title="bbox 2303 2058 3853 2146">
    <p class='ocr_par' dir='ltr' id='par_1_50' title="bbox 2303 2058 3853 2146">
     <span class='ocr_line' id='line_1_50' title="bbox 2303 2058 3853 2146; baseline 0.003 -18"><span class='ocrx_word' id='word_1_364' title='bbox 2303 2073 2450 2129; x_wconf 81' lang='lat' dir='ltr'><strong>xium</strong></span> <span class='ocrx_word' id='word_1_365' title='bbox 2479 2075 2773 2146; x_wconf 90' lang='lat' dir='ltr'><strong>spatarium</strong></span> <span class='ocrx_word' id='word_1_366' title='bbox 2804 2084 2860 2131; x_wconf 91' lang='lat' dir='ltr'><strong>et</strong></span> <span class='ocrx_word' id='word_1_367' title='bbox 2888 2076 3239 2146; x_wconf 86' lang='lat' dir='ltr'><strong>drongarium</strong></span> <span class='ocrx_word' id='word_1_368' title='bbox 3264 2076 3461 2146; x_wconf 83' lang='lat' dir='ltr'><strong>vigiliae.</strong></span> <span class='ocrx_word' id='word_1_369' title='bbox 3488 2078 3547 2131; x_wconf 84' lang='lat' dir='ltr'><strong>At</strong></span> <span class='ocrx_word' id='word_1_370' title='bbox 3569 2077 3625 2131; x_wconf 89' lang='lat' dir='ltr'><strong>illi</strong></span> <span class='ocrx_word' id='word_1_371' title='bbox 3644 2085 3761 2132; x_wconf 51' lang='lat' dir='ltr'><strong>teneri.</strong></span> <span class='ocrx_word' id='word_1_372' title='bbox 3846 2058 3853 2073; x_wconf 62' lang='grc'><em>”</em></span> 
     </span>
    </p>
   </div>
   <div class='ocr_carea' id='block_1_51' title="bbox 2303 2167 3763 2240">
    <p class='ocr_par' dir='ltr' id='par_1_51' title="bbox 2303 2167 3763 2240">
     <span class='ocr_line' id='line_1_51' title="bbox 2303 2167 3763 2240; baseline 0.001 -20"><span class='ocrx_word' id='word_1_373' title='bbox 2303 2173 2384 2221; x_wconf 89' lang='lat' dir='ltr'><strong>tes</strong></span> <span class='ocrx_word' id='word_1_374' title='bbox 2409 2180 2553 2233; x_wconf 90' lang='lat' dir='ltr'><strong>eum,</strong></span> <span class='ocrx_word' id='word_1_375' title='bbox 2583 2175 2642 2220; x_wconf 93' lang='lat' dir='ltr'><strong>ut</strong></span> <span class='ocrx_word' id='word_1_376' title='bbox 2668 2167 2769 2222; x_wconf 91' lang='lat' dir='ltr'><strong>sibi</strong></span> <span class='ocrx_word' id='word_1_377' title='bbox 2809 2178 3087 2238; x_wconf 73' lang='lat' dir='ltr'><strong>praeesset,</strong></span> <span class='ocrx_word' id='word_1_378' title='bbox 3120 2178 3493 2240; x_wconf 86' lang='lat' dir='ltr'><strong>provexerunt.</strong></span> <span class='ocrx_word' id='word_1_379' title='bbox 3514 2168 3763 2238; x_wconf 78' lang='lat' dir='ltr'><strong>Nicephorum</strong></span> 
     </span>
    </p>
   </div>
   <div class='ocr_carea' id='block_1_52' title="bbox 2299 2257 3758 2332">
    <p class='ocr_par' dir='ltr' id='par_1_52' title="bbox 2299 2257 3758 2332">
     <span class='ocr_line' id='line_1_52' title="bbox 2299 2257 3758 2332; baseline -0.001 -20"><span class='ocrx_word' id='word_1_380' title='bbox 2299 2271 2429 2313; x_wconf 87' lang='lat' dir='ltr'><strong>vero</strong></span> <span class='ocrx_word' id='word_1_381' title='bbox 2484 2257 2763 2329; x_wconf 88' lang='lat' dir='ltr'><strong>patricium</strong></span> <span class='ocrx_word' id='word_1_382' title='bbox 2817 2259 3075 2315; x_wconf 64' lang='lat' dir='ltr'><strong>custodite</strong></span> <span class='ocrx_word' id='word_1_383' title='bbox 3117 2263 3510 2332; x_wconf 80' lang='lat' dir='ltr'><strong>nianciparunt,</strong></span> <span class='ocrx_word' id='word_1_384' title='bbox 3552 2259 3758 2315; x_wconf 85' lang='lat' dir='ltr'><strong>Constanti-</strong></span> 
     </span>
    </p>
   </div>
   <div class='ocr_carea' id='block_1_53' title="bbox 2300 2351 3762 2424">
    <p class='ocr_par' dir='ltr' id='par_1_53' title="bbox 2300 2351 3762 2424">
     <span class='ocr_line' id='line_1_53' title="bbox 2300 2351 3762 2424; baseline -0.002 -19"><span class='ocrx_word' id='word_1_385' title='bbox 2300 2364 2539 2421; x_wconf 90' lang='lat' dir='ltr'><strong>numque</strong></span> <span class='ocrx_word' id='word_1_386' title='bbox 2554 2365 2710 2407; x_wconf 88' lang='lat' dir='ltr'><strong>suum</strong></span> <span class='ocrx_word' id='word_1_387' title='bbox 2725 2351 3022 2423; x_wconf 89' lang='lat' dir='ltr'><strong>principem</strong></span> <span class='ocrx_word' id='word_1_388' title='bbox 3038 2360 3093 2407; x_wconf 88' lang='lat' dir='ltr'><strong>et</strong></span> <span class='ocrx_word' id='word_1_389' title='bbox 3105 2352 3477 2424; x_wconf 89' lang='lat' dir='ltr'><strong>imperatorem</strong></span> <span class='ocrx_word' id='word_1_390' title='bbox 3491 2352 3762 2415; x_wconf 84' lang='lat' dir='ltr'><strong>laudavenmt,</strong></span> 
     </span>
    </p>
   </div>
   <div class='ocr_carea' id='block_1_54' title="bbox 2297 2442 3765 2517">
    <p class='ocr_par' dir='ltr' id='par_1_54' title="bbox 2297 2442 3765 2517">
     <span class='ocr_line' id='line_1_54' title="bbox 2297 2442 3765 2517; baseline -0.002 -19"><span class='ocrx_word' id='word_1_391' title='bbox 2297 2451 2354 2499; x_wconf 92' lang='lat' dir='ltr'><strong>et</strong></span> <span class='ocrx_word' id='word_1_392' title='bbox 2373 2443 2825 2500; x_wconf 89' lang='lat' dir='ltr'><strong>acclamaverunt.</strong></span> <span class='ocrx_word' id='word_1_393' title='bbox 2859 2445 2972 2501; x_wconf 92' lang='lat' dir='ltr'><strong>lloc</strong></span> <span class='ocrx_word' id='word_1_394' title='bbox 3019 2455 3308 2517; x_wconf 91' lang='lat' dir='ltr'><strong>comperto</strong></span> <span class='ocrx_word' id='word_1_395' title='bbox 3346 2446 3627 2516; x_wconf 89' lang='lat' dir='ltr'><strong>reliquorum</strong></span> <span class='ocrx_word' id='word_1_396' title='bbox 3650 2442 3765 2514; x_wconf 87' lang='lat' dir='ltr'><strong>populi</strong></span> 
     </span>
    </p>
   </div>
   <div class='ocr_carea' id='block_1_55' title="bbox 2298 2533 3767 2607">
    <p class='ocr_par' dir='ltr' id='par_1_55' title="bbox 2298 2533 3767 2607">
     <span class='ocr_line' id='line_1_55' title="bbox 2298 2533 3767 2607; baseline -0.003 -19"><span class='ocrx_word' id='word_1_397' title='bbox 2298 2533 2621 2598; x_wconf 89' lang='lat' dir='ltr'><strong>thematum,</strong></span> <span class='ocrx_word' id='word_1_398' title='bbox 2652 2535 2974 2603; x_wconf 67' lang='lat' dir='ltr'><strong>praetoribus</strong></span> <span class='ocrx_word' id='word_1_399' title='bbox 3031 2537 3147 2592; x_wconf 90' lang='lat' dir='ltr'><strong>suis</strong></span> <span class='ocrx_word' id='word_1_400' title='bbox 3201 2536 3451 2607; x_wconf 81' lang='lat' dir='ltr'><strong>expulsis,</strong></span> <span class='ocrx_word' id='word_1_401' title='bbox 3473 2534 3767 2590; x_wconf 85' lang='lat' dir='ltr'><strong>Constantinum</strong></span> 
     </span>
    </p>
   </div>
   <div class='ocr_carea' id='block_1_56' title="bbox 2296 2624 3767 2699">
    <p class='ocr_par' dir='ltr' id='par_1_56' title="bbox 2296 2624 3767 2699">
     <span class='ocr_line' id='line_1_56' title="bbox 2296 2624 3767 2699; baseline -0.001 -21"><span class='ocrx_word' id='word_1_402' title='bbox 2296 2631 2507 2679; x_wconf 84' lang='lat' dir='ltr'><strong>tantum</strong></span> <span class='ocrx_word' id='word_1_403' title='bbox 2532 2624 2915 2695; x_wconf 89' lang='lat' dir='ltr'><strong>imperatorem</strong></span> <span class='ocrx_word' id='word_1_404' title='bbox 2945 2635 3002 2682; x_wconf 91' lang='lat' dir='ltr'><strong>et</strong></span> <span class='ocrx_word' id='word_1_405' title='bbox 3031 2627 3134 2697; x_wconf 91' lang='lat' dir='ltr'><strong>ipsi</strong></span> <span class='ocrx_word' id='word_1_406' title='bbox 3177 2628 3543 2699; x_wconf 68' lang='lat' dir='ltr'><strong>praedicabant.</strong></span> <span class='ocrx_word' id='word_1_407' title='bbox 3569 2626 3605 2680; x_wconf 91' lang='lat'><strong>0</strong></span> <span class='ocrx_word' id='word_1_408' title='bbox 3625 2624 3767 2692; x_wconf 72' lang='lat' dir='ltr'><strong>maligni</strong></span> 
     </span>
    </p>
   </div>
   <div class='ocr_carea' id='block_1_57' title="bbox 2295 2715 3769 2789">
    <p class='ocr_par' dir='ltr' id='par_1_57' title="bbox 2295 2715 3769 2789">
     <span class='ocr_line' id='line_1_57' title="bbox 2295 2715 3769 2789; baseline -0.002 -19"><span class='ocrx_word' id='word_1_409' title='bbox 2295 2715 2496 2772; x_wconf 92' lang='lat' dir='ltr'><strong>diaboli</strong></span> <span class='ocrx_word' id='word_1_410' title='bbox 2544 2718 2808 2773; x_wconf 89' lang='lat' dir='ltr'><strong>versutias</strong></span> <span class='ocrx_word' id='word_1_411' title='bbox 2834 2756 2849 2782; x_wconf 90' lang='lat'><strong>,</strong></span> <span class='ocrx_word' id='word_1_412' title='bbox 2901 2719 3179 2789; x_wconf 90' lang='lat' dir='ltr'><strong>quomodo</strong></span> <span class='ocrx_word' id='word_1_413' title='bbox 3228 2735 3326 2789; x_wconf 90' lang='lat' dir='ltr'><strong>per</strong></span> <span class='ocrx_word' id='word_1_414' title='bbox 3364 2719 3517 2773; x_wconf 89' lang='lat' dir='ltr'><strong>multa</strong></span> <span class='ocrx_word' id='word_1_415' title='bbox 3555 2723 3769 2784; x_wconf 81' lang='lat' dir='ltr'><strong>argumenta</strong></span> 
     </span>
    </p>
   </div>
   <div class='ocr_carea' id='block_1_58' title="bbox 2292 2807 3771 2881">
    <p class='ocr_par' dir='ltr' id='par_1_58' title="bbox 2292 2807 3771 2881">
     <span class='ocr_line' id='line_1_58' title="bbox 2292 2807 3771 2881; baseline -0.005 -18"><span class='ocrx_word' id='word_1_416' title='bbox 2292 2807 2477 2864; x_wconf 84' lang='lat' dir='ltr'><strong>studet</strong></span> <span class='ocrx_word' id='word_1_417' title='bbox 2527 2823 2695 2878; x_wconf 87' lang='lat' dir='ltr'><strong>genus</strong></span> <span class='ocrx_word' id='word_1_418' title='bbox 2748 2809 3027 2865; x_wconf 88' lang='lat' dir='ltr'><strong>hominum</strong></span> <span class='ocrx_word' id='word_1_419' title='bbox 3086 2811 3354 2881; x_wconf 85' lang='lat' dir='ltr'><strong>perdere!</strong></span> <span class='ocrx_word' id='word_1_420' title='bbox 3413 2810 3503 2877; x_wconf 85' lang='lat' dir='ltr'><strong>Qui</strong></span> <span class='ocrx_word' id='word_1_421' title='bbox 3546 2808 3655 2863; x_wconf 88' lang='lat' dir='ltr'><strong>enim</strong></span> <span class='ocrx_word' id='word_1_422' title='bbox 3692 2810 3771 2857; x_wconf 81' lang='lat' dir='ltr'><strong>ante</strong></span> 
     </span>
    </p>
   </div>
   <div class='ocr_carea' id='block_1_59' title="bbox 2293 2903 3771 2975">
    <p class='ocr_par' dir='ltr' id='par_1_59' title="bbox 2293 2903 3771 2975">
     <span class='ocr_line' id='line_1_59' title="bbox 2293 2903 3771 2975; baseline -0.006 -17"><span class='ocrx_word' id='word_1_423' title='bbox 2293 2903 2600 2974; x_wconf 89' lang='lat' dir='ltr'><strong>quindecim</strong></span> <span class='ocrx_word' id='word_1_424' title='bbox 2630 2919 2802 2961; x_wconf 87' lang='lat' dir='ltr'><strong>annos</strong></span> <span class='ocrx_word' id='word_1_425' title='bbox 2833 2904 3062 2960; x_wconf 85' lang='lat' dir='ltr'><strong>terribili</strong></span> <span class='ocrx_word' id='word_1_426' title='bbox 3084 2904 3442 2975; x_wconf 86' lang='lat' dir='ltr'><strong>jurejurando</strong></span> <span class='ocrx_word' id='word_1_427' title='bbox 3457 2903 3771 2973; x_wconf 83' lang='lat' dir='ltr'><strong>iuraverunt,et</strong></span> 
     </span>
    </p>
   </div>
   <div class='ocr_carea' id='block_1_60' title="bbox 2292 2991 3774 3065">
    <p class='ocr_par' dir='ltr' id='par_1_60' title="bbox 2292 2991 3774 3065">
     <span class='ocr_line' id='line_1_60' title="bbox 2292 2991 3774 3065; baseline -0.005 -17"><span class='ocrx_word' id='word_1_428' title='bbox 2292 2991 2436 3048; x_wconf 88' lang='lat' dir='ltr'><strong>facta</strong></span> <span class='ocrx_word' id='word_1_429' title='bbox 2468 2994 2698 3065; x_wconf 67' lang='lat' dir='ltr'><strong>propriae</strong></span> <span class='ocrx_word' id='word_1_430' title='bbox 2726 3009 2918 3051; x_wconf 90' lang='lat' dir='ltr'><strong>manus</strong></span> <span class='ocrx_word' id='word_1_431' title='bbox 2948 2995 3151 3065; x_wconf 88' lang='lat' dir='ltr'><strong>scripta</strong></span> <span class='ocrx_word' id='word_1_432' title='bbox 3192 2996 3248 3052; x_wconf 91' lang='lat' dir='ltr'><strong>in</strong></span> <span class='ocrx_word' id='word_1_433' title='bbox 3272 3003 3456 3051; x_wconf 89' lang='lat' dir='ltr'><strong>sancto</strong></span> <span class='ocrx_word' id='word_1_434' title='bbox 3483 2991 3611 3048; x_wconf 83' lang='lat' dir='ltr'><strong>altari</strong></span> <span class='ocrx_word' id='word_1_435' title='bbox 3654 3002 3774 3044; x_wconf 84' lang='lat' dir='ltr'><strong>recon-</strong></span> 
     </span>
    </p>
   </div>
   <div class='ocr_carea' id='block_1_61' title="bbox 2291 3079 3774 3158">
    <p class='ocr_par' dir='ltr' id='par_1_61' title="bbox 2291 3079 3774 3158">
     <span class='ocr_line' id='line_1_61' title="bbox 2291 3079 3774 3158; baseline -0.006 -17"><span class='ocrx_word' id='word_1_436' title='bbox 2291 3085 2545 3142; x_wconf 89' lang='lat' dir='ltr'><strong>diderunt</strong></span> <span class='ocrx_word' id='word_1_437' title='bbox 2575 3125 2594 3155; x_wconf 89' lang='lat'><strong>,</strong></span> <span class='ocrx_word' id='word_1_438' title='bbox 2651 3088 2847 3143; x_wconf 86' lang='lat' dir='ltr'><strong>iterum</strong></span> <span class='ocrx_word' id='word_1_439' title='bbox 2899 3088 3163 3158; x_wconf 87' lang='lat' dir='ltr'><strong>iurabant</strong></span> <span class='ocrx_word' id='word_1_440' title='bbox 3197 3105 3261 3146; x_wconf 88' lang='lat' dir='ltr'><strong>se</strong></span> <span class='ocrx_word' id='word_1_441' title='bbox 3282 3105 3314 3144; x_wconf 86' lang='lat' dir='ltr'><strong>a</strong></span> <span class='ocrx_word' id='word_1_442' title='bbox 3358 3088 3461 3143; x_wconf 87' lang='lat' dir='ltr'><strong>tilio</strong></span> <span class='ocrx_word' id='word_1_443' title='bbox 3486 3086 3586 3156; x_wconf 83' lang='lat' dir='ltr'><strong>eius</strong></span> <span class='ocrx_word' id='word_1_444' title='bbox 3606 3098 3683 3139; x_wconf 90' lang='lat' dir='ltr'><strong>non</strong></span> <span class='ocrx_word' id='word_1_445' title='bbox 3715 3079 3774 3133; x_wconf 84' lang='lat' dir='ltr'><strong>im-</strong></span> 
     </span>
    </p>
   </div>
   <div class='ocr_carea' id='block_1_62' title="bbox 595 3157 3772 3249">
    <p class='ocr_par' dir='ltr' id='par_1_62' title="bbox 595 3157 3772 3249">
     <span class='ocr_line' id='line_1_62' title="bbox 595 3157 3772 3249; baseline -0.003 -16"><span class='ocrx_word' id='word_1_446' title='bbox 595 3178 803 3249; x_wconf 87' lang='lat' dir='ltr'><strong>perium</strong></span> <span class='ocrx_word' id='word_1_447' title='bbox 826 3192 951 3233; x_wconf 93' lang='lat' dir='ltr'><strong>cum</strong></span> <span class='ocrx_word' id='word_1_448' title='bbox 980 3187 1156 3233; x_wconf 89' lang='lat' dir='ltr'><strong>matre</strong></span> <span class='ocrx_word' id='word_1_449' title='bbox 1177 3194 1293 3234; x_wconf 91' lang='lat' dir='ltr'><strong>sua.</strong></span> <span class='ocrx_word' id='word_1_450' title='bbox 1326 3178 1496 3235; x_wconf 90' lang='lat' dir='ltr'><strong>Porro</strong></span> <span class='ocrx_word' id='word_1_451' title='bbox 1537 3190 1694 3235; x_wconf 80' lang='lat' dir='ltr'><strong>sexta</strong></span> <span class='ocrx_word' id='word_1_452' title='bbox 1713 3157 1849 3236; x_wconf 72' lang='lat' dir='ltr'><strong>ldus</strong></span> <span class='ocrx_word' id='word_1_453' title='bbox 1905 3180 2185 3238; x_wconf 85' lang='lat' dir='ltr'><strong>Februarii</strong></span> <span class='ocrx_word' id='word_1_454' title='bbox 2214 3157 2264 3223; x_wconf 68' lang='grc' dir='ltr'><strong>(ἶ</strong></span> <span class='ocrx_word' id='word_1_455' title='bbox 2292 3176 2561 3247; x_wconf 83' lang='lat' dir='ltr'><strong>perandos</strong></span> <span class='ocrx_word' id='word_1_456' title='bbox 2585 3177 2638 3232; x_wconf 86' lang='lat' dir='ltr'><strong>in</strong></span> <span class='ocrx_word' id='word_1_457' title='bbox 2665 3178 2774 3233; x_wconf 88' lang='lat' dir='ltr'><strong>vita</strong></span> <span class='ocrx_word' id='word_1_458' title='bbox 2806 3178 3006 3248; x_wconf 86' lang='lat' dir='ltr'><strong>ipsius,</strong></span> <span class='ocrx_word' id='word_1_459' title='bbox 3056 3189 3115 3234; x_wconf 90' lang='lat' dir='ltr'><strong>et</strong></span> <span class='ocrx_word' id='word_1_460' title='bbox 3139 3188 3333 3236; x_wconf 75' lang='lat' dir='ltr'><strong>rursus</strong></span> <span class='ocrx_word' id='word_1_461' title='bbox 3361 3176 3591 3234; x_wconf 75' lang='lat' dir='ltr'><strong>oblivioni</strong></span> <span class='ocrx_word' id='word_1_462' title='bbox 3614 3176 3688 3228; x_wconf 87' lang='lat' dir='ltr'><strong>hoc</strong></span> <span class='ocrx_word' id='word_1_463' title='bbox 3708 3181 3772 3224; x_wconf 83' lang='lat' dir='ltr'><strong>tra-</strong></span> 
     </span>
    </p>
   </div>
   <div class='ocr_carea' id='block_1_63' title="bbox 558 3260 2188 3337">
    <p class='ocr_par' dir='ltr' id='par_1_63' title="bbox 558 3260 2188 3337">
     <span class='ocr_line' id='line_1_63' title="bbox 558 3260 2188 3337; baseline 0.001 -9"><span class='ocrx_word' id='word_1_464' title='bbox 558 3260 559 3263; x_wconf 30' lang='grc'><em>“</em></span> <span class='ocrx_word' id='word_1_465' title='bbox 596 3269 873 3328; x_wconf 84' lang='lat' dir='ltr'><strong>horribilis</strong></span> <span class='ocrx_word' id='word_1_466' title='bbox 899 3268 1074 3326; x_wconf 86' lang='lat' dir='ltr'><strong>factus</strong></span> <span class='ocrx_word' id='word_1_467' title='bbox 1102 3279 1186 3325; x_wconf 91' lang='lat' dir='ltr'><strong>est</strong></span> <span class='ocrx_word' id='word_1_468' title='bbox 1212 3278 1583 3337; x_wconf 67' lang='lat' dir='ltr'><strong>terrmmotus,</strong></span> <span class='ocrx_word' id='word_1_469' title='bbox 1617 3272 1693 3327; x_wconf 89' lang='lat' dir='ltr'><strong>ita</strong></span> <span class='ocrx_word' id='word_1_470' title='bbox 1721 3281 1780 3327; x_wconf 91' lang='lat' dir='ltr'><strong>ut</strong></span> <span class='ocrx_word' id='word_1_471' title='bbox 1827 3287 1933 3327; x_wconf 93' lang='lat' dir='ltr'><strong>non</strong></span> <span class='ocrx_word' id='word_1_472' title='bbox 1964 3274 2188 3331; x_wconf 92' lang='lat' dir='ltr'><strong>auderet</strong></span> 
     </span>
    </p>
   </div>
   <div class='ocr_carea' id='block_1_64' title="bbox 598 3361 2185 3432">
    <p class='ocr_par' dir='ltr' id='par_1_64' title="bbox 598 3361 2185 3432">
     <span class='ocr_line' id='line_1_64' title="bbox 598 3361 2185 3432; baseline 0.003 -16"><span class='ocrx_word' id='word_1_473' title='bbox 598 3362 882 3432; x_wconf 89' lang='lat' dir='ltr'><strong>quisquam</strong></span> <span class='ocrx_word' id='word_1_474' title='bbox 911 3361 1058 3418; x_wconf 88' lang='lat' dir='ltr'><strong>domi</strong></span> <span class='ocrx_word' id='word_1_475' title='bbox 1079 3362 1333 3428; x_wconf 87' lang='lat' dir='ltr'><strong>dormire,</strong></span> <span class='ocrx_word' id='word_1_476' title='bbox 1360 3363 1455 3420; x_wconf 89' lang='lat' dir='ltr'><strong>sed</strong></span> <span class='ocrx_word' id='word_1_477' title='bbox 1479 3380 1667 3421; x_wconf 88' lang='lat' dir='ltr'><strong>omnes</strong></span> <span class='ocrx_word' id='word_1_478' title='bbox 1717 3366 1770 3420; x_wconf 92' lang='lat' dir='ltr'><strong>in</strong></span> <span class='ocrx_word' id='word_1_479' title='bbox 1799 3365 1975 3422; x_wconf 89' lang='lat' dir='ltr'><strong>hortis</strong></span> <span class='ocrx_word' id='word_1_480' title='bbox 2006 3375 2060 3422; x_wconf 87' lang='lat' dir='ltr'><strong>et</strong></span> <span class='ocrx_word' id='word_1_481' title='bbox 2084 3367 2185 3424; x_wconf 90' lang='lat' dir='ltr'><strong>sub</strong></span> 
     </span>
    </p>
   </div>
   <div class='ocr_carea' id='block_1_65' title="bbox 597 3454 2188 3529">
    <p class='ocr_par' dir='ltr' id='par_1_65' title="bbox 597 3454 2188 3529">
     <span class='ocr_line' id='line_1_65' title="bbox 597 3454 2188 3529; baseline 0.005 -20"><span class='ocrx_word' id='word_1_482' title='bbox 597 3454 689 3510; x_wconf 94' lang='lat' dir='ltr'><strong>dio</strong></span> <span class='ocrx_word' id='word_1_483' title='bbox 721 3455 1083 3513; x_wconf 87' lang='lat' dir='ltr'><strong>tabernaculis</strong></span> <span class='ocrx_word' id='word_1_484' title='bbox 1112 3456 1268 3514; x_wconf 83' lang='lat' dir='ltr'><strong>factis</strong></span> <span class='ocrx_word' id='word_1_485' title='bbox 1290 3465 1345 3515; x_wconf 92' lang='lat' dir='ltr'><strong>et</strong></span> <span class='ocrx_word' id='word_1_486' title='bbox 1374 3459 1624 3515; x_wconf 90' lang='lat' dir='ltr'><strong>tentoriis</strong></span> <span class='ocrx_word' id='word_1_487' title='bbox 1645 3460 1932 3529; x_wconf 80' lang='lat' dir='ltr'><strong>degebant.</strong></span> <span class='ocrx_word' id='word_1_488' title='bbox 1960 3462 2052 3516; x_wconf 83' lang='lat' dir='ltr'><strong>Ast</strong></span> <span class='ocrx_word' id='word_1_489' title='bbox 2087 3460 2188 3517; x_wconf 90' lang='lat' dir='ltr'><strong>im-</strong></span> 
     </span>
    </p>
   </div>
   <div class='ocr_carea' id='block_1_66' title="bbox 595 3547 2188 3623">
    <p class='ocr_par' dir='ltr' id='par_1_66' title="bbox 595 3547 2188 3623">
     <span class='ocr_line' id='line_1_66' title="bbox 595 3547 2188 3623; baseline 0.006 -22"><span class='ocrx_word' id='word_1_490' title='bbox 595 3547 832 3621; x_wconf 78' lang='lat' dir='ltr'><strong>peratrix</strong></span> <span class='ocrx_word' id='word_1_491' title='bbox 857 3565 964 3605; x_wconf 88' lang='lat' dir='ltr'><strong>una</strong></span> <span class='ocrx_word' id='word_1_492' title='bbox 995 3566 1115 3606; x_wconf 91' lang='lat' dir='ltr'><strong>cum</strong></span> <span class='ocrx_word' id='word_1_493' title='bbox 1146 3551 1256 3606; x_wconf 81' lang='lat' dir='ltr'><strong>lilio</strong></span> <span class='ocrx_word' id='word_1_494' title='bbox 1278 3566 1378 3607; x_wconf 90' lang='lat' dir='ltr'><strong>suo</strong></span> <span class='ocrx_word' id='word_1_495' title='bbox 1407 3566 1622 3623; x_wconf 86' lang='lat' dir='ltr'><strong>egressa</strong></span> <span class='ocrx_word' id='word_1_496' title='bbox 1642 3553 1797 3609; x_wconf 89' lang='lat' dir='ltr'><strong>estad</strong></span> <span class='ocrx_word' id='word_1_497' title='bbox 1814 3562 2058 3610; x_wconf 87' lang='lat' dir='ltr'><strong>sanctum</strong></span> <span class='ocrx_word' id='word_1_498' title='bbox 2075 3552 2188 3610; x_wconf 85' lang='lat' dir='ltr'><strong>Ma-</strong></span> 
     </span>
    </p>
   </div>
   <div class='ocr_carea' id='block_1_67' title="bbox 593 3638 2189 3714">
    <p class='ocr_par' dir='ltr' id='par_1_67' title="bbox 593 3638 2189 3714">
     <span class='ocr_line' id='line_1_67' title="bbox 593 3638 2189 3714; baseline 0.003 -18"><span class='ocrx_word' id='word_1_499' title='bbox 593 3654 741 3696; x_wconf 82' lang='lat' dir='ltr'><strong>man.</strong></span> <span class='ocrx_word' id='word_1_500' title='bbox 766 3638 900 3695; x_wconf 92' lang='lat' dir='ltr'><strong>Cum</strong></span> <span class='ocrx_word' id='word_1_501' title='bbox 953 3649 1134 3697; x_wconf 89' lang='lat' dir='ltr'><strong>autem</strong></span> <span class='ocrx_word' id='word_1_502' title='bbox 1166 3642 1439 3699; x_wconf 89' lang='lat' dir='ltr'><strong>Stauratio</strong></span> <span class='ocrx_word' id='word_1_503' title='bbox 1466 3645 1709 3700; x_wconf 91' lang='lat' dir='ltr'><strong>nuntiata</strong></span> <span class='ocrx_word' id='word_1_504' title='bbox 1740 3642 1949 3709; x_wconf 81' lang='lat' dir='ltr'><strong>fuisset,</strong></span> <span class='ocrx_word' id='word_1_505' title='bbox 1982 3652 2037 3700; x_wconf 92' lang='lat' dir='ltr'><strong>et</strong></span> <span class='ocrx_word' id='word_1_506' title='bbox 2055 3659 2189 3714; x_wconf 73' lang='lat' dir='ltr'><strong>prte-</strong></span> 
     </span>
    </p>
   </div>
   <div class='ocr_carea' id='block_1_68' title="bbox 594 3730 2183 3806">
    <p class='ocr_par' dir='ltr' id='par_1_68' title="bbox 594 3730 2183 3806">
     <span class='ocr_line' id='line_1_68' title="bbox 594 3730 2183 3806; baseline 0.003 -19"><span class='ocrx_word' id='word_1_507' title='bbox 594 3730 805 3802; x_wconf 89' lang='lat' dir='ltr'><strong>signata</strong></span> <span class='ocrx_word' id='word_1_508' title='bbox 826 3748 935 3802; x_wconf 91' lang='lat' dir='ltr'><strong>res,</strong></span> <span class='ocrx_word' id='word_1_509' title='bbox 964 3734 1257 3790; x_wconf 90' lang='lat' dir='ltr'><strong>commovit</strong></span> <span class='ocrx_word' id='word_1_510' title='bbox 1307 3737 1601 3805; x_wconf 83' lang='lat' dir='ltr'><strong>Augustam</strong></span> <span class='ocrx_word' id='word_1_511' title='bbox 1633 3744 1820 3791; x_wconf 91' lang='lat' dir='ltr'><strong>contra</strong></span> <span class='ocrx_word' id='word_1_512' title='bbox 1853 3735 2040 3802; x_wconf 88' lang='lat' dir='ltr'><strong>filium,</strong></span> <span class='ocrx_word' id='word_1_513' title='bbox 2064 3750 2183 3806; x_wconf 65' lang='lat' dir='ltr'><strong>quae</strong></span> 
     </span>
    </p>
   </div>
   <div class='ocr_carea' id='block_1_69' title="bbox 596 3823 2184 3896">
    <p class='ocr_par' dir='ltr' id='par_1_69' title="bbox 596 3823 2184 3896">
     <span class='ocr_line' id='line_1_69' title="bbox 596 3823 2184 3896; baseline 0.002 -18"><span class='ocrx_word' id='word_1_514' title='bbox 596 3823 1018 3894; x_wconf 89' lang='lat' dir='ltr'><strong>comprehensos</strong></span> <span class='ocrx_word' id='word_1_515' title='bbox 1040 3839 1228 3882; x_wconf 88' lang='lat' dir='ltr'><strong>omnes</strong></span> <span class='ocrx_word' id='word_1_516' title='bbox 1250 3826 1591 3896; x_wconf 89' lang='lat' dir='ltr'><strong>imperatoris</strong></span> <span class='ocrx_word' id='word_1_517' title='bbox 1606 3826 1849 3881; x_wconf 91' lang='lat' dir='ltr'><strong>homines</strong></span> <span class='ocrx_word' id='word_1_518' title='bbox 1873 3827 2084 3893; x_wconf 89' lang='lat' dir='ltr'><strong>cecidit,</strong></span> <span class='ocrx_word' id='word_1_519' title='bbox 2102 3834 2184 3881; x_wconf 85' lang='lat' dir='ltr'><strong>at-</strong></span> 
     </span>
    </p>
   </div>
   <div class='ocr_carea' id='block_1_70' title="bbox 597 3916 2179 3987">
    <p class='ocr_par' dir='ltr' id='par_1_70' title="bbox 597 3916 2179 3987">
     <span class='ocr_line' id='line_1_70' title="bbox 597 3916 2179 3987; baseline 0.002 -17"><span class='ocrx_word' id='word_1_520' title='bbox 597 3929 704 3986; x_wconf 89' lang='lat' dir='ltr'><strong>que</strong></span> <span class='ocrx_word' id='word_1_521' title='bbox 729 3917 983 3984; x_wconf 90' lang='lat' dir='ltr'><strong>totondit,</strong></span> <span class='ocrx_word' id='word_1_522' title='bbox 1014 3933 1120 3972; x_wconf 89' lang='lat' dir='ltr'><strong>una</strong></span> <span class='ocrx_word' id='word_1_523' title='bbox 1144 3932 1267 3972; x_wconf 89' lang='lat' dir='ltr'><strong>cum</strong></span> <span class='ocrx_word' id='word_1_524' title='bbox 1290 3916 1500 3973; x_wconf 87' lang='lat' dir='ltr'><strong>Joanne</strong></span> <span class='ocrx_word' id='word_1_525' title='bbox 1541 3920 1966 3987; x_wconf 86' lang='lat' dir='ltr'><strong>protospatario,</strong></span> <span class='ocrx_word' id='word_1_526' title='bbox 1996 3926 2052 3973; x_wconf 92' lang='lat' dir='ltr'><strong>et</strong></span> <span class='ocrx_word' id='word_1_527' title='bbox 2080 3920 2179 3974; x_wconf 90' lang='lat' dir='ltr'><strong>ba-</strong></span> 
     </span>
    </p>
   </div>
   <div class='ocr_carea' id='block_1_71' title="bbox 590 4006 2179 4083">
    <p class='ocr_par' dir='ltr' id='par_1_71' title="bbox 590 4006 2179 4083">
     <span class='ocr_line' id='line_1_71' title="bbox 590 4006 2179 4083; baseline 0.004 -22"><span class='ocrx_word' id='word_1_528' title='bbox 590 4006 704 4077; x_wconf 92' lang='lat' dir='ltr'><strong>iulo</strong></span> <span class='ocrx_word' id='word_1_529' title='bbox 727 4008 917 4079; x_wconf 88' lang='lat' dir='ltr'><strong>ipsius,</strong></span> <span class='ocrx_word' id='word_1_530' title='bbox 934 4016 991 4063; x_wconf 91' lang='lat' dir='ltr'><strong>et</strong></span> <span class='ocrx_word' id='word_1_531' title='bbox 1012 4010 1203 4065; x_wconf 85' lang='lat' dir='ltr'><strong>exsilio</strong></span> <span class='ocrx_word' id='word_1_532' title='bbox 1218 4010 1479 4078; x_wconf 90' lang='lat' dir='ltr'><strong>relegavit</strong></span> <span class='ocrx_word' id='word_1_533' title='bbox 1499 4010 1555 4065; x_wconf 92' lang='lat' dir='ltr'><strong>in</strong></span> <span class='ocrx_word' id='word_1_534' title='bbox 1570 4009 1913 4067; x_wconf 84' lang='lat' dir='ltr'><strong>inferioribus</strong></span> <span class='ocrx_word' id='word_1_535' title='bbox 1933 4011 2179 4083; x_wconf 90' lang='lat' dir='ltr'><strong>partibus</strong></span> 
     </span>
    </p>
   </div>
   <div class='ocr_carea' id='block_1_72' title="bbox 593 4100 2177 4172">
    <p class='ocr_par' dir='ltr' id='par_1_72' title="bbox 593 4100 2177 4172">
     <span class='ocr_line' id='line_1_72' title="bbox 593 4100 2177 4172; baseline 0.004 -17"><span class='ocrx_word' id='word_1_536' title='bbox 593 4115 763 4171; x_wconf 91' lang='lat' dir='ltr'><strong>usque</strong></span> <span class='ocrx_word' id='word_1_537' title='bbox 783 4101 838 4156; x_wconf 89' lang='lat' dir='ltr'><strong>in</strong></span> <span class='ocrx_word' id='word_1_538' title='bbox 866 4101 1139 4168; x_wconf 85' lang='lat' dir='ltr'><strong>Siciliam;</strong></span> <span class='ocrx_word' id='word_1_539' title='bbox 1182 4100 1400 4158; x_wconf 89' lang='lat' dir='ltr'><strong>Petrum</strong></span> <span class='ocrx_word' id='word_1_540' title='bbox 1430 4117 1559 4160; x_wconf 90' lang='lat' dir='ltr'><strong>vero</strong></span> <span class='ocrx_word' id='word_1_541' title='bbox 1589 4103 1905 4172; x_wconf 88' lang='lat' dir='ltr'><strong>magistrum</strong></span> <span class='ocrx_word' id='word_1_542' title='bbox 1936 4105 2177 4162; x_wconf 85' lang='lat' dir='ltr'><strong>dehone-</strong></span> 
     </span>
    </p>
   </div>
   <div class='ocr_carea' id='block_1_73' title="bbox 589 4191 2178 4267">
    <p class='ocr_par' dir='ltr' id='par_1_73' title="bbox 589 4191 2178 4267">
     <span class='ocr_line' id='line_1_73' title="bbox 589 4191 2178 4267; baseline 0.006 -22"><span class='ocrx_word' id='word_1_543' title='bbox 589 4191 920 4248; x_wconf 89' lang='lat' dir='ltr'><strong>statiouibus</strong></span> <span class='ocrx_word' id='word_1_544' title='bbox 946 4193 1269 4250; x_wconf 89' lang='lat' dir='ltr'><strong>submittens</strong></span> <span class='ocrx_word' id='word_1_545' title='bbox 1298 4195 1353 4249; x_wconf 89' lang='lat' dir='ltr'><strong>in</strong></span> <span class='ocrx_word' id='word_1_546' title='bbox 1381 4194 1547 4252; x_wconf 91' lang='lat' dir='ltr'><strong>domo</strong></span> <span class='ocrx_word' id='word_1_547' title='bbox 1597 4211 1694 4252; x_wconf 90' lang='lat' dir='ltr'><strong>sua</strong></span> <span class='ocrx_word' id='word_1_548' title='bbox 1725 4196 1918 4252; x_wconf 90' lang='lat' dir='ltr'><strong>sedere</strong></span> <span class='ocrx_word' id='word_1_549' title='bbox 1975 4212 2178 4267; x_wconf 75' lang='lat' dir='ltr'><strong>praece-</strong></span> 
     </span>
    </p>
   </div>
   <div class='ocr_carea' id='block_1_74' title="bbox 591 4284 2176 4358">
    <p class='ocr_par' dir='ltr' id='par_1_74' title="bbox 591 4284 2176 4358">
     <span class='ocr_line' id='line_1_74' title="bbox 591 4284 2176 4358; baseline 0.004 -20"><span class='ocrx_word' id='word_1_550' title='bbox 591 4284 693 4355; x_wconf 89' lang='lat' dir='ltr'><strong>pit,</strong></span> <span class='ocrx_word' id='word_1_551' title='bbox 722 4284 1079 4355; x_wconf 89' lang='lat' dir='ltr'><strong>similiterque</strong></span> <span class='ocrx_word' id='word_1_552' title='bbox 1105 4286 1450 4343; x_wconf 87' lang='lat' dir='ltr'><strong>Theodorum</strong></span> <span class='ocrx_word' id='word_1_553' title='bbox 1496 4288 1801 4358; x_wconf 89' lang='lat' dir='ltr'><strong>patricium.</strong></span> <span class='ocrx_word' id='word_1_554' title='bbox 1853 4289 2022 4346; x_wconf 85' lang='lat' dir='ltr'><strong>Porro</strong></span> <span class='ocrx_word' id='word_1_555' title='bbox 2070 4288 2176 4345; x_wconf 88' lang='lat' dir='ltr'><strong>Da-</strong></span> 
     </span>
    </p>
   </div>
   <div class='ocr_carea' id='block_1_75' title="bbox 589 4377 2172 4448">
    <p class='ocr_par' dir='ltr' id='par_1_75' title="bbox 589 4377 2172 4448">
     <span class='ocr_line' id='line_1_75' title="bbox 589 4377 2172 4448; baseline 0.004 -17"><span class='ocrx_word' id='word_1_556' title='bbox 589 4378 828 4433; x_wconf 89' lang='lat' dir='ltr'><strong>mianum</strong></span> <span class='ocrx_word' id='word_1_557' title='bbox 859 4377 1146 4448; x_wconf 86' lang='lat' dir='ltr'><strong>patricium</strong></span> <span class='ocrx_word' id='word_1_558' title='bbox 1195 4394 1413 4448; x_wconf 73' lang='lat' dir='ltr'><strong>cmsum,</strong></span> <span class='ocrx_word' id='word_1_559' title='bbox 1461 4395 1526 4436; x_wconf 89' lang='lat' dir='ltr'><strong>ac</strong></span> <span class='ocrx_word' id='word_1_560' title='bbox 1572 4388 1787 4437; x_wconf 91' lang='lat' dir='ltr'><strong>tonsum</strong></span> <span class='ocrx_word' id='word_1_561' title='bbox 1844 4381 1899 4437; x_wconf 91' lang='lat' dir='ltr'><strong>in</strong></span> <span class='ocrx_word' id='word_1_562' title='bbox 1938 4390 2172 4438; x_wconf 90' lang='lat' dir='ltr'><strong>castrum</strong></span> 
     </span>
    </p>
   </div>
   <div class='ocr_carea' id='block_1_76' title="bbox 591 4468 2167 4543">
    <p class='ocr_par' dir='ltr' id='par_1_76' title="bbox 591 4468 2167 4543">
     <span class='ocr_line' id='line_1_76' title="bbox 591 4468 2167 4543; baseline 0.005 -20"><span class='ocrx_word' id='word_1_563' title='bbox 591 4468 1006 4537; x_wconf 83' lang='lat' dir='ltr'><strong>Apolloniadem</strong></span> <span class='ocrx_word' id='word_1_564' title='bbox 1036 4470 1279 4526; x_wconf 80' lang='lat' dir='ltr'><strong>exsulem</strong></span> <span class='ocrx_word' id='word_1_565' title='bbox 1320 4471 1439 4527; x_wconf 84' lang='lat' dir='ltr'><strong>fore</strong></span> <span class='ocrx_word' id='word_1_566' title='bbox 1464 4472 1757 4529; x_wconf 84' lang='lat' dir='ltr'><strong>destinavit</strong></span> <span class='ocrx_word' id='word_1_567' title='bbox 1778 4517 1792 4541; x_wconf 95' lang='lat'><strong>,</strong></span> <span class='ocrx_word' id='word_1_568' title='bbox 1834 4476 2167 4543; x_wconf 77' lang='lat' dir='ltr'><strong>percutiens~</strong></span> 
     </span>
    </p>
   </div>
   <div class='ocr_carea' id='block_1_77' title="bbox 586 4559 2171 4636">
    <p class='ocr_par' dir='ltr' id='par_1_77' title="bbox 586 4559 2171 4636">
     <span class='ocr_line' id='line_1_77' title="bbox 586 4559 2171 4636; baseline 0.006 -23"><span class='ocrx_word' id='word_1_569' title='bbox 586 4572 696 4628; x_wconf 87' lang='lat' dir='ltr'><strong>que</strong></span> <span class='ocrx_word' id='word_1_570' title='bbox 726 4559 915 4624; x_wconf 89' lang='lat' dir='ltr'><strong>filium,</strong></span> <span class='ocrx_word' id='word_1_571' title='bbox 949 4561 1199 4618; x_wconf 89' lang='lat' dir='ltr'><strong>convitiis</strong></span> <span class='ocrx_word' id='word_1_572' title='bbox 1227 4562 1410 4617; x_wconf 90' lang='lat' dir='ltr'><strong>multis</strong></span> <span class='ocrx_word' id='word_1_573' title='bbox 1454 4563 1724 4620; x_wconf 88' lang='lat' dir='ltr'><strong>lacessens</strong></span> <span class='ocrx_word' id='word_1_574' title='bbox 1753 4566 1862 4634; x_wconf 82' lang='lat' dir='ltr'><strong>egit</strong></span> <span class='ocrx_word' id='word_1_575' title='bbox 1893 4582 1960 4622; x_wconf 92' lang='lat' dir='ltr'><strong>ne</strong></span> <span class='ocrx_word' id='word_1_576' title='bbox 1984 4582 2171 4636; x_wconf 88' lang='lat' dir='ltr'><strong>proce-</strong></span> 
     </span>
    </p>
   </div>
   <div class='ocr_carea' id='block_1_78' title="bbox 590 4649 2173 4725">
    <p class='ocr_par' dir='ltr' id='par_1_78' title="bbox 590 4649 2173 4725">
     <span class='ocr_line' id='line_1_78' title="bbox 590 4649 2173 4725; baseline 0.005 -20"><span class='ocrx_word' id='word_1_577' title='bbox 590 4649 748 4705; x_wconf 89' lang='lat' dir='ltr'><strong>deret</strong></span> <span class='ocrx_word' id='word_1_578' title='bbox 776 4664 873 4720; x_wconf 90' lang='lat' dir='ltr'><strong>per</strong></span> <span class='ocrx_word' id='word_1_579' title='bbox 893 4650 1008 4707; x_wconf 89' lang='lat' dir='ltr'><strong>dies</strong></span> <span class='ocrx_word' id='word_1_580' title='bbox 1034 4667 1141 4706; x_wconf 94' lang='lat' dir='ltr'><strong>non</strong></span> <span class='ocrx_word' id='word_1_581' title='bbox 1172 4667 1395 4722; x_wconf 89' lang='lat' dir='ltr'><strong>paucos.</strong></span> <span class='ocrx_word' id='word_1_582' title='bbox 1448 4653 1623 4725; x_wconf 75' lang='lat' dir='ltr'><strong>Cmpit</strong></span> <span class='ocrx_word' id='word_1_583' title='bbox 1650 4666 1829 4711; x_wconf 89' lang='lat' dir='ltr'><strong>autem</strong></span> <span class='ocrx_word' id='word_1_584' title='bbox 1848 4657 2173 4725; x_wconf 88' lang='lat' dir='ltr'><strong>iuramentis</strong></span> 
     </span>
    </p>
   </div>
   <div class='ocr_carea' id='block_1_79' title="bbox 587 4740 2173 4816">
    <p class='ocr_par' dir='ltr' id='par_1_79' title="bbox 587 4740 2173 4816">
     <span class='ocr_line' id='line_1_79' title="bbox 587 4740 2173 4816; baseline 0.004 -19"><span class='ocrx_word' id='word_1_585' title='bbox 587 4740 908 4797; x_wconf 88' lang='lat' dir='ltr'><strong>submittere</strong></span> <span class='ocrx_word' id='word_1_586' title='bbox 929 4741 1178 4795; x_wconf 87' lang='lat' dir='ltr'><strong>militiam</strong></span> <span class='ocrx_word' id='word_1_587' title='bbox 1206 4742 1280 4796; x_wconf 89' lang='lat' dir='ltr'><strong>ita</strong></span> <span class='ocrx_word' id='word_1_588' title='bbox 1304 4743 1573 4800; x_wconf 84' lang='lat' dir='ltr'><strong>dicentem</strong></span> <span class='ocrx_word' id='word_1_589' title='bbox 1597 4763 1609 4799; x_wconf 90' lang='lat'><strong>:</strong></span> <span class='ocrx_word' id='word_1_590' title='bbox 1645 4745 1780 4813; x_wconf 85' lang='lat' dir='ltr'><strong>Quia</strong></span> <span class='ocrx_word' id='word_1_591' title='bbox 1806 4761 2089 4816; x_wconf 91' lang='lat' dir='ltr'><strong>quousque</strong></span> <span class='ocrx_word' id='word_1_592' title='bbox 2117 4757 2173 4803; x_wconf 91' lang='lat' dir='ltr'><strong>tu</strong></span> 
     </span>
    </p>
   </div>
   <div class='ocr_carea' id='block_1_80' title="bbox 583 4830 2171 4906">
    <p class='ocr_par' dir='ltr' id='par_1_80' title="bbox 583 4830 2171 4906">
     <span class='ocr_line' id='line_1_80' title="bbox 583 4830 2171 4906; baseline 0.003 -20"><span class='ocrx_word' id='word_1_593' title='bbox 583 4831 741 4898; x_wconf 84' lang='lat' dir='ltr'><strong>vivis,</strong></span> <span class='ocrx_word' id='word_1_594' title='bbox 772 4845 881 4885; x_wconf 91' lang='lat' dir='ltr'><strong>non</strong></span> <span class='ocrx_word' id='word_1_595' title='bbox 908 4830 1262 4899; x_wconf 88' lang='lat' dir='ltr'><strong>permittimus</strong></span> <span class='ocrx_word' id='word_1_596' title='bbox 1288 4830 1457 4886; x_wconf 83' lang='lat' dir='ltr'><strong>lilium</strong></span> <span class='ocrx_word' id='word_1_597' title='bbox 1499 4841 1645 4888; x_wconf 90' lang='lat' dir='ltr'><strong>tuum</strong></span> <span class='ocrx_word' id='word_1_598' title='bbox 1670 4834 1957 4904; x_wconf 89' lang='lat' dir='ltr'><strong>imperare,</strong></span> <span class='ocrx_word' id='word_1_599' title='bbox 2000 4843 2055 4889; x_wconf 89' lang='lat' dir='ltr'><strong>et</strong></span> <span class='ocrx_word' id='word_1_600' title='bbox 2076 4836 2171 4906; x_wconf 92' lang='lat' dir='ltr'><strong>ju-</strong></span> 
     </span>
    </p>
   </div>
   <div class='ocr_carea' id='block_1_81' title="bbox 583 4924 2175 4994">
    <p class='ocr_par' dir='ltr' id='par_1_81' title="bbox 583 4924 2175 4994">
     <span class='ocr_line' id='line_1_81' title="bbox 583 4924 2175 4994; baseline 0.003 -13"><span class='ocrx_word' id='word_1_601' title='bbox 583 4924 780 4981; x_wconf 81' lang='lat' dir='ltr'><strong>rabant</strong></span> <span class='ocrx_word' id='word_1_602' title='bbox 799 4939 988 4981; x_wconf 90' lang='lat' dir='ltr'><strong>omnes</strong></span> <span class='ocrx_word' id='word_1_603' title='bbox 1013 4926 1112 4994; x_wconf 89' lang='lat' dir='ltr'><strong>sic,</strong></span> <span class='ocrx_word' id='word_1_604' title='bbox 1135 4926 1353 4982; x_wconf 88' lang='lat' dir='ltr'><strong>nemine</strong></span> <span class='ocrx_word' id='word_1_605' title='bbox 1392 4928 1769 4983; x_wconf 85' lang='lat' dir='ltr'><strong>contradicere</strong></span> <span class='ocrx_word' id='word_1_606' title='bbox 1797 4929 2051 4985; x_wconf 84' lang='lat' dir='ltr'><strong>audente.</strong></span> <span class='ocrx_word' id='word_1_607' title='bbox 2092 4930 2175 4987; x_wconf 90' lang='lat' dir='ltr'><strong>ln-</strong></span> 
     </span>
    </p>
   </div>
   <div class='ocr_carea' id='block_1_82' title="bbox 584 5019 2173 5095">
    <p class='ocr_par' dir='ltr' id='par_1_82' title="bbox 584 5019 2173 5095">
     <span class='ocr_line' id='line_1_82' title="bbox 584 5019 2173 5095; baseline 0.002 -20"><span class='ocrx_word' id='word_1_608' title='bbox 584 5027 736 5075; x_wconf 84' lang='lat' dir='ltr'><strong>terea</strong></span> <span class='ocrx_word' id='word_1_609' title='bbox 759 5019 946 5077; x_wconf 88' lang='lat' dir='ltr'><strong>classis</strong></span> <span class='ocrx_word' id='word_1_610' title='bbox 975 5021 1213 5076; x_wconf 84' lang='lat' dir='ltr'><strong>Arabum</strong></span> <span class='ocrx_word' id='word_1_611' title='bbox 1243 5022 1298 5078; x_wconf 94' lang='lat' dir='ltr'><strong>in</strong></span> <span class='ocrx_word' id='word_1_612' title='bbox 1314 5021 1547 5095; x_wconf 86' lang='lat' dir='ltr'><strong>Cyprum</strong></span> <span class='ocrx_word' id='word_1_613' title='bbox 1578 5022 1763 5078; x_wconf 81' lang='lat' dir='ltr'><strong>exivit.</strong></span> <span class='ocrx_word' id='word_1_614' title='bbox 1796 5022 1949 5089; x_wconf 89' lang='lat' dir='ltr'><strong>Quod</strong></span> <span class='ocrx_word' id='word_1_615' title='bbox 1971 5036 2173 5092; x_wconf 83' lang='lat' dir='ltr'><strong>cogno-</strong></span> 
     </span>
    </p>
   </div>
   <div class='ocr_carea' id='block_1_83' title="bbox 584 5111 2170 5185">
    <p class='ocr_par' dir='ltr' id='par_1_83' title="bbox 584 5111 2170 5185">
     <span class='ocr_line' id='line_1_83' title="bbox 584 5111 2170 5185; baseline 0.003 -20"><span class='ocrx_word' id='word_1_616' title='bbox 584 5124 747 5167; x_wconf 90' lang='lat' dir='ltr'><strong>scens</strong></span> <span class='ocrx_word' id='word_1_617' title='bbox 768 5111 1081 5182; x_wconf 80' lang='lat' dir='ltr'><strong>imperatrix</strong></span> <span class='ocrx_word' id='word_1_618' title='bbox 1105 5114 1447 5169; x_wconf 88' lang='lat' dir='ltr'><strong>coacervavit</strong></span> <span class='ocrx_word' id='word_1_619' title='bbox 1475 5112 1641 5167; x_wconf 90' lang='lat' dir='ltr'><strong>etiam</strong></span> <span class='ocrx_word' id='word_1_620' title='bbox 1692 5113 1809 5185; x_wconf 89' lang='lat' dir='ltr'><strong>ipsa</strong></span> <span class='ocrx_word' id='word_1_621' title='bbox 1846 5111 2028 5168; x_wconf 88' lang='lat' dir='ltr'><strong>omnia</strong></span> <span class='ocrx_word' id='word_1_622' title='bbox 2061 5113 2170 5169; x_wconf 82' lang='lat' dir='ltr'><strong>Ro-</strong></span> 
     </span>
    </p>
   </div>
   <div class='ocr_carea' id='block_1_84' title="bbox 585 5203 2172 5273">
    <p class='ocr_par' dir='ltr' id='par_1_84' title="bbox 585 5203 2172 5273">
     <span class='ocr_line' id='line_1_84' title="bbox 585 5203 2172 5273; baseline 0.002 -17"><span class='ocrx_word' id='word_1_623' title='bbox 585 5215 747 5256; x_wconf 87' lang='lat' dir='ltr'><strong>mana</strong></span> <span class='ocrx_word' id='word_1_624' title='bbox 774 5204 1012 5273; x_wconf 86' lang='lat' dir='ltr'><strong>navigia,</strong></span> <span class='ocrx_word' id='word_1_625' title='bbox 1039 5211 1094 5258; x_wconf 91' lang='lat' dir='ltr'><strong>et</strong></span> <span class='ocrx_word' id='word_1_626' title='bbox 1139 5204 1285 5258; x_wconf 87' lang='lat' dir='ltr'><strong>misit</strong></span> <span class='ocrx_word' id='word_1_627' title='bbox 1332 5204 1590 5259; x_wconf 88' lang='lat' dir='ltr'><strong>adversus</strong></span> <span class='ocrx_word' id='word_1_628' title='bbox 1630 5218 1744 5259; x_wconf 89' lang='lat' dir='ltr'><strong>eos.</strong></span> <span class='ocrx_word' id='word_1_629' title='bbox 1802 5203 1936 5259; x_wconf 84' lang='lat' dir='ltr'><strong>Cum</strong></span> <span class='ocrx_word' id='word_1_630' title='bbox 1987 5213 2172 5260; x_wconf 90' lang='lat' dir='ltr'><strong>autem</strong></span> 
     </span>
    </p>
   </div>
   <div class='ocr_carea' id='block_1_85' title="bbox 585 5294 2172 5369">
    <p class='ocr_par' dir='ltr' id='par_1_85' title="bbox 585 5294 2172 5369">
     <span class='ocr_line' id='line_1_85' title="bbox 585 5294 2172 5369; baseline 0.003 -19"><span class='ocrx_word' id='word_1_631' title='bbox 585 5309 757 5366; x_wconf 90' lang='lat' dir='ltr'><strong>usque</strong></span> <span class='ocrx_word' id='word_1_632' title='bbox 778 5294 927 5367; x_wconf 84' lang='lat' dir='ltr'><strong>Myra</strong></span> <span class='ocrx_word' id='word_1_633' title='bbox 962 5304 1186 5366; x_wconf 83' lang='lat' dir='ltr'><strong>uterque</strong></span> <span class='ocrx_word' id='word_1_634' title='bbox 1214 5305 1411 5368; x_wconf 65' lang='lat' dir='ltr'><strong>praetor</strong></span> <span class='ocrx_word' id='word_1_635' title='bbox 1452 5298 1711 5361; x_wconf 89' lang='lat' dir='ltr'><strong>venisset,</strong></span> <span class='ocrx_word' id='word_1_636' title='bbox 1744 5296 1960 5352; x_wconf 89' lang='lat' dir='ltr'><strong>divertit</strong></span> <span class='ocrx_word' id='word_1_637' title='bbox 1986 5312 2019 5353; x_wconf 71' lang='grc' dir='ltr'><em>α</em></span> <span class='ocrx_word' id='word_1_638' title='bbox 2046 5313 2172 5369; x_wconf 87' lang='lat' dir='ltr'><strong>pro-</strong></span> 
     </span>
    </p>
   </div>
   <div class='ocr_carea' id='block_1_86' title="bbox 584 5384 2172 5456">
    <p class='ocr_par' dir='ltr' id='par_1_86' title="bbox 584 5384 2172 5456">
     <span class='ocr_line' id='line_1_86' title="bbox 584 5384 2172 5456; baseline 0.003 -17"><span class='ocrx_word' id='word_1_639' title='bbox 584 5384 858 5441; x_wconf 87' lang='lat' dir='ltr'><strong>montorio</strong></span> <span class='ocrx_word' id='word_1_640' title='bbox 888 5385 1349 5452; x_wconf 85' lang='lat' dir='ltr'><strong>Chelidoniorum,</strong></span> <span class='ocrx_word' id='word_1_641' title='bbox 1381 5394 1435 5442; x_wconf 90' lang='lat' dir='ltr'><strong>et</strong></span> <span class='ocrx_word' id='word_1_642' title='bbox 1471 5387 1743 5456; x_wconf 84' lang='lat' dir='ltr'><strong>ingressus</strong></span> <span class='ocrx_word' id='word_1_643' title='bbox 1769 5396 1852 5444; x_wconf 90' lang='lat' dir='ltr'><strong>est</strong></span> <span class='ocrx_word' id='word_1_644' title='bbox 1878 5404 1930 5444; x_wconf 87' lang='lat' dir='ltr'><strong>tn</strong></span> <span class='ocrx_word' id='word_1_645' title='bbox 1956 5387 2172 5444; x_wconf 65' lang='lat' dir='ltr'><strong>Attaliae</strong></span> 
     </span>
    </p>
   </div>
   <div class='ocr_carea' id='block_1_87' title="bbox 583 5473 2171 5552">
    <p class='ocr_par' dir='ltr' id='par_1_87' title="bbox 583 5473 2171 5552">
     <span class='ocr_line' id='line_1_87' title="bbox 583 5473 2171 5552; baseline 0.004 -21"><span class='ocrx_word' id='word_1_646' title='bbox 583 5473 782 5531; x_wconf 80' lang='lat' dir='ltr'><strong>sinum.</strong></span> <span class='ocrx_word' id='word_1_647' title='bbox 806 5475 876 5530; x_wconf 79' lang='lat' dir='ltr'><strong>At</strong></span> <span class='ocrx_word' id='word_1_648' title='bbox 903 5491 1030 5532; x_wconf 90' lang='lat' dir='ltr'><strong>vero</strong></span> <span class='ocrx_word' id='word_1_649' title='bbox 1058 5478 1187 5533; x_wconf 91' lang='lat' dir='ltr'><strong>moti</strong></span> <span class='ocrx_word' id='word_1_650' title='bbox 1211 5477 1417 5533; x_wconf 86' lang='lat' dir='ltr'><strong>Arabes</strong></span> <span class='ocrx_word' id='word_1_651' title='bbox 1442 5478 1509 5535; x_wconf 91' lang='lat' dir='ltr'><strong>de</strong></span> <span class='ocrx_word' id='word_1_652' title='bbox 1522 5477 1723 5552; x_wconf 83' lang='lat' dir='ltr'><strong>Cypro,</strong></span> <span class='ocrx_word' id='word_1_653' title='bbox 1751 5495 1875 5538; x_wconf 89' lang='lat' dir='ltr'><strong>cum</strong></span> <span class='ocrx_word' id='word_1_654' title='bbox 1906 5481 2171 5538; x_wconf 85' lang='lat' dir='ltr'><strong>serenitas</strong></span> 
     </span>
    </p>
   </div>
   <div class='ocr_carea' id='block_1_88' title="bbox 585 5567 2171 5645">
    <p class='ocr_par' dir='ltr' id='par_1_88' title="bbox 585 5567 2171 5645">
     <span class='ocr_line' id='line_1_88' title="bbox 585 5567 2171 5645; baseline 0.007 -27"><span class='ocrx_word' id='word_1_655' title='bbox 585 5578 683 5620; x_wconf 91' lang='lat' dir='ltr'><strong>eos</strong></span> <span class='ocrx_word' id='word_1_656' title='bbox 710 5567 964 5634; x_wconf 88' lang='lat' dir='ltr'><strong>cepisset,</strong></span> <span class='ocrx_word' id='word_1_657' title='bbox 994 5567 1513 5627; x_wconf 87' lang='lat' dir='ltr'><strong>circumferebantur</strong></span> <span class='ocrx_word' id='word_1_658' title='bbox 1539 5571 1595 5629; x_wconf 89' lang='lat' dir='ltr'><strong>in</strong></span> <span class='ocrx_word' id='word_1_659' title='bbox 1644 5571 1876 5645; x_wconf 86' lang='lat' dir='ltr'><strong>pelago,</strong></span> <span class='ocrx_word' id='word_1_660' title='bbox 1935 5587 2171 5644; x_wconf 87' lang='lat' dir='ltr'><strong>cumque</strong></span> 
     </span>
    </p>
   </div>
   <div class='ocr_carea' id='block_1_89' title="bbox 655 5720 1135 5787">
    <p class='ocr_par' dir='ltr' id='par_1_89' title="bbox 655 5720 1135 5787">
     <span class='ocr_line' id='line_1_89' title="bbox 655 5720 1135 5787; baseline 0.013 -12"><span class='ocrx_word' id='word_1_661' title='bbox 655 5720 682 5787; x_wconf 66' lang='grc' dir='ltr'><strong>ξ’</strong></span> <span class='ocrx_word' id='word_1_662' title='bbox 711 5720 821 5787; x_wconf 82' lang='lat' dir='ltr'><strong>AL,</strong></span> <span class='ocrx_word' id='word_1_663' title='bbox 846 5721 1135 5787; x_wconf 78' lang='lat' dir='ltr'><strong>Theodoro.</strong></span> 
     </span>
    </p>
   </div>
   <div class='ocr_carea' id='block_1_90' title="bbox 651 5780 1082 5864">
    <p class='ocr_par' dir='ltr' id='par_1_90' title="bbox 651 5780 1082 5864">
     <span class='ocr_line' id='line_1_90' title="bbox 651 5780 1082 5864; baseline 0 -13"><span class='ocrx_word' id='word_1_664' title='bbox 651 5780 682 5826; x_wconf 74' lang='grc'><strong><em>⁸⁵</em></strong></span> <span class='ocrx_word' id='word_1_665' title='bbox 701 5780 818 5862; x_wconf 70' lang='lat' dir='ltr'><strong>AL,</strong></span> <span class='ocrx_word' id='word_1_666' title='bbox 837 5786 1082 5864; x_wconf 66' lang='lat' dir='ltr'><strong>Tynetem.</strong></span> 
     </span>
    </p>
   </div>
   <div class='ocr_carea' id='block_1_91' title="bbox 2292 3262 3776 3342">
    <p class='ocr_par' dir='ltr' id='par_1_91' title="bbox 2292 3262 3776 3342">
     <span class='ocr_line' id='line_1_91' title="bbox 2292 3262 3776 3342; baseline -0.007 -16"><span class='ocrx_word' id='word_1_667' title='bbox 2292 3270 2499 3338; x_wconf 80' lang='lat' dir='ltr'><strong>dentes,</strong></span> <span class='ocrx_word' id='word_1_668' title='bbox 2533 3270 2946 3327; x_wconf 89' lang='lat' dir='ltr'><strong>Constantinum</strong></span> <span class='ocrx_word' id='word_1_669' title='bbox 2995 3272 3391 3342; x_wconf 87' lang='lat' dir='ltr'><strong>imperatorem</strong></span> <span class='ocrx_word' id='word_1_670' title='bbox 3418 3273 3556 3327; x_wconf 76' lang='lat' dir='ltr'><strong>bonae</strong></span> <span class='ocrx_word' id='word_1_671' title='bbox 3575 3267 3689 3322; x_wconf 67' lang='lat' dir='ltr'><strong>fama</strong></span> <span class='ocrx_word' id='word_1_672' title='bbox 3707 3262 3776 3317; x_wconf 72' lang='lat' dir='ltr'><strong>lat-</strong></span> 
     </span>
    </p>
   </div>
   <div class='ocr_carea' id='block_1_92' title="bbox 2290 3356 3775 3435">
    <p class='ocr_par' dir='ltr' id='par_1_92' title="bbox 2290 3356 3775 3435">
     <span class='ocr_line' id='line_1_92' title="bbox 2290 3356 3775 3435; baseline -0.004 -19"><span class='ocrx_word' id='word_1_673' title='bbox 2290 3360 2445 3417; x_wconf 90' lang='lat' dir='ltr'><strong>dibus</strong></span> <span class='ocrx_word' id='word_1_674' title='bbox 2472 3361 2793 3428; x_wconf 71' lang='lat' dir='ltr'><strong>efferebant,</strong></span> <span class='ocrx_word' id='word_1_675' title='bbox 2818 3379 2924 3419; x_wconf 93' lang='lat' dir='ltr'><strong>non</strong></span> <span class='ocrx_word' id='word_1_676' title='bbox 2953 3364 3370 3435; x_wconf 85' lang='lat' dir='ltr'><strong>perpendentes</strong></span> <span class='ocrx_word' id='word_1_677' title='bbox 3398 3362 3562 3418; x_wconf 90' lang='lat' dir='ltr'><strong>miseri</strong></span> <span class='ocrx_word' id='word_1_678' title='bbox 3587 3356 3691 3426; x_wconf 82' lang='lat' dir='ltr'><strong>quod</strong></span> <span class='ocrx_word' id='word_1_679' title='bbox 3708 3366 3775 3407; x_wconf 85' lang='lat' dir='ltr'><strong>non</strong></span> 
     </span>
    </p>
   </div>
   <div class='ocr_carea' id='block_1_93' title="bbox 2288 3444 3776 3526">
    <p class='ocr_par' dir='ltr' id='par_1_93' title="bbox 2288 3444 3776 3526">
     <span class='ocr_line' id='line_1_93' title="bbox 2288 3444 3776 3526; baseline -0.003 -19"><span class='ocrx_word' id='word_1_680' title='bbox 2288 3462 2537 3523; x_wconf 87' lang='lat' dir='ltr'><strong>oporteat</strong></span> <span class='ocrx_word' id='word_1_681' title='bbox 2589 3455 2932 3526; x_wconf 88' lang='lat' dir='ltr'><strong>reciprocum</strong></span> <span class='ocrx_word' id='word_1_682' title='bbox 2985 3452 3099 3511; x_wconf 88' lang='lat' dir='ltr'><strong>fieri</strong></span> <span class='ocrx_word' id='word_1_683' title='bbox 3150 3455 3535 3526; x_wconf 88' lang='lat' dir='ltr'><strong>juramentum.</strong></span> <span class='ocrx_word' id='word_1_684' title='bbox 3572 3444 3776 3505; x_wconf 61' lang='lat' dir='ltr'><strong>Necessitas</strong></span> 
     </span>
    </p>
   </div>
   <div class='ocr_carea' id='block_1_94' title="bbox 2286 3541 3777 3621">
    <p class='ocr_par' dir='ltr' id='par_1_94' title="bbox 2286 3541 3777 3621">
     <span class='ocr_line' id='line_1_94' title="bbox 2286 3541 3777 3621; baseline -0.001 -20"><span class='ocrx_word' id='word_1_685' title='bbox 2286 3547 2431 3601; x_wconf 91' lang='lat' dir='ltr'><strong>enim</strong></span> <span class='ocrx_word' id='word_1_686' title='bbox 2487 3548 2747 3603; x_wconf 88' lang='lat' dir='ltr'><strong>incumbit</strong></span> <span class='ocrx_word' id='word_1_687' title='bbox 2790 3558 2849 3603; x_wconf 91' lang='lat' dir='ltr'><strong>ut</strong></span> <span class='ocrx_word' id='word_1_688' title='bbox 2897 3564 3114 3605; x_wconf 92' lang='lat' dir='ltr'><strong>omnem</strong></span> <span class='ocrx_word' id='word_1_689' title='bbox 3170 3551 3502 3621; x_wconf 86' lang='lat' dir='ltr'><strong>reciprocam</strong></span> <span class='ocrx_word' id='word_1_690' title='bbox 3553 3541 3777 3616; x_wconf 73' lang='lat' dir='ltr'><strong>iurationem</strong></span> 
     </span>
    </p>
   </div>
   <div class='ocr_carea' id='block_1_95' title="bbox 2286 3626 3770 3712">
    <p class='ocr_par' dir='ltr' id='par_1_95' title="bbox 2286 3626 3770 3712">
     <span class='ocr_line' id='line_1_95' title="bbox 2286 3626 3770 3712; baseline -0.004 -18"><span class='ocrx_word' id='word_1_691' title='bbox 2286 3639 2578 3708; x_wconf 89' lang='lat' dir='ltr'><strong>periurium</strong></span> <span class='ocrx_word' id='word_1_692' title='bbox 2608 3640 2968 3709; x_wconf 87' lang='lat' dir='ltr'><strong>subsequatur</strong></span> <span class='ocrx_word' id='word_1_693' title='bbox 2996 3683 3012 3709; x_wconf 95' lang='lat'><strong>,</strong></span> <span class='ocrx_word' id='word_1_694' title='bbox 3041 3641 3353 3712; x_wconf 88' lang='lat' dir='ltr'><strong>periurium</strong></span> <span class='ocrx_word' id='word_1_695' title='bbox 3384 3650 3549 3695; x_wconf 87' lang='lat' dir='ltr'><strong>autem</strong></span> <span class='ocrx_word' id='word_1_696' title='bbox 3574 3626 3770 3699; x_wconf 67' lang='lat' dir='ltr'><strong>abnegalio</strong></span> 
     </span>
    </p>
   </div>
   <div class='ocr_carea' id='block_1_96' title="bbox 2285 3723 3777 3796">
    <p class='ocr_par' dir='ltr' id='par_1_96' title="bbox 2285 3723 3777 3796">
     <span class='ocr_line' id='line_1_96' title="bbox 2285 3723 3777 3796; baseline -0.005 -10"><span class='ocrx_word' id='word_1_697' title='bbox 2285 3729 2380 3787; x_wconf 91' lang='lat' dir='ltr'><strong>Dei</strong></span> <span class='ocrx_word' id='word_1_698' title='bbox 2423 3740 2524 3787; x_wconf 90' lang='lat' dir='ltr'><strong>est.</strong></span> <span class='ocrx_word' id='word_1_699' title='bbox 2576 3733 2799 3789; x_wconf 89' lang='lat' dir='ltr'><strong>Collecti</strong></span> <span class='ocrx_word' id='word_1_700' title='bbox 2867 3742 3048 3791; x_wconf 87' lang='lat' dir='ltr'><strong>autem</strong></span> <span class='ocrx_word' id='word_1_701' title='bbox 3110 3750 3310 3791; x_wconf 89' lang='lat' dir='ltr'><strong>mense</strong></span> <span class='ocrx_word' id='word_1_702' title='bbox 3372 3731 3606 3796; x_wconf 90' lang='lat' dir='ltr'><strong>Octobri,</strong></span> <span class='ocrx_word' id='word_1_703' title='bbox 3645 3723 3777 3782; x_wconf 81' lang='lat' dir='ltr'><strong>decim</strong></span> 
     </span>
    </p>
   </div>
   <div class='ocr_carea' id='block_1_97' title="bbox 2283 3808 3775 3896">
    <p class='ocr_par' dir='ltr' id='par_1_97' title="bbox 2283 3808 3775 3896">
     <span class='ocr_line' id='line_1_97' title="bbox 2283 3808 3775 3896; baseline -0.005 -17"><span class='ocrx_word' id='word_1_704' title='bbox 2283 3832 2477 3894; x_wconf 88' lang='lat' dir='ltr'><strong>quarta</strong></span> <span class='ocrx_word' id='word_1_705' title='bbox 2507 3825 2799 3881; x_wconf 91' lang='lat' dir='ltr'><strong>indictione</strong></span> <span class='ocrx_word' id='word_1_706' title='bbox 2822 3866 2837 3891; x_wconf 92' lang='lat'><strong>,</strong></span> <span class='ocrx_word' id='word_1_707' title='bbox 2887 3827 2941 3881; x_wconf 93' lang='lat' dir='ltr'><strong>hi</strong></span> <span class='ocrx_word' id='word_1_708' title='bbox 2984 3827 3074 3896; x_wconf 92' lang='lat' dir='ltr'><strong>qui</strong></span> <span class='ocrx_word' id='word_1_709' title='bbox 3105 3842 3181 3883; x_wconf 80' lang='lat' dir='ltr'><strong>ex</strong></span> <span class='ocrx_word' id='word_1_710' title='bbox 3215 3826 3534 3884; x_wconf 88' lang='lat' dir='ltr'><strong>thematibus</strong></span> <span class='ocrx_word' id='word_1_711' title='bbox 3552 3825 3671 3877; x_wconf 75' lang='lat' dir='ltr'><strong>erant</strong></span> <span class='ocrx_word' id='word_1_712' title='bbox 3688 3808 3775 3883; x_wconf 76' lang='lat' dir='ltr'><strong>apud</strong></span> 
     </span>
    </p>
   </div>
   <div class='ocr_carea' id='block_1_98' title="bbox 2282 3905 3772 3987">
    <p class='ocr_par' dir='ltr' id='par_1_98' title="bbox 2282 3905 3772 3987">
     <span class='ocr_line' id='line_1_98' title="bbox 2282 3905 3772 3987; baseline -0.005 -16"><span class='ocrx_word' id='word_1_713' title='bbox 2282 3918 2598 3983; x_wconf 77' lang='lat' dir='ltr'><strong>bAcroam,</strong></span> <span class='ocrx_word' id='word_1_714' title='bbox 2649 3917 3022 3987; x_wconf 80' lang='lat' dir='ltr'><strong>exquisierunt</strong></span> <span class='ocrx_word' id='word_1_715' title='bbox 3071 3935 3277 3976; x_wconf 91' lang='lat' dir='ltr'><strong>omnes</strong></span> <span class='ocrx_word' id='word_1_716' title='bbox 3324 3915 3578 3976; x_wconf 85' lang='lat' dir='ltr'><strong>communi</strong></span> <span class='ocrx_word' id='word_1_717' title='bbox 3625 3905 3772 3966; x_wconf 83' lang='lat' dir='ltr'><strong>consilio</strong></span> 
     </span>
    </p>
   </div>
   <div class='ocr_carea' id='block_1_99' title="bbox 2279 4005 3773 4081">
    <p class='ocr_par' dir='ltr' id='par_1_99' title="bbox 2279 4005 3773 4081">
     <span class='ocr_line' id='line_1_99' title="bbox 2279 4005 3773 4081; baseline -0.001 -18"><span class='ocrx_word' id='word_1_718' title='bbox 2279 4005 2695 4065; x_wconf 83' lang='lat' dir='ltr'><strong>Constantinum</strong></span> <span class='ocrx_word' id='word_1_719' title='bbox 2738 4010 3127 4081; x_wconf 89' lang='lat' dir='ltr'><strong>imperatorem</strong></span> <span class='ocrx_word' id='word_1_720' title='bbox 3193 4021 3217 4050; x_wconf 74' lang='grc' dir='ltr'><strong>ο</strong></span> <span class='ocrx_word' id='word_1_721' title='bbox 3266 4012 3572 4080; x_wconf 80' lang='lat' dir='ltr'><strong>vigesimum</strong></span> <span class='ocrx_word' id='word_1_722' title='bbox 3611 4008 3773 4072; x_wconf 57' lang='lat' dir='ltr'><strong>agema&quot;</strong></span> 
     </span>
    </p>
   </div>
   <div class='ocr_carea' id='block_1_100' title="bbox 2279 4085 3779 4174">
    <p class='ocr_par' dir='ltr' id='par_1_100' title="bbox 2279 4085 3779 4174">
     <span class='ocr_line' id='line_1_100' title="bbox 2279 4085 3779 4174; baseline 0.001 -18"><span class='ocrx_word' id='word_1_723' title='bbox 2279 4114 2513 4167; x_wconf 77' lang='lat' dir='ltr'><strong>annum;</strong></span> <span class='ocrx_word' id='word_1_724' title='bbox 2543 4102 2733 4156; x_wconf 91' lang='lat' dir='ltr'><strong>timens</strong></span> <span class='ocrx_word' id='word_1_725' title='bbox 2760 4109 2940 4157; x_wconf 91' lang='lat' dir='ltr'><strong>autem</strong></span> <span class='ocrx_word' id='word_1_726' title='bbox 2969 4100 3176 4159; x_wconf 85' lang='lat' dir='ltr'><strong>Eirene</strong></span> <span class='ocrx_word' id='word_1_727' title='bbox 3208 4103 3471 4174; x_wconf 87' lang='lat' dir='ltr'><strong>impetum</strong></span> <span class='ocrx_word' id='word_1_728' title='bbox 3518 4092 3691 4170; x_wconf 66' lang='lat' dir='ltr'><strong>populi.</strong></span> <span class='ocrx_word' id='word_1_729' title='bbox 3720 4085 3779 4139; x_wconf 60' lang='grc' dir='ltr'><strong>θῖν’</strong></span> 
     </span>
    </p>
   </div>
   <div class='ocr_carea' id='block_1_101' title="bbox 2277 4184 3776 4267">
    <p class='ocr_par' dir='ltr' id='par_1_101' title="bbox 2277 4184 3776 4267">
     <span class='ocr_line' id='line_1_101' title="bbox 2277 4184 3776 4267; baseline -0.003 -22"><span class='ocrx_word' id='word_1_730' title='bbox 2277 4190 2440 4246; x_wconf 86' lang='lat' dir='ltr'><strong>solvit</strong></span> <span class='ocrx_word' id='word_1_731' title='bbox 2462 4206 2605 4247; x_wconf 92' lang='lat' dir='ltr'><strong>eum.</strong></span> <span class='ocrx_word' id='word_1_732' title='bbox 2630 4192 2698 4247; x_wconf 87' lang='lat' dir='ltr'><strong>At</strong></span> <span class='ocrx_word' id='word_1_733' title='bbox 2727 4191 2807 4247; x_wconf 93' lang='lat' dir='ltr'><strong>illi</strong></span> <span class='ocrx_word' id='word_1_734' title='bbox 2836 4193 3051 4263; x_wconf 91' lang='lat' dir='ltr'><strong>quidem</strong></span> <span class='ocrx_word' id='word_1_735' title='bbox 3084 4194 3484 4267; x_wconf 88' lang='lat' dir='ltr'><strong>imperatorem</strong></span> <span class='ocrx_word' id='word_1_736' title='bbox 3507 4184 3776 4243; x_wconf 55' lang='lat' dir='ltr'><strong>firmaverim</strong></span> 
     </span>
    </p>
   </div>
   <div class='ocr_carea' id='block_1_102' title="bbox 2277 4272 3783 4360">
    <p class='ocr_par' dir='ltr' id='par_1_102' title="bbox 2277 4272 3783 4360">
     <span class='ocr_line' id='line_1_102' title="bbox 2277 4272 3783 4360; baseline -0.007 -21"><span class='ocrx_word' id='word_1_737' title='bbox 2277 4284 2437 4355; x_wconf 91' lang='lat' dir='ltr'><strong>huius</strong></span> <span class='ocrx_word' id='word_1_738' title='bbox 2474 4295 2654 4343; x_wconf 92' lang='lat' dir='ltr'><strong>autem</strong></span> <span class='ocrx_word' id='word_1_739' title='bbox 2686 4295 2916 4344; x_wconf 87' lang='lat' dir='ltr'><strong>matrem</strong></span> <span class='ocrx_word' id='word_1_740' title='bbox 2965 4299 3327 4360; x_wconf 90' lang='lat' dir='ltr'><strong>respuerunt.</strong></span> <span class='ocrx_word' id='word_1_741' title='bbox 3381 4291 3615 4345; x_wconf 74' lang='lat' dir='ltr'><strong>Praeterea</strong></span> <span class='ocrx_word' id='word_1_742' title='bbox 3654 4272 3783 4333; x_wconf 77' lang='lat' dir='ltr'><strong>direxit</strong></span> 
     </span>
    </p>
   </div>
   <div class='ocr_carea' id='block_1_103' title="bbox 2276 4372 3779 4449">
    <p class='ocr_par' dir='ltr' id='par_1_103' title="bbox 2276 4372 3779 4449">
     <span class='ocr_line' id='line_1_103' title="bbox 2276 4372 3779 4449; baseline -0.006 -16"><span class='ocrx_word' id='word_1_743' title='bbox 2276 4377 2570 4449; x_wconf 88' lang='lat' dir='ltr'><strong>imperator</strong></span> <span class='ocrx_word' id='word_1_744' title='bbox 2599 4378 2914 4435; x_wconf 86' lang='lat' dir='ltr'><strong>Michaelem</strong></span> <span class='ocrx_word' id='word_1_745' title='bbox 2939 4380 3518 4444; x_wconf 86' lang='lat' dir='ltr'><strong>Lachanodraconem,</strong></span> <span class='ocrx_word' id='word_1_746' title='bbox 3535 4384 3581 4432; x_wconf 91' lang='lat' dir='ltr'><strong>et</strong></span> <span class='ocrx_word' id='word_1_747' title='bbox 3598 4372 3779 4427; x_wconf 72' lang='lat' dir='ltr'><strong>Joannem</strong></span> 
     </span>
    </p>
   </div>
   <div class='ocr_carea' id='block_1_104' title="bbox 2276 4455 3785 4546">
    <p class='ocr_par' dir='ltr' id='par_1_104' title="bbox 2276 4455 3785 4546">
     <span class='ocr_line' id='line_1_104' title="bbox 2276 4455 3785 4546; baseline -0.002 -21"><span class='ocrx_word' id='word_1_748' title='bbox 2276 4470 2514 4540; x_wconf 91' lang='lat' dir='ltr'><strong>baiulum</strong></span> <span class='ocrx_word' id='word_1_749' title='bbox 2540 4487 2694 4527; x_wconf 90' lang='lat' dir='ltr'><strong>suum</strong></span> <span class='ocrx_word' id='word_1_750' title='bbox 2719 4514 2734 4538; x_wconf 90' lang='lat'><strong>,</strong></span> <span class='ocrx_word' id='word_1_751' title='bbox 2788 4488 2854 4528; x_wconf 89' lang='lat' dir='ltr'><strong>ac</strong></span> <span class='ocrx_word' id='word_1_752' title='bbox 2899 4477 3381 4546; x_wconf 85' lang='lat' dir='ltr'><strong>protospatarium</strong></span> <span class='ocrx_word' id='word_1_753' title='bbox 3410 4516 3425 4542; x_wconf 94' lang='lat'><strong>,</strong></span> <span class='ocrx_word' id='word_1_754' title='bbox 3475 4482 3526 4529; x_wconf 91' lang='lat' dir='ltr'><strong>et</strong></span> <span class='ocrx_word' id='word_1_755' title='bbox 3561 4455 3785 4539; x_wconf 39' lang='lat' dir='ltr'><strong>iuratiita“.B</strong></span> 
     </span>
    </p>
   </div>
   <div class='ocr_carea' id='block_1_105' title="bbox 2275 4555 3780 4637">
    <p class='ocr_par' dir='ltr' id='par_1_105' title="bbox 2275 4555 3780 4637">
     <span class='ocr_line' id='line_1_105' title="bbox 2275 4555 3780 4637; baseline -0.001 -19"><span class='ocrx_word' id='word_1_756' title='bbox 2275 4561 2642 4618; x_wconf 89' lang='lat' dir='ltr'><strong>submiserunt</strong></span> <span class='ocrx_word' id='word_1_757' title='bbox 2688 4562 3037 4619; x_wconf 87' lang='lat' dir='ltr'><strong>Armeniacos</strong></span> <span class='ocrx_word' id='word_1_758' title='bbox 3095 4581 3173 4623; x_wconf 88' lang='lat' dir='ltr'><strong>ne</strong></span> <span class='ocrx_word' id='word_1_759' title='bbox 3245 4567 3574 4637; x_wconf 86' lang='lat' dir='ltr'><strong>susciperent</strong></span> <span class='ocrx_word' id='word_1_760' title='bbox 3626 4555 3780 4610; x_wconf 69' lang='grc' dir='ltr'><strong>Εἱΐειιθυ</strong></span> 
     </span>
    </p>
   </div>
   <div class='ocr_carea' id='block_1_106' title="bbox 2276 4654 3784 4725">
    <p class='ocr_par' dir='ltr' id='par_1_106' title="bbox 2276 4654 3784 4725">
     <span class='ocr_line' id='line_1_106' title="bbox 2276 4654 3784 4725; baseline -0.005 -17"><span class='ocrx_word' id='word_1_761' title='bbox 2276 4662 2507 4708; x_wconf 88' lang='lat' dir='ltr'><strong>matrem</strong></span> <span class='ocrx_word' id='word_1_762' title='bbox 2536 4669 2690 4708; x_wconf 87' lang='lat' dir='ltr'><strong>suam</strong></span> <span class='ocrx_word' id='word_1_763' title='bbox 2723 4655 2774 4708; x_wconf 92' lang='lat' dir='ltr'><strong>in</strong></span> <span class='ocrx_word' id='word_1_764' title='bbox 2806 4654 3217 4725; x_wconf 89' lang='lat' dir='ltr'><strong>imperatricem</strong></span> <span class='ocrx_word' id='word_1_765' title='bbox 3246 4698 3263 4725; x_wconf 94' lang='lat'><strong>,</strong></span> <span class='ocrx_word' id='word_1_766' title='bbox 3321 4658 3558 4714; x_wconf 81' lang='lat' dir='ltr'><strong>Alexium</strong></span> <span class='ocrx_word' id='word_1_767' title='bbox 3581 4654 3784 4707; x_wconf 74' lang='lat' dir='ltr'><strong>verocoa-</strong></span> 
     </span>
    </p>
   </div>
   <div class='ocr_carea' id='block_1_107' title="bbox 2277 4740 3783 4814">
    <p class='ocr_par' dir='ltr' id='par_1_107' title="bbox 2277 4740 3783 4814">
     <span class='ocr_line' id='line_1_107' title="bbox 2277 4740 3783 4814; baseline -0.007 -16"><span class='ocrx_word' id='word_1_768' title='bbox 2277 4745 2512 4801; x_wconf 84' lang='lat' dir='ltr'><strong>ﬁrmavit</strong></span> <span class='ocrx_word' id='word_1_769' title='bbox 2542 4748 2594 4799; x_wconf 91' lang='lat' dir='ltr'><strong>in</strong></span> <span class='ocrx_word' id='word_1_770' title='bbox 2626 4755 2912 4814; x_wconf 81' lang='lat' dir='ltr'><strong>praetorem</strong></span> <span class='ocrx_word' id='word_1_771' title='bbox 2958 4763 3138 4802; x_wconf 91' lang='lat' dir='ltr'><strong>suum.</strong></span> <span class='ocrx_word' id='word_1_772' title='bbox 3207 4752 3276 4804; x_wconf 85' lang='lat' dir='ltr'><strong>Et</strong></span> <span class='ocrx_word' id='word_1_773' title='bbox 3307 4766 3430 4806; x_wconf 88' lang='lat' dir='ltr'><strong>cum</strong></span> <span class='ocrx_word' id='word_1_774' title='bbox 3458 4747 3652 4803; x_wconf 76' lang='lat' dir='ltr'><strong>redisset</strong></span> <span class='ocrx_word' id='word_1_775' title='bbox 3673 4740 3709 4792; x_wconf 89' lang='lat' dir='ltr'><strong>in</strong></span> <span class='ocrx_word' id='word_1_776' title='bbox 3729 4746 3783 4787; x_wconf 84' lang='lat' dir='ltr'><strong>ur-</strong></span> 
     </span>
    </p>
   </div>
   <div class='ocr_carea' id='block_1_108' title="bbox 2274 4827 3785 4906">
    <p class='ocr_par' dir='ltr' id='par_1_108' title="bbox 2274 4827 3785 4906">
     <span class='ocr_line' id='line_1_108' title="bbox 2274 4827 3785 4906; baseline -0.007 -12"><span class='ocrx_word' id='word_1_777' title='bbox 2274 4838 2421 4906; x_wconf 90' lang='lat' dir='ltr'><strong>bem,</strong></span> <span class='ocrx_word' id='word_1_778' title='bbox 2452 4854 2639 4894; x_wconf 82' lang='lat' dir='ltr'><strong>mense</strong></span> <span class='ocrx_word' id='word_1_779' title='bbox 2667 4838 2948 4905; x_wconf 89' lang='lat' dir='ltr'><strong>Decemb.,</strong></span> <span class='ocrx_word' id='word_1_780' title='bbox 2974 4856 3180 4896; x_wconf 70' lang='lat' dir='ltr'><strong>caesum</strong></span> <span class='ocrx_word' id='word_1_781' title='bbox 3217 4851 3276 4898; x_wconf 91' lang='lat' dir='ltr'><strong>et</strong></span> <span class='ocrx_word' id='word_1_782' title='bbox 3311 4852 3523 4899; x_wconf 90' lang='lat' dir='ltr'><strong>tonsum</strong></span> <span class='ocrx_word' id='word_1_783' title='bbox 3548 4827 3785 4894; x_wconf 69' lang='lat' dir='ltr'><strong>Stauratio“!</strong></span> 
     </span>
    </p>
   </div>
   <div class='ocr_carea' id='block_1_109' title="bbox 2274 4917 3787 5001">
    <p class='ocr_par' dir='ltr' id='par_1_109' title="bbox 2274 4917 3787 5001">
     <span class='ocr_line' id='line_1_109' title="bbox 2274 4917 3787 5001; baseline -0.003 -16"><span class='ocrx_word' id='word_1_784' title='bbox 2274 4930 2515 4986; x_wconf 84' lang='lat' dir='ltr'><strong>exsulem</strong></span> <span class='ocrx_word' id='word_1_785' title='bbox 2538 4929 2666 4986; x_wconf 88' lang='lat' dir='ltr'><strong>fecit</strong></span> <span class='ocrx_word' id='word_1_786' title='bbox 2706 4932 2849 5001; x_wconf 87' lang='lat' dir='ltr'><strong>apud</strong></span> <span class='ocrx_word' id='word_1_787' title='bbox 2879 4933 3350 4991; x_wconf 83' lang='lat' dir='ltr'><strong>Armeniacorum</strong></span> <span class='ocrx_word' id='word_1_788' title='bbox 3385 4937 3555 4990; x_wconf 88' lang='lat' dir='ltr'><strong>thema</strong></span> <span class='ocrx_word' id='word_1_789' title='bbox 3577 4972 3591 4998; x_wconf 91' lang='lat'><strong>,</strong></span> <span class='ocrx_word' id='word_1_790' title='bbox 3614 4926 3665 4982; x_wconf 86' lang='lat' dir='ltr'><strong>ad</strong></span> <span class='ocrx_word' id='word_1_791' title='bbox 3685 4917 3787 4977; x_wconf 61' lang='grc' dir='ltr'><strong>μηδ’</strong></span> 
     </span>
    </p>
   </div>
   <div class='ocr_carea' id='block_1_110' title="bbox 2274 5012 3787 5085">
    <p class='ocr_par' dir='ltr' id='par_1_110' title="bbox 2274 5012 3787 5085">
     <span class='ocr_line' id='line_1_110' title="bbox 2274 5012 3787 5085; baseline 0.001 -8"><span class='ocrx_word' id='word_1_792' title='bbox 2274 5022 2563 5078; x_wconf 80' lang='lat' dir='ltr'><strong>factionem</strong></span> <span class='ocrx_word' id='word_1_793' title='bbox 2594 5038 2803 5079; x_wconf 89' lang='lat' dir='ltr'><strong>eorum.</strong></span> <span class='ocrx_word' id='word_1_794' title='bbox 2836 5023 2892 5078; x_wconf 89' lang='lat' dir='ltr'><strong>In</strong></span> <span class='ocrx_word' id='word_1_795' title='bbox 2922 5026 3181 5082; x_wconf 83' lang='lat' dir='ltr'><strong>exsilium</strong></span> <span class='ocrx_word' id='word_1_796' title='bbox 3206 5028 3558 5085; x_wconf 88' lang='lat' dir='ltr'><strong>nihilominus</strong></span> <span class='ocrx_word' id='word_1_797' title='bbox 3581 5028 3629 5078; x_wconf 84' lang='lat' dir='ltr'><strong>et</strong></span> <span class='ocrx_word' id='word_1_798' title='bbox 3649 5012 3787 5073; x_wconf 62' lang='lat' dir='ltr'><strong>Ellum</strong></span> 
     </span>
    </p>
   </div>
   <div class='ocr_carea' id='block_1_111' title="bbox 2272 5107 3788 5188">
    <p class='ocr_par' dir='ltr' id='par_1_111' title="bbox 2272 5107 3788 5188">
     <span class='ocr_line' id='line_1_111' title="bbox 2272 5107 3788 5188; baseline 0.006 -18"><span class='ocrx_word' id='word_1_799' title='bbox 2272 5114 2417 5170; x_wconf 89' lang='lat' dir='ltr'><strong>misit</strong></span> <span class='ocrx_word' id='word_1_800' title='bbox 2448 5117 2903 5186; x_wconf 85' lang='lat' dir='ltr'><strong>protospatarium</strong></span> <span class='ocrx_word' id='word_1_801' title='bbox 2932 5119 3270 5188; x_wconf 83' lang='lat' dir='ltr'><strong>spadonem,</strong></span> <span class='ocrx_word' id='word_1_802' title='bbox 3302 5131 3360 5176; x_wconf 87' lang='lat' dir='ltr'><strong>et</strong></span> <span class='ocrx_word' id='word_1_803' title='bbox 3381 5122 3607 5176; x_wconf 89' lang='lat' dir='ltr'><strong>intimum</strong></span> <span class='ocrx_word' id='word_1_804' title='bbox 3643 5107 3788 5178; x_wconf 58' lang='lat' dir='ltr'><strong>elusi“</strong></span> 
     </span>
    </p>
   </div>
   <div class='ocr_carea' id='block_1_112' title="bbox 2273 5204 3788 5279">
    <p class='ocr_par' dir='ltr' id='par_1_112' title="bbox 2273 5204 3788 5279">
     <span class='ocr_line' id='line_1_112' title="bbox 2273 5204 3788 5279; baseline -0.003 -19"><span class='ocrx_word' id='word_1_805' title='bbox 2273 5219 2463 5260; x_wconf 89' lang='lat' dir='ltr'><strong>omnes</strong></span> <span class='ocrx_word' id='word_1_806' title='bbox 2484 5204 2811 5262; x_wconf 89' lang='lat' dir='ltr'><strong>domesticos</strong></span> <span class='ocrx_word' id='word_1_807' title='bbox 2847 5208 3014 5277; x_wconf 90' lang='lat' dir='ltr'><strong>ipsius</strong></span> <span class='ocrx_word' id='word_1_808' title='bbox 3043 5211 3325 5279; x_wconf 82' lang='lat' dir='ltr'><strong>spadonis</strong></span> <span class='ocrx_word' id='word_1_809' title='bbox 3357 5232 3366 5264; x_wconf 95' lang='lat'>:</span> <span class='ocrx_word' id='word_1_810' title='bbox 3394 5211 3532 5266; x_wconf 87' lang='lat' dir='ltr'><strong>hanc</strong></span> <span class='ocrx_word' id='word_1_811' title='bbox 3559 5205 3788 5261; x_wconf 68' lang='lat' dir='ltr'><strong>autem!!!“</strong></span> 
     </span>
    </p>
   </div>
   <div class='ocr_carea' id='block_1_113' title="bbox 2271 5288 3790 5373">
    <p class='ocr_par' dir='ltr' id='par_1_113' title="bbox 2271 5288 3790 5373">
     <span class='ocr_line' id='line_1_113' title="bbox 2271 5288 3790 5373; baseline -0.004 -20"><span class='ocrx_word' id='word_1_812' title='bbox 2271 5298 2535 5354; x_wconf 86' lang='lat' dir='ltr'><strong>suavitate</strong></span> <span class='ocrx_word' id='word_1_813' title='bbox 2555 5313 2651 5354; x_wconf 88' lang='lat' dir='ltr'><strong>sua</strong></span> <span class='ocrx_word' id='word_1_814' title='bbox 2698 5313 2755 5356; x_wconf 87' lang='lat' dir='ltr'><strong>et</strong></span> <span class='ocrx_word' id='word_1_815' title='bbox 2785 5299 3056 5356; x_wconf 76' lang='lat' dir='ltr'><strong>afﬂuentia</strong></span> <span class='ocrx_word' id='word_1_816' title='bbox 3107 5302 3327 5359; x_wconf 90' lang='lat' dir='ltr'><strong>locavit</strong></span> <span class='ocrx_word' id='word_1_817' title='bbox 3377 5304 3430 5360; x_wconf 90' lang='lat' dir='ltr'><strong>in</strong></span> <span class='ocrx_word' id='word_1_818' title='bbox 3477 5297 3653 5373; x_wconf 89' lang='lat' dir='ltr'><strong>palatio</strong></span> <span class='ocrx_word' id='word_1_819' title='bbox 3686 5288 3790 5342; x_wconf 57' lang='lat' dir='ltr'><strong>Elei?</strong></span> 
     </span>
    </p>
   </div>
   <div class='ocr_carea' id='block_1_114' title="bbox 2272 5376 3790 5464">
    <p class='ocr_par' dir='ltr' id='par_1_114' title="bbox 2272 5376 3790 5464">
     <span class='ocr_line' id='line_1_114' title="bbox 2272 5376 3790 5464; baseline -0.001 -19"><span class='ocrx_word' id='word_1_820' title='bbox 2272 5390 2453 5456; x_wconf 88' lang='lat' dir='ltr'><strong>therii,</strong></span> <span class='ocrx_word' id='word_1_821' title='bbox 2488 5390 2631 5460; x_wconf 91' lang='lat' dir='ltr'><strong>quod</strong></span> <span class='ocrx_word' id='word_1_822' title='bbox 2680 5390 2794 5461; x_wconf 90' lang='lat' dir='ltr'><strong>ipsa</strong></span> <span class='ocrx_word' id='word_1_823' title='bbox 2825 5400 3239 5461; x_wconf 81' lang='lat' dir='ltr'><strong>construxerat,</strong></span> <span class='ocrx_word' id='word_1_824' title='bbox 3277 5396 3336 5451; x_wconf 90' lang='lat' dir='ltr'><strong>in</strong></span> <span class='ocrx_word' id='word_1_825' title='bbox 3383 5409 3490 5464; x_wconf 91' lang='lat' dir='ltr'><strong>quo</strong></span> <span class='ocrx_word' id='word_1_826' title='bbox 3517 5399 3567 5447; x_wconf 88' lang='lat' dir='ltr'><strong>et</strong></span> <span class='ocrx_word' id='word_1_827' title='bbox 3608 5376 3790 5459; x_wconf 54' lang='lat' dir='ltr'><strong>pecuniis</strong></span> 
     </span>
    </p>
   </div>
   <div class='ocr_carea' id='block_1_115' title="bbox 2270 5476 3790 5543">
    <p class='ocr_par' dir='ltr' id='par_1_115' title="bbox 2270 5476 3790 5543">
     <span class='ocr_line' id='line_1_115' title="bbox 2270 5476 3790 5543; baseline -0.003 -7"><span class='ocrx_word' id='word_1_828' title='bbox 2270 5484 2464 5537; x_wconf 85' lang='lat' dir='ltr'><strong>multas</strong></span> <span class='ocrx_word' id='word_1_829' title='bbox 2491 5482 2867 5538; x_wconf 85' lang='lat' dir='ltr'><strong>absconderat.</strong></span> <span class='ocrx_word' id='word_1_830' title='bbox 2895 5482 3122 5541; x_wconf 89' lang='lat' dir='ltr'><strong>Factum</strong></span> <span class='ocrx_word' id='word_1_831' title='bbox 3151 5495 3244 5542; x_wconf 90' lang='lat' dir='ltr'><strong>est</strong></span> <span class='ocrx_word' id='word_1_832' title='bbox 3269 5497 3456 5543; x_wconf 84' lang='lat' dir='ltr'><strong>autem</strong></span> <span class='ocrx_word' id='word_1_833' title='bbox 3482 5482 3650 5540; x_wconf 86' lang='lat' dir='ltr'><strong>eodem</strong></span> <span class='ocrx_word' id='word_1_834' title='bbox 3666 5476 3790 5527; x_wconf 70' lang='grc' dir='ltr'><strong>ωαιεε</strong></span> 
     </span>
    </p>
   </div>
   <div class='ocr_carea' id='block_1_116' title="bbox 2270 5563 3791 5641">
    <p class='ocr_par' dir='ltr' id='par_1_116' title="bbox 2270 5563 3791 5641">
     <span class='ocr_line' id='line_1_116' title="bbox 2270 5563 3791 5641; baseline -0.001 -12"><span class='ocrx_word' id='word_1_835' title='bbox 2270 5572 2596 5641; x_wconf 87' lang='lat' dir='ltr'><strong>incendium,</strong></span> <span class='ocrx_word' id='word_1_836' title='bbox 2628 5581 2684 5629; x_wconf 92' lang='lat' dir='ltr'><strong>et</strong></span> <span class='ocrx_word' id='word_1_837' title='bbox 2711 5585 3121 5633; x_wconf 86' lang='lat' dir='ltr'><strong>concrematum</strong></span> <span class='ocrx_word' id='word_1_838' title='bbox 3169 5588 3263 5636; x_wconf 88' lang='lat' dir='ltr'><strong>est</strong></span> <span class='ocrx_word' id='word_1_839' title='bbox 3311 5578 3593 5636; x_wconf 85' lang='lat' dir='ltr'><strong>triclinium</strong></span> <span class='ocrx_word' id='word_1_840' title='bbox 3629 5563 3791 5640; x_wconf 59' lang='lat' dir='ltr'><strong>pallii?</strong></span> 
     </span>
    </p>
   </div>
   <div class='ocr_carea' id='block_1_117' title="bbox 2348 5735 3633 5831">
    <p class='ocr_par' dir='ltr' id='par_1_117' title="bbox 2348 5735 3633 5831">
     <span class='ocr_line' id='line_1_117' title="bbox 2348 5735 3633 5831; baseline 0.005 -40"><span class='ocrx_word' id='word_1_841' title='bbox 2348 5744 2375 5775; x_wconf 76' lang='grc' dir='ltr'><strong>ο</strong></span> <span class='ocrx_word' id='word_1_842' title='bbox 2401 5735 2511 5807; x_wconf 90' lang='lat' dir='ltr'><strong>AL,</strong></span> <span class='ocrx_word' id='word_1_843' title='bbox 2536 5737 2835 5809; x_wconf 73' lang='lat' dir='ltr'><strong>vigesimum</strong></span> <span class='ocrx_word' id='word_1_844' title='bbox 2855 5739 3129 5831; x_wconf 37' lang='lat' dir='ltr'><strong>quintuma</strong></span> <span class='ocrx_word' id='word_1_845' title='bbox 3147 5740 3273 5816; x_wconf 82' lang='lat' dir='ltr'><strong>AL,</strong></span> <span class='ocrx_word' id='word_1_846' title='bbox 3306 5743 3633 5819; x_wconf 69' lang='lat' dir='ltr'><strong>trigwmm.</strong></span> 
     </span>
    </p>
   </div>
  </div>
