3956 6342
145 410 273 476 Ii?!

1119 394 1441 456 HISTORIA
1477 387 1841 452 MISCELLA.
1878 410 1952 431 —
1986 386 2120 449 LIB.
2160 382 2353 443 XXIII.

3252 378 3412 440 “22'

146 528 272 594 aha,
297 520 446 595 quod
473 519 672 577 dicitur
683 515 1019 587 Thomaites,
1046 523 1104 572 et
1127 513 1495 587 quaestorium,
1520 518 1579 568 et
1590 508 1710 565 aliae
1736 509 1794 570 Α
1812 500 1993 570 fuerit,
2023 500 2283 595 custodiae
2304 505 2614 595 mancipant
2654 504 2941 595 praetorem
2986 510 3141 595 suum
3161 538 3176 565 ,
3210 492 3394 552 Theo.

146 618 329 676 domus
353 627 525 683 usque
539 611 610 667 ad
637 609 858 666 Milium.
887 607 1151 665 Caeterum
1178 605 1348 677 Aprili
1368 618 1552 660 mense
1568 600 1715 660 Con-

147 706 408 766 stantinus
427 718 550 761 cum
566 703 824 759 movisset
846 708 1026 758 castra
1045 706 1235 755 contra
1266 696 1538 767 Bulgares,
1566 695 1715 750 venit

148 800 211 855 ad
233 798 510 856 castellum
537 796 682 869 quod
706 794 905 851 dicitur
933 792 1172 859 Probati,
1195 789 1265 846 ad
1306 790 1480 846 rivum
1508 786 1717 844 scilicet

147 890 311 948 sancti
333 888 599 959 Gregorii,
626 894 827 944 etcum
856 884 1181 942 occurrisset
1208 880 1474 937 Cardamo
1493 879 1715 935 domino

146 981 422 1051 Bulgariae,
451 978 644 1050 pusillo
673 978 815 1033 circa
843 989 1125 1046 vesperam
1159 972 1303 1027 facto
1325 970 1489 1037 bello,
1518 968 1711 1025 formi-

145 1074 328 1129 dantes
347 1072 439 1141 qui
460 1086 529 1128 ex
556 1078 710 1141 parte
736 1069 1105 1125 Romanorum
1155 1074 1311 1121 erant
1338 1106 1354 1132 ,
1384 1078 1481 1135 per
1503 1070 1717 1120 noctem

147 1166 408 1235 fugerunt,
440 1172 497 1219 et
519 1163 733 1233 inglorii
761 1162 1058 1226 redierunt,
1083 1160 1212 1229 quin
1233 1166 1288 1214 et
1315 1157 1569 1226 Bulgares
1598 1169 1718 1210 me-

146 1266 354 1315 tuentes
379 1258 583 1314 reversi
607 1264 753 1312 sunt.
785 1254 941 1311 Anno
968 1253 1207 1310 secundo
1230 1251 1720 1322 imperiiConstan-

147 1350 259 1415 tini,
286 1364 473 1405 mense
499 1348 799 1417 Septemb.,
849 1355 1026 1403 castra
1075 1345 1246 1401 movit
1286 1345 1544 1398 adversus
1587 1340 1722 1396 Ara-

145 1440 235 1496 bes
258 1479 273 1506 ,
310 1446 369 1497 et
393 1438 666 1510 profectus
692 1439 759 1494 ab
778 1438 1018 1502 Amorio,
1061 1435 1193 1490 abiit
1230 1434 1456 1489 Tarsum
1497 1431 1716 1488 Ciliciae.

147 1532 310 1588 Porro
347 1531 557 1589 decima
583 1540 774 1587 octava
798 1528 1027 1585 Kalend.
1050 1528 1209 1598 Feb.,
1242 1535 1461 1597 rogatus
1488 1526 1722 1597 impera-

149 1632 232 1678 tor
260 1639 289 1677 a
315 1623 533 1694 propria
560 1630 752 1687 matre,
784 1629 840 1679 et
885 1636 916 1676 a
942 1620 1123 1676 multis
1149 1618 1496 1689 optimatibus
1521 1656 1539 1684 ,
1593 1631 1724 1687 pro-

145 1716 368 1780 nuntiat,
399 1729 522 1771 eam
560 1714 757 1770 iterum
804 1713 1234 1783 itnperatricem,
1283 1718 1339 1766 et
1356 1707 1515 1765 laude
1562 1707 1723 1763 simul

143 1824 261 1866 cum
288 1808 382 1864 illo
420 1807 713 1873 attollitur,
759 1815 875 1862 uta
926 1804 1223 1877 primordio
1277 1799 1619 1859 Constantini
1664 1807 1722 1855 et

1815 596 2009 653 dorum
2055 593 2302 651 videlicet
2342 592 2628 665 patricium
2669 590 3065 648 Camulianum.
3096 589 3214 658 Quo
3242 604 3395 645 com-

1814 694 1994 759 perto,
2026 686 2319 756 imperator
2343 685 2493 740 misit
2516 684 2747 756 primum
2778 683 2995 753 quidem
3035 681 3102 737 ad
3130 696 3227 738 eos
3256 697 3393 736 non-

1816 778 2024 845 nullos;
2053 788 2176 850 post
2198 787 2444 836 sanctum
2469 794 2599 834 vero
2645 780 2847 835 Pascha
2877 779 2993 848 ipse
3033 776 3203 831 movit
3236 786 3396 833 exer-

1818 872 1984 928 citum
2015 880 2205 927 contra
2233 872 2451 928 eosdem
2480 870 2851 936 Armeniacos,
2883 884 2989 925 una
3028 883 3151 924 cum
3174 866 3398 936 reliquis

1817 966 2146 1023 thematibus
2171 975 2361 1023 octava
2391 965 2659 1022 Kalendas
2678 962 2844 1033 Junii,
2869 962 3174 1019 indictionis
3189 961 3399 1032 primae,

1819 1054 1910 1113 die
1936 1067 2123 1114 sancto
2150 1058 2522 1125 Pentecostes,
2547 1073 2669 1115 cum
2711 1057 2954 1127 proditos
2992 1071 3088 1112 eos
3112 1053 3399 1111 Armenio-

1818 1164 1937 1205 rum
1970 1149 2173 1218 fraude,
2204 1152 2295 1221 qui
2325 1167 2445 1207 cum
2476 1151 2604 1221 ipsis
2632 1159 2807 1215 erant,
2847 1148 3124 1216 vicissent,
3153 1161 3401 1218 compre-

1820 1240 2012 1299 hendit
2052 1242 2175 1298 illos
2217 1242 2543 1309 debellatos,
2592 1251 2651 1299 et
2704 1241 2975 1297 interfecit
3029 1239 3400 1297 Andronicum

1820 1334 2115 1405 spatarium
2163 1342 2219 1390 et
2261 1334 2597 1397 tumarchan,
2640 1342 2804 1402 atque
2832 1330 3153 1400 Gregorium
3185 1330 3400 1400 episco-

1821 1439 1949 1495 pum
1992 1439 2377 1496 synopensem,
2407 1422 2644 1493 reliquos
2668 1436 2799 1477 vero
2826 1435 3007 1476 rerum
3048 1418 3299 1489 iacturis,
3347 1424 3408 1475 et

1821 1515 2142 1587 sumptibus,
2194 1523 2249 1572 et
2287 1514 2772 1587 proscriptionibus
2817 1512 3019 1569 affecit.
3060 1510 3228 1568 Porro
3257 1511 3406 1569 mille

1822 1607 2034 1664 vinctos
2061 1606 2329 1663 exercitus
2357 1607 2595 1676 ipsorum
2630 1605 2928 1660 introduxit
2981 1617 3075 1673 per
3116 1602 3404 1658 Blacernao

1824 1713 1942 1754 rum
1989 1706 2201 1769 portam
2231 1698 2285 1754 in
2328 1698 2534 1765 urbem,
2566 1713 2796 1769 quorum
2839 1697 3076 1753 faciehus
3102 1702 3406 1753 atramento

1824 1799 1880 1849 et
1906 1792 2288 1862 punctionibus
2314 1793 2690 1864 superscripsit
2723 1791 3076 1847 Armeniacus
3104 1789 3408 1858 insidiator,

142 1898 380 1965 Eireues,
406 1907 463 1954 et
490 1914 678 1956 omnes
702 1875 1224 1968 quidem'ohediunt.
1281 1896 1381 1952 Ast
1430 1892 1719 1950 Armenia-
1748 1875 1801 1939 Β
1822 1893 1881 1941 et
1906 1883 2161 1957 dispersit
2183 1899 2278 1941 eos
2308 1890 2418 1940 tam
2456 1884 2508 1939 in
2537 1883 2777 1940 Siciliam
2811 1897 2974 1953 quam
3004 1890 3228 1938 caeteras
3257 1882 3405 1937 insu-

141 2007 323 2048 corum
352 1991 534 2047 thema
581 1991 934 2062 pertinaciter
962 1990 1168 2046 instans
1213 1988 1389 2044 adhuc
1426 1985 1677 2043 renititur
1702 2025 1719 2051 ,

141 2088 194 2136 et
219 2080 411 2150 quaerit
432 2066 808 2150 Alexium,qui
839 2079 997 2149 paulo
1028 2088 1155 2134 ante
1192 2086 1393 2150 praetor
1421 2078 1476 2132 in
1497 2077 1576 2132 eis
1604 2074 1723 2131 fue-

141 2181 243 2239 rat,
271 2181 325 2227 et
371 2173 439 2228 ab
485 2172 815 2242 imperatore
844 2180 1143 2239 evocatus,
1195 2170 1456 2241 dignitate
1511 2167 1725 2245 patricii

140 2267 474 2331 sublimatus,
524 2281 691 2336 penes
746 2266 921 2335 ipsum
968 2265 1165 2335 degere
1216 2264 1520 2321 videbatur.
1569 2262 1726 2319 Hunc

143 2370 273 2425 ergo
296 2364 517 2426 propter
540 2355 845 2425 hujusmodi
887 2356 1293 2426 requisitionem
1317 2396 1334 2423 ,
1382 2363 1437 2411 et
1463 2354 1725 2426 quosdam

140 2461 422 2501 sermones
450 2462 612 2517 super
640 2447 760 2518 ipso
781 2447 953 2503 dictos
976 2487 991 2513 ,
1043 2448 1186 2518 quod
1238 2448 1488 2503 videlicet
1530 2462 1724 2517 regna-

140 2546 291 2592 turus
317 2546 479 2602 esset,
504 2537 717 2593 ctedens
759 2553 822 2592 ac
850 2538 1079 2594 tondens
1108 2538 1162 2593 in
1214 2540 1472 2609 praetorio
1518 2538 1720 2610 posuit.

138 2625 284 2684 Julio
312 2643 443 2684 vero
472 2644 658 2685 mense
694 2630 988 2686 exercitum
1028 2630 1200 2686 movit
1248 2631 1505 2688 adversus
1531 2630 1727 2702 Bulga-

139 2734 260 2785 res,
314 2728 368 2775 et
415 2722 715 2777 construxit
751 2729 986 2779 castrum
1030 2723 1445 2789 Marcellorum,
1496 2732 1553 2780 et
1591 2725 1727 2781 duo-

141 2810 357 2866 decima
429 2811 653 2868 Kalend.
742 2814 967 2884 Augusti
1031 2814 1199 2872 exivit
1272 2814 1568 2872 Cardamus
1631 2817 1728 2872 do-

136 2903 320 2959 minus
364 2902 627 2973 Bulgaria:
681 2921 801 2960 cum
853 2906 997 2962 omni
1059 2906 1255 2962 virtute
1299 2923 1394 2962 sua
1420 2949 1436 2973 ,
1478 2915 1534 2964 et
1578 2908 1728 2965 stetit

142 2988 198 3045 in
254 2993 661 3048 munitionibus.
712 2994 929 3051 Fiducia
985 3011 1115 3052 vero
1167 2996 1354 3062 fretus,
1402 3005 1457 3053 et
1493 3014 1521 3052 a
1568 3011 1727 3068 pseu-

141 3085 502 3157 doprophetis
563 3087 857 3159 imperator
922 3087 1144 3145 credere
1214 3103 1501 3160 persuasus
1581 3089 1727 3159 quod

137 3181 261 3251 ejus
314 3190 459 3238 esset
509 3182 765 3250 victoria,
817 3183 1265 3254 incircumspecte
1311 3198 1374 3237 ac
1420 3183 1725 3238 inordinate

138 3273 345 3329 bellum
378 3274 559 3339 infert,
602 3283 659 3330 et
686 3274 862 3331 valido
891 3276 1124 3331 vincitur
1163 3283 1364 3341 marte,
1407 3273 1726 3344 fugatusque

142 3364 311 3422 rediit
333 3365 390 3421 in
419 3366 627 3432 urbem,
659 3367 841 3423 multis
867 3368 1075 3424 amissis
1094 3382 1204 3423 non
1227 3367 1402 3423 solum
1429 3367 1729 3423 communis

143 3455 355 3526 populi,
392 3456 488 3512 sed
512 3457 860 3527 primatuum,
893 3458 1034 3514 inter
1058 3472 1196 3527 quos
1225 3456 1453 3513 Michael
1476 3457 1730 3526 magister

139 3548 603 3606 Lachanodracon
651 3560 703 3607 et
748 3550 944 3607 Bardas
986 3552 1245 3622 patricius
1292 3553 1645 3617 exstiterunt,
1677 3561 1733 3606 et

134 3639 452 3710 Stephanus
483 3641 926 3711 protospatarius,
958 3639 1173 3698 Nicetas
1194 3656 1433 3713 quoque,
1462 3656 1527 3699 ac
1554 3640 1731 3698 Theo-

134 3740 374 3804 gnostes
405 3731 529 3789 facti
576 3742 854 3803 praetores,
888 3744 943 3790 et
970 3736 1217 3794 homines
1244 3735 1376 3805 regii
1415 3750 1524 3791 non
1551 3736 1731 3806 pauci,

132 3827 241 3884 sed
272 3835 331 3881 et
372 3827 684 3883 Pancratius
730 3826 1225 3900 pseudopropheta,
1273 3836 1331 3884 et
1367 3836 1730 3894 astronomus,

135 3920 244 3991 qui
290 3928 349 3974 et
402 3920 664 3976 victurum
694 3921 845 3977 illum
885 3922 1203 3979 vaticinatus
1246 3929 1348 3978 est.
1379 3920 1734 3978 Abstulerunt

134 4012 593 4081 etiamgBulgares
611 4013 902 4082 sarcinam,
930 4014 1236 4084 pecuniam,
1259 4030 1447 4086 equos,
1471 4022 1527 4070 et
1542 4013 1731 4078 aulaea,

140 4118 255 4158 una
289 4118 414 4158 cum
444 4104 693 4161 universo
726 4105 875 4175 regio
895 4115 1176 4175 apparatu.
1202 4105 1336 4162 Cum
1361 4114 1540 4161 autem
1570 4105 1736 4161 colle-

137 4196 222 4251 cti
254 4204 443 4252 essent
465 4196 682 4253 ordines
709 4197 763 4252 in
794 4199 1005 4268 urbem,
1036 4198 1303 4255 consiliati
1331 4207 1459 4255 sunt
1502 4198 1736 4254 educere

135 4287 544 4357 Nicephorum,
585 4296 639 4343 et
686 4290 971 4357 Caesarem,
1018 4297 1071 4346 et
1115 4290 1492 4360 imperatorem
1538 4289 1736 4344 consti-

143 4389 335 4436 tuere.
370 4379 487 4447 Quo
523 4389 827 4452 comperto,
858 4379 1243 4437 Constantinus
1272 4379 1433 4444 misit,
1465 4390 1519 4435 et
1551 4379 1738 4434 eduxit

139 4479 423 4539 utrosque
466 4468 605 4526 ﬁlios
650 4472 985 4527 Constantini
1015 4470 1101 4526 avi
1146 4471 1227 4526 sui
1257 4472 1321 4525 ad
1348 4478 1589 4526 sanctum
1623 4467 1735 4523 Μαι

1822 1974 1923 2031 las.
1954 1975 2195 2031 Armenii
2239 1989 2373 2031 sane
2402 1975 2709 2047 proditores
2754 1991 2942 2033 eorum
2981 1975 3112 2031 nihil
3141 1974 3208 2030 ab
3237 1975 3409 2045 impe-

1822 2074 2009 2122 ratore
2035 2066 2259 2123 honoris
2284 2081 2380 2124 seu
2410 2066 2675 2123 libertatis
2704 2069 2955 2135 assecuti,
2986 2077 3223 2124 castrqu
3244 2066 3409 2122 Ama-

1824 2159 1964 2217 chan
2016 2161 2283 2219 Arabibus
2336 2163 2692 2219 tradiderunt.
2740 2163 2898 2218 Anno
2954 2170 3149 2233 quarto
3197 2160 3411 2233 imperii

1824 2250 2195 2324 Constantini,
2222 2263 2481 2327 ceperunt
2520 2255 2727 2311 Arabes
2766 2256 3003 2314 Sebasan
3034 2264 3268 2312 castrum
3308 2255 3409 2312 sub

1824 2346 2014 2413 verbo,
2039 2354 2260 2417 propter
2288 2346 2434 2417 quod
2463 2355 2520 2402 et
2548 2347 2816 2418 principes
2840 2348 2956 2419 ejus
2985 2348 3052 2403 ad
3082 2348 3299 2419 propria
3326 2364 3411 2404 re-

1825 2437 2060 2494 dierunt.
2090 2440 2245 2494 Anno
2272 2439 2461 2510 quinto
2491 2440 2700 2512 imperii
2730 2442 2815 2497 sui
2859 2437 3245 2496 Constantinus
3284 2440 3411 2497 odio

1826 2532 2031 2589 habens
2056 2531 2279 2589 Mariam
2328 2550 2552 2591 uxorem
2595 2550 2771 2603 suam,
2801 2534 3181 2590 summissione
3223 2534 3414 2590 matris

1825 2639 1938 2682 suae
1962 2626 2245 2696 imperium
2272 2628 2592 2697 appetentis,
2618 2638 2673 2682 et
2700 2626 2845 2698 quod
2866 2627 2933 2682 ab
2960 2626 3208 2682 omnibus
3229 2641 3413 2695 repre-

1827 2717 2105 2775 hensibilis
2150 2718 2504 2789 judicaretur,
2549 2719 2873 2786 atTectantis,
2922 2718 3102 2785 coegit
3154 2724 3213 2771 ut
3261 2716 3416 2771 ﬁeret

1827 2813 2091 2868 monacha
2110 2854 2124 2877 ,
2152 2828 2314 2884 quam
2342 2826 2462 2866 cum
2493 2811 2821 2875 inﬂexisset,
2852 2810 3084 2865 totondit
3110 2822 3296 2864 mense
3322 2805 3413 2866 Ja-

1828 2907 2040 2972 nuario,
2071 2912 2127 2962 et
2163 2904 2334 2976 Aprili
2371 2919 2557 2961 mense
2603 2904 2771 2958 movit
2819 2902 3120 2958 exercitum
3151 2901 3412 2955 adversus

1829 2998 2057 3064 Arabes,
2087 3006 2142 3053 et
2163 3011 2347 3053 mense
2378 2996 2516 3052 Maio
2547 2995 2746 3051 bellum
2776 2995 2945 3049 iniens
2964 3009 3088 3049 cum
3119 3010 3225 3049 uno
3249 3006 3412 3047 cursu

1828 3088 2065 3158 ipsorum
2095 3089 2148 3143 in
2178 3088 2297 3145 loco
2325 3088 2418 3159 qui
2447 3087 2640 3143 dicitur
2668 3087 2904 3141 Amusan
2934 3086 3094 3149 vicit,
3125 3084 3325 3150 vertit,
3353 3091 3412 3139 et

1830 3181 1930 3238 hos
1956 3182 2233 3238 insecutus
2277 3187 2359 3236 est
2388 3193 2555 3249 usque
2585 3178 2652 3233 ad
2677 3192 2911 3244 amnem,
2941 3185 2997 3231 et
3023 3191 3146 3232 cum
3174 3175 3413 3230 venisset

1835 3270 2119 3342 Ephesum,
2145 3280 2199 3327 et
2223 3271 2363 3342 apud
2386 3270 2480 3326 Dei
2506 3271 2683 3326 locum
2707 3269 2982 3325 orationes
3005 3267 3240 3333 fecisset,
3264 3281 3414 3321 com-

1833 3362 2089 3417 mercium
2117 3362 2496 3428 nundinarum,
2528 3362 2673 3431 quod
2700 3370 2914 3417 centum
2938 3367 3084 3415 esset
3105 3359 3222 3415 auri
3250 3359 3417 3414 libra-

1834 3470 1972 3518 rum,
2004 3454 2220 3509 indulsit
2263 3452 2329 3508 ad
2358 3452 2671 3509 famulatum
2701 3453 2873 3509 sancti
2904 3452 3126 3509 Joannis
3155 3451 3407 3523 apostoli.

1834 3543 2076 3614 Augusto
2105 3560 2230 3600 vero
2257 3559 2443 3601 mense
2470 3536 2751 3602 coronavit
2779 3545 3075 3617 imperator
3097 3544 3415 3601 Theodaten

1834 3638 2216 3694 cubicularium
2248 3638 2301 3693 in
2336 3642 2626 3708 Augustam
2650 3680 2667 3707 ,
2697 3646 2753 3693 et
2780 3638 3129 3709 desponsavit
3157 3653 3277 3695 eam
3307 3638 3412 3694 im-

1834 3737 2069 3800 perator.
2104 3730 2257 3784 Anno
2305 3740 2456 3784 sexto
2503 3730 2715 3800 imperii
2762 3730 2865 3796 sui,
2900 3729 3193 3787 indictione
3240 3730 3415 3801 prima

1836 3819 2125 3876 celebravit
2172 3820 2466 3890 imperator
2518 3821 2904 3877 Constantinus
2959 3837 3083 3877 cum
3135 3821 3417 3878 Theodate

1835 3913 2143 3984 nuptiarum
2170 3912 2433 3985 principia
2462 3914 2512 3969 in
2541 3913 2742 3984 palatio
2767 3913 2940 3971 sancti
2966 3913 3154 3969 Mamm
3183 3930 3279 3985 per
3300 3913 3416 3970 dies

1837 4005 2203 4074 quadraginta.
2242 4006 2433 4061 Mense
2458 4020 2586 4062 vero
2616 4006 2785 4077 Aprili
2813 4005 3052 4075 ejusdem
3082 4005 3414 4072 indictionis,

1838 4103 2102 4152 nocturno
2133 4106 2397 4167 tempore,
2425 4096 2600 4153 factus
2644 4105 2727 4153 est
2770 4105 3109 4154 terraemotus
3146 4097 3201 4153 in
3231 4096 3416 4153 Sicilia

1838 4197 1894 4244 et
1922 4188 2079 4243 Creta
2124 4189 2277 4245 valde
2320 4190 2593 4246 terribilis.
2648 4189 2826 4246 Mense
2854 4200 3031 4246 autem
3072 4190 3213 4246 Maio
3242 4188 3415 4246 factus

1837 4287 1920 4334 est
1974 4287 2311 4336 terraemotus
2376 4280 2840 4352 Constantinopoli
2901 4282 3058 4337 nimis
3121 4282 3409 4338 horribilis.

1839 4370 2129 4427 Cardamus
2168 4379 2425 4442 praeterea
2474 4372 2722 4429 dominus
2775 4373 3032 4444 Bulgaria:
3083 4375 3417 4431 denuntiavit

1840 4461 2148 4532 imperatori
2194 4463 2376 4519 dicens
2403 4482 2416 4518 :
2443 4464 2549 4519 Aut
2596 4466 2768 4521 tribue
2818 4467 2946 4522 mihi
2978 4476 3158 4537 pacta,
3198 4475 3291 4523 aut
3318 4485 3415 4527 ve-

145 4577 312 4627 man,
346 4570 403 4616 et
433 4562 791 4634 Nicephorum
822 4563 1037 4634 quidem
1077 4562 1265 4627 oculis,
1295 4560 1736 4632 Christophornm
1762 4600 1816 4661 D
1842 4555 1987 4609 niam
2014 4571 2181 4625 uSQue
2208 4557 2276 4612 ad
2306 4556 2539 4613 Auream
2575 4568 2805 4628 portam,
2850 4570 2905 4618 et
2948 4562 3209 4619 demoliar
3239 4561 3416 4619 Thra-

138 4660 325 4723 atque
348 4651 610 4734 Nicetam,
638 4656 948 4710 Anthimum
970 4664 1132 4724 atque
1160 4653 1460 4710 Eudoxium
1482 4696 1497 4718 ,
1538 4654 1734 4722 linguis

132 4745 388 4817 privavit
419 4763 433 4800 :
465 4761 586 4802 cum
616 4748 811 4818 quibus
851 4756 906 4804 et
936 4747 1243 4817 praedictum
1286 4745 1532 4801 Alexium
1562 4746 1733 4817 patri-

131 4841 293 4895 cium
327 4840 614 4897 luminibus
642 4842 891 4912 privavit,
938 4841 1195 4896 obediens
1227 4839 1484 4895 maternis
1510 4847 1566 4894 et
1592 4855 1732 4910 pra:-

132 4931 249 4986 lati
293 4930 551 4987 Stauratii
599 4934 860 4996 suadelis,
902 4933 951 4989 ei
990 4932 1410 4988 asseverantium
1446 4930 1590 5000 quod
1634 4931 1737 4987 nisi

131 5024 301 5079 hunc
331 5038 530 5079 caecum
557 5025 826 5092 redderet,
855 5026 908 5079 in
929 5026 1305 5096 imperatorem
1330 5022 1507 5080 forent
1536 5024 1738 5080 electu-

132 5115 217 5169 ri.
249 5113 479 5170 Factum
510 5123 594 5171 est
630 5124 806 5170 autem
836 5116 1027 5170 horum
1057 5130 1211 5186 perna
1254 5114 1516 5169 malorum
1552 5128 1738 5170 mense

132 5209 422 5275 AuguSto,
450 5206 534 5261 die
557 5204 799 5269 Sabbati,
825 5204 1118 5260 indictione
1142 5203 1350 5259 decima
1372 5205 1580 5274 quinta,
1606 5205 1738 5260 hora

132 5315 327 5357 nona.
354 5298 735 5355 Verumtamen
765 5313 871 5354 non
903 5297 955 5352 in
983 5299 1199 5367 longum
1246 5296 1339 5351 Dei
1363 5296 1570 5366 justi'ia
1601 5296 1740 5352 hanc

133 5390 417 5460 injustam
448 5391 709 5447 ultionem
748 5388 949 5444 dimisit
991 5388 1232 5443 inultam.
1280 5386 1409 5443 Post
1441 5389 1740 5459 quinquen-

135 5484 310 5538 nium
369 5497 600 5553 namque
644 5483 834 5539 eodem
890 5496 1074 5536 mense
1126 5488 1181 5536 et
1215 5479 1407 5535 eodem
1458 5480 1545 5536 die
1598 5480 1737 5538 Sab-

133 5572 266 5628 bati
302 5571 525 5628 orbatus
560 5581 640 5628 est
666 5572 839 5628 oculis
883 5588 914 5626 a
958 5572 1173 5643 propria
1213 5580 1388 5627 matre
1425 5572 1565 5627 idem
1596 5572 1741 5628 Con-

134 5663 450 5723 stantinus.
482 5663 636 5721 Anno
668 5666 826 5721 tertio
856 5664 1065 5735 imperii
1086 5664 1442 5732 Constantini,
1468 5664 1759 5731 audientes

139 5756 474 5814 Armeniaci
519 5757 587 5812 de
635 5757 827 5813 Alexio
872 5756 1117 5828 patricio,
1169 5755 1313 5827 quod
1353 5772 1524 5812 caecus
1571 5756 1743 5815 factus

1844 4665 1981 4706 cem.
2012 4651 2109 4705 Ast
2129 4651 2419 4721 imperator
2444 4654 2621 4723 posuit
2642 4656 2837 4724 equina
2866 4665 3105 4713 stercora
3136 4658 3189 4712 in
3212 4675 3419 4731 mapsa,

1842 4749 1898 4797 et
1920 4743 2303 4799 transmisitei:
2329 4742 2537 4812 Qualia,
2558 4747 2823 4816 inquiens,
2841 4757 2997 4817 pacta
3015 4757 3065 4804 te
3080 4750 3270 4806 decere
3291 4767 3420 4820 prse-

1841 4833 1968 4900 vidi,
1990 4836 2258 4892 transmisi
2300 4837 2411 4893 tibi.
2436 4836 2633 4894 Verum
2659 4842 2783 4910 quia
2806 4856 2969 4896 senex
2992 4858 3067 4908 es,
3089 4843 3213 4899 nolo
3232 4853 3288 4898 ut
3306 4843 3421 4900 fati-

1841 4924 1982 4993 geris
2012 4940 2178 4996 usque
2220 4925 2287 4981 ad
2328 4927 2440 4984 haec
2481 4928 2621 4997 loca,
2653 4931 2745 4985 scd
2783 4947 2881 5002 ego
2909 4934 3119 4988 veniam
3151 4948 3321 5003 usque
3346 4935 3420 5017 ad

1844 5014 2171 5085 Marcellam,
2204 5028 2260 5075 et
2306 5027 2362 5075 tu
2392 5022 2495 5088 exi,
2528 5031 2583 5077 et
2625 5022 2879 5092 quidquid
2922 5025 3061 5080 Deus
3101 5014 3423 5095 judicaverjt

1844 5104 2026 5164 facito.
2062 5112 2275 5164 Etcum
2315 5110 2545 5166 misisset
2594 5111 2886 5181 imperator
2922 5115 2987 5169 ad
3019 5115 3271 5171 ulteriora
3303 5116 3420 5171 the-

1848 5209 1987 5255 mata
2009 5241 2022 5265 ,
2048 5201 2313 5281 conscivit
2340 5204 2594 5273 populum
2623 5221 2804 5273 suum,
2836 5213 2891 5261 et
2921 5208 3067 5262 venit
3095 5223 3262 5279 usque
3285 5208 3419 5266 Ver-

1844 5291 2108 5358 siciniam,
2141 5303 2195 5347 et
2223 5293 2515 5350 Cardamus
2543 5312 2709 5368 usque
2738 5297 2804 5351 ad
2830 5297 3010 5353 lucum
3040 5299 3300 5356 Abroleva
3320 5342 3334 5366 ,
3364 5307 3421 5358 et

1846 5397 1966 5439 cum
2017 5383 2350 5453 formidaret,
2384 5390 2580 5443 mansit
2628 5390 2681 5444 in
2709 5403 2944 5445 nemore.
2976 5392 3073 5447 Ast
3110 5391 3419 5464 imperator,

1846 5476 2152 5533 confortato
2179 5477 2377 5548 populo
2398 5494 2517 5546 suo,
2545 5480 2677 5537 abiit
2698 5496 2867 5551 usque
2888 5483 2953 5537 ad
2983 5483 3161 5539 locum
3189 5484 3417 5541 Abrole-

1847 5584 1990 5636 vam,
2018 5570 2249 5625 invitans
2277 5584 2397 5625 eum
2426 5587 2521 5642 per
2540 5572 2655 5629 dies
2684 5574 3086 5646 septemdecim,
3118 5584 3173 5632 at
3201 5576 3291 5634 ille
3311 5592 3421 5636 non

1848 5670 1931 5717 est
1972 5677 2153 5729 ausus,
2177 5662 2269 5718 sed
2321 5664 2598 5734 repedavit
2625 5664 2783 5736 fugax
2822 5669 2888 5722 ad
2916 5684 3030 5723 sua.
3062 5668 3265 5727 Eodem
3284 5684 3423 5742 quo-

1849 5772 1955 5828 que
1984 5771 2126 5813 anno
2172 5757 2375 5815 Arabes
2423 5767 2685 5815 venerunt
2718 5759 3017 5829 Amorium,
3046 5770 3102 5819 et
3137 5778 3259 5823 cum
3285 5762 3418 5824 nihil

224 5882 254 5913 ⁸
285 5876 401 5947 AL,
435 5875 791 5947 TheOphilum,
815 5872 1185 5931 Turmarcham
1208 5888 1405 5944 eorum,
1433 5882 1584 5944 atque
1605 5872 1928 5946 Gregorium.
