3956 6342
607 348 753 413 H23

1496 350 1699 411 PAULI
1742 349 2204 409 otscortt‘orp.
2242 337 2421 409 tuus
2457 352 2497 409 i.
2529 385 2594 401 .-
2642 353 3024 412 HISTORICA.

3634 374 3730 445 liii

606 469 979 546 profecissent,
1011 467 1214 526 reversi
1250 474 1397 534 sunt,
1420 470 1598 539 praeda
1632 471 1684 525 in
1736 470 2047 542 regionibus
2076 468 2186 525 cir-
2218 465 2273 528 Δ
2294 468 2562 539 acciperet
2589 470 2837 539 verbum,
2866 477 2921 529 et
2942 470 3159 527 sederet
3185 470 3235 528 in
3261 476 3449 545 angulo.
3472 478 3731 555 Vanum.

605 578 946 635 cumquaque
974 561 1137 619 facta.
1169 562 1374 619 Eodem
1403 578 1622 632 quoque
1648 578 1792 618 anno
1817 563 1968 618 Plato
1991 561 2193 620 Secun-

605 656 781 712 dionis
810 657 977 712 abbas
1008 671 1065 713 se
1096 655 1325 713 abscidit
1353 673 1383 711 a
1413 657 1793 713 communione
1822 655 2068 713 Tharasii
2101 672 2195 728 pa-

602 749 887 816 triarchae,
936 767 1034 821 pro
1083 766 1150 807 eo
1193 750 1340 821 quod
1397 752 1778 821 imperatorem
1830 751 2094 819 receperit
2139 750 2193 805 in

602 844 1065 911 communionem,
1093 852 1148 898 et
1184 841 1489 912 permiserit
1534 857 1657 897 eum
1706 842 1932 897 tondere
1968 854 2192 895 uxorem

602 948 755 992 suam
789 935 1038 1001 Mariam,
1070 942 1126 992 et
1152 934 1350 1005 Joseph
1382 935 1671 1002 monacho,
1712 941 1768 989 et
1796 931 1979 987 abbati
2008 946 2197 986 mona-

599 1027 785 1095 sterii,
831 1030 977 1101 quod
1026 1028 1330 1099 appellatur
1377 1028 1699 1091 Concarata,
1757 1041 2021 1083 coronare
2068 1039 2194 1079 eum

600 1118 894 1177 Theodatae
918 1120 1247 1192 praeceperit.
1267 1121 1557 1187 Quodcum
1581 1120 1850 1175 didicisset
1873 1119 2187 1189 imperator,

598 1213 767 1271 misso
814 1211 1080 1269 Bardanio
1110 1212 1358 1283 patricio,
1410 1222 1468 1268 et
1513 1211 1817 1267 scholarum
1867 1210 2189 1274 domestico,

599 1318 724 1361 cum
755 1305 962 1360 Joanne
1005 1304 1204 1360 comite
1238 1303 1425 1359 obsicii
1474 1302 1752 1358 Platonem
1795 1302 2089 1356 introduxit
2136 1300 2192 1355 in

598 1397 809 1463 urbem,
842 1408 895 1453 et
923 1398 1145 1453 retrusit
1184 1398 1319 1453 intra
1349 1397 1579 1453 claustra
1610 1397 1661 1451 in
1702 1397 1907 1466 templo
1939 1394 2195 1465 principis

597 1491 834 1557 militim,
870 1491 1013 1563 quod
1061 1499 1146 1547 est
1175 1492 1227 1545 in
1278 1489 1481 1561 palatio
1514 1507 1526 1543 :
1560 1490 1797 1560 reliquos
1846 1502 1976 1544 vero
2008 1502 2196 1542 mona-

596 1583 732 1642 chos
760 1600 883 1641 cum
914 1585 1200 1655 nepotibus
1231 1584 1348 1655 ejus
1374 1598 1661 1655 percussos
1704 1582 1894 1638 exsilio
1935 1581 2194 1651 relegavit

596 1677 741 1748 apud
770 1675 1234 1742 Thessalonicam,
1267 1677 1463 1748 quibus
1495 1676 1855 1731 auxiliabatur
1882 1685 2059 1730 mater
2090 1676 2191 1730 im-

594 1768 884 1843 peratoris,
912 1778 1169 1839 tanquam
1194 1767 1284 1838 qui
1314 1766 1422 1823 tilio
1449 1767 1795 1835 resistebant,
1824 1774 1883 1822 et
1911 1781 2035 1823 eum
2060 1782 2192 1823 con-

2295 560 2401 631 psit
2428 562 2639 616 occulte
2668 561 2735 616 ad
2763 562 2970 618 amicos
3000 563 3093 633 qui
3123 577 3238 619 eum
3266 565 3370 635 ipso
3395 581 3536 638 erant,
3556 577 3732 645 quisuisi

2296 655 2513 709 modum
2556 655 2850 724 quemlibet
2898 655 3176 724 feceritis,
3222 669 3275 713 et
3320 662 3588 725 tradiderit'u
3624 686 3734 743 eum,

2295 748 2459 803 verba
2488 760 2607 817 qua!
2632 748 2840 803 habetis
2883 763 3115 816 mecum,
3146 750 3308 806 habeo
3350 754 3550 815 indicare
3577 761 3734 833 impera.

2297 841 2419 895 tori.
2454 841 2523 895 At
2554 841 2626 894 illi
2673 850 2974 897 metuentes
3021 851 3299 900 tenuerunt
3324 861 3433 907 eum
3457 852 3512 905 ad
3534 869 3685 924 preces,
3704 871 3738 917 et

2297 933 2351 986 in
2381 932 2719 987 chelandium
2770 933 3004 990 deducto
3042 951 3132 999 eo,
3164 934 3384 995 Sabbato
3410 955 3541 997 mane
3565 960 3736 1005 venerunt

2297 1026 2364 1079 ad
2397 1027 2605 1094 urbem,
2634 1036 2688 1081 et
2720 1026 3052 1082 incluserunt
3081 1042 3203 1083 eum
3232 1029 3280 1083 in
3305 1031 3447 1088 domo
3471 1032 3691 1106 Purpurea,
3706 1042 3737 1095 in

2295 1132 2399 1187 qua
2431 1127 2486 1171 et
2514 1126 2673 1175 natus
2699 1127 2801 1185 est,
2836 1127 2892 1175 et
2920 1121 3063 1175 circa
3112 1121 3294 1175 horam
3341 1140 3509 1179 nonam
3547 1130 3739 1186 crudeliter

2297 1218 2352 1266 et
2400 1211 2773 1266 insanabiliter
2822 1214 3012 1268 oculos
3060 1213 3179 1283 ejus
3225 1215 3460 1279 evellant,
3495 1220 3556 1273 ita
3591 1230 3634 1275 ut
3652 1223 3740 1279 hunc

2296 1321 2441 1362 mors
2492 1306 2826 1375 subsequens
2882 1305 3169 1361 confestim
3222 1310 3550 1381 extingueret,
3595 1316 3742 1370 consilio

2296 1398 2483 1454 matris
2510 1414 2618 1453 suae
2674 1406 2730 1453 et
2758 1397 3190 1453 eoneiiiariorum
3214 1398 3343 1468 ejus.
3370 1397 3743 1459 Obtenebratusest

2297 1498 2475 1549 autem
2505 1493 2586 1547 sol
2614 1506 2710 1562 per
2737 1492 2854 1548 dies
2881 1493 3281 1564 septemdecim,
3309 1504 3360 1550 et
3385 1510 3482 1551 non
3498 1496 3614 1551 dedit
3633 1498 3744 1553 radios

2296 1599 2447 1652 suos,
2478 1584 2554 1639 ita
2582 1592 2643 1640 ut
2686 1594 2933 1640 errarent
2982 1601 3146 1641 naves
3192 1588 3365 1651 maris,
3403 1603 3638 1659 omnesque
3655 1588 3745 1643 dies.

2297 1686 2418 1731 rent
2446 1678 2591 1748 quod
2625 1688 2849 1749 propter
2894 1680 3308 1735 obcaecatiunem
3354 1680 3523 1750 imper.
3554 1679 3746 1736 soleba-

2300 1778 2453 1825 eatus
2496 1769 2677 1825 radios
2724 1786 2850 1827 suos
2897 1772 3202 1838 retraxerit,
3248 1782 3305 1828 et
3351 1772 3510 1829 taliter
3545 1773 3599 1828 de
3623 1783 3748 1829 cetera

593 1837 911 1923 .;undebant.
946 1837 1101 1920 Anno
1142 1865 1374 1935 septimo
1418 1861 1625 1934 imperii
1677 1862 1783 1929 sui,
1825 1876 2012 1917 mense
2059 1875 2191 1917 vero
2220 1837 2271 1901 Β
2299 1862 2530 1932 imperat
2583 1862 2777 1919 Eirene
2842 1872 3015 1920 mater
3063 1865 3201 1935 ejus.
3268 1865 3454 1921 Eodem
3501 1867 3628 1922 etiam
3662 1879 3751 1920 anno

593 1954 924 2026 Septembri,
960 1971 1209 2026 egressus
1230 1964 1311 2011 est
1336 1955 1632 2026 imperator
1658 1968 1779 2010 cum
1810 1961 1984 2007 matre
2008 1967 2104 2007 sua
2132 1958 2193 2007 ut

594 2050 871 2107 calefieret
917 2049 1058 2121 apud
1114 2050 1358 2105 Prusam.
1384 2045 1616 2104 Octobre
1648 2062 1780 2101 vero
1820 2059 2005 2100 mense
2034 2054 2195 2101 natus

592 2152 679 2201 est
708 2145 1023 2214 imperatori
1054 2144 1237 2213 .iiiius,
1269 2158 1430 2214 quem
1472 2141 1874 2210 cognominavit
1904 2140 2139 2196 Leonem
2175 2155 2190 2206 ;

595 2251 718 2308 qua:
766 2253 886 2293 cum
940 2238 1284 2307 cognovisset
1337 2236 1648 2306 imperator,
1707 2232 1967 2289 derelicta
2018 2241 2193 2289 matre

594 2328 738 2398 apud
771 2326 1031 2396 thermas,
1058 2343 1163 2381 una
1189 2342 1310 2383 cum
1336 2326 1525 2382 ordine
1553 2326 1704 2396 regio
1730 2325 2005 2391 universo,
2030 2333 2194 2397 atque

595 2422 950 2494 principibus,
978 2420 1175 2476 cursim
1210 2420 1260 2474 in
1291 2418 1484 2474 urbem
1504 2432 1784 2489 regressus
1809 2427 1912 2474 est.
1939 2417 2190 2488 Quapro-

597 2523 719 2587 pter
736 2515 893 2584 hujus
908 2523 1079 2570 mater
1100 2514 1275 2585 Spatio
1296 2522 1512 2584 reperto
1535 2511 1766 2569 allocuta
1788 2521 1888 2580 est,
1904 2520 1959 2569 et
1972 2514 2157 2568 subtra
2188 2542 2189 2545 η

596 2607 676 2663 xit
707 2606 1016 2662 muneribus
1041 2621 1103 2662 ac
1124 2603 1565 2676 promissionibus
1599 2605 1869 2674 agminum
1900 2603 2189 2674 principes,

595 2708 657 2754 ut
674 2696 1033 2769 deponeretur
1055 2696 1192 2752 lilius
1219 2696 1357 2766 ejus,
1376 2706 1428 2751 et
1452 2697 1566 2767 ipsa
1601 2696 1940 2765 singulariter
1960 2697 2195 2765 impera-

595 2798 701 2859 ret,
734 2799 789 2845 et
813 2790 946 2845 alios
976 2792 1167 2845 borum
1225 2802 1320 2859 per
1357 2789 1612 2859 seipsam,
1645 2790 1781 2845 alios
1808 2804 1939 2845 vero
1968 2803 2065 2859 per
2092 2789 2192 2846 ho-

595 2882 772 2941 mines
801 2897 931 2939 suos
960 2881 1241 2937 blandiens
1270 2883 1493 2937 attraxit
1520 2881 1585 2937 ad
1616 2897 1676 2939 se
1721 2898 1931 2952 omnes,
1973 2894 2025 2940 et
2056 2898 2193 2952 prm-

596 2975 901 3034 stolahatur
926 2988 1225 3047 congruum
1254 2976 1498 3031 invenire
1524 2975 1683 3031 diem.
1720 2976 1928 3032 interea
1957 2976 2196 3031 obeunte

597 3066 786 3126 Romae
815 3069 1055 3124 Adriano
1097 3082 1257 3139 papa,
1300 3077 1651 3125 consecratur
1700 3067 1810 3125 Leo
1842 3070 1923 3123 vir
1952 3069 2193 3125 honora-

597 3160 913 3230 bilissimus,
954 3168 1008 3216 et
1056 3176 1152 3232 per
1200 3160 1383 3217 omnia
1436 3160 1787 3217 reverendus.
1834 3160 2017 3217 Mense
2060 3176 2192 3218 vero

598 3250 793 3311 Martio
834 3253 1001 3309 exivit
1044 3253 1343 3325 imperator
1392 3254 1653 3311 adversus
1709 3255 1931 3320 Arabes,
1988 3254 2197 3311 habens

597 3362 784 3408 secum
810 3347 1145 3403 Stauratium
1170 3348 1484 3419 patricium,
1520 3355 1574 3402 et
1602 3357 1826 3405 czcteros
1848 3349 2054 3405 amicos
2080 3365 2195 3403 ma-

597 3440 699 3497 tris
726 3456 853 3507 suae,
884 3454 1095 3496 necnon
1126 3446 1180 3494 et
1206 3438 1432 3495 electam
1482 3449 1759 3495 catervam
1817 3442 2198 3512 expeditorum

597 3533 828 3589 militum
859 3544 923 3587 ex
958 3532 1198 3603 utrisque
1223 3532 1547 3588 tbematibus
1572 3533 1755 3601 viginti
1779 3532 1966 3591 millia.
1993 3533 2197 3590 Viden-

598 3623 744 3680 tibus
771 3631 977 3689 autem,
1021 3623 1113 3694 qui
1142 3623 1284 3679 circa
1315 3622 1647 3680 Stauratium
1676 3635 1831 3682 erant
1860 3626 2197 3684 alacritatem

599 3715 789 3789 populi
819 3724 873 3771 et
900 3716 1259 3785 imperatoris,
1297 3716 1591 3772 timuerunt
1624 3732 1691 3774 ne
1722 3718 1861 3773 forte
1892 3718 2024 3773 inito
2058 3718 2198 3774 bello

600 3804 695 3864 ille
723 3809 984 3875 vinceret,
1012 3816 1066 3864 et
1090 3808 1189 3883 ipsi
1212 3808 1513 3865 adiuventis
1537 3808 1793 3866 adversus
1823 3824 1947 3865 eum
1976 3809 2200 3866 frustra-

601 3905 792 3955 rentur
832 3896 1070 3967 insidiis;
1102 3910 1234 3970 ergo
1282 3899 1578 3957 muneratis
1627 3900 1875 3971 vigilibus
1915 3917 2199 3971 persuase-

600 3998 733 4050 runt
761 3992 840 4048 eis
871 3991 1107 4059 mentiri,
1140 3991 1475 4063 perhibendo
1506 3989 1809 4049 Saracenos
1839 3993 2055 4064 fugisse.
2087 3991 2199 4049 lin-

600 4096 826 4160 perator
880 4088 1064 4156 itaque
1104 4084 1329 4142 multum
1384 4087 1653 4154 tristatus,
1704 4086 1953 4145 ineﬂicax
2008 4090 2198 4145 urbem

604 4180 878 4254 ingressus
906 4193 1006 4251 est,
1036 4192 1089 4239 et
1111 4182 1337 4239 Kalend.
1372 4183 1495 4238 Maii
1539 4189 1783 4239 mortuus
1808 4189 1891 4237 est
1922 4180 2060 4237 illius
2081 4181 2198 4253 ejus

2297 1954 2484 2011 Romte
2510 1958 2727 2028 cognati
2770 1958 2940 2014 beatas
2981 1960 3258 2017 memorias
3298 1960 3498 2016 Adriani
3530 1975 3750 2031 papam-

2296 2056 2576 2105 moventes
2625 2049 2880 2119 populum
2912 2051 3226 2106 tuntultuati
3271 2062 3393 2108 sunt
3416 2062 3573 2109 contra
3597 2055 3749 2107 Leonem

2295 2153 2508 2210 papam,
2537 2147 2591 2195 et
2618 2148 2862 2196 tenentes
2891 2152 3233 2200 cmcaverunt
3260 2160 3398 2209 eum,
3430 2160 3522 2201 non
3550 2155 3678 2200 tamen
3695 2158 3751 2214 pe-

2296 2239 2439 2295 nitus
2466 2240 2647 2295 lumen
2680 2239 2797 2311 ejus
2825 2242 3173 2312 exstinguere
3198 2252 3494 2313 potuerunt.
3518 2245 3574 2299 At
3595 2243 3659 2297 ille
3678 2257 3754 2296 cou-

2296 2330 2429 2401 fugit
2457 2333 2526 2387 ad
2554 2332 2734 2388 Carol.
2769 2347 2949 2404 regem
2983 2334 3201 2403 Franc.,
3234 2337 3323 2406 qui
3352 2336 3480 2391 ultus
3506 2343 3575 2391 est
3596 2333 3754 2389 inimicos
3850 2330 3851 2379 Υ

2294 2426 2411 2497 ejus
2450 2441 2652 2492 amare,
2702 2435 2758 2484 et
2805 2430 3040 2485 restituit
3070 2446 3196 2486 eum
3228 2432 3281 2486 in
3312 2430 3433 2487 sede
3457 2445 3556 2485 sua.
3578 2428 3753 2484 Ceterum

2295 2520 2467 2576 vicem
2516 2521 2714 2578 Carolo
2741 2537 3185 2594 recompensans,
3220 2525 3274 2579 in
3314 2525 3637 2595 imperatorem
3658 2533 3756 2577 coro-

2297 2614 2443 2668 navit
2472 2630 2593 2670 eum
2624 2615 2677 2670 in
2703 2615 2905 2688 templo
2926 2618 3093 2673 sancti
3127 2618 3275 2673 Petri
3302 2618 3529 2690 apostoli,
3558 2627 3758 2687 pertingens

2296 2705 2419 2763 oleo
2447 2722 2478 2762 a
2509 2708 2686 2777 capite
2716 2722 2887 2779 usque
2934 2709 3000 2763 ad
3032 2708 3217 2779 pedes,
3251 2709 3624 2766 eteircumdans
3657 2707 3758 2774 impe-

2296 2801 2499 2857 ratoria
2528 2810 2698 2867 veste,
2732 2811 2893 2871 atque
2920 2818 3122 2858 corona
3175 2819 3269 2859 vni
3311 2801 3553 2859 Kalendas
3587 2795 3759 2861 Januarii,

2297 2892 2596 2951 indictione
2656 2910 2818 2951 nona.
2883 2893 3051 2965 igitur
3104 2897 3369 2953 Romanis
3414 2895 3609 2969 imperat
3642 2887 3763 2944 Eirent

2296 2987 2451 3045 annis
2482 3005 2530 3043 v.
3373 2996 3376 3001 ·

2947 3078 3235 3138 ElRENE.

2223 3202 2275 3273 Ο
2373 3246 2530 3297 Auno
2579 3242 2648 3297 ab
2698 3240 3076 3299 incarnatione
3128 3241 3346 3299 Domini
3375 3238 3492 3306 791,
3530 3236 3766 3291 [Sirenem

2299 3334 2538 3393 secundo
2581 3335 2850 3405 imperare
2890 3334 3168 3404 cupisset,
3191 3332 3472 3389 confestim
3494 3321 3770 3383 direxitlim

2300 3427 2491 3503 theum
2532 3439 2853 3494 egomenum
2902 3425 3439 3498 ChrysOpolitanum,
3483 3431 3533 3477 et
3564 3408 3770 3473 ὓοηειθιῆ·

2298 3534 2428 3575 num
2477 3519 2952 3591 carthopbylacem
2982 3520 3234 3576 ecclesiae
3280 3530 3479 3586 magna
3501 3513 3557 3569 ad
3578 3505 3770 3564 Habdlm‘

2301 3612 2408 3667 licli
2447 3621 2631 3682 partes
2677 3613 3034 3683 Cappadocia:
3073 3612 3508 3684 depopulantem,
3536 3614 3657 3674 atque
3672 3596 3771 3652 Gaia-

2295 3705 2419 3772 (θρίω,
2449 3705 2793 3761 intercedens
2838 3720 2935 3773 pro
2964 3721 3115 3775 pace,
3152 3704 3302 3777 quod
3349 3711 3516 3758 tamen
3542 3697 3773 3752 factumne!

2296 3807 2403 3854 est.
2433 3796 2671 3854 Octobre
2711 3813 2899 3854 mense
2918 3797 3142 3869 quidam
3174 3797 3407 3853 rebelles
3434 3795 3482 3848 in
3508 3785 3771 3849 custoditpo'

2296 3892 2416 3948 sitis
2442 3892 2496 3947 in
2530 3892 2729 3961 palatio
2758 3890 2783 3920 ⁸
2816 3891 3106 3962 Tuterapiu
3163 3891 3288 3948 [illis
3318 3883 3637 3961 impugnantis
3655 3878 3770 3934 Dem,

2298 3988 2640 4057 Constantini
2686 3988 2915 4053 scilicet,
2952 3987 3018 4043 ad
3059 4001 3318 4057 magnam
3362 3968 3772 4055 persuadth

2299 4082 2435 4139 siam
2485 4053 2800 4153 confugere,
2846 4082 2996 4151 quasi
3042 4088 3303 4151 petentes
3342 4076 3641 4134 securitatem
3658 4063 3774 4157 subst:

2302 4175 2521 4245 quentis
2566 4150 2933 4229 indemnitatis
2972 4150 3102 4237 suae,
3153 4180 3429 4243 quatenus
3465 4182 3548 4237 per
3570 4150 3774 4230 bujusmoii

604 4279 738 4348 Leo,
765 4288 820 4335 et
863 4278 1001 4335 luxit
1044 4296 1165 4336 eum
1209 4280 1573 4336 vehementer.
1608 4276 1779 4335 Porro
1807 4278 2013 4334 decima
2044 4284 2197 4333 sexta
2302 4269 2643 4326 occasionem
2677 4268 3010 4339 appellarent
3033 4284 3101 4323 ex
3128 4272 3214 4325 eis
3244 4276 3557 4338 quemquam
3581 4254 3777 4323 imﬂnm’

604 4371 839 4433 Kalend.
873 4375 1097 4446 Augusti
1130 4377 1198 4431 ab
1227 4376 1464 4447 equestri
1506 4392 1676 4449 agone
1716 4374 1781 4430 ad
1811 4383 2056 4431 sanctum
2088 4371 2202 4427 Ma‘
2301 4378 2439 4420 rem-
2493 4362 2559 4417 Ει
2606 4363 2777 4418 mimo
2825 4363 3027 4433 Ρορυίο
3072 4363 3145 4417 ad
3189 4362 3475 4419 θεειεδίθω
3516 4348 3779 4449 “mnf”:

608 4484 733 4523 man
767 4477 1109 4533 transeunte,
1143 4437 1551 4525 trausmearuni
1572 4468 1638 4523 ad
1683 4484 1806 4524 eum
1837 4466 2199 4539 comprehen-
2305 4461 2577 4531 ingressus
2603 4469 2685 4515 est
2730 4458 2916 4516 Aetius
2964 4458 3251 4513 eunuchus
3305 4453 3565 4525 patricius.
3598 4454 3638 4503 εί
3666 4437 3782 4539 alii“

611 4558 848 4614 dendum
887 4561 941 4615 hi
985 4561 1076 4631 qui
1105 4569 1259 4615 erant
1304 4576 1368 4616 ex
1404 4561 1700 4627 ordinibus,
1732 4576 1866 4633 quos
1895 4570 2069 4617 mater
2099 4560 2203 4613 im-
2231 4570 2403 4649 Deos
2454 4553 2639 4617 verbo,
2692 4551 2907 4605 nemine
2949 4549 3015 4604 ad
3068 4565 3164 4606 eos
3218 4550 3544 4609 attendente,
3586 4546 3628 4594 εί

611 4653 880 4725 peratoris
929 4652 1161 4707 allocuta
1212 4660 1295 4707 est
1325 4671 1336 4706 :
1368 4668 1475 4725 quo
1516 4653 1605 4709 ille
1635 4631 1871 4724 cognito,
1902 4654 1953 4708 in
1984 4652 2204 4708 chelan-
2234 4631 2283 4649 υ
2307 4648 2702 4702 damnaverunt
2732 4658 2826 4698 eos
2850 4642 2989 4713 apud
3016 4643 3285 4698 Athenas.
3324 4643 3438 4697 Duo
3468 4647 3620 4693 autem

610 4720 759 4803 dium
806 4762 961 4801 suum
1005 4746 1277 4816 ingressus
1306 4720 1410 4809 est,
1443 4753 1500 4802 et
1541 4720 1893 4803 transmeavit
1922 4746 1987 4801 ad
2020 4745 2200 4818 Pylas,
2305 4738 2609 4795 Slauratius
2638 4745 2693 4793 ei
2728 4738 2949 4800 Αοῑὶιιε,
2995 4736 3085 4806 qui
3129 4736 3321 4792 dilecti
3378 4747 3493 4789 esse
3534 4720 3784 4819 noscebtmif

610 4839 802 4895 volens
826 4838 892 4894 ad
916 4837 1269 4894 Orientalium
1303 4838 1482 4893 thema
1507 4848 1814 4910 contugere.
1837 4842 2001 4892 litant
2022 4847 2203 4894 autem
2308 4830 2688 4903 imperatricis,
2720 4829 2847 4885 facti
2873 4837 2998 4884 sunt
3030 4828 3083 4883 in
3130 4829 3462 4884 alterutrum
3500 4806 3785 4910 hostesi“.ut

2308 4927 2641 4983 inimicitiam
2692 4924 2971 4981 manifeste
3010 4932 3407 4987 monstrarent,
3441 4920 3584 4975 ambo
3624 4912 3785 4965 intentw'

2305 5032 2429 5073 nem
2458 5018 2717 5073 habentes
2748 5023 2871 5087 post
2900 5023 3128 5071 mortem
3170 5016 3297 5085 ejus
3326 5009 3557 5083 cognatis
3578 5003 3663 5061 suis
3682 4997 3786 5087 itur?

2305 5112 2443 5166 rium
2462 5082 2790 5179 acquirendi.
2825 5106 2981 5162 Anno
3006 5082 3251 5162 secundo
3276 5082 3482 5177 imperii
3504 5100 3683 5155 Eireus,

2306 5206 2556 5263 dimelieh
2586 5204 2750 5261 exivit
2779 5214 2965 5259 contra
2998 5201 3328 5255 Romaniam
3350 5243 3364 5267 ,
3393 5207 3446 5254 et
3475 5191 3625 5251 missis
3646 5174 3788 5251 expeti“

2308 5306 2485 5353 torum
2514 5295 2745 5351 millibus
2775 5295 2826 5348 in
2849 5308 3083 5353 cursum,
3109 5290 3399 5347 descendit
3423 5299 3578 5355 usque
3601 5276 3789 5339 Nabim

2308 5400 2363 5447 et
2392 5403 2772 5462 prmoccupans
2801 5385 2853 5440 in
2886 5385 3110 5439 stabulis
3136 5382 3413 5439 Stauratii
3453 5390 3622 5448 equos,
3645 5370 3793 5462 ἱωρθτῖ

2309 5455 2450 5540 torio
2496 5455 2732 5553 equitatu
2781 5486 2960 5548 capto,
2999 5477 3113 5532 sine
3146 5476 3377 5532 laesione
3420 5479 3642 5529 reversus
3677 5455 3793 5553 εεξοεί

2308 5580 2504 5650 reliqui
2545 5550 2888 5633 descendunt
2942 5572 3129 5649 usque
3164 5572 3209 5651 hr
3259 5569 3487 5633 Liliam,
3550 5571 3597 5619 et
3650 5550 3795 5651 maliti“

2278 5660 2283 5663 Α
2310 5645 2584 5729 consecuti
2615 5677 2741 5725 sunt
2774 5666 3028 5741 praedam.
3060 5650 3252 5720 Mense
3282 5673 3459 5719 autem
3487 5651 3669 5717 Martio:

2309 5781 2397 5823 ma
2426 5762 2717 5819 indictione
2734 5802 2750 5828 ,
2774 5729 2950 5815 voluit
2978 5756 3306 5815 Achamirus
3332 5750 3673 5815 Sclavinoruln
3690 5729 3796 5793 Belli

2379 5886 2411 5930 δ
2438 5875 2547 5948 AL,
2574 5872 2804 5933 Lidiam.

613 4950 735 4992 cum
770 4950 836 4989 eo
865 4939 920 4988 et
963 4930 1119 4987 amici
1146 4930 1333 4986 matris
1362 4930 1498 5000 ejus,
1525 4945 1663 5000 quos
1692 4931 1781 4985 ille
1809 4930 1890 4986 sic
1916 4945 2034 4985 esse
2060 4929 2207 5000 igno-

612 5027 793 5083 rabat.
828 5014 1091 5079 Praeterea
1122 5024 1237 5097 ipse
1273 5031 1328 5078 et
1354 5022 1544 5077 mulier
1587 5021 1702 5092 ejus
1738 5021 1906 5077 exivit
1935 5036 2107 5091 usque
2137 5022 2205 5079 ad

614 5117 917 5176 Tritonem.
952 5115 1145 5179 Porro,
1195 5116 1422 5171 consilio
1470 5114 1628 5181 inito,
1662 5114 1817 5169 amici
1864 5116 2051 5169 matris
2090 5117 2206 5185 ejus

616 5212 867 5268 dixerunt
896 5211 963 5265 ad
986 5209 1311 5279 semetipsos
1341 5224 1354 5261 :
1388 5207 1443 5262 Si
1467 5216 1818 5263 coacervatus
1847 5207 1896 5262 ei
1927 5207 2087 5264 fuerit
2109 5223 2207 5279 po-

619 5309 777 5379 pulus
803 5323 912 5363 non
940 5307 1050 5375 jam
1074 5306 1314 5361 dominio
1340 5304 1757 5373 constringetur,
1786 5319 1884 5361 nec
1899 5303 2012 5373 jam
2037 5304 2208 5361 latere

620 5402 919 5472 poterimus
947 5413 1088 5460 eum,
1122 5405 1175 5452 et
1197 5396 1385 5467 perdet
1417 5411 1532 5450 nos.
1554 5395 1834 5464 Materque
1863 5396 2050 5466 ipsius,
2073 5410 2206 5450 con-

620 5491 855 5563 gregatis
885 5489 939 5546 in
964 5488 1166 5561 palatio
1196 5487 1467 5552 Eleutevii,
1492 5488 1579 5556 qui
1604 5503 1671 5543 ex
1702 5487 1976 5544 ordinibus
1998 5487 2211 5543 fuerant

625 5581 899 5647 collocati,
951 5582 1194 5637 introivit
1240 5581 1293 5634 in
1345 5579 1625 5652 palatium,
1674 5587 1729 5634 et
1776 5594 1898 5634 cum
1935 5579 2213 5635 didicisset

624 5677 815 5755 populi
841 5675 908 5732 ad
939 5677 1325 5747 imperatorem
1355 5688 1701 5743 concursum,
1732 5674 1911 5729 timuit
1946 5674 2129 5742 nimis,
2158 5682 2214 5729 et

632 5769 897 5827 tractabat
944 5769 1179 5838 qualiter
1228 5769 1470 5826 mitteret
1508 5768 1792 5840 episcopos
1835 5766 1904 5825 ad
1954 5782 2115 5838 eum,
2155 5773 2215 5824 et

711 5892 740 5927 ⁸
763 5885 871 5955 AL,
903 5884 1235 5956 Tanterapin.
