3956 6342
194 372 326 436 1125

1188 352 1508 419 utsrotua
1546 340 1907 413 MISCELLA.
1947 376 2021 393 -
2056 347 2190 407 LIB.
2228 342 2417 406 χχιιι.

3330 342 3479 413 1138

196 516 277 571 tia:
304 511 572 580 princeps,
620 504 862 576 pulsatus
901 501 972 559 ab
1014 497 1347 566 Helladicis,
1377 498 1609 554 educere
1636 493 1778 551 ﬁlios
1806 472 1854 533 Α
1883 491 2117 548 tionibus
2164 491 2326 546 freta.
2370 488 2527 545 Anno
2550 485 2742 558 quinto
2766 485 2981 561 imperii
3031 485 3241 580 Eirena
3284 486 3478 551 Aetius

198 599 554 663 Constantini,
599 604 653 653 et
677 612 748 651 ex
789 596 869 651 eis
898 606 1217 665 promovere
1258 591 1313 647 in
1369 590 1777 660 imperatorem.

1880 584 2136 656 patricius
2166 582 2302 639 liber
2355 596 2386 636 a
2415 580 2687 637 Stauratio
2714 579 2811 635 lact
2823 594 2907 651 us,
2954 588 3010 635 et
3036 579 3158 637 ideo
3181 580 3480 639 securitate

198 693 325 751 Cum
356 699 535 747 autem
565 688 905 759 cognovisset
934 684 1247 755 imperatrix
1279 682 1493 746 Eirene,
1526 677 1689 734 mittit
1713 676 1781 731 ad
1882 679 2106 749 potitus,
2168 674 2450 757 imperium
2492 674 2557 729 ad
2604 672 2880 744 proprium
2928 672 3152 729 fratrem
3183 671 3479 730 transferre

199 784 475 858 patricium
524 778 934 836 Constantinum
966 785 993 814 ι
1021 772 1427 843 Serentapicum
1448 812 1464 841 ,
1495 768 1784 842 Theophy-

1884 769 2199 838 satagebat,
2231 782 2393 838 quem
2426 774 2483 823 et
2520 765 2979 837 Monostrategum
3020 765 3149 821 fecit
3175 766 3228 821 in
3270 766 3480 823 Thrace

200 877 394 935 iactum
420 876 585 931 ﬁlium
613 873 754 943 ejus,
782 871 872 942 qui
897 870 1168 941 spatarius
1190 876 1325 935 erat,
1358 875 1414 923 et
1447 881 1616 935 nepos
1643 864 1783 936 ejus,
1885 862 2046 920 simul
2074 871 2129 919 et
2148 861 2460 919 Macedonia
2485 901 2500 927 ,
2553 860 2669 930 ipse
2696 860 2951 916 ulteriora
3000 860 3239 915 themata
3265 867 3481 929 tenens,

200 982 253 1031 et
264 971 507 1029 omnium
529 967 716 1025 oculos
736 966 897 1031 emit,
917 974 973 1020 et
987 962 1267 1032 dissipavit
1290 960 1576 1016 consilium
1596 972 1786 1014 eorum

203 1075 387 1125 contra
403 1080 462 1120 se
483 1062 730 1131 nequiter
764 1059 1131 1123 adinventum.
1156 1053 1324 1111 Porro
1348 1050 1623 1109 Paschalis
1639 1048 1789 1104 testi-

200 1160 379 1216 vitatis
398 1155 633 1212 secunda
650 1152 780 1207 feria
798 1148 1059 1221 processit
1073 1146 1267 1203 Eirenc
1287 1160 1318 1200 a
1339 1143 1540 1201 sanctis
1569 1148 1790 1212 aposto-

202 1250 285 1315 lis,
303 1250 357 1306 in
379 1262 539 1304 curru
556 1259 721 1300 aureo
748 1250 921 1307 vecta,
935 1239 1026 1309 qui
1042 1247 1275 1309 quatuor
1288 1235 1425 1291 albis
1441 1230 1596 1307 equis
1615 1231 1791 1287 trahe-

204 1341 380 1406 batur,
400 1346 456 1395 et
474 1352 506 1392 a
521 1343 751 1407 quatuor
767 1330 1005 1404 patriciis
1020 1328 1326 1392 tenebatur,
1349 1323 1618 1380 Bardanio
1645 1321 1793 1378 vide-

205 1432 330 1490 licet
356 1438 585 1502 praetore
606 1423 1003 1488 Tracesiorum,
1025 1419 1262 1477 Sisinnio
1292 1426 1521 1491 praetore
1545 1413 1792 1482 Thracae,

204 1523 388 1583 Nicetu
416 1518 716 1578 domestico
752 1516 1060 1573 scholarum
1078 1551 1096 1580 ,
1124 1522 1181 1570 et
1207 1510 1564 1569 Constantino
1592 1505 1794 1580 Boyla,

202 1618 412 1692 jactans
437 1613 730 1671 liberaliter
756 1610 1034 1682 hypatian.
1075 1609 1257 1665 Mense
1281 1621 1411 1664 vero
1460 1604 1600 1662 Maio
1652 1600 1796 1658 infir-

205 1717 350 1767 mata
374 1715 457 1763 est
495 1701 809 1776 imperatrix
838 1716 978 1772 pene
1005 1713 1175 1770 usque
1203 1698 1271 1754 ad
1300 1706 1556 1763 mortem,
1587 1703 1642 1751 et
1670 1707 1798 1765 pro-

207 1807 355 1858 tenta
386 1808 470 1857 est
518 1799 796 1855 contentio
839 1794 1210 1852 cunuchorum
1240 1790 1383 1846 Aetii
1414 1798 1469 1845 et
1519 1786 1797 1844 Stauratii.

207 1893 395 1950 Aetius
418 1898 599 1947 autem
624 1889 914 1945 auxiliatus
932 1894 1016 1943 est
1037 1884 1236 1941 Nicetes
1287 1881 1535 1955 patricio,
1566 1888 1621 1936 et
1641 1878 1799 1936 scho-

207 1982 382 2042 larum
410 1981 738 2047 Domestico,
765 1987 823 2034 et
850 1980 1207 2049 insequuntur
1227 1989 1416 2033 severe
1443 1970 1798 2041 Stauratium,

207 2074 431 2131 credere
455 2073 714 2128 facientes
738 2070 1136 2141 imperatricem
1158 2066 1302 2139 quod
1326 2067 1609 2137 imperium
1636 2080 1802 2138 appe-

213 2171 371 2232 teret,
405 2164 478 2220 ita
509 2171 568 2219 ut
595 2161 850 2219 atrociter
880 2160 1168 2243 irata.illi,
1214 2157 1512 2214 ascendens
1550 2158 1602 2210 in
1647 2157 1800 2227 pala-

212 2261 348 2316 tium
374 2252 403 2292 δ
430 2255 819 2324 Tentbierium,
863 2254 1063 2311 dixerit
1090 2252 1397 2309 rebellionis
1437 2260 1492 2307 et
1517 2249 1803 2306 simultatis

210 2350 504 2410 sollicitum
534 2364 658 2404 eum
703 2362 824 2404 esse
852 2347 954 2403 sibi
994 2345 1217 2402 sceleris
1255 2344 1637 2414 acquisitorem
1670 2360 1682 2396 :
1711 2341 1804 2412 qui

213 2443 284 2499 ad
316 2443 430 2497 hec
451 2440 701 2511 apologia
722 2439 885 2506 facta,
910 2436 1186 2494 muniebat
1211 2434 1467 2506 seipsum.
1499 2432 1806 2489 lnsaniehat

211 2544 397 2594 autem
444 2535 715 2591 adversus
747 2532 980 2599 Aetium,
1030 2538 1087 2587 et
1134 2529 1400 2598 Nicetam,
1430 2537 1485 2585 et
1518 2527 1805 2599 praedictos

214 2628 494 2703 patricios.
545 2628 702 2684 Anno
750 2626 908 2683 tertio
952 2623 1164 2695 imperii
1214 2622 1445 2687 Eirenac,
1478 2635 1664 2677 mense
1691 2619 1805 2676 Fe-

214 2720 458 2785 bruario,
508 2719 800 2775 indictione
850 2725 1059 2785 octava,
1106 2716 1220 2786 jam
1272 2715 1448 2770 dictus
1506 2712 1807 2770 Stauratius

214 2812 476 2885 patricius
524 2810 859 2882 tyrannidem
913 2824 979 2865 ac
1023 2806 1352 2865 simultatem
1400 2805 1456 2861 in
1499 2805 1632 2859 urbe
1660 2802 1808 2875 regia

216 2900 592 2969 construebat,
622 2900 938 2965 scholarios,
971 2900 1064 2972 qui
1089 2908 1245 2955 erant
1272 2898 1326 2954 in
1354 2913 1438 2963 ea,
1464 2896 1808 2953 excubitores

217 3010 327 3052 una
354 3009 475 3049 cum
506 2993 690 3066 primis
725 3008 910 3050 eorum
930 3034 945 3061 ,
974 2992 1214 3065 pecuniis
1240 3000 1295 3049 et
1324 2990 1633 3047 muneribus
1660 3005 1810 3047 assu-

218 3101 394 3154 mens,
425 3096 477 3142 et
502 3086 720 3157 placans
754 3102 767 3140 :
803 3087 994 3140 Eirene
1044 3094 1221 3140 autem
1252 3084 1341 3156 pia
1383 3082 1696 3154 imperatrix
1738 3084 1804 3138 sic

1890 954 2170 1011 orientalis
2220 954 2427 1011 scilicet
2474 961 2529 1008 et
2555 952 2759 1009 obsicii.
2794 952 2928 1007 Cum
2957 966 3084 1023 ergo
3126 954 3362 1009 elatione
3390 968 3478 1009 re-

1893 1048 2068 1105 Iertes
2114 1055 2298 1115 esset,
2351 1061 2448 1103 eos
2498 1045 2768 1117 principes
2814 1044 2905 1117 qui
2933 1044 3276 1121 sublimiores
3324 1050 3483 1099 erant

1892 1139 2292 1207 debonestans,
2348 1154 2447 1209 pro
2493 1137 2663 1193 nihilo
2703 1136 3020 1210 reputabat,
3072 1136 3163 1209 qui
3213 1144 3271 1193 et
3326 1135 3486 1192 valde

1892 1236 2072 1293 mmsti
2126 1235 2385 1291 adversus
2432 1249 2528 1290 eos
2573 1233 2797 1301 ellecti,
2846 1232 3175 1288 simultatem
3229 1231 3488 1288 adversus

1892 1330 2289 1402 imperatricem
2330 1327 2674 1395 meditantes,
2718 1327 2859 1382 hanc
2908 1326 2963 1381 in
3015 1340 3152 1398 opus
3197 1326 3486 1381 duxerunt.

1896 1422 2272 1481 Pervenerunt
2301 1432 2483 1479 autem
2512 1429 2568 1476 et
2597 1419 2914 1492 apocrisarii
2942 1434 2972 1474 a
3002 1416 3198 1476 Carolo
3219 1426 3275 1473 et
3306 1417 3487 1475 Leone

1896 1531 2036 1587 papa
2073 1515 2268 1571 directi
2298 1512 2367 1569 ad
2408 1512 2643 1570 Eirenen
2688 1511 3016 1583 piissimam,
3046 1509 3386 1583 postulantes
3425 1518 3487 1567 ut

1895 1610 2211 1683 jungeretur
2246 1609 2324 1666 illi
2365 1610 2433 1665 ad
2476 1609 2713 1678 nuptias,
2746 1616 2803 1663 et
2844 1607 3053 1665 veniret
3078 1622 3144 1663 eo
3191 1604 3257 1662 ad
3282 1605 3491 1676 Hespe-

1900 1703 2004 1767 ria,
2052 1715 2173 1774 quae
2216 1700 2464 1773 profecto
2491 1700 2879 1767 obaudivisset,
2930 1699 3031 1755 nisi
3086 1698 3276 1757 Aetius
3302 1713 3495 1769 supra-

1901 1796 2077 1852 dictus
2116 1793 2439 1859 inhibuisset
2488 1792 2803 1864 prmvaleus,
2859 1800 2915 1851 et
2963 1791 3334 1863 imperiumin
3360 1807 3491 1864 pro-

1903 1888 2078 1959 prium
2108 1887 2333 1943 fratrem
2363 1900 2650 1956 usurpans.
2684 1884 2944 1955 Sequenti
2974 1895 3155 1941 autem
3184 1900 3350 1951 anno,
3403 1882 3499 1955 qui

1903 1986 1988 2034 est
2028 1978 2232 2048 primus
2285 1992 2458 2034 annus
2482 1976 2772 2047 Nicephori
2798 2016 2813 2045 ,
2863 1977 3037 2047 pridie
3074 1974 3344 2035 Kalendas
3390 1975 3501 2034 No-

1902 2069 2169 2133 vembris,
2212 2067 2505 2125 indictione
2547 2068 2863 2135 undecima,
2896 2076 3092 2138 quarta
3126 2068 3301 2127 noetis
3338 2068 3503 2140 hora,

1904 2176 2023 2234 qua:
2075 2160 2207 2217 feria
2258 2160 2493 2216 secunda
2526 2158 2784 2228 lucescit,
2835 2159 2977 2214 idem
3006 2157 3343 2231 Nicephorus
3370 2175 3500 2217 cum

1906 2261 2049 2310 esset
2097 2251 2359 2324 patricius
2429 2259 2484 2306 et
2537 2250 2812 2320 logotlieta
2868 2251 3137 2320 generalis
3168 2292 3184 2318 ,
3255 2251 3499 2325 tyranni-

1906 2343 2027 2400 dem
2080 2343 2340 2399 adversus
2386 2338 2617 2397 Eirenen
2676 2340 2970 2412 piissimam
3013 2341 3343 2410 concitavit,
3383 2342 3499 2400 Deo

1907 2436 2127 2509 quidem
2178 2434 2542 2492 ineliabilibus
2598 2433 2669 2490 ob
2722 2441 3036 2490 nostrorum
3104 2434 3503 2495 multitudinem

1906 2538 2256 2602 peccatorum
2305 2526 2524 2598 judiciis
2576 2526 2928 2596 indulgente,
2983 2528 3407 2597 cooperantibus
3449 2527 3505 2587 ei

1907 2621 2097 2679 Niceta
2127 2620 2357 2693 patricio
2398 2634 2463 2676 ac
2491 2619 2794 2675 domestico
2820 2618 3149 2688 scholarum,
3182 2628 3239 2675 et
3265 2618 3506 2677 Sisinnio

1912 2716 2141 2790 patricio
2165 2715 2332 2771 fratre
2356 2713 2548 2786 ipsius,
2574 2714 2595 2743 ε
2627 2712 2743 2769 viro
2760 2712 3012 2785 perjuriis
3042 2721 3098 2768 et
3124 2713 3504 2773 fraudulentiis

1907 2809 2091 2883 pleno,
2143 2815 2199 2866 et
2241 2804 2431 2864 Niceta
2459 2805 2739 2875 Triphilio.
2785 2804 2949 2861 Erant
2973 2812 3156 2861 autem
3204 2814 3260 2862 et
3277 2821 3405 2869 cum,
3433 2821 3505 2865 eo

1909 2904 2023 2960 Leo
2048 2899 2303 2979 patricius
2330 2899 2603 2958 Musulatii
2622 2944 2638 2971 ,
2680 2906 2736 2955 et
2756 2897 3104 2956 Theoctistus
3132 2900 3419 2971 patricius,
3448 2908 3509 2963 et

1910 2996 2104 3056 Petrus
2157 2997 2451 3071 patricius,
2496 3003 2553 3053 et
2576 3003 2846 3067 quaestor,
2888 2993 3212 3050 seducentes
3235 2993 3503 3066 quosdam

1909 3105 1942 3145 a
1969 3088 2190 3162 populo,
2243 3089 2337 3160 qui
2364 3094 2521 3145 erant
2549 3101 2618 3144 ex
2649 3085 2946 3153 ordinibus,
2974 3098 3209 3157 cumque
3239 3084 3510 3153 venissent

218 3178 391 3239 lentio
423 3178 477 3233 in
506 3177 740 3233 triclinio
768 3174 1050 3232 Justiniani
1080 3175 1255 3244 facto,
1288 3175 1562 3248 prohibuit
1591 3188 1805 3230 omnem
1835 3206 1888 3273 ο
1915 3183 1982 3240 ad
2010 3190 2247 3255 parum,
2272 3194 2396 3252 qua:
2434 3180 2577 3237 dicta
2610 3187 2694 3236 est
2717 3177 2939 3247 Chalce,
2984 3176 3345 3247 custodesque
3372 3176 3509 3239 falso

216 3275 315 3346 qui
347 3271 603 3327 militaret
628 3270 903 3326 adhrerere
932 3269 1240 3337 Stauratio,
1266 3276 1322 3324 et
1348 3268 1425 3324 sic
1466 3266 1660 3338 adepta
1689 3271 1815 3323 sunt

222 3363 494 3418 modicam
528 3362 970 3432 tranquillitatem
998 3361 1233 3433 negotia.
1268 3360 1453 3417 Aetius
1482 3374 1610 3415 vero
1640 3368 1693 3414 et
1723 3357 1814 3413 Ni-

221 3466 379 3511 cetas
406 3471 526 3510 cum
566 3456 684 3511 aliis
731 3452 1050 3524 quibusdam
1102 3452 1345 3509 certatim
1393 3452 1817 3507 ad‘iersabantur

222 3548 523 3612 Stauratio,
555 3548 667 3616 qui,
712 3548 874 3603 corde
921 3545 1230 3616 perculsus,
1278 3544 1592 3615 sanguinem
1633 3558 1725 3615 per
1755 3558 1817 3599 os

222 3643 413 3700 emisit
439 3655 749 3711 spumosum
780 3654 847 3696 ex
872 3639 1115 3709 partibus
1154 3637 1393 3710 pectoris
1423 3644 1477 3692 et
1498 3636 1767 3708 pulmonis
1800 3652 1814 3690 :

221 3736 341 3793 hoc
393 3735 585 3790 medici
631 3733 971 3805 aspicientes,
1031 3731 1257 3788 mortale
1298 3730 1814 3802 pronuntiaverunt;

219 3837 319 3885 ast
351 3828 658 3883 adulatores
688 3834 743 3882 et
771 3825 1025 3897 imperiti,
1055 3841 1164 3881 non
1193 3824 1367 3881 solum
1397 3824 1609 3891 medici,
1641 3822 1733 3879 sed
1764 3830 1822 3878 et

224 3918 711 3994 pseudomonachi,
753 3927 808 3973 et
849 3918 1036 3984 divini,
1078 3916 1396 3986 juramentis
1441 3915 1664 3973 credere
1691 3929 1817 3987 per-

221 4019 524 4069 suaserunt
551 4025 719 4081 usque
747 4010 813 4065 ad
842 4010 983 4064 diem
1017 4010 1205 4064 mortis
1243 4008 1357 4078 ejus
1375 4050 1392 4076 ,
1422 4023 1541 4079 qum
1568 4008 1707 4064 facta
1736 4014 1823 4064 est

221 4104 397 4163 Junio
422 4121 628 4175 mense,
657 4105 948 4160 indictione
976 4112 1184 4169 octava,
1217 4102 1359 4173 quod
1389 4102 1626 4158 victurus
1654 4111 1710 4158 et
1733 4117 1813 4158 re-

224 4208 498 4271 gnaturus
544 4205 726 4254 esset:
753 4196 945 4266 quibus
993 4196 1084 4251 ille
1129 4194 1366 4262 innixus,
1410 4194 1733 4252 seditionem
1764 4195 1819 4250 in

218 4291 595 4365 Cappadociis
624 4290 925 4346 construxit
954 4290 1207 4343 adversus
1238 4288 1450 4343 Aetium
1480 4286 1593 4342 ﬁeri
1612 4330 1627 4357 ,
1659 4300 1821 4359 quam

227 4403 352 4447 non
398 4385 595 4442 meruit
636 4384 823 4439 vivens
874 4383 1077 4438 audire.
1130 4382 1256 4437 Post
1285 4380 1421 4436 duos
1452 4395 1682 4450 namque
1708 4380 1822 4436 dies

224 4479 432 4537 mortis
462 4478 576 4548 ejus
604 4492 766 4549 super
796 4476 899 4532 hoc
930 4474 1143 4531 nuntius
1168 4474 1339 4542 venit,
1381 4483 1437 4529 et
1466 4473 1518 4528 in
1559 4474 1823 4529 seditione

1918 3293 1982 3334 ac
2005 3276 2187 3335 subito
2215 3275 2579 3347 decepissent,
2609 3279 2997 3347 persuaserunt
3026 3271 3105 3327 eis
3136 3279 3194 3327 ut
3218 3270 3512 3335 crederent

1917 3371 2063 3443 quod
2112 3371 2179 3425 ab
2220 3369 2335 3439 ipsa
2366 3366 2565 3423 fuerint
2606 3364 2882 3433 destinati,
2937 3371 3209 3436 quatenus
3256 3362 3510 3421 eumdem

1917 3462 2280 3533 Nicephorum
2324 3463 2708 3533 imperatorem
2732 3457 3095 3529 appellarent,
3129 3454 3367 3527 ecquod
3390 3454 3503 3511 Ae-
3568 3478 3571 3485 ε

1918 3555 2025 3611 tius
2063 3556 2321 3626 patricius
2350 3554 2457 3611 sibi
2494 3553 2600 3609 vim
2629 3550 2853 3607 inferret
2894 3549 2963 3605 ad
2982 3548 3371 3605 enuntiandum
3395 3548 3506 3603 fra-

1920 3657 2058 3707 trem
2105 3664 2261 3705 suum
2317 3634 2555 3705 Leonem
2602 3645 3030 3716 imperatorem.
3086 3643 3176 3713 qui
3230 3640 3512 3701 mendacio

1920 3748 2072 3795 tanto
2113 3740 2398 3794 credentes
2453 3738 2839 3807 imperatorem
2904 3734 3109 3804 pariter
3133 3734 3514 3802 pronuntiave-

1916 3837 2047 3887 runt
2071 3845 2195 3889 eum
2216 3829 2310 3899 qui
2332 3834 2452 3884 erat
2480 3836 2762 3900 tyrannus.
2787 3824 2990 3881 Taliter
3013 3838 3143 3894 ergo
3164 3825 3231 3878 ad
3262 3837 3515 3893 magnum

1920 3922 2177 3995 palatium
2208 3922 2371 3978 iidem
2404 3920 2933 3993 patriciivenientes,
2965 3919 3192 3989 ingressi
3215 3927 3340 3973 sunt
3360 3918 3513 3987 illud,

1920 4018 2153 4086 indeque
2181 4031 2277 4088 per
2304 4023 2471 4071 totam
2502 4015 2693 4069 urbem
2710 4012 2973 4082 ignobiles
3001 4026 3189 4068 servos
3219 4012 3515 4082 dirigentes

1923 4110 2363 4165 acclamationem
2420 4108 2664 4165 fecerunt
2711 4113 2836 4160 ante
2881 4105 3114 4161 mediam
3163 4112 3401 4172 noctem,
3459 4113 3517 4162 et

1922 4202 2177 4259 custodes
2206 4201 2261 4256 in
2282 4198 2458 4256 medio
2481 4197 2685 4271 palatii,
2722 4196 2864 4267 quod
2909 4194 3279 4253 Tueleutherii
3309 4212 3516 4253 nuncu-

1920 4301 2104 4364 patur,
2157 4298 2495 4363 posuerunt,
2546 4290 2636 4345 ubi
2673 4288 2901 4358 contigit
2929 4288 3331 4360 imperatricem
3370 4303 3511 4348 esse.

1925 4384 2169 4441 Diluculo
2221 4400 2351 4440 sane
2403 4393 2749 4441 accersentes
2771 4398 2913 4450 eam,
2967 4383 3353 4440 concluserunt
3397 4398 3518 4439 eam

1927 4478 1980 4534 in
2009 4479 2200 4548 majori
2242 4477 2465 4549 palatio,
2514 4485 2571 4532 et
2615 4475 2686 4531 ita
2734 4483 3119 4547 processerunt
3176 4476 3241 4530 ad
3270 4489 3520 4546 magnam

228 4569 620 4642 comprehensi
677 4569 879 4625 exsiliis
934 4574 1098 4633 sunt,
1163 4574 1217 4623 et
1276 4567 1823 4623 animadversionibus
1848 4574 1904 4638 θ
1928 4572 2209 4627 ecclesiam
2232 4572 2298 4627 ad
2330 4570 2698 4627 coronandum
2726 4570 3035 4626 scelestum.
3057 4568 3325 4626 Convenit
3353 4570 3521 4625 inter-

224 4666 467 4724 suhditi.
501 4668 656 4721 Anno
686 4671 878 4735 quarto
904 4661 1112 4733 imperii
1132 4662 1357 4730 Eirenai,
1382 4670 1572 4718 octava
1596 4658 1822 4717 Kalend.

231 4756 510 4824 Januarii,
540 4754 844 4814 indictionis
876 4768 1051 4822 nonas,
1080 4755 1305 4811 Carolus
1350 4770 1448 4809 rex
1498 4754 1825 4810 Francorum

232 4859 539 4908 coronatus
566 4858 649 4905 est
677 4866 706 4904 a
733 4847 915 4904 Leone
943 4862 1081 4920 papa
1104 4889 1117 4915 ,
1152 4857 1206 4904 et
1233 4862 1353 4904 cum
1394 4846 1655 4904 voluisset
1690 4858 1825 4904 con:

226 4952 329 5001 ω
390 4940 627 4999 Siciliam
680 4938 943 4998 classibus
986 4938 1239 5011 praeliari,
1274 4954 1336 4996 se
1362 4939 1633 5010 paenituit,
1692 4952 1825 4994 con-

226 5037 397 5111 jungi
426 5037 601 5106 potius
628 5052 748 5092 cum
778 5034 972 5090 Eirene
999 5037 1207 5102 volens,
1256 5036 1447 5106 legatis
1479 5037 1543 5090 ad
1594 5034 1698 5091 hoc
1743 5049 1830 5090 se-

232 5128 436 5200 quenti
465 5144 606 5183 anno
635 5128 870 5196 directis,
902 5128 1193 5184 indictione
1232 5127 1462 5184 decima.
1487 5124 1677 5185 Martio
1700 5140 1831 5184 vero

228 5234 482 5288 mense,
530 5234 670 5275 nona
716 5220 1017 5275 indictione
1049 5260 1064 5289 ,
1124 5220 1321 5275 Eirene
1377 5222 1462 5290 pia
1518 5219 1834 5291 imperatrix

228 5315 520 5389 Byzantiis
572 5315 748 5373 civilia
803 5316 1024 5371 donavit
1082 5315 1300 5370 'tt‘ibuta
1334 5356 1349 5381 ,
1425 5312 1706 5384 Habdlque
1770 5328 1835 5370 ac

232 5408 460 5479 llyeria:
496 5420 561 5464 ea
588 5423 708 5479 quae
745 5408 996 5465 dicuntur
1041 5407 1363 5464 commercia
1384 5406 1645 5463 relevavit
1671 5447 1686 5475 ,
1713 5420 1833 5463 ma-

228 5501 368 5574 gnis
395 5514 559 5573 super
584 5499 669 5559 his
689 5509 743 5559 et
777 5501 895 5558 aliis
916 5500 1093 5557 multis
1110 5499 1389 5557 beneﬂciis
1416 5501 1712 5570 gratiarum
1739 5515 1834 5557 ac-

318 5702 347 5768 f
374 5696 487 5762 AL,
510 5696 1131 5768 Tesseracandapechum.

314 5765 350 5809 ³
379 5768 493 5837 AL,
524 5768 790 5826 Tontiera.

320 5845 346 5875 ⁸
390 5840 520 5912 AL,
572 5841 704 5899 Viris
754 5846 976 5916 pcrjurie
1022 5854 1077 5901 ct
1128 5844 1480 5917 {mum
1538 5841 1829 5913 Τήρεω..

1925 4682 1989 4721 ca
2032 4665 2277 4721 universa
2333 4665 2609 4736 plenitudo
2667 4665 2853 4731 urbis,
2896 4672 2950 4721 et
2995 4680 3185 4720 omnes
3230 4681 3394 4737 super
3433 4663 3521 4721 his

1925 4771 2042 4827 quae
2061 4757 2386 4827 gerebantur
2420 4757 2648 4812 moleste
2681 4755 2915 4813 ferentes
2945 4799 2961 4827 ,
3009 4756 3405 4813 tualedicebant
3434 4771 3522 4812 co-

1925 4851 2164 4917 ronanti,
2208 4859 2264 4906 et
2308 4858 2611 4915 coronato,
2647 4850 2968 4920 cunctisque
3018 4848 3524 4934 congratulantibus

1928 4942 1999 4998 ei.
2030 4941 2294 5014 Equidem
2324 4959 2444 4999 cum
2487 4943 2751 5013 religione
2772 4958 2836 4999 ac
2873 4943 3085 4999 ratione
3108 4942 3353 4997 viventes
3380 4941 3522 4996 divi-

1927 5051 2055 5091 num
2103 5038 2437 5091 mirabantur
2460 5036 2739 5104 judicium,
2772 5034 3008 5105 qualiter
3052 5050 3169 5090 eam
3193 5034 3517 5106 permiserit,

1929 5145 2049 5199 quae
2089 5147 2187 5202 pro
2236 5140 2382 5187 recta
2427 5130 2527 5185 [ide
2556 5146 2707 5185 more
2738 5137 3035 5202 martyrum
3060 5129 3459 5199 agonizaverat,
3487 5143 3519 5185 a

1930 5223 2153 5279 Suoulco
2196 5224 2427 5293 expelli,
2477 5224 2775 5293 pmsertim
2802 5238 2924 5278 cum
2953 5223 3005 5278 ei
3041 5222 3375 5279 devotissimi
3400 5221 3517 5294 ejus

1932 5315 2202 5384 pmcipue
2232 5313 2504 5368 adhmrere
2536 5322 2756 5384 propter
2778 5313 3061 5368 avaritiam
3101 5312 3522 5385 proposuerint,

1924 5402 2045 5460 Leo
2070 5404 2272 5459 scilicet
2299 5404 2555 5474 patricius
2587 5404 2886 5471 eunuchus,
2921 5414 2975 5461 et
3003 5403 3329 5462 Sacellarius
3360 5404 3521 5463 Sino-

1932 5512 2085 5571 peos,
2110 5504 2164 5553 et
2190 5498 2298 5553 Deo
2322 5499 2502 5570 perosi
2535 5498 2563 5541 ἀ
2593 5498 2763 5554 tribus
2786 5498 2927 5567 llliis,
2969 5513 3033 5557 ac
3052 5498 3288 5571 patricii,
3321 5499 3413 5572 qui
3435 5515 3525 5558 su-

1938 5694 2373 5775 Erant‘autcmet
2399 5714 2513 5752 cum
2534 5715 2602 5775 eo
2636 5694 2740 5775 Leo
2767 5700 3017 5775 patricius
3046 5694 3520 5775 Tamasenum

1937 5765 2378 5855 cbisnGrcgorius
2392 5770 2656 5855 patricius
2682 5765 2955 5855 {Insulam

2007 5841 3142 5921 ui.,mssi..u.,mpmiﬂu
