3956 6342
568 412 713 484 tm

1427 415 1625 477 PAULI
1663 414 1939 479 DIACONI
1977 416 2129 479 OPP.
2167 412 2347 481 PARS
2383 418 2426 479 1.
2457 453 2533 467 --
2559 422 2938 485 HISTORICA.

3617 454 3715 515 “28

566 552 749 627 peritis
790 548 920 607 dicti
965 555 1115 619 sunt,
1146 547 1242 620 qui
1279 547 1437 609 donis
1479 553 1725 623 plurimis
1770 555 1840 610 ab
1879 553 1969 610 illa
2008 552 2160 610 dilati
2188 539 2242 600 Δ
2268 537 2467 595 dilecta
2499 539 2611 596 Deo
2661 540 2875 611 Eirene.
2909 546 3152 613 quamvis
3172 562 3477 623 congrueret.
3502 570 3549 615 ut
3568 572 3715 633 passio-

566 653 709 713 sunt,
742 654 944 702 etcum
974 658 1036 701 ea
1060 656 1206 716 saepe
1235 656 1640 713 convescentes,
1670 657 1724 703 et
1756 646 2159 704 adulationibus

567 750 692 792 clm
726 735 1049 807 iuramentis
1078 736 1429 796 horribilibus
1457 747 1661 794 certam
1696 741 2008 808 reddentes,
2035 757 2156 797 om-

569 825 732 882 nibus
759 827 946 882 mundi
971 827 1134 883 rebus
1161 842 1221 884 se
1250 829 1672 886 necessariorem
1700 840 1970 901 reputare,
1996 847 2157 903 quam

568 923 833 979 haberent
877 933 1004 989 erga
1034 921 1177 975 illam
1208 921 1640 978 benevolentiam
1680 923 2040 991 affirmabant,
2066 924 2159 980 alii

575 1021 759 1068 autem
790 1020 849 1066 ut
877 1013 930 1067 in
954 1011 1151 1068 ecstasi
1174 1011 1320 1078 facti,
1352 1021 1625 1082 gestorum
1655 1014 2029 1069 certitudinem
2059 1014 2161 1068 mi-

567 1106 710 1160 nime
738 1106 1033 1161 sentientes
1064 1143 1082 1172 ,
1113 1103 1381 1161 somnium
1410 1119 1469 1160 se
1507 1104 1705 1161 vidisse
1743 1106 2035 1175 putabant;
2068 1104 2158 1160 alii

566 1208 768 1264 autem,
802 1199 893 1269 qui
914 1197 1175 1252 duntaxat
1196 1196 1533 1269 perpendere
1564 1198 1702 1253 bene
1725 1197 1991 1265 sciebant,
2021 1212 2159 1268 pra:-

566 1300 779 1353 teritam
808 1294 1121 1351 felicitatem
1144 1293 1529 1352 beatiﬁcabant
1547 1336 1563 1364 ,
1591 1303 1647 1350 et
1674 1292 1906 1350 futuram
1929 1292 2162 1350 infelici-

565 1394 730 1444 tatem
759 1403 855 1458 per
880 1385 1215 1459 tyrannidem
1255 1385 1532 1456 lugebant,
1567 1385 1911 1454 maximeque
1958 1385 2013 1442 hi
2065 1385 2158 1454 qui

570 1477 932 1547 maliguivoti
987 1475 1202 1549 tyranni
1246 1475 1639 1547 experientiam
1690 1474 1981 1545 quamdam
2030 1481 2160 1531 ante

562 1580 942 1645 perceperant.
985 1569 1159 1626 Porro
1204 1569 1486 1627 universos
1532 1569 1896 1627 communiter
1920 1566 2161 1639 posside-

563 1663 658 1720 bat
678 1663 873 1732 caligo,
918 1671 975 1717 et
1010 1661 1129 1718 sine
1148 1660 1523 1718 consolatione
1555 1661 1752 1716 mentis
1794 1658 2066 1727 defectio,
2090 1673 2161 1716 ne

561 1772 661 1829 per
699 1757 909 1827 singula
963 1754 1105 1811 illius
1159 1754 1475 1811 miserandae
1530 1753 1638 1811 diei
1680 1753 1947 1810 deformia
1987 1752 2155 1810 verba

563 1850 807 1907 scribens
849 1848 1113 1920 protelem
1145 1862 1475 1904 sermonem.
1509 1846 1750 1918 Denique
1772 1846 2023 1916 sequenti
2049 1844 2156 1912 die,

2262 648 2332 689 ne
2373 641 2484 687 tam
2540 634 2835 704 repentina:
2882 640 3304 698 commutationis
3345 654 3398 699 ut
3437 660 3539 718 pote
3584 660 3717 715 ιιιυιίρ,

2261 739 2570 798 teneretur,
2631 729 2771 785 forte
2800 731 3083 800 prudentia
3130 734 3257 789 dixit
3284 736 3343 791 ad
3368 753 3474 794 eum
3498 758 3507 792 :
3532 744 3607 810 Qui
3641 749 3719 806 heri

2261 823 2478 894 quidem
2530 838 2716 879 servus
2743 823 2992 894 perjurus
3033 824 3219 891 fuerat,
3249 828 3392 884 hodie
3417 831 3572 899 solers,
3610 848 3649 891 et
3664 855 3721 893 sc-

2261 914 2486 973 ditiosus
2514 923 2778 986 tyrannus
2799 932 2861 972 ac
2883 916 3163 988 impudens
3188 918 3415 977 habetur.
3437 922 3532 994 Ego
3550 928 3715 995 quidem,

2261 1026 2295 1068 0
2323 1010 2505 1077 homo,
2530 1007 2700 1064 Deum
2727 1008 2928 1079 deputo
2948 1052 2960 1073 ,
2986 1018 3040 1065 et
3069 1010 3265 1079 pridem
3288 1026 3396 1066 cum
3418 1028 3561 1069 essem
3583 1020 3719 1087 orpha-

2261 1125 2350 1176 na,
2398 1106 2666 1163 exaltasse
2693 1120 2809 1172 me,
2841 1113 2895 1161 et
2921 1104 3046 1160 dein
3074 1120 3232 1176 super
3267 1107 3443 1162 solium
3468 1124 3570 1164 cum
3605 1125 3721 1165 essem

2261 1201 2508 1271 indigna,
2553 1198 2870 1271 provexisse
2913 1212 2999 1253 me
3026 1214 3039 1251 :
3069 1213 3276 1253 causam
3304 1214 3421 1255 vero
3463 1200 3721 1271 depositionis

2261 1292 2506 1349 mihimet
2543 1289 2777 1361 applico,
2830 1298 2885 1345 et
2934 1289 3170 1360 peccatis
3216 1290 3342 1344 meis
3365 1290 3563 1356 ascribo,
3588 1291 3724 1347 incun-

2260 1387 2361 1443 ctis
2387 1393 2567 1441 autem
2598 1398 2663 1439 ac
2687 1381 2864 1438 modis
2890 1380 3139 1437 omnibus
3166 1381 3234 1435 sit
3270 1396 3445 1436 nomen
3481 1381 3642 1436 Domini
3658 1382 3724 1435 be-

2259 1477 2573 1538 nedictum.’
2593 1475 2763 1533 Porro
2786 1472 3007 1532 modum
3033 1472 3375 1542 promotionis
3400 1480 3491 1526 tua:
3504 1471 3724 1538 Denreddo;

2259 1580 2636 1630 verumtamen
2665 1569 2872 1626 delatas
2899 1567 3030 1623 mihi
3072 1574 3256 1623 contra
3284 1573 3336 1621 te
3368 1579 3511 1634 super
3525 1564 3722 1633 dignitate,

2257 1680 2366 1738 qua
2414 1680 2558 1722 nunc
2585 1662 2938 1721 circumdaris
2968 1704 2983 1729 ,
3016 1657 3341 1718 auditiones
3363 1673 3458 1714 non
3485 1655 3725 1727 ignorabam,

2259 1773 2395 1831 quas
2423 1772 2583 1815 veras
2631 1755 2798 1812 fuisse
2827 1769 3006 1810 rerum
3036 1751 3156 1809 finis
3186 1749 3424 1816 ostendit,
3472 1762 3579 1819 quas
3598 1746 3629 1801 si
3650 1760 3725 1800 mo-

2261 1852 2398 1909 leste
2428 1851 2669 1908 tulissem
2690 1892 2705 1918 ,
2733 1848 2897 1905 facile
2939 1844 3069 1901 mihi
3111 1852 3226 1901 erat
3252 1853 3301 1898 te
3329 1835 3730 1897 interﬁciendi.Sed

564 1941 793 2011 sumptis
816 1938 1137 2009 quibusdam
1163 1953 1232 1994 ex
1254 1938 1520 2010 patriciis,
1547 1937 1790 1992 ascendit
1818 1936 1887 1992 ad
1918 1937 2156 2007 impera-
2186 1940 2237 2005 Β
2260 1944 2427 2003 modo
2452 1942 2776 2015 juramemis
2824 1940 2931 1996 tuis
2958 1936 3195 1999 ﬁdendo,
3226 1935 3377 1991 modo
3417 1931 3498 1987 tibi
3524 1927 3727 2000 parcendo,

563 2033 756 2089 tricem
782 2030 1039 2087 custodia:
1090 2030 1476 2101 mancipatam,
1500 2028 1781 2096 simulans,
1823 2036 1883 2083 ut
1911 2027 1961 2083 ei
1990 2028 2155 2085 moris

562 2132 701 2193 erat,
749 2124 938 2181 falsam
978 2122 1365 2194 benignitatem
1393 2164 1408 2191 ,
1438 2135 1536 2192 per
1565 2135 1728 2191 quam
1769 2128 1828 2176 et
1855 2120 2037 2192 plures
2058 2120 2158 2176 de-

561 2221 729 2293 cepit,
752 2230 807 2278 et
839 2235 1106 2277 excusans
1154 2234 1233 2288 se,
1279 2218 1427 2291 quod
1476 2219 1675 2275 invitus
1706 2218 1770 2274 ad
1793 2218 2158 2290 principatum

562 2314 888 2383 ascenderit,
924 2330 1023 2370 nec
1061 2314 1205 2369 hunc
1234 2328 1469 2383 unquam
1501 2312 1907 2369 desideraverit.
1932 2312 2156 2368 Maledi-

560 2404 718 2461 cebat
746 2414 928 2460 autem
958 2405 1044 2460 his
1074 2405 1238 2475 quise
1267 2413 1653 2473 provexerant,
1682 2412 1737 2460 et
1766 2404 1910 2459 illam
1951 2406 2159 2463 insidiis

560 2497 958 2567 appetiverant,
986 2506 1043 2552 ut
1070 2495 1321 2567 proditor
1340 2495 1554 2552 Domini
1584 2506 1867 2567 postquam
1891 2513 2014 2554 cum
2036 2498 2158 2570 ipso

560 2590 817 2656 cmnavit,
846 2604 984 2660 quos
1022 2597 1078 2645 et
1109 2588 1412 2645 imitatores
1440 2588 1582 2645 illius
1613 2591 1932 2647 testabatur.
1963 2594 2159 2649 Osten-

557 2680 634 2738 sis
673 2680 838 2738 etiam
864 2682 1031 2753 nigris
1077 2681 1457 2739 calceamentis
1484 2722 1500 2749 ,
1553 2697 1735 2739 amare
1761 2698 1821 2739 se
1849 2683 2053 2741 talibus
2075 2686 2155 2741 uti

562 2782 763 2845 praeter
813 2774 960 2845 leges
1015 2774 1396 2847 imperatorias
1425 2773 1746 2842 afﬁrmabat,
1798 2775 2159 2848 fiduciamque

560 2865 751 2923 dolose
780 2866 984 2924 habere
1028 2868 1286 2924 monebat
1313 2882 1456 2934 eam,
1504 2868 1667 2923 etiam
1690 2884 1812 2923 cum
1834 2868 2158 2939 juramentis

560 2960 630 3018 de
657 2962 807 3018 omni
840 2963 1116 3034 corporali
1145 2962 1358 3032 requie,
1405 2977 1566 3031 quam
1594 2963 1853 3031 consequi
1881 2962 2157 3019 dominam

558 3068 593 3111 a
620 3071 778 3113 servo
805 3058 1064 3124 deceret,
1119 3058 1428 3127 nullamque
1457 3056 1705 3112 arbitrari
1727 3071 2023 3111 mrumnam
2064 3072 2158 3113 ca-

559 3163 656 3208 sus
681 3149 823 3205 illius
860 3149 1215 3205 hortabatur:
1243 3150 1624 3207 commonebat
1652 3158 1928 3217 postremo
1958 3148 2033 3203 nil
2064 3164 2158 3204 oc-

558 3241 743 3298 culere
776 3257 807 3297 a
839 3258 898 3298 se
928 3241 1288 3312 imperialium
1334 3244 1745 3309 thesaurorum',
1768 3226 1831 3297 et
1866 3241 2161 3298 damnabat

2258 2037 2461 2094 multos
2493 2035 2625 2091 mihi
2647 2032 2878 2089 devotos
2902 2027 3240 2103 parvipendi,
3284 2027 3390 2081 Deo
3416 2037 3518 2094 quae
3547 2021 3731 2075 meath

2260 2129 2413 2197 dans,
2462 2143 2559 2198 per
2581 2141 2742 2199 quem
2772 2139 2928 2195 reges
2956 2129 3206 2193 regnant,
3246 2129 3300 2175 et
3324 2125 3542 2188 potentes
3565 2109 3733 2166 obtinent

2259 2231 2485 2280 terram.
2518 2220 2625 2277 Sed
2656 2228 2711 2276 et
2742 2233 2920 2287 nunc,
2966 2231 3089 2272 cum
3120 2214 3194 2271 sis
3223 2214 3363 2284 pius,
3390 2220 3440 2265 et
3466 2208 3523 2300 ab
3547 2206 3731 2300 ipso-pro.-

2259 2316 2454 2379 fectus,
2490 2324 2542 2370 te
2586 2314 2775 2379 adoro,
2809 2318 2866 2367 et
2911 2317 3038 2381 peto
3085 2321 3216 2363 meze
3256 2317 3461 2375 parcere
3506 2294 3731 2353 inﬁrmitati,

2259 2421 2316 2468 et
2336 2407 2577 2467 concede
2598 2407 2729 2461 mihi
2746 2405 2963 2461 domum
2993 2398 3288 2457 Eleutherii
3315 2412 3343 2450 a
3368 2410 3448 2451 me
3472 2394 3733 2448 constructam

2262 2504 2317 2560 in
2345 2500 2797 2559 refocillationem
2844 2492 3284 2565 incomparabilis
3328 2483 3604 2545 calamitatis
3633 2487 3731 2533 mea.

2260 2594 2443 2652 Atille
2481 2593 2599 2650 ait:
2633 2591 2691 2648 Si
2722 2591 2845 2647 boc-
2868 2589 2947 2643 vis
2977 2586 3094 2643 fieri
3141 2584 3256 2649 tibi,
3294 2581 3407 2653 jura
3443 2575 3551 2633 mihi
3570 2586 3641 2644 per
3656 2581 3733 2623 om-

2262 2706 2386 2750 nem
2398 2689 2635 2747 divinam
2658 2687 2912 2742 virtutem
2939 2698 3046 2739 non
3061 2683 3439 2737 absconsuram
3464 2684 3509 2728 te
3530 2667 3732 2740 quidquam

2261 2799 2328 2840 ex
2384 2781 2651 2838 thesauris
2700 2776 2958 2848 imperii,
3008 2784 3065 2831 et
3130 2770 3392 2842 adimpleo
3451 2757 3735 2859 postulationes

2265 2886 2405 2943 tuas,
2447 2882 2502 2930 et
2524 2887 2741 2930 omnem
2765 2869 3139 2943 placationem
3175 2866 3385 2920 faciam.
3413 2856 3733 2943 Qumjuravitel

2262 2969 2330 3025 ad
2361 2941 2598 3040 pretiosa
2630 2973 2686 3021 et
2717 2941 2924 3020 vivifica
2968 2962 3118 3031 ligna
3152 2978 3165 3013 :
3200 2958 3333 3025 Quia
3379 2968 3477 3008 non
3518 2941 3685 3040 movebo
3714 2949 3734 2988 ι

2242 3061 2317 3115 'te
2346 3038 2567 3115 ebulum
2599 3071 2795 3121 unum;
2837 3052 2982 3123 quod
3021 3059 3080 3107 et
3128 3049 3276 3105 fecit.
3308 3045 3487 3101 Verum
3512 3038 3581 3093 ille
3611 3041 3736 3123 consc-

2262 3161 2419 3209 cutus
2468 3151 2612 3223 quod
2662 3117 3027 3215 desiderabat,
3086 3145 3335 3216 protinus
3360 3133 3528 3193 exsilio
3560 3117 3735 3223 ηὶεεδνίξ

2263 3260 2385 3301 eam
2407 3208 2547 3315 apud
2607 3240 2910 3311 Principem
2959 3236 3214 3301 insulam,
3270 3232 3323 3288 in
3350 3208 3735 3313 monasterio

561 3332 804 3390 avaritia:
832 3308 1046 3400 vitium,
1082 3334 1179 3390 hos
1213 3334 1359 3388 illam
1393 3334 1594 3389 habere
1624 3350 1732 3389 non
1774 3332 1975 3389 ferens.
2005 3331 2150 3386 Lan‘
2181 3333 2229 3397 C
2259 3338 2375 3409 ipsa
2404 3308 2938 3402 aediﬁcaveratpcum
2986 3330 3167 3388 adhuc
3210 3337 3388 3385 essent
3423 3324 3472 3380 iu
3518 3308 3736 3375 urbem

556 3424 762 3497 guebat
798 3425 944 3482 enim
990 3440 1058 3482 eo
1084 3427 1438 3483 vehementer
1494 3426 1673 3481 omnia
1700 3427 1993 3493 devorans,
2038 3440 2153 3481 om-

560 3531 798 3590 nemque
837 3519 895 3575 in
922 3534 1060 3577 auro
1096 3535 1248 3592 spem
1294 3528 1350 3577 et
1378 3519 1630 3577 fiduciam
1658 3534 1887 3591 ponens.
1923 3519 1994 3576 At
2020 3534 2153 3578 vero

2261 3429 2469 3503 Caroli,
2496 3437 2553 3487 et
2581 3444 2701 3502 quae
2730 3427 3029 3500 agebantur
3058 3423 3380 3495 aspicerent.

573 3691 3715 3754 _________________________________________________________._..

1455 3893 1757 3977 LIBER
1828 3891 2400 3975 VIGESIMUS
2454 3891 2964 3987 QUARTUS.

628 4195 786 4255 Anno
813 4197 881 4255 ab
910 4198 1180 4257 lucarnat.
1213 4200 1427 4258 Domini
1454 4201 1581 4271 795,
1622 4203 1959 4275 Nicephorus
1981 4221 2151 4264 vorax

555 4300 875 4349 cunctorum
915 4293 1143 4364 imperio
1174 4296 1394 4364 potitus,
1428 4312 1525 4352 nec
1560 4297 1739 4353 saltim
1763 4315 1950 4368 parum
1980 4301 2155 4357 voluit

559 4381 872 4455 hypocrisin
905 4393 1108 4455 tegere,
1138 4386 1231 4442 sed
1263 4387 1414 4457 quasi
1442 4389 1711 4443 recisurus
1733 4387 2019 4457 justitiam,
2052 4405 2150 4447 ne-

562 4489 728 4547 quam
758 4476 813 4530 in
850 4474 1144 4545 Magnaura
1179 4487 1235 4532 et
1277 4478 1532 4546 injustum
1566 4479 1681 4537 fore
1710 4482 1989 4537 constituit
2010 4482 2154 4552 judi-

2254 4206 2543 4275 cendisset,
2562 4206 2705 4262 hunc
2726 4218 2794 4263 ex
2822 4202 3167 4277 providentia
3196 4201 3292 4259 Dei
3322 4200 3538 4272 ejiciens,
3562 4188 3727 4279 dextri!!!

2255 4298 2448 4370 pedem
2492 4268 2613 4368 ejus
2641 4268 2914 4354 contrivlL
2964 4296 3035 4352 At
3078 4311 3213 4352 vero
3258 4268 3454 4350 decima
3498 4292 3637 4356 quarta
3658 4268 3732 4372 Κθξι
3808 4356 3813 4359 _

2256 4391 2503 4462 Αυειιειί,
2532 4390 2668 4447 feria
2708 4399 2922 4461 quarta,
2951 4391 3083 4447 liora
3116 4390 3289 4462 prima
3314 4429 3329 4453 ,
3361 4383 3588 4440 Bardaues
3620 4374 3732 4462 ριίτις

2262 4486 2396 4555 eius.
2430 4494 2485 4542 ει
2512 4494 2710 4556 praetor
2735 4483 3121 4552 Orientalium,
3177 4482 3273 4553 qui
3317 4474 3655 4548 cognominatus
3682 4456 3735 4511 εει

558 4565 724 4622 cium.
761 4566 991 4621 Intentio
1039 4582 1273 4637 namque
1319 4577 1548 4640 tyranno
1600 4571 1794 4637 inerat,
1827 4579 1885 4626 ut
1908 4588 1996 4627 res
2025 4573 2154 4643 ipsa:
2180 4585 2235 4648 υ
2261 4577 2493 4644 Turcus,
2522 4577 2826 4649 appellatus
2850 4585 2933 4635 est
2959 4577 3263 4647 imperator
3310 4574 3377 4627 ab
3405 4565 3612 4624 omnibus
3637 4557 3729 4649 ιξέίηξ

562 4655 962 4724 ostenderunt,
1002 4674 1113 4714 non
1171 4660 1503 4730 pauperibus
1551 4660 1675 4730 jura
1724 4662 2013 4731 tribuendi,
2062 4663 2157 4720 sed

557 4764 657 4822 per
677 4748 780 4805 hoc
809 4764 998 4805 omnes
1021 4750 1112 4820 qui
1141 4752 1321 4821 magni
1344 4759 1501 4808 erant
1537 4750 1930 4822 inhonorandi,
1975 4763 2029 4810 et
2066 4771 2157 4811 ca-

557 4843 824 4916 ptivandi,
847 4852 900 4900 et
923 4843 988 4899 ad
1019 4859 1080 4900 se
1107 4858 1226 4913 quae
1247 4854 1564 4900 cunctorum
1594 4854 1747 4901 erant
1778 4847 2154 4914 transferendi,

562 4938 707 5007 quod
737 4947 791 4993 et
847 4936 995 4994 fecit.
1029 4939 1227 4995 Videris
1280 4949 1462 4996 autem
1524 4939 1812 4997 adversum
1864 4957 1922 4997 se
1972 4958 2159 5000 omnes

558 5030 948 5099 contristatos,
997 5040 1054 5087 et
1084 5047 1285 5102 pavens
1335 5032 1586 5087 ne‘forte
1627 5047 1896 5088 memores
1950 5034 2159 5091 Eirentn

560 5121 949 5179 beneficiorum
982 5124 1346 5181 adsciscerent
1382 5141 1503 5181 eam
1531 5125 1725 5181 iterum
1753 5123 1818 5178 ad
1848 5124 2154 5198 imperium,

560 5212 864 5273 Novembre
890 5233 1076 5274 mense
1098 5260 1112 5284 ,
1162 5218 1343 5275 hieme
1373 5218 1595 5273 nimium
1623 5217 1771 5286 gravi
1820 5218 2156 5288 imminente,

561 5323 674 5364 non
706 5319 787 5366 est
835 5312 1003 5381 ipsius
1031 5314 1286 5370 misertus
1315 5313 1703 5369 immisericors
1723 5312 1834 5380 ille,
1894 5314 1991 5371 sed
2019 5315 2158 5373 exsi-

560 5398 636 5455 lio
687 5401 959 5474 deportari
1011 5407 1270 5476 praecepit
1300 5407 1355 5462 in
1393 5404 1620 5463 insulam
1653 5408 1918 5474 Lesbum,
1949 5415 2005 5463 et
2030 5421 2158 5465 cau-

560 5495 773 5553 tissime
803 5500 1101 5568 custodiri,
1133 5500 1263 5570 quin
1285 5509 1341 5555 et
1383 5516 1414 5555 a
1443 5501 1660 5558 nemine
1691 5501 1954 5558 contueri.
1984 5498 2155 5558 Porro

565 5584 739 5655 pridie
769 5586 887 5642 Kal.
932 5587 1077 5654 Maii,
1122 5600 1367 5646 mortuus
1395 5600 1479 5648 est
1506 5591 1690 5649 Niceta
1718 5592 2063 5666 Trypliylius,
2094 5599 2156 5649 ut

564 5673 736 5744 aiunt,
783 5692 815 5731 a
865 5678 1170 5750 Nicephoro
1236 5696 1446 5740 veneno
1501 5686 1834 5754 exstinctus,
1885 5693 1942 5741 et
1987 5684 2157 5746 Nonis

565 5764 715 5836 Maii,
744 5768 877 5827 feria
914 5774 1141 5845 quinta,
1195 5790 1315 5831 cum
1364 5776 1698 5851 Nicephorus
1726 5779 1793 5834 ad
1849 5779 2155 5836 suburbana

546 5858 925 5978 thalcedonis
1208 5884 1517 5944 equumque
1543 5871 2038 5939 mansuetissimus
2064 5885 2201 5957 που.

2259 4671 2370 4726 suis
2398 4645 2750 4738 thematibus,
2781 4669 2874 4741 qui
2906 4645 3133 4724 multum
3165 4668 3433 4728 renitens,
3478 4666 3529 4715 ut
3565 4645 3734 4710 eraderet

2259 4759 2403 4829 illos,
2432 4760 2653 4816 minime
2681 4760 2874 4830 valuit,
2901 4767 2957 4817 et
2984 4760 3326 4817 descendens
3355 4768 3508 4824 usque
3818 4768 3819 4773 π

2258 4854 2374 4921 lim.
2406 4870 2530 4911 cum
2560 4854 2840 4912 circuisset
2855 4828 3053 4909 diebus
3077 4862 3209 4911 octo
3233 4894 3249 4921 ,
3304 4860 3359 4907 et
3408 4844 3593 4903 minime
3619 4828 3737 4888 fuisse!

2257 4954 2532 5017 receptus,
2562 4945 2723 5003 rediit
2740 4958 2910 5016 usque
2931 4942 3226 5015 Malagma,
3258 4943 3349 5013 qui
3374 4924 3732 5023 metuensﬂfmir

2258 5047 2317 5097 et
2340 5040 2666 5109 recogitans.
2715 5054 2786 5095 ne
2835 5038 2977 5095 forte
3014 5051 3113 5108 per
3141 5053 3205 5095 se
3235 5031 3482 5092 mactatio
3505 5020 3737 5109 Christiano:

2256 5145 2380 5188 rum
2416 5102 2722 5187 efiiceretur
2758 5102 3068 5196 miseretur,
3089 5128 3245 5184 misit
3272 5126 3338 5181 ad
3382 5102 3737 5203 Nicephorunt.“

2258 5229 2483 5294 accepto
2548 5220 2713 5278 verbo
2770 5222 2825 5276 in
2885 5220 3099 5291 scriptis
3158 5217 3390 5293 propria:
3432 5221 3591 5268 manus
3639 5205 3737 5264 eius,

2255 5316 2315 5374 in
2339 5332 2449 5388 quo
2476 5326 2533 5375 et
2570 5315 2942 5374 sanctissimus
2971 5312 3267 5370 Tharasius
3305 5303 3638 5393 patriarchaet
3664 5298 3737 5393 οιιξς

2256 5387 2373 5467 ποεῖ
2383 5410 2593 5482 patricii
2616 5409 3079 5481 subscripserunt,
3105 5406 3257 5479 quod
3276 5405 3463 5464 illaesos
3487 5404 3533 5454 et
3556 5387 3738 5489 indutuiIS

2259 5518 2383 5561 cum
2412 5502 2659 5561 omnibus
2684 5503 2777 5573 (ἰαί
2799 5516 2922 5558 cum
2948 5502 3067 5574 ipso
3113 5511 3276 5557 erant
3296 5498 3430 5554 foret
3458 5473 3735 5580 τῶεῄῖιξὶάιξξν

2255 5601 2411 5652 sexta
2434 5592 2560 5649 ldus
2589 5593 2896 5665 Septembr.
2950 5593 3090 5650 clam
3133 5592 3348 5662 fugiens
3387 5575 3621 5643 descendit
3639 5575 3675 5625 in
3692 5576 3737 5615 €1-

2257 5685 2483 5743 nitatem
2512 5684 2798 5758 Bytbinize,
2827 5685 2881 5741 in
2911 5685 3246 5741 monasterio
3276 5676 3490 5737 Heraclii
3510 5713 3525 5738 ,
3551 5676 3594 5723 et
3614 5665 3738 5758 illi“?

2255 5788 2315 5837 to
2342 5756 2627 5835 cbelandio
2651 5778 2799 5849 quod
2841 5780 2911 5836 ab
2946 5779 3291 5850 imperatore
3346 5774 3505 5830 fuerat
3528 5773 3656 5836 ευνετ
3672 5756 3739 5850 “of

2253 5872 2501 5945 missum,
2532 5844 2723 5936 tonsus
2745 5879 2833 5934 est
2857 5910 2877 5946 ,
2908 5880 2966 5933 et
2990 5844 3215 5933 indutus
3238 5868 3378 5940 stola
3397 5856 3685 5937 monachi“:
3702 5844 3736 5900 ⁸⁸
