3956 6342
195 330 324 391 τιξθ

1221 335 1547 394 HISTORIA
1587 335 1947 392 MISCELLA.
1989 364 2057 378 --
2095 334 2224 390 LIB.
2264 335 2460 394 XXIV.

3311 331 3442 390 H30

192 447 456 515 ingressus
483 445 613 502 ilhrd
637 445 767 502 abiit
788 445 841 502 in
867 445 1092 503 insulam
1119 460 1237 517 qua:
1256 448 1536 504 dicebatur
1560 449 1758 514 Prima,
1789 462 1839 518 Α
1865 465 2080 505 cursum
2117 451 2396 521 sexaginta
2427 451 2592 507 millia
2645 452 2962 509 bellatorum
2995 490 3014 521 ,
3061 457 3117 507 et
3163 449 3443 506 descendit

193 551 240 590 in
260 552 364 606 qua
382 538 739 593 aadilicaverat
758 540 1164 600 monasterium.
1189 541 1439 609 opinatus
1459 541 1599 611 quod
1621 539 1762 596 foret

192 625 389 681 veritus
416 626 653 681 terribile
681 628 902 682 verbum
931 628 1075 696 quod
1127 629 1350 684 dederat
1377 631 1479 686 sibi
1516 641 1760 686 contem-

190 716 383 786 ptibilis
428 715 780 786 Nicephorus,
813 726 870 772 et
897 718 949 772 in
982 718 1128 773 nullo
1166 728 1313 775 esset
1352 719 1644 778 lzedendus.
1691 722 1760 774 At

189 803 274 857 ille
318 804 551 872 primum
576 804 793 873 quidem
822 806 1058 861 denudat
1107 806 1254 862 illum
1281 809 1581 864 substantia
1612 810 1754 879 ejus,

179 901 240 948 et
280 894 568 951 occasione
607 905 868 965 accepta,
898 911 1086 951 omnes
1123 896 1417 953 thematum
1467 900 1755 970 principes,

185 991 238 1038 et
267 984 620 1048 habitatores,
667 986 927 1056 quosdam
952 995 1006 1041 et
1027 986 1095 1042 de
1124 989 1269 1058 regia
1295 989 1426 1044 urbe
1445 991 1756 1059 captivavit,

184 1075 474 1131 exercitum
523 1084 705 1131 autem
761 1077 1025 1148 privatum
1073 1092 1203 1148 roga
1256 1081 1512 1136 deseruit.
1558 1082 1757 1138 Verum

183 1167 300 1234 quis
329 1181 508 1222 sermo
531 1182 788 1223 enarrare
815 1168 1052 1226 sufﬁciet
1084 1170 1244 1238 digne
1266 1180 1461 1226 caetera
1501 1188 1619 1241 qua:
1644 1173 1758 1228 die-

182 1258 280 1311 bus
317 1256 423 1311 illis
457 1258 525 1311 ab
553 1272 620 1314 eo
644 1266 800 1328 gesta
829 1268 953 1314 sunt
981 1269 1202 1330 propter
1228 1261 1614 1331 indulgentiam
1661 1263 1754 1319 Dei

183 1363 279 1418 pro
299 1349 604 1404 commissis
647 1349 884 1405 nostris?
932 1351 1080 1406 Nona
1115 1367 1244 1407 vero
1273 1353 1381 1417 die,
1424 1369 1612 1411 mense
1641 1355 1755 1410 Au-

180 1449 334 1508 gusto
364 1441 655 1496 undecima:
685 1440 991 1498 indictionis
1018 1442 1266 1498 defuncta
1313 1451 1398 1500 est
1446 1445 1755 1516 imperatrix

181 1531 371 1586 Eirene
417 1531 471 1586 in
521 1532 712 1587 exsilio
768 1533 821 1587 in
879 1533 1049 1588 insula
1089 1533 1290 1604 Lesbi,
1334 1542 1391 1590 et
1442 1538 1754 1594 translatum

177 1629 258 1675 est
277 1635 472 1691 corpus
496 1620 611 1691 ejus
636 1623 690 1676 in
720 1622 947 1680 insulam
976 1625 1257 1695 Principis,
1286 1626 1340 1681 in
1361 1629 1750 1685 monasterium

177 1709 320 1779 quod
344 1710 458 1780 ipsa
481 1713 802 1767 construxit.

1862 557 2030 610 usque
2053 545 2342 614 Ancyram,
2373 556 2427 600 et
2449 543 2554 600 hac
2583 547 2713 610 visa,
2741 560 2989 602 reversus
3015 555 3114 601 est.
3148 546 3244 600 Ast
3271 545 3441 613 impe-

1859 640 2007 686 rator
2044 634 2397 702 Nicephorus,
2438 643 2583 690 metu
2606 644 2661 690 et
2703 635 3133 707 impossibilitate
3150 636 3440 700 .detentus,

1859 723 2021 778 exivit
2064 732 2119 779 et
2150 725 2263 794 ipse
2301 725 2355 780 in
2398 726 2776 795 desperatione
2832 726 2991 782 fortia
3014 724 3293 780 infortunii
3345 724 3440 779 de-

1858 825 2270 884 monstraturus,
2295 826 2351 873 et
2375 819 2556 874 multis
2577 820 2788 889 tropznis
2815 819 2992 887 factis,
3016 817 3240 874 misitad
3260 815 3441 872 Aaron

1861 907 2263 978 metropolitam
2289 910 2635 979 synodorum.
2664 920 2718 965 et
2745 909 2961 966 Petrum
2985 923 3308 980 egumenum
3331 907 3441 977 Gy-

1857 998 1947 1066 lei,
1975 1011 2036 1056 et
2061 1000 2380 1070 Gregorium
2411 1017 2754 1059 teconomum
2779 1045 2794 1070 ,
2827 1011 2883 1059 et
2908 1002 3131 1058 multum
3161 1000 3443 1070 disputan-

1857 1094 1998 1148 tibus
2025 1093 2102 1148 eis
2145 1095 2491 1150 firmaverunt
2518 1111 2705 1166 pacem
2726 1135 2744 1162 ,
2786 1103 2847 1150 ut
2875 1109 2971 1165 per
2998 1105 3438 1162 unumquemque

1857 1199 2058 1238 annum
2103 1185 2366 1240 tribueret
2394 1186 2498 1240 illis
2526 1186 2728 1242 tricena
2753 1186 2918 1241 millia
2949 1185 3351 1248 numismatum,
3381 1189 3439 1237 et

1860 1271 1959 1326 tria
1989 1273 2312 1328 numismata
2342 1274 2394 1328 in
2453 1275 2706 1330 tributum
2749 1275 2939 1346 capitis
2990 1273 3349 1345 imperatoris,
3380 1279 3440 1326 et

1858 1362 1956 1416 tria
2001 1361 2094 1418 lilii
2129 1363 2246 1431 ejus
2279 1366 2518 1433 :quibus
2563 1367 2824 1436 acceptis,
2880 1367 3063 1421 Aaron
3108 1363 3434 1435 jucundatus

1863 1464 1963 1519 εει,
2001 1464 2055 1509 et
2095 1453 2214 1524 plus
2254 1455 2583 1521 exsultavit,
2645 1471 2806 1525 quam
2852 1455 2899 1512 si
2947 1454 3086 1522 dena
3130 1452 3292 1507 millia
3347 1465 3436 1505 su-

1851 1541 2106 1611 scepisset
2178 1542 2419 1612 talenta,
2469 1551 2721 1613 tanquam
2762 1542 2852 1612 qui
2895 1541 3193 1610 subegisset
3238 1538 3437 1593 Roma-

1854 1647 1983 1686 num
2014 1631 2320 1702 imperium.
2353 1630 2526 1688 Porro
2554 1632 2808 1688 convenit
2832 1632 2975 1687 inter
2995 1646 3090 1686 eos
3113 1636 3291 1686 castra
3316 1642 3435 1698 quae

1854 1722 2128 1780 destructa
2177 1733 2333 1780 erant
2380 1739 2488 1778 non
2519 1722 2913 1779 reazdilicanda.
2942 1723 3186 1790 Cumque
3232 1718 3437 1774 Arabes

245 1800 402 1857 Anno
453 1802 692 1858 secundo
729 1803 940 1872 imperii
969 1805 1085 1872 sui,
1119 1806 1449 1878 Nicephorus
1470 1812 1752 1868 coronavit
1781 1821 1827 1882 Β
1853 1813 2080 1880 regressi
2109 1812 2353 1877 fuissent,
2397 1813 2700 1868 construxit
2737 1811 2926 1867 eadem
2949 1811 3204 1867 continuo
3231 1816 3432 1870 castra,

177 1888 340 1944 lilium
389 1905 542 1946 suum
589 1890 918 1947 Stauratium
960 1909 1058 1964 per
1108 1896 1423 1952 Tharasium
1477 1902 1750 1958 sanctissi-

174 1996 318 2034 mum
373 1982 730 2052 patriarcham
779 1983 832 2037 in
891 1984 1121 2041 amboue
1161 1987 1384 2056 majoris
1426 1990 1672 2046 ecclesia:
1697 1991 1751 2046 in

174 2072 551 2142 imperatorem
575 2112 595 2141 ,
639 2089 760 2128 cum
789 2083 934 2131 esset
963 2075 1166 2134 inutilis
1209 2077 1384 2134 modis
1407 2081 1657 2139 omnibus
1684 2082 1751 2137 ad

173 2169 376 2216 tantam
418 2163 730 2233 dignitatem
783 2172 891 2218 tam
941 2176 1162 2236 aspectu
1223 2182 1383 2236 quam
1431 2170 1649 2236 robore,
1696 2177 1754 2226 et

171 2269 351 2309 sensu.
391 2253 655 2310 Caeterum
697 2255 1058 2325 Nicephorus,
1085 2258 1178 2326 qui
1217 2273 1494 2328 nunquam
1523 2275 1749 2330 usquam

172 2347 449 2402 veritatem
471 2347 719 2412 servavit,
756 2347 1149 2418 Lycaonienses
1177 2351 1462 2419 quosdam,
1489 2352 1596 2407 imo
1618 2368 1750 2408 vero

171 2433 576 2506 Lycaathropos
621 2435 918 2491 concordes
956 2446 1011 2491 et
1053 2447 1449 2494 consentaneas
1498 2439 1569 2494 ad
1616 2441 1749 2497 Pro-

169 2535 259 2583 ten
301 2527 530 2582 insulam
570 2527 735 2595 misit,
783 2536 839 2583 et
881 2527 1045 2596 jussit
1079 2543 1175 2584 eos
1195 2529 1492 2597 discedere,
1522 2537 1578 2585 et
1611 2547 1750 2601 pra:-

167 2617 388 2682 dictum,
421 2618 575 2688 quasi
598 2633 658 2673 se
687 2618 964 2687 ignorante
987 2660 1002 2686 ,
1035 2617 1322 2674 luminibus
1363 2621 1579 2690 privare
1615 2621 1748 2677 Bar-

164 2710 385 2775 danem,
435 2718 492 2764 et
543 2716 668 2780 post
717 2708 922 2764 facinus
946 2708 1013 2762 ad
1039 2707 1323 2764 ecclesiam
1371 2709 1577 2780 fugere.
1627 2711 1747 2778 Quo

165 2803 312 2858 facto
340 2810 448 2856 tam
471 2802 795 2872 patriarcha,
827 2809 881 2855 et
899 2808 1137 2865 senatus,
1169 2814 1330 2869 quam
1347 2816 1534 2859 omnes
1563 2803 1748 2857 timen-

164 2903 247 2949 tes
276 2893 464 2959 Deum,
513 2893 714 2947 acriter
751 2893 1056 2946 doluerunt.
1082 2891 1180 2946 Ast
1207 2891 1500 2961 imperator
1529 2893 1747 2962 nequis-

163 2988 336 3042 simus
387 2985 721 3055 Nicephorus
765 3000 885 3039 cum
904 2984 1231 3054 juramentis
1269 3001 1456 3042 omnes
1484 2986 1747 3056 primores

162 3079 561 3151 Lycaonienses
599 3078 878 3134 simulatus
905 3080 1253 3147 exquirebat,
1284 3081 1336 3134 in
1364 3095 1461 3134 eos
1491 3090 1550 3134 ut
1584 3087 1744 3149 puta.

1855 1913 1909 1958 et
1953 1905 2326 1975 praemunivit;
2355 1919 2464 1973 quo
2493 1912 2770 1974 comperto
2794 1905 2974 1958 Aaron
3016 1903 3161 1957 misit
3204 1903 3427 1969 iterum,

1851 2002 1907 2050 et
1931 1996 2138 2066 recepit
2171 1995 2475 2063 Thebasan,
2505 1996 2779 2065 missoque
2807 1995 2945 2050 stolo
2971 1995 3025 2048 in
3052 1995 3310 2064 Cyprum,
3339 2007 3431 2047 ec-

1852 2087 2044 2147 clesias
2069 2087 2359 2156 destruxit,
2383 2087 2586 2157 Cypros
2611 2087 2912 2155 emigravit,
2936 2094 2991 2141 et
3019 2086 3188 2140 multo
3211 2083 3426 2141 excidio

1853 2175 1994 2230 facto
2027 2190 2214 2244 pacem
2255 2175 2521 2231 dissolvit.
2569 2179 2725 2231 Anno
2762 2176 2950 2245 quinto
2980 2175 3190 2246 imperii
3232 2175 3317 2230 sui
3341 2175 3433 2229 Ni-

1852 2267 2118 2335 cephorus
2151 2275 2331 2322 castra
2372 2267 2540 2322 movit
2565 2278 2750 2323 contra
2773 2265 3064 2335 Bulgares,
3096 2277 3152 2322 et
3179 2282 3300 2322 cum
3332 2283 3428 2321 ve-

1852 2355 2019 2410 nisset
2060 2355 2488 2425 AdrianOpolim,
2543 2364 2599 2410 et
2625 2357 2882 2412 sensisset
2910 2357 3054 2427 quod
3100 2357 3430 2411 simultatem

1851 2454 2042 2501 contra
2079 2460 2141 2501 se
2168 2446 2502 2516 imperatorii
2532 2447 2778 2503 homines
2815 2455 2871 2502 et
2923 2448 3138 2517 quidam
3182 2463 3246 2502 ex
3287 2448 3432 2504 ordi-

1850 2535 2005 2591 nibus
2036 2535 2459 2602 meditarentur,
2492 2537 2738 2593 ineflicax
2764 2538 3080 2608 repedavit,
3120 2538 3250 2594 nihil
3297 2554 3429 2609 pro-

1850 2625 2056 2694 ﬁciens,
2108 2626 2209 2680 nisi
2234 2626 2379 2695 quod
2431 2627 2714 2682 tribulibus
2769 2629 2880 2682 suis
2931 2637 3139 2683 tantum
3167 2628 3426 2683 ultionem

1849 2715 2060 2781 intulit,
2103 2715 2294 2770 horum
2333 2715 2534 2772 multos
2583 2716 2815 2773 caedibus
2861 2724 2917 2772 et
2945 2717 3429 2788 proscriptionibus

1849 2821 2029 2861 rerum
2059 2807 2406 2862 submittens.

1916 2900 2074 2954 Anno
2128 2908 2282 2956 sexto
2325 2901 2536 2971 imperii
2594 2899 2899 2971 Nicephori,
2945 2915 3131 2956 mense
3175 2899 3428 2971 Septem-

1846 2987 1951 3057 bri,
2007 2988 2189 3044 Aaron
2236 2989 2345 3045 dux
2396 2989 2632 3046 Arabum
2679 3005 2804 3046 cum
2859 2991 3029 3046 classe
3049 3000 3238 3047 contra
3271 2990 3423 3045 Rho-

1849 3077 1974 3132 dum
1999 3077 2259 3134 Chumeid
2292 3079 2506 3147 direxit,
2538 3080 2630 3150 qui
2659 3096 2779 3136 cum
2808 3080 2984 3137 subito
3017 3088 3423 3146 transmeassct,

165 3172 323 3226 batur
367 3171 592 3235 ulturus,
637 3170 817 3225 omnia
871 3173 1162 3227 secundum
1215 3172 1666 3239 ostentationem,
1695 3179 1752 3228 et
1780 3170 1824 3233 ε
1855 3166 2207 3238 Rhodumque
2244 3171 2616 3240 pervenisset,
2656 3171 2882 3226 multum
2929 3171 2984 3225 in
3043 3186 3107 3226 ea
3150 3171 3420 3226 excidium

161 3264 295 3318 nihil
315 3263 614 3318 secundum
642 3261 805 3318 Deum
837 3276 1021 3332 agens.
1053 3264 1180 3318 Erat
1205 3264 1346 3319 enim
1387 3262 1460 3318 illi
1487 3263 1752 3334 praecipue

160 3371 287 3411 cum
318 3354 540 3423 reliquis
569 3354 1095 3424 prtevaricationibus
1143 3353 1510 3422 hujuscemodi
1557 3355 1752 3410 mentis

158 3447 381 3511 idioma,
407 3461 504 3516 per
527 3445 671 3517 quod
711 3443 962 3501 videlicet
985 3453 1041 3500 et
1069 3451 1196 3500 ante
1239 3445 1522 3515 imperium
1554 3446 1751 3502 mullos

155 3537 376 3594 seduxit
411 3555 423 3590 :
455 3545 821 3591 verumtamen
848 3535 899 3590 in
929 3535 1213 3591 ridiculum
1248 3536 1566 3604 habebatur,
1591 3536 1751 3605 liqui-

153 3629 232 3684 do
281 3629 388 3683 hoc
425 3627 719 3682 scientibus
767 3627 886 3695 ejus
913 3626 1174 3694 studium,
1206 3627 1278 3680 ita
1321 3634 1382 3680 ut
1419 3625 1749 3695 impudentia

153 3721 331 3777 multa
357 3761 374 3785 ,
407 3728 461 3776 et
487 3720 742 3789 caligosa,
774 3729 830 3774 et
860 3719 1062 3788 polluta
1107 3719 1270 3774 facies
1298 3718 1415 3787 ejus
1452 3725 1582 3772 tunc
1611 3718 1751 3772 inac-

150 3813 428 3869 cessibilis
456 3810 612 3867 fieret
641 3825 735 3880 per
763 3821 968 3880 septem
999 3810 1133 3877 dies,
1162 3825 1228 3865 eo
1275 3809 1462 3864 dolose
1486 3809 1627 3863 intra
1656 3825 1751 3864 cu-

147 3903 401 3960 biculum
424 3901 824 3971 imperatorium
866 3902 1123 3970 ejulante.
1165 3900 1297 3955 Nam
1340 3909 1396 3955 et
1438 3899 1752 3954 naturaliter

146 3995 280 4064 ejus
310 3991 598 4046 muliebres
645 3991 868 4046 aderant
892 3992 1172 4063 lacrymac,
1203 4006 1337 4061 quas
1366 3989 1545 4045 multis
1574 3990 1751 4060 pravis

146 4085 362 4148 inesse,
421 4090 477 4139 et
528 4081 1010 4152 pseudoprophetis
1061 4082 1249 4152 procul
1293 4079 1456 4135 dubio
1505 4088 1747 4146 constat,

146 4187 473 4244 quanquam
514 4171 774 4242 plurimos
824 4187 931 4226 non
972 4171 1212 4226 latuerit.
1271 4169 1453 4226 Mense
1480 4185 1610 4224 vero
1636 4169 1747 4223 Au-

145 4273 344 4334 gusto,
366 4276 487 4319 cum
506 4262 765 4317 adversus
785 4261 988 4316 Arabes
1008 4263 1228 4326 exisset,
1247 4260 1488 4315 occurrit
1508 4259 1585 4314 eis
1610 4258 1750 4328 apud

143 4355 369 4410 Crason
403 4352 671 4424 Phrygiae,
701 4361 758 4408 et
795 4353 927 4407 inito
957 4351 1100 4407 bello
1125 4358 1430 4420 superatur,
1463 4348 1752 4418 multisque

143 4445 377 4500 amissis
401 4458 524 4499 cum
545 4442 931 4513 propemodum
960 4441 1076 4512 ipse
1105 4441 1255 4496 vivus
1280 4439 1419 4495 foret
1438 4439 1748 4509 capiendus,

1851 3258 1996 3315 fecit.
2024 3261 2401 3317 Verumtamen
2431 3263 2776 3332 municipium
2802 3263 2945 3333 quod
2991 3264 3044 3318 in
3072 3277 3148 3329 ea
3179 3271 3294 3320 erat
3315 3279 3424 3318 non

1852 3353 2219 3424 impugnatum
2247 3355 2521 3410 remansit.
2553 3354 2688 3410 Cum
2718 3365 2898 3411 autem
2937 3356 3051 3426 ipse
3088 3365 3424 3424 remeasset,

1850 3444 2127 3500 evidenter
2165 3444 2506 3514 impugnatus
2539 3453 2622 3501 est
2669 3460 2700 3499 a
2727 3452 2916 3501 sancto
2956 3454 3012 3501 et
3049 3445 3426 3501 miraculorum

1850 3542 2126 3606 patratore
2166 3533 2412 3591 Nicolao.
2441 3533 2576 3590 Cum
2606 3535 2751 3590 enim
2807 3533 3010 3606 Myram
3053 3533 3322 3604 venisset,
3370 3543 3427 3589 et

1849 3639 2058 3682 sacram
2076 3624 2195 3695 ejus
2221 3639 2399 3680 arcam
2428 3635 2710 3682 conterere
2736 3633 3012 3690 tentasset,
3044 3625 3204 3680 aliam
3229 3641 3326 3694 pro
3357 3640 3422 3680 ea

1850 3716 2121 3781 contrivit,
2169 3730 2401 3785 moxque
2424 3715 2653 3772 classem
2680 3716 2967 3771 multorum
3012 3727 3327 3782 ventorum,
3368 3727 3424 3770 et

1850 3807 2177 3860 marinorum
2207 3806 2490 3874 fluctuum,
2524 3805 2882 3861 tonitruorum
2904 3821 3118 3874 quoque
3163 3815 3219 3862 et
3249 3806 3423 3874 fulgu-

1851 3910 1992 3962 rum,
2021 3894 2349 3965 irrequalitas
2375 3893 2810 3965 comprehendit,
2852 3895 2923 3948 ita
2954 3901 3011 3948 ut
3032 3893 3278 3964 plurimas
3305 3909 3423 3948 sca-

1850 3988 1970 4058 phae
1997 3995 2503 4058 conquassarentur,
2520 3987 2749 4057 ipseque
2793 3985 3136 4055 impugnator
3160 3984 3423 4038 Chumeid

1852 4078 2104 4133 virtutem
2128 4078 2302 4133 sancti
2333 4086 2703 4148 cognosceret,
2728 4084 2782 4130 et
2803 4084 3003 4146 praiter
3032 4089 3185 4145 spem
3211 4075 3422 4145 pericu-

1852 4168 1961 4223 lum
1989 4167 2262 4224 evaderet.
2296 4166 2463 4222 Porro
2494 4166 2703 4222 decima
2740 4173 2931 4236 quarta
2961 4160 3080 4219 Kal.
3112 4163 3234 4222 Jan.
3266 4161 3423 4222 Nice-

1850 4259 2053 4328 phorus
2079 4266 2202 4327 post
2232 4257 2454 4312 multam
2496 4256 2818 4312 electionem
2860 4256 3123 4326 virginum
3165 4270 3235 4312 ex
3277 4258 3426 4313 omni

1854 4355 2120 4418 potestate
2140 4346 2242 4402 sibi
2270 4346 2508 4414 subdita,
2555 4361 2718 4403 causa
2758 4345 3045 4416 copulandi
3093 4344 3426 4402 Stauratium

1856 4437 2024 4493 lilium
2051 4452 2203 4493 suum
2227 4436 2442 4507 conjugi
2466 4434 2685 4505 factam,
2716 4436 3121 4506 Tthphaniam
3135 4434 3430 4492 Athenien-

145 4535 469 4606 principum
519 4533 737 4603 quidam
797 4531 1067 4588 fortissimi
1118 4531 1207 4585 vix
1262 4531 1405 4585 hunc
1452 4530 1751 4585 salvabant.
1789 4520 1973 4584 Dsem
2024 4538 2312 4597 cognatam
2343 4528 2514 4582 beata:
2554 4525 2926 4596 Eirenze,qua3
2948 4526 3062 4583 viro
3101 4524 3432 4597 desponsata

143 4627 324 4681 Anno
353 4625 514 4680 tertio
563 4623 771 4694 imperii
795 4625 899 4687 sui,
939 4621 1212 4676 simultate
1258 4617 1399 4676 facta
1430 4620 1482 4674 in
1511 4617 1748 4686 Perside,

141 4703 443 4773 descendit
471 4716 708 4771 Arabum
735 4715 839 4770 dux
863 4712 1242 4784 pacificaturus
1271 4728 1382 4768 eos.
1417 4712 1750 4782 Nicephorus

141 4819 367 4872 autem,
395 4807 572 4876 spatio
599 4814 838 4874 reperto,
891 4803 1176 4858 :udilicatit
1214 4805 1475 4873 Ancyram
1507 4800 1751 4866 Calatizc,

141 4907 209 4955 et
237 4898 550 4965 Thebasan,
604 4906 660 4950 et
701 4895 1108 4960 Analatrasum;
1150 4893 1298 4947 misit
1351 4893 1511 4947 etiam
1541 4901 1596 4946 et
1631 4907 1750 4944 cur-

141 5004 306 5051 sum,
340 4987 429 5056 qui
460 4996 800 5041 revertentes
832 4985 961 5040 nihil
1014 4983 1376 5054 profecerunt,
1419 4983 1511 5038 sed
1560 4991 1750 5037 contra

142 5079 365 5136 multos
394 5077 766 5147 perdiderunt.
797 5077 953 5131 Anno
981 5075 1013 5128 4
1040 5073 1248 5144 imperii
1275 5073 1557 5142 Nicephori
1586 5072 1754 5126 movit

141 5170 465 5226 exercitum
512 5168 692 5222 Aaron
722 5171 826 5222 dux
858 5166 1091 5221 Arabum
1124 5166 1382 5219 adversus
1434 5163 1748 5216 Rmnaniam

142 5261 208 5314 in
242 5259 448 5314 virtute
503 5259 673 5327 gravi,
715 5265 1078 5313 trecentorum
1125 5256 1332 5310 scilicet
1374 5255 1596 5309 millium
1641 5263 1748 5306 tam

141 5349 540 5419 Maurophoris
577 5363 739 5417 quam
781 5347 933 5418 Syria
985 5357 1038 5402 et
1084 5345 1365 5399 Palmstina
1399 5343 1746 5406 coacervatis,

143 5450 214 5496 et
242 5457 372 5496 cum
401 5442 632 5495 vertisset
672 5440 854 5510 Tyana
877 5479 892 5503 ,
924 5438 1206 5493 :cdilica'vit
1247 5437 1464 5493 domum
1504 5437 1747 5505 blasphe-

141 5533 289 5588 miae
313 5547 443 5598 suac,
472 5541 528 5586 et
555 5531 807 5586 obsidens
837 5530 980 5599 cepit
1009 5529 1310 5584 Heraclium
1346 5538 1471 5584 tunc
1493 5538 1746 5594 castrum,

139 5623 316 5691 quod
353 5631 471 5677 erat
497 5621 654 5675 valde
683 5619 946 5673 munitum
971 5660 985 5682 ,
1018 5628 1071 5672 et
1093 5618 1394 5684 Thebasan,
1428 5627 1484 5673 et
1514 5618 1747 5672 Malae-o-

145 5732 298 5788 pan,
351 5723 406 5770 ct
436 5712 830 5782 Sideropelum,
861 5719 915 5766 ct
941 5711 1261 5768 Andrasum.
1297 5710 1440 5768 Misit
1484 5720 1664 5766 autem
1694 5717 1749 5767 et

482 5830 752 5891 Pauor.
794 5824 978 5887 XCV.

1856 4631 2005 4685 erat,
2045 4619 2316 4689 separavit
2357 4617 2424 4672 ab
2467 4617 2659 4672 eodem
2706 4617 2862 4682 viro,
2914 4625 2970 4673 et
3014 4616 3116 4687 ipsi
3153 4614 3430 4673 Stanratio

1856 4711 2054 4766 misero
2085 4708 2377 4779 copulavit,
2410 4707 2775 4776 imprudenter
2804 4715 2862 4762 ut
2891 4707 2942 4760 in
2966 4706 3103 4770 aliis,
3147 4715 3204 4762 et
3232 4706 3286 4761 in
3325 4708 3430 4761 hoc

1854 4814 2074 4870 quoque
2112 4798 2494 4869 praevaricator
2538 4797 2790 4863 effectus;
2839 4796 2973 4851 alias
3010 4811 3140 4852 vero
3170 4797 3302 4850 duas
3328 4797 3433 4853 ista

1855 4890 2210 4958 pulchriores,
2239 4901 2373 4956 quas
2397 4901 2520 4942 cum
2542 4901 2606 4940 ea
2638 4887 2890 4953 elegerat,
2919 4885 3200 4940 manifeste
3229 4901 3430 4941 corru-

1854 4983 1932 5052 pit
1960 4982 2010 5035 in
2042 4979 2245 5033 eisdem
2289 4977 2595 5046 nuptiarum
2635 4975 2850 5040 diebus,
2891 4973 2959 5027 ab
3001 4973 3248 5028 omnibus
3285 4974 3430 5028 idem

1854 5071 2118 5127 obscenus
2138 5068 2344 5122 irrisus.
2373 5066 2616 5134 Denique
2657 5079 2842 5119 mense
2891 5059 3046 5127 Feb.,
3093 5065 3423 5119 simultatem

1855 5161 2224 5228 excogitantes
2277 5157 2532 5212 adversus
2586 5171 2709 5210 eum
2767 5154 2921 5208 multi
2967 5169 3033 5209 ex
3082 5157 3427 5224 proceribus,

1855 5252 2075 5307 Arsabir
2105 5258 2446 5319 quazstorcm,
2503 5255 2558 5301 et
2608 5246 2916 5315 patricium,
2968 5243 3139 5300 virum
3185 5248 3330 5316 pium
3378 5256 3434 5303 et

1855 5340 2402 5401 rationabilissimum,
2435 5337 2734 5404 elegerunt,
2763 5335 2907 5404 quod
2937 5352 3058 5391 cum
3082 5337 3428 5393 multiformis

1853 5431 2186 5501 Nicephorus
2241 5427 2582 5497 agnovisset,
2633 5426 2802 5495 ipsum
2855 5426 3070 5494 quidem
3119 5442 3312 5481 ensum
3369 5444 3434 5482 ac

1853 5533 2070 5577 tonsum
2115 5519 2441 5573 monachum
2482 5515 2648 5580 fecit,
2697 5524 2752 5569 et
2792 5515 2981 5569 exsilio
3029 5515 3324 5583 relegatum
3377 5515 3432 5568 in

1855 5613 2152 5682 Bithyniam
2206 5611 2350 5664 misit
2395 5629 2407 5664 :
2440 5608 2676 5674 reliquos
2716 5614 2894 5660 autem
2945 5606 3179 5660 caedibus
3220 5614 3274 5660 et
3313 5614 3435 5662 ton-

1851 5707 2010 5774 suris,
2037 5701 2487 5776 publicationibus
2536 5701 2752 5770 insuper
2796 5708 2850 5756 et
2901 5701 3103 5757 exsiliis
3146 5699 3432 5765 subdidit,

2881 5813 2958 5876 36
