3956 6342
556 294 692 353 “Si

554 516 769 571 scopos,
825 511 882 555 et
927 501 1244 562 monachos,
1272 514 1375 555 nec
1405 506 1511 553 non
1534 509 1591 553 et
1620 498 1843 566 majoris
1892 496 2132 551 ecclesia:

553 595 873 665 sincellum,
901 602 953 647 et
981 592 1345 658 sacellarium,
1377 600 1435 647 et
1461 590 1961 662 chartophylacem,
1986 588 2133 642 viros

552 682 906 739 rationabiles
961 689 1017 736 et
1064 683 1366 736 reverentia
1428 680 1638 748 dignos.
1686 680 1844 733 Anno
1902 678 2132 747 septimo

550 770 761 843 imperii
786 771 1072 842 Nicephori
1104 771 1335 825 Arabum
1367 770 1476 824 dux
1498 778 1742 824 mortuus
1784 775 1868 823 est
1895 767 1949 820 in
1992 766 2132 820 inte-

548 863 681 918 riori
713 861 948 926 Perside,
980 875 1101 928 qua:
1118 868 1339 915 vocatur
1361 859 1625 923 Curasan,
1648 867 1704 912 et
1725 856 1962 925 suscepit
1984 856 2131 925 prin-

546 954 785 1022 cipatum
817 951 1147 1005 Muhammat
1171 951 1308 1004 tilius
1331 950 1470 1019 ejus,
1496 949 1846 1019 scrupulosus
1876 963 1971 1017 per
2009 962 2130 1002 om-

550 1048 658 1113 nia,
692 1054 880 1100 contra
932 1059 1091 1115 quem
1141 1042 1430 1096 llatdallas
1454 1043 1619 1096 frater
1644 1040 1759 1108 ejus
1808 1039 2130 1095 seditionem

549 1150 921 1201 commovens,
948 1133 1185 1188 intestini
1217 1133 1340 1187 belli
1373 1132 1546 1186 factus
1574 1144 1657 1185 est
1684 1138 1895 1194 auctor,
1922 1137 1978 1183 et
2006 1129 2131 1183 hinc

547 1216 583 1281 ii
614 1227 702 1294 qui
728 1226 777 1279 in
800 1225 953 1296 Syria
974 1264 989 1290 ,
1015 1232 1070 1277 et
1102 1222 1360 1293 Egypto,
1384 1229 1439 1277 et
1472 1222 1636 1292 Libya
1662 1229 1839 1289 erant,
1870 1220 1923 1273 in
1952 1219 2129 1274 diver-

546 1334 637 1374 sos
667 1319 821 1374 inci-i
863 1317 1217 1387 principatus,
1263 1325 1371 1370 tam
1403 1314 1645 1384 publicas
1674 1329 1762 1369 res
1782 1327 1942 1380 quam
1964 1312 2130 1365 alter-

545 1419 697 1464 utros
727 1409 1127 1474 subverterent,
1168 1405 1606 1471 mactationibus,
1662 1413 1718 1459 et
1772 1403 2007 1474 rapinis,
2064 1417 2128 1456 ac

544 1501 768 1555 diversis
801 1497 1045 1568 ﬂagitiis,
1072 1506 1263 1552 contra
1292 1511 1351 1551 se
1381 1504 1677 1565 contraque
1705 1495 1950 1549 subditos
1974 1493 2128 1547 Chri-

524 1594 749 1648 stianos
789 1592 1019 1647 confusi.
1052 1592 1129 1645 Ac
1160 1605 1255 1660 per
1279 1590 1380 1643 hoc
1407 1588 1647 1643 ecclesia:
1678 1603 1794 1656 qua:
1842 1586 1895 1639 in
1941 1591 2127 1641 sancta

544 1680 639 1739 Dei
667 1684 836 1740 nostri
863 1693 1017 1737 erant
1044 1682 1285 1746 civitate,
1313 1681 1539 1735 desertae
1584 1679 1735 1733 factm
1760 1686 1903 1743 sunt,
1934 1687 1986 1732 et
2010 1692 2126 1731 nro—
2160 1696 2166 1703 θ

1054 360 1061 363 μ
1458 294 1660 352 PAULI
1704 293 1974 350 DlACONl
2013 292 2120 349 om

2219 293 2390 351 PARS
2434 293 2472 350 Ι.
2511 325 2582 336 -
2606 296 3004 356 ΙΠΒἸῸῐὶΙΟΑ.

556 426 664 469 non
711 411 881 466 solum
928 405 1217 464 mundialis
1261 408 1381 462 vim:
1423 410 1709 478 principes,
1766 408 1861 462 sed
1913 415 1969 460 et
2015 420 2129 474 epi-
2160 409 2204 466 Α
2235 404 2441 472 injuriis
2467 414 2526 460 et
2568 407 2871 463 maledictis
2919 409 3063 466 hunc
3089 408 3412 484 submittunt,
3450 420 3619 484 ulterius
3646 449 3688 489 κ

3580 319 3686 379 Ἢὸἳ

2234 512 2343 550 non
2371 496 2597 553 suﬁ‘erre
2630 500 2953 555 immensam
2980 502 3281 572 avaritiam,
3304 516 3350 560 et
3369 524 3558 578 nequam
3578 520 3691 575 mn.

2232 586 2391 641 minis
2410 588 2526 656 ejus
2549 588 2790 644 animum
2819 590 3156 659 dejurantes.
3184 592 3251 647 At
3288 595 3369 650 ille
3401 605 3621 669 repentino
3642 625 3691 664 ii-

2232 677 2438 733 mulato
2466 693 2667 749 pavore
2678 684 3006 748 perterritus
3020 686 3255 738 surrexit
3272 701 3299 739 a
3322 703 3499 757 mensa,
3519 702 3561 747 et
3573 700 3696 764 primo

2232 767 2451 835 quidem
2496 783 2591 838 per
2633 770 2996 841 Nicephorum
3026 782 3081 827 et
3125 773 3332 831 Petrum
3366 782 3573 848 patricios
3592 786 3695 854 jura-

2233 860 2431 915 mentis
2471 868 2528 917 et
2574 864 3021 931 persuasibilibus
3056 865 3235 922 verbis
3276 868 3445 924 sedare
3481 875 3698 933 conabatur

2232 949 2551 1004 exercitum.
2583 948 2653 1004 At
2675 952 2752 1005 illi
2783 953 2997 1007 modica
3029 955 3208 1023 quiete
3230 958 3369 1026 potiti
3396 961 3554 1016 collem
3567 980 3698 1031 quem:

2231 1036 2355 1091 dam
2397 1049 2688 1109 ceperunt,
2716 1056 2877 1111 quem
2903 1042 3027 1113 quia
3050 1059 3149 1112 per
3190 1060 3245 1100 se
3277 1048 3325 1101 in
3360 1051 3565 1105 manibus
3587 1053 3699 1110 babe-

2230 1130 2383 1197 bant,
2409 1131 2582 1186 oblitia
2612 1144 2756 1197 sunt,
2787 1133 2946 1210 Κύριε
2996 1138 3197 1196 ἐλέησον
3225 1140 3558 1206 exclamantes,
3596 1160 3641 1199 ac
3671 1148 3700 1200 si

2230 1235 2393 1289 super
2413 1222 2649 1290 quodam
2679 1234 3009 1288 terraemotu,
3036 1228 3119 1281 vel
3158 1228 3391 1283 imbrium
3415 1231 3607 1290 defectu.
3636 1235 3701 1290 llle

2230 1320 2429 1368 autem
2464 1324 2523 1369 ut
2571 1326 2698 1384 pote
2741 1318 2807 1371 ad
2853 1333 3016 1373 omne
3063 1320 3261 1374 malum
3300 1336 3491 1392 semper
3520 1334 3701 1393 paratus,

2230 1350 2409 1368 ιιυινιιι
2466 1350 2523 1369 us
2571 1350 2698 1384 γυιυ
2741 1350 2807 1371 au
2853 1350 3016 1373 unum
3063 1350 3261 1374 ιιιιιιυιιι
3300 1350 3490 1392 aculpr
3521 1350 3701 1393 paratus,

2229 1404 2578 1461 clandestinis
2624 1408 2939 1463 muneribus
2965 1418 3130 1465 noctu
3171 1412 3344 1466 multis
3371 1428 3432 1467 ex
3456 1416 3705 1484 principibus
3860 1350 3869 1483 ί

2230 1494 2494 1563 pellectis,
2530 1498 2581 1551 in
2604 1499 2899 1553 crastinum
2929 1500 3048 1569 ipse
3070 1516 3168 1569 per
3195 1516 3255 1556 se
3275 1503 3436 1571 ipsum
3456 1503 3621 1559 medius
3641 1520 3702 1558 ve-

2229 1586 2407 1655 nie..s,
2439 1588 2703 1643 allocutus
2730 1600 2810 1645 est
2844 1592 3031 1646 turbas
3068 1608 3189 1646 cum
3222 1595 3362 1647 omni
3391 1596 3705 1663 tranquillitate,

2230 1691 2294 1731 ac
2335 1693 2496 1748 super
2524 1681 2719 1747 aequali
2762 1696 2888 1735 cura
2924 1695 3049 1749 erga
3080 1691 3237 1735 natos
3266 1698 3440 1737 eorum
3472 1683 3710 1750 juramentis

544 1777 775 1832 nasteria
816 1777 1040 1830 duarum
1070 1789 1382 1844 magnarum
1408 1783 1431 1808 υ
1460 1772 1751 1837 tabrarum,
1782 1779 1982 1825 sancta:
2040 1770 2118 1823 vi-
2152 1755 2200 1814 Β
2227 1767 2572 1824 borribilibus
2596 1785 2691 1824 eos
2720 1769 3045 1836 certilicans,
3077 1783 3132 1826 et
3155 1773 3404 1828 continuo
3429 1774 3597 1842 regiam
3617 1790 3702 1843 per-

542 1868 738 1923 delicet
763 1867 1033 1920 memoria:
1053 1863 1382 1929 Charitonis,
1415 1870 1469 1917 et
1495 1861 1725 1933 Cyriaci,
1760 1868 1921 1929 atque
1943 1859 2118 1924 Saba},

552 1972 762 2011 necnon
787 1965 841 2011 et
873 1956 1079 2023 reliqua
1127 1964 1437 2009 sanctorum
1467 1954 1711 2029 emnobia
1759 1951 2025 2022 Euthymii
2058 1966 2123 2004 ac

544 2048 855 2104 Theodosii.
886 2046 1200 2101 Theodorus
1221 2054 1399 2100 autem
1424 2059 1719 2114 egumenus
1747 2044 1930 2109 studii,
1952 2052 2006 2097 et
2025 2042 2121 2097 Jo-

541 2139 675 2210 seph
704 2140 868 2192 frater
889 2138 1006 2206 ejus
1027 2138 1465 2207 archiepisc0pus
1481 2132 1989 2202 Thessalonicenus,
2017 2150 2120 2187 una

544 2246 664 2283 cum
692 2230 915 2284 Platone
970 2229 1202 2293 incluso,
1250 2237 1304 2281 et
1357 2226 1565 2281 caeteris
1592 2225 1872 2280 monachis
1911 2226 2045 2290 suis,
2092 2240 2122 2279 a

515 2319 926 2375 ‘eommunione
953 2325 1291 2372 recesserunt
1335 2316 1581 2369 Tharasii
1603 2316 1925 2370 sanctissimi
1956 2317 2123 2384 patri-

541 2410 736 2471 archas,
778 2415 1003 2477 propter
1029 2404 1228 2475 Joseph
1260 2405 1678 2471 vicedominum,
1724 2405 1815 2474 qui
1866 2406 2121 2473 prasvari-

536 2500 745 2553 catorie
803 2496 1218 2552 Constantinum
1269 2504 1324 2552 et
1371 2496 1690 2551 Theodaten
1740 2503 2117 2550 coronaverat.

539 2592 689 2648 Tunc
742 2592 1073 2662 Nieephorus
1123 2592 1437 2659 imperator,
1487 2589 1771 2643 Occasione
1826 2595 2119 2657 percepta,

538 2698 660 2737 cum
684 2684 968 2752 episcopos
997 2691 1051 2736 et
1082 2696 1373 2751 egumenos
1411 2689 1814 2749 congregasset,
1857 2678 2119 2749 synodum

536 2776 790 2829 adversus
817 2774 937 2828 illos
958 2773 1215 2828 celebrari
1246 2772 1522 2842 prmcepit,
1553 2786 1649 2841 per
1675 2785 1835 2839 quam
1868 2786 1898 2823 a
1935 2784 2121 2823 mona-

533 2864 700 2919 sterio
732 2873 782 2917 et
810 2863 945 2918 urbe
972 2862 1190 2932 deiecti,
1246 2862 1437 2917 exsilio
1467 2870 1592 2916 sunt
1635 2860 1910 2924 destinati,
1936 2874 2121 2914 mense

530 2954 809 3023 Januario,
852 2954 1143 3009 indictione
1189 2953 1445 3008 secunda.
1494 2951 1694 3006 Eodem
1752 2951 1915 3006 etiam
1945 2964 2117 3014 anno,

533 3046 659 3100 dum
690 3059 818 3113 roga
863 3060 1029 3114 penes
1057 3043 1403 3099 Strumoncm
1436 3050 1649 3097 amnem
1681 3042 1881 3111 populo
1931 3042 2116 3095 distri-

536 3142 814 3205 bueretur,
845 3136 1400 3205 irruentesliulgares
1452 3135 1592 3189 hanc
1619 3134 1954 3201 ademerunt,
2001 3134 2119 3188 auri

535 3230 701 3284 libras
733 3238 949 3284 centum
989 3236 1044 3283 et
1065 3228 1231 3291 mille,
1260 3228 1596 3295 multumque
1622 3226 1879 3296 populum
1910 3225 2122 3280 occide-

536 3331 686 3388 runt,
735 3337 856 3376 cum
898 3328 1130 3390 prmtore
1178 3327 1338 3388 atque
1377 3318 1728 3388 principibus.
1779 3319 1944 3372 Erant
1978 3318 2120 3372 enim

534 3422 591 3464 et
616 3420 930 3465 cmterorutn
964 3410 1258 3463 tliematum
1296 3408 1492 3463 ibidem
1526 3408 1692 3462 taxati
1722 3409 1991 3477 principes
2009 3422 2117 3461 non

536 3502 715 3571 pauci,
740 3501 831 3570 qui
856 3514 1043 3554 onmes
1074 3499 1183 3554 illic
1220 3499 1518 3568 perierunt.
1551 3501 1825 3569 Ccperunt
1853 3506 2032 3552 autem
2062 3506 2119 3552 et

536 3603 707 3650 totam
739 3593 1037 3658 sarcinam,
1068 3604 1122 3647 et
1176 3594 1247 3645 ita
1299 3591 1503 3646 reversi
1532 3600 1675 3644 sunt.
1710 3590 1912 3646 Eodem
1954 3590 2115 3645 etiam

536 3703 677 3742 anno
704 3696 828 3740 ante
848 3684 1243 3741 solemnitatem
1276 3682 1784 3751 Pascl.a3,Crunnus
1826 3682 2115 3750 Bulgarum

537 3776 642 3830 dux
670 3777 783 3831 acie
806 3785 992 3831 contra
1026 3775 1305 3831 Sardicam
1335 3774 1537 3829 directa
1588 3773 1714 3829 dolo
1754 3773 1896 3827 hanc
1943 3772 2113 3840 cepit;

533 3854 595 3921 ex
631 3868 834 3922 militiis
852 3875 1030 3920 autem
1059 3865 1331 3919 Rutnaicis
1361 3865 1628 3919 interfecit
1669 3878 1763 3917 sex
1806 3863 1967 3916 millia
1993 3864 2117 3916 abs-

534 3972 640 4025 que
697 3955 1039 4010 multitudine
1061 3955 1412 4023 privatorum.
1459 3952 1790 4021 Nicephorus
1819 3960 1997 4005 autem
2022 3951 2115 4003 ad-

533 4062 722 4101 versus
735 4060 858 4101 eum
876 4044 1030 4099 tertia
1057 4043 1188 4097 feria
1211 4042 1559 4097 hebdomada:
1577 4042 1826 4096 salutaris
1848 4042 2116 4111 pa:sionis

530 4151 802 4206 egressus,
838 4135 1055 4204 dignum
1087 4133 1301 4201 quidem
1320 4134 1572 4186 sermone
1595 4132 1725 4185 nihil
1748 4133 1934 4201 gessit.
2008 4133 2116 4187 llos

536 4238 713 4283 autem
741 4227 1027 4297 principes,
1055 4226 1142 4294 qui
1173 4223 1238 4279 de
1268 4224 1416 4279 ccede
1447 4221 1724 4290 Bulgarica
1756 4220 1952 4276 salvati
1994 4236 2114 4277 ver-

537 4304 661 4373 bum
687 4317 874 4371 salutis
900 4315 1219 4385 deposcunt,
1252 4328 1373 4367 cum
1402 4313 1533 4367 dare
1557 4311 1875 4379 dedignatus
1906 4312 2112 4382 fuisset,

538 4414 735 4479 amisit,
770 4413 908 4466 inter
939 4427 1075 4481 quos
1124 4419 1239 4463 erat
1281 4418 1335 4463 et
1363 4408 1638 4463 Cumatius
1668 4408 1967 4476 Spatarius,
2000 4423 2190 4500 me-D

538 4503 776 4556 chanicze
803 4501 933 4553 artis
965 4507 1241 4567 expertus.
1273 4498 1341 4552 At
1371 4498 1701 4567 Nicephorus
1734 4499 1904 4552 multo
1945 4499 2109 4553 dede-

537 4590 957 4659 corejuratoriis
988 4590 1153 4642 sacris
1182 4588 1338 4656 regite
1380 4587 1496 4641 urbi
1542 4590 1869 4657 persuadere
1896 4597 2111 4658 satage-

541 4684 633 4736 bat
662 4691 717 4735 ut
756 4680 1041 4736 crederent
1072 4680 1212 4747 quod
1260 4680 1607 4731 festivitatem
1639 4678 1859 4735 Pascha:
1891 4681 1943 4733 in
1992 4680 2111 4733 aula

536 4770 739 4825 Crunni
773 4767 1144 4825 celebraverit.
1185 4767 1445 4821 l’rzcterea
1478 4784 1598 4820 cum
1639 4768 1912 4822 civitatem
1935 4770 2115 4823 Sardi-

540 4877 679 4923 cam,
744 4875 861 4929 qua:
905 4859 1177 4911 destructa
1210 4858 1401 4919 fuerat,
1453 4857 1781 4913 remdiliCare
1830 4859 2110 4923 voluisset,

542 4948 968 5005 multitudinibus
1014 4946 1387 5000 resistentibus
1419 4947 1634 5011 timens,
1685 4948 2112 5017 persuadendum

537 5041 707 5095 turbis
735 5042 1119 5109 imperatorem
1143 5052 1305 5107 super
1355 5036 1585 5093 acdﬁrcio
1609 5041 1865 5109 pecunias
1917 5041 1983 5095 ab
2038 5043 2114 5097 eis

536 5132 701 5201 coepit
724 5114 959 5197 exigere.
983 5132 1051 5182 At
1081 5128 1153 5181 illi
1201 5144 1367 5183 sensu
1410 5144 1663 5199 ingenuo,
1695 5139 1754 5185 ut
1792 5146 1857 5185 ex
1884 5148 2114 5202 nequam

539 5225 677 5276 illius
710 5221 1267 5289 argumentationibus
1304 5222 1735 5290 SllblllltilSll‘alO,
1786 5227 2118 5282 tumultuan-

538 5323 625 5365 tur
654 5313 910 5365 adversus
951 5311 1095 5363 illum
1137 5319 1193 5363 et
1242 5312 1501 5364 adversus
1534 5313 1797 5383 principes
1845 5329 1973 5370 suos
2020 5332 2115 5386 per

537 5405 698 5457 horas
730 5418 843 5466 sex,
871 5411 923 5454 et
954 5403 1222 5475 irruentes
1248 5400 1596 5471 disrumpunt
1622 5405 2116 5477 tabernaculaipso-

538 5511 677 5550 rum.
705 5493 838 5548 Cum
870 5503 1048 5547 autem
1077 5494 1355 5546 venissent
1400 5509 1567 5561 usque
1597 5494 1659 5548 ad
1692 5496 2068 5566 imperatorem
2095 5540 2110 5566 ,

613 5642 637 5668 ιι
670 5633 774 5695 AL,
804 5635 1069 5686 librarum.
1129 5632 1243 5697 AL,-
1290 5633 1588 5689 baurarum.
1619 5634 1678 5692 P.
1728 5636 1892 5707 Pitlt.,
1940 5643 2114 5695 (ατη-α-

542 5721 672 5757 “UL”.

2225 1862 2371 1916 venit
2392 1862 2458 1917 ad
2481 1864 2666 1917 urbem
2686 1902 2701 1928 ,
2732 1863 3040 1918 Theodosio
3065 1866 3292 1933 patricio
3320 1875 3372 1920 et
3410 1866 3708 1935 primiscrinio,

2224 1962 2587 2023 cognomento
2609 1954 2840 2019 Salibra,
2889 1954 3133 2021 deserto,
3163 1955 3237 2008 ad
3278 1955 3633 2025 perdiscendum
3666 1970 3711 2009 ex

2221 2040 2499 2101 alterutris
2525 2060 2618 2099 eos
2658 2044 2750 2113 qui
2785 2044 3108 2099 seditionem
3160 2055 3510 2115 patraverant.
3544 2046 3716 2116 Clioque

2223 2134 2596 2192 multitudines
2624 2144 3046 2199 reverterentur,
3071 2150 3243 2204 rogas
3273 2137 3349 2190 eis
3387 2137 3510 2205 apud
3534 2148 3713 2191 sanetum

2226 2223 2445 2278 Maman
2472 2239 2533 2279 se
2555 2225 2794 2279 tribuere
2821 2226 3047 2293 ﬁngens,
3072 2226 3329 2291 aedibus,
3357 2226 3648 2289 acturisuris,
3680 2234 3719 2279 et

2178 2352 2181 2353 ν
2231 2315 2457 2382 exsiliis,
2488 2315 2671 2369 multis
2701 2329 2769 2368 ex
2789 2314 2868 2369 eis
2887 2315 3107 2384 punitis,
3143 2313 3507 2387 Chrysopolim
3546 2315 3717 2381 reliquos

2232 2406 2559 2467 transduxit,
2614 2405 2831 2459 calcans
2887 2412 3037 2458 tanta
3072 2420 3135 2458 ac
3181 2414 3289 2459 tam
3338 2405 3585 2459 horribilia
3622 2404 3721 2471 jura-

2226 2508 2430 2553 menta.
2461 2499 2542 2553 Illi
2578 2508 2757 2552 autem
2784 2507 3007 2568 propter
3034 2513 3333 2552 atrumnam
3356 2499 3548 2566 igneum
3563 2496 3719 2549 ﬂuvium

2224 2599 2462 2647 meatum
2491 2592 2928 2661 appellaverunt.
2963 2594 3120 2646 Anno
3144 2601 3345 2648 octavo
3368 2592 3557 2662 imperii
3577 2591 3641 2645 sui
3658 2589 3724 2643 Ni-

2222 2683 2492 2753 cephorus
2514 2693 2636 2752 post
2667 2684 2862 2738 inultas
2901 2684 3094 2754 impias
3124 2684 3608 2743 animadversiones,
3629 2678 3723 2732 mili-

2224 2773 2327 2825 tias
2354 2786 2577 2841 prorsus
2598 2772 2884 2827 humiliare
2912 2780 3179 2839 tractans,
3209 2772 3538 2828 Christianos
3571 2769 3726 2825 exsules

2221 2878 2291 2918 ex
2344 2879 2491 2919 omni
2543 2865 2785 2918 themate
2827 2865 2877 2917 in
2921 2865 3233 2919 Selavinias
3262 2861 3725 2932 ferrijussit.bonun

2223 2963 2402 3009 autem
2432 2955 2759 3009 substantias
2790 2955 3104 3009 venundari.
3162 2956 3296 3009 Erat
3344 2964 3513 3007 autem
3544 2952 3637 3005 hare
3662 2960 3729 3002 ret

2224 3046 2537 3116 captivitate
2568 3060 2674 3100 non
2707 3046 2903 3111 minor,
2936 3045 3122 3098 multis
3153 3061 3231 3100 ex
3278 3044 3506 3099 amentia
3539 3038 3727 3107 blasphe-

2223 3138 2513 3202 mantibus,
2544 3145 2602 3191 et
2656 3138 2994 3193 inimicorum
3042 3153 3241 3192 cursus
3278 3134 3619 3209 poscentibus,
3652 3129 3733 3184 aliis

2221 3229 2571 3284 nihilominus
2590 3230 2733 3284 circa
2762 3231 3007 3299 sepulcra
3039 3224 3730 3299 parentalialamentantibus,

2221 3331 2274 3376 et
2302 3322 2586 3377 defunctos
2637 3325 2828 3376 beatos
2853 3323 3344 3385 asseverantibus;
3387 3320 3733 3374 fueruutartcn

2219 3421 2275 3468 et
2301 3414 2390 3481 qui
2421 3412 2715 3473 suspendio
2746 3409 2827 3466 usi
2871 3420 3019 3478 sunt,
3048 3420 3105 3464 ut
3160 3427 3193 3465 a
3232 3411 3408 3464 tantis
3447 3407 3582 3461 malis
3611 3401 3735 3468 eripe-

2219 3514 2426 3561 rentur.
2455 3504 2664 3558 Etenim
2696 3502 3052 3558 immobilium
3077 3517 3169 3557 res
3200 3518 3326 3571 quae
3352 3502 3557 3555 inerant
3579 3491 3736 3548 sibise-

2217 3612 2338 3653 cum
2386 3597 2527 3650 ferre
2570 3608 2676 3649 non
2714 3602 2985 3663 poterant,
3022 3602 3079 3647 ct
3116 3594 3496 3648 substantiam
3539 3599 3666 3657 quam
3692 3594 3738 3631 ex

2220 3688 2592 3759 parentalihus
2640 3680 2919 3740 doloribus
2964 3683 3339 3753 possederant
3380 3679 3618 3753 perditam
3651 3683 3739 3725 cott-

2218 3778 2635 3846 templabantur,
2658 3783 2715 3830 et
2741 3775 3156 3845 impossibilitas
3185 3776 3375 3830 omnis
3405 3784 3582 3827 omnes
3619 3760 3741 3834 μοδελ·

2217 3870 2399 3924 debat.
2457 3868 2579 3921 llaec
2608 3868 2827 3936 quidem
2886 3867 3140 3920 inchoata
3173 3875 3310 3921 sunt
3335 3880 3368 3919 a
3411 3865 3556 3933 Sept.
3593 3864 3741 3913 metm

2218 3973 2379 4028 porro
2401 3958 2543 4012 circa
2573 3958 2780 4011 Pascha
2806 3957 2955 4009 ﬁnita
2986 3964 3132 4011 sunt.
3170 3955 3493 4011 Secundam
3523 3963 3631 4003 vero
3658 3954 3742 3997 cum

2216 4050 2316 4103 hac
2338 4047 2687 4102 aﬂlictionem
2709 4061 3077 4112 commovens,
3109 4048 3359 4102 militare
3393 4040 3621 4115 praceepil
3650 4044 3743 4099 θῦε·

2216 4156 2338 4207 nos,
2361 4148 2416 4194 et
2441 4140 2638 4193 armari
2661 4140 2919 4193 adversus
2939 4139 3256 4207 compatrio
3266 4151 3375 4203 tas,
3392 4135 3616 4191 conferre
3631 4124 3745 4180 nihil-

2217 4231 2428 4286 ominus
2458 4230 2620 4283 etiam
2654 4230 2841 4284 decem
2868 4239 2921 4283 et
2948 4237 3076 4283 octo
3112 4245 3181 4283 ac
3225 4227 3510 4304 dimidium
3546 4217 3745 4304 nomisma

2218 4336 2315 4391 per
2344 4320 2583 4388 singulos
2628 4317 2779 4383 ﬁsco,
2808 4333 2914 4373 una
2965 4334 3089 4373 cum
3142 4300 3305 4374 omni
3355 4314 3664 4387 proximitate
3694 4300 3746 4361 ad

2220 4412 2419 4465 tributa
2451 4410 2681 4479 publica.
2705 4410 2941 4463 'l‘ertiam
2974 4410 3391 4478 malignitatem
3416 4408 3642 4466 inferens
3657 4407 3747 4465 ρετ·

2216 4501 2454 4572 pendere
2478 4501 2636 4569 jussit
2666 4501 2924 4568 etarrgeri
2958 4500 3152 4553 horum
3204 4501 3439 4564 tributa,
3470 4506 3524 4551 et
3560 4495 3755 4563 pum"

2219 4595 2245 4634 δ
2274 4593 2667 4648 Cariacitorum
2700 4608 2860 4648 causa
2890 4592 3111 4662 siliquas
3135 4593 3329 4658 binas,
3361 4599 3420 4647 et
3459 4591 3522 4643 ad
3570 4584 3754 4655 quamm

2220 4687 2533 4755 nequitiam,
2548 4685 2796 4753 Vri-liquos
2832 4683 3071 4737 redditus
3091 4699 3302 4737 omnes
3324 4672 3644 4749 augmentari
3665 4679 3758 4737 μηδ’

2217 4778 2378 4845 cepit.
2413 4776 2608 4841 Quinta
2639 4788 2767 4828 vero
2798 4774 3090 4828 aﬂlictione
3124 4774 3322 4841 illata,
3366 4788 3398 4825 a
3439 4758 3756 4823 venerabili“

2220 4867 2502 4921 domorum
2554 4865 2863 4933 inquilinis,
2934 4864 3410 4933 orphanotrOpbii
3466 4858 3682 4914 scilicet.
3716 4855 3762 4895 κ

2218 4956 2563 5027 hospitalium
2595 4955 3057 5023 gerocomiorum,‘
3078 4954 3459 5007 ecclesiarum
3503 4951 3685 5017 quoque
3716 4942 3761 4984 κ

2218 5047 2673 5102 monasteriorum
2695 5046 3042 5114 regularium,
3075 5059 3181 5112 per
3219 5044 3478 5113 singulos
3501 5041 3649 5097 focos.
3669 5040 3764 5084 δεῖν

2217 5156 2307 5195 sus
2337 5139 2498 5206 erigi,
2534 5154 2561 5191 a
2595 5136 2768 5207 primo
2802 5136 3094 5206 tyrannidis
3125 5136 3261 5203 ejus
3286 5149 3437 5187 anno
3467 5123 3703 5201 praecepit.
3725 5120 3764 5168 8⁸

2217 5250 2339 5305 qum
2367 5233 2586 5287 meliora
2616 5240 2769 5286 erant
2798 5230 2850 5283 in
2882 5231 3060 5295 rebus,
3114 5229 3183 5282 in
3247 5230 3463 5296 regiam
3503 5211 3766 5285 curatoﬁaﬂ

2217 5322 2416 5379 deferri
2442 5321 2685 5390 jubebat.
2733 5319 2953 5373 Sextam
2986 5332 3363 5373 commovens
3395 5306 3765 5368 aﬂlictionemJ

2218 5413 2541 5484 praetoribus
2564 5410 2749 5480 inspici
2769 5408 2924 5478 jubet
2941 5423 3034 5463 eos
3049 5409 3144 5476 qui
3177 5423 3253 5462 ex
3288 5405 3608 5478 paupertate
3625 5401 3770 5484 ηρειξ·

2218 5516 2270 5561 te
2293 5506 2682 5568 ercatiessent,
2708 5504 2851 5557 etab
2895 5502 2976 5555 his
3022 5502 3302 5570 pecunias
3331 5498 3499 5568 exigi,
3552 5485 3679 5562 quasi
3720 5476 3768 5530 ab

2290 5644 2315 5679 ἲ)
2346 5643 2454 5705 AL,
2486 5640 2882 5706 (L‘ariatic'orum,
2909 5638 3016 5703 AL,
3050 5634 3385 5691 Chadfalis.
