3956 6342
226 330 371 404 uss

1254 353 1571 411 msronn
1614 346 1971 404 illSCElLA.
2012 375 2083 389 —
2123 349 2253 403 un.
2298 308 2513 404 xxwﬁ

3348 356 3488 413 ιιει

216 459 600 517 inventoribus
619 462 1019 519 thesaurorum.
1072 464 1370 534 Septimam
1400 478 1618 534 quoque
1645 462 1797 516 adin-
1827 460 1878 517 Δ
1906 468 2007 513 est.
2040 459 2453 516 Manichaeorum
2481 476 2631 527 vero,
2661 464 2750 533 qui
2778 479 2922 521 nunc
2943 465 3224 522 Paulitiani
3242 475 3301 523 et
3328 468 3488 525 Atin-

218 551 471 616 veniens,
517 567 615 608 eos
640 553 731 621 qui
784 562 911 609 ante
950 555 1136 624 viginti
1165 572 1337 610 annos
1368 556 1709 617 invenerant,
1752 562 1806 608 et

215 655 397 712 usque
435 642 503 696 ad
532 642 696 710 hunc,
740 644 970 712 dolium,
1017 655 1113 701 aut
1141 663 1237 703 vas
1266 648 1649 719 quodcunque,
1681 662 1803 701 om-

216 736 380 791 nibus
412 736 646 804 propriis
674 736 870 806 privari
899 739 1161 805 pecuniis.
1186 737 1329 805 0ct.,
1353 753 1449 793 eos
1475 739 1565 807 qui
1596 753 1661 792 ex
1691 739 1804 794 avis

213 828 303 884 vel
360 830 606 899 patrihus
649 828 1126 895 hxreditaverunt,
1179 838 1234 883 et
1286 829 1457 884 divisa
1504 831 1800 885 substantia

213 936 485 992 pauperes
506 920 633 976 facti
662 920 903 985 fuerunt,
922 934 989 975 ex
1012 921 1214 975 eisdem
1232 923 1405 985 annis,
1431 922 1616 989 viginti
1642 922 1803 976 siclos

211 1014 412 1069 aerario
451 1012 665 1083 publico
690 1008 915 1081 jubeb'at
941 1011 1202 1081 przebere,
1231 1020 1287 1066 et
1314 1027 1409 1067 eos
1434 1013 1524 1082 qui
1557 1020 1804 1067 emerant

211 1114 373 1161 extra
405 1105 647 1176 Abydum
676 1120 906 1174 corpora
940 1104 1179 1170 servilia,
1220 1105 1344 1160 bina
1391 1105 1716 1160 numismata
1748 1104 1801 1161 in

206 1199 474 1255 tributum
504 1200 634 1255 dare
675 1200 952 1270 praecepit,
978 1200 1211 1255 maxime
1238 1216 1332 1256 eos
1362 1201 1451 1271 qui
1481 1202 1533 1256 in
1564 1202 1801 1255 Dodcca-

208 1291 335 1346 sino
362 1298 537 1346 erant.
572 1274 761 1357 Nona,’
781 1290 1065 1346 naucleros
1091 1292 1181 1359 qui
1218 1292 1483 1345 maritima
1534 1291 1800 1345 inhabita-

208 1381 367 1445 bant,
400 1390 455 1434 et
477 1380 709 1434 maxime
737 1393 833 1435 eos
877 1389 1091 1435 terreno
1146 1380 1332 1433 labore
1387 1379 1609 1434 ηιίιιοιίς
1661 1380 1801 1436 Asia:

205 1471 478 1537 viventes,
502 1486 685 1525 emere
717 1470 786 1524 de
837 1470 1002 1525 rebus
1029 1486 1149 1539 qua:
1186 1471 1254 1524 ab
1308 1470 1399 1525 illo
1447 1470 1800 1539 rapiebantur

204 1559 462 1627 cogebat,
491 1566 762 1627 utcunque
795 1561 1237 1627 appretiarentur
1268 1559 1334 1613 ab
1381 1559 1520 1628 ipso.
1553 1559 1795 1628 Decima,

205 1651 513 1720 insignibus
528 1650 1082 1719 Constantinopoleos
1112 1650 1384 1705 naucleris
1418 1650 1679 1716 collectis,
1705 1651 1797 1706 de-

201 1742 285 1795 dit
312 1741 381 1794 ad
413 1756 634 1796 usuram
662 1748 896 1809 quatuor
925 1740 1242 1807 siliquarum
1273 1741 1621 1805 numismata,
1669 1755 1795 1795 cum

1905 548 2029 614 gani
2054 547 2320 615 dicuntur,
2344 550 2543 620 quique
2572 549 2624 603 in
2656 550 2884 623 Phrygia
2910 563 2965 608 et
2992 554 3256 626 Lycaonia
3285 560 3486 615 consti-

1906 638 2028 704 tuti,
2056 639 2299 694 confines
2321 640 2436 710 ejus
2486 641 2840 712 habebantur,
2898 646 3105 703 amicus
3151 647 3485 706 ferventissi—

1904 746 2025 785 mus
2068 741 2203 797 erat,
2236 735 2509 803 responsis
2537 750 2724 791 eorum
2768 752 2983 809 semper
3012 750 3066 795 et
3094 741 3486 802 immolationi-

1904 823 2003 877 bus
2031 824 2454 892 congratulatus.
2483 824 2538 879 ln
2561 828 2755 897 quibus
2777 838 2973 886 etcum
3004 832 3297 890 Bardanius
3314 834 3485 907 patri;

1900 916 2016 970 eius
2043 924 2230 970 contra
2252 918 2710 986 eumrinsurrexit,
2735 921 2819 975 his
2849 923 3143 991 advocatis,
3187 926 3332 984 hunc
3363 944 3486 984 mo-

1902 1005 2177 1062 litionibus
2221 1023 2408 1062 eorum
2457 1010 2689 1080 subegit.
2752 1011 2987 1069 Taurum
3031 1017 3230 1089 quippe
3254 1020 3307 1074 in
3362 1021 3485 1079 loco

1901 1103 2134 1170 quodam
2182 1105 2354 1161 ferreo
2394 1108 2518 1176 palo
2567 1110 2821 1165 cornibus
2873 1112 3116 1181 alligans,
3167 1115 3233 1169 ad
3283 1124 3483 1171 terram

1901 1192 2233 1248 incurvatum
2262 1197 2340 1250 sic
2367 1198 2490 1252 dum
2536 1201 2795 1268 mugiret,
2835 1209 2890 1255 et
2921 1203 3270 1271 volutaretur,
3311 1209 3485 1265 occidi

1904 1280 2047 1347 fecit,
2078 1283 2339 1354 hujusque
2369 1299 2572 1342 vestem
2605 1290 2656 1344 in
2684 1292 2824 1345 mola
2846 1307 3001 1347 versa
3029 1294 3143 1349 vice
3169 1297 3394 1367 molens,
3429 1311 3484 1356 et

1902 1372 2353 1430 incantationibus
2377 1393 2505 1432 usus
2532 1379 2811 1434 victoriam
2832 1383 2971 1451 tulit,
3005 1387 3349 1455 permittente
3372 1390 3483 1446 Deo

1899 1475 2122 1534 propter
2162 1467 2553 1523 multitudinem
2607 1482 2951 1540 peccatorum
3012 1485 3342 1534 nostrorum.
3392 1480 3484 1537 lsti

1900 1554 2073 1609 locum
2105 1556 2203 1609 sub
2230 1556 2455 1627 imperio
2477 1559 2592 1628 ejus
2622 1561 2799 1633 adepti
2828 1572 2952 1617 sunt
2974 1564 3238 1636 intrepide
3259 1583 3483 1625 conver-

1898 1647 2072 1715 sandi,
2094 1642 2241 1703 unde
2265 1650 2418 1704 multi
2444 1651 2705 1707 leviorum
2752 1654 2984 1712 infandis
3026 1671 3215 1712 eorum
3244 1662 3483 1733 corrupti

1902 1747 2027 1789 sunt
2047 1738 2227 1792 sectis.
2254 1738 2309 1793 ln
2342 1741 2628 1797 exac1ione
2659 1758 2786 1799 vero
2811 1745 3024 1814 quidam
3048 1746 3209 1804 falsus
3235 1752 3480 1817 eremita,

199 1833 325 1885 auri
358 1830 643 1886 duodecim
671 1832 926 1884 librarum
960 1830 1338 1900 persolverent
1378 1829 1555 1894 simul,
1591 1840 1645 1883 et
1672 1846 1798 1884 con-
1833 1810 1874 1869 Β
1904 1825 2150 1881 Nicolaus
2173 1828 2409 1896 nomine,
2441 1840 2495 1884 et
2515 1832 2729 1901 quidam
2757 1810 2878 1889 cum
2917 1850 2986 1889 eo
3012 1836 3327 1907 blasphemi,
3356 1810 3483 1897 facti

199 1934 362 1979 sueta
388 1924 736 1979 commercia.
790 1923 916 1977 llaec
945 1938 1012 1976 ex
1043 1923 1223 1978 multis
1263 1922 1571 1977 summatim
1624 1938 1796 1993 pauca

198 2017 483 2086 descripta
509 2024 656 2078 sum,
701 2014 1026 2085 significanti
1057 2012 1429 2068 multimodum
1459 2013 1526 2067 ad
1581 2028 1797 2068 omnem

197 2107 449 2176 speciem
481 2108 723 2163 avaritia:
750 2106 868 2175 ejus
896 2106 1179 2160 molimen.
1212 2106 1340 2172 Quae
1371 2104 1513 2159 enim
1565 2104 1617 2158 in
1649 2105 1797 2172 regia

196 2200 344 2254 urbe
372 2200 697 2269 primoribus
728 2198 1091 2254 mediocribus
1121 2206 1175 2252 et
1212 2198 1421 2266 exiguis
1449 2207 1664 2252 ostensa
1692 2199 1797 2251 sint

194 2288 370 2353 mala,
404 2296 681 2358 nequeunt
699 2287 883 2351 scribi,
916 2286 1055 2341 alios
1083 2286 1299 2355 quidem
1330 2301 1395 2340 eo
1439 2287 1798 2354 investigaute

193 2378 439 2448 qualiter
468 2378 611 2434 domi
642 2378 903 2441 viverent,
936 2392 1000 2431 ac
1032 2376 1382 2431 submittente
1410 2375 1670 2444 quosdam
1696 2391 1801 2429 ma-

196 2469 479 2538 lignorum
534 2484 814 2523 servorum
845 2467 1138 2536 derogandi
1169 2466 1419 2530 dominis,
1469 2466 1520 2519 in
1578 2467 1803 2536 primor-

195 2562 425 2631 diisque
474 2562 629 2631 quasi
678 2561 959 2616 dubitante
1006 2574 1169 2629 super
1199 2559 1282 2613 his
1312 2574 1429 2627 qua:
1459 2558 1795 2627 dicebantur,

198 2654 409 2709 deinde
431 2670 562 2710 vero
584 2654 888 2709 affirmante
915 2653 1231 2717 calumnias,
1266 2652 1493 2721 idipsum
1539 2662 1594 2707 et
1638 2668 1801 2721 super

193 2746 530 2815 ignobilibus
558 2746 803 2816 gerebat,
856 2745 1053 2813 dignos
1106 2744 1405 2799 honoribus
1425 2743 1676 2813 judicans
1706 2744 1800 2799 de-

194 2838 508 2892 trahentes.
533 2836 803 2892 Prmterea
844 2837 1128 2892 domorum
1153 2836 1351 2890 multas
1373 2835 1735 2889 habitatorum
1767 2850 1798 2889 a

202 2926 390 2997 prima
441 2927 494 2981 in
549 2928 760 2981 tertiam
810 2926 1216 2994 generationem
1268 2925 1655 2992 subvertebat,
1705 2942 1801 2995 spe

192 3019 395 3080 fretus,
430 3028 486 3072 ut
511 3028 717 3088 quanto
765 3017 998 3073 celerius
1037 3025 1279 3086 ruerent,
1339 3023 1488 3072 tanto
1537 3017 1634 3071 has
1687 3017 1801 3086 ipse

1900 1918 2113 1973 fuerant
2141 1920 2302 1974 etiam
2329 1923 2463 1977 recti
2488 1924 2773 1988 sermonis,
2817 1928 3311 1999 venerabiliumque
3352 1931 3487 1988 ima-

1896 2009 2078 2075 ginum
2120 2009 2432 2078 adversarii,
2466 2028 2603 2081 quos
2650 2014 2986 2087 Nicephorus
3032 2017 3377 2089 defendebat,
3429 2034 3485 2080 et

1897 2113 2165 2153 summum
2194 2101 2557 2170 sacerdotem,
2589 2113 2645 2159 et
2673 2120 2864 2161 omnes
2890 2109 3186 2164 secundum
3216 2110 3384 2167 Deum
3404 2114 3485 2167 vi-

1898 2200 2084 2247 ventes
2107 2193 2347 2249 tristatos
2375 2212 2471 2265 pro
2499 2196 2599 2251 hac
2627 2214 2788 2253 causa
2818 2200 3094 2256 reddebat.
3137 2203 3290 2274 Smpe
3329 2220 3485 2259 nam-

1899 2294 2006 2348 que
2036 2283 2419 2349 quiritantibus
2448 2286 2707 2343 adversus
2732 2304 2827 2344 eos
2850 2284 3160 2359 indignatus
3182 2300 3280 2357 est,
3308 2294 3485 2348 inimi-

1898 2372 2053 2426 citias
2092 2374 2322 2429 invicem
2381 2377 2706 2445 agitantibus
2761 2383 3169 2453 congratularis,
3228 2384 3276 2439 d;
3300 2385 3485 2441 ridens

1899 2480 2114 2520 omnem
2162 2468 2557 2524 Cnristianum.
2588 2471 2895 2540 proximum
2953 2456 3483 2545 diligentem,veluti

1899 2556 2203 2613 divinorum
2254 2561 2630 2617 mandatorum
2679 2578 2920 2629 eversor,
2962 2566 3045 2619 cui
3096 2567 3330 2621 studium
3366 2577 3487 2624 erat

1897 2647 2083 2715 judicii
2116 2651 2458 2705 rationabilia
2507 2662 2561 2706 et
2599 2652 2987 2709 irrationabilia
3039 2666 3229 2709 contra
3269 2671 3485 2711 omncm

1900 2737 2170 2792 hominem
2209 2741 2261 2793 in
2302 2739 2604 2810 Magnauraa
2647 2744 2935 2813 poenaliter
2966 2744 3326 2811 admovendi,
3376 2760 3485 2814 quo

1901 2846 2061 2887 nemo
2091 2841 2307 2887 vacaret
2334 2848 2496 2902 agere
2518 2836 2776 2891 adversus
2802 2835 3102 2906 impietates
3124 2837 3266 2906 ejus.
3323 2838 3485 2892 Deni-

1900 2938 2006 2993 que
2037 2924 2295 2980 militares
2319 2926 2589 2997 principes
2619 2944 2769 2982 more
2789 2943 3069 2983 servorum
3098 2931 3171 2983 uti
3208 2930 3482 3000 episcopis

1902 3026 1957 3070 et
1988 3015 2257 3071 inferioris
2290 3017 2493 3072 ordinis
2523 3018 2733 3074 clericis
2756 3018 2911 3088 jussit
2940 3020 3165 3077 adituris
3207 3020 3479 3093 episcopi:

191 3109 526 3165 hereditate
556 3110 713 3164 citius
737 3123 1091 3180 possessurus
1122 3118 1285 3163 esset.
1345 3107 1571 3178 Dignum
1617 3119 1796 3165 autem
1826 3148 1872 3211 ο
1902 3116 1959 3161 et
1984 3109 2330 3172 monasteria,
2363 3110 2518 3165 etbis
2543 3111 2634 3180 qui
2665 3126 2853 3165 eorum
2893 3120 3044 3166 erant
3076 3112 3484 3168 auctorabiliter

192 3208 287 3254 est
313 3207 373 3252 ut
400 3208 456 3253 et
485 3200 609 3264 hoc,
641 3214 805 3254 causa
855 3198 1150 3267 voluptatis
1190 3206 1245 3252 et
1271 3200 1653 3270 paradigmatis
1680 3217 1798 3256 me-

190 3292 392 3346 moriae
419 3289 880 3345 commendemus.
906 3288 1215 3345 Cerularius
1239 3290 1455 3359 quidam
1468 3300 1587 3346 erat
1604 3292 1654 3345 in
1679 3291 1799 3347 foro

188 3396 271 3435 ex
301 3381 579 3435 laboribus
608 3381 719 3435 suis
755 3380 1013 3451 locuples,
1048 3389 1103 3435 et
1149 3381 1279 3435 nihil
1326 3396 1511 3452 agens,
1549 3398 1660 3453 quo
1701 3400 1793 3439 ac-

186 3474 403 3531 ccrsito
423 3473 662 3528 omnium
694 3488 863 3527 vorax
910 3474 1207 3542 imperator
1232 3473 1307 3527 ait
1340 3491 1353 3527 :
1390 3475 1533 3530 Pone
1581 3492 1795 3531 manum

188 3562 429 3616 tuam‘in
462 3562 665 3616 vertice
697 3576 836 3623 meo,
864 3571 917 3614 et
943 3561 1063 3629 jura
1083 3570 1340 3629 quantum
1375 3563 1467 3617 tibi
1494 3563 1561 3617 sit
1586 3579 1793 3620 auru'u.

184 3651 303 3720 Qui
335 3666 526 3721 parum
558 3661 811 3722 tanquam
844 3651 1089 3720 indignus
1129 3666 1405 3720 recusans,
1449 3661 1666 3708 coactus
1715 3663 1798 3710 est

187 3744 271 3798 ab
300 3757 368 3796 eo
391 3741 575 3796 facere
620 3742 742 3805 hoc,
770 3750 824 3794 et
853 3752 1068 3796 centum
1100 3755 1160 3795 se
1209 3741 1371 3795 libras
1411 3743 1609 3797 habere
1637 3743 1795 3810 dixit,

185 3849 341 3904 quas
367 3832 555 3888 eadem
582 3834 712 3887 hora
743 3831 941 3885 auferri
978 3832 1225 3902 prmi-pit
1264 3832 1446 3889 dicens
1482 3851 1493 3885 :
1546 3831 1625 3887 Tu
1671 3833 1795 3901 quid

183 3936 345 3992 Opus
367 3920 531 3975 habes
561 3919 878 3974 sollicitari?
902 3920 1106 3989 prande
1137 3934 1369 3988 mecum,
1399 3927 1452 3973 et
1482 3919 1611 3973 tolle
1634 3919 1795 3974 libras

185 4015 422 4079 decem,
462 4020 519 4066 et
551 4011 634 4067 bis
665 4010 799 4065 vade
830 4018 1141 4066 contentus.
1191 4009 1347 4066 Anno
1396 4026 1541 4065 nono
1586 4010 1794 4079 imperii

185 4104 283 4158 sui
314 4102 653 4172 Nicephorus
679 4112 865 4159 contra
895 4102 1232 4159 Christianos
1256 4102 1667 4157 adinventiones
1696 4118 1793 4158 ex-

188 4196 398 4261 tendit,
432 4196 796 4265 inspectiones
813 4196 930 4252 sine
954 4196 1065 4251 Deo
1090 4196 1142 4250 in
1169 4196 1531 4264 emptionibus
1554 4195 1793 4249 animan-

187 4287 719 4353 tium,diversorum
750 4286 1017 4341 fructuum
1068 4287 1290 4356 injustas
1340 4287 1688 4349 titillationes,
1740 4291 1793 4340 et

182 4380 442 4449 iacturas
490 4379 831 4449 principum,
875 4378 1232 4433 fenerationes
1284 4377 1335 4430 in
1385 4378 1609 4431 navibus
1643 4419 1657 4440 ,
1701 4376 1791 4445 qui

1902 3198 2168 3262 abusuris,
2194 3214 2290 3254 eos
2318 3200 2410 3268 qui
2439 3216 2469 3254 a
2498 3201 2692 3256 saculo
2721 3201 2913 3256 divinis
2935 3202 3280 3258 contulerant
3317 3202 3482 3258 obse-

1900 3289 2036 3358 quiis
2063 3305 2225 3344 aurea
2264 3291 2351 3344 vel
2373 3300 2623 3360 argentea
2656 3307 2803 3355 vasa,
2833 3293 3197 3363 vituperabat,
3228 3302 3283 3349 et
3303 3294 3483 3351 eccle-

1897 3378 2096 3433 siarum
2156 3394 2380 3449 quaeque
2433 3390 2644 3435 sacrata
2703 3397 2799 3450 pro
2844 3383 3221 3438 communibus
3286 3383 3479 3438 haberi

1897 3468 2114 3536 dignum
2160 3469 2275 3523 fore
2320 3469 2736 3539 dogmatizabat,
2794 3472 2963 3526 instar
2991 3470 3141 3526 Iudae
3194 3474 3302 3529 tale
3347 3473 3476 3544 quid

1898 3576 2059 3630 super
2079 3560 2348 3616 dominico
2377 3562 2721 3617 decernentis
2762 3571 3055 3631 unguento.
3088 3564 3477 3621 Antecessores

1894 3654 2059 3707 etiam
2088 3655 2594 3723 suosimperatores
2617 3656 2900 3710 universos
2946 3655 3092 3710 velut
3142 3656 3475 3727 improvidos

1897 3743 2191 3809 accusavit,
2243 3746 2567 3812 generaliter
2595 3747 2833 3802 omnium
2888 3748 3278 3817 providentiam
3319 3750 3475 3803 aufe-

1895 3847 2041 3898 rens,
2075 3833 2322 3888 simulet
2369 3834 2555 3891 dicens
2606 3836 2873 3891 neminem
2920 3852 3074 3906 posse
3122 3838 3475 3907 imperantem

1895 3922 2309 3989 circumvenire,
2336 3925 2378 3977 si
2402 3924 2634 3980 voluerit
2655 3927 2745 3996 qui
2776 3927 3001 3997 imperat
3023 3926 3477 3998 strenue‘princi-

1895 4022 2077 4081 patum
2105 4022 2287 4069 tenere
2316 4033 2327 4080 ;
2352 4016 2445 4071 sed
2473 4032 2640 4072 vanus
2664 4017 2840 4073 factus
2869 4028 2950 4073 est
2978 4020 3029 4074 in
3057 4019 3473 4087 cogitationibus

1893 4104 2025 4169 suis,
2080 4105 2335 4161 divinitus
2390 4107 2735 4163 occidendus.
2786 4109 2998 4164 interea
3054 4125 3241 4166 mense
3309 4109 3472 4166 Febr.

1892 4196 2133 4265 ejusdem
2156 4209 2359 4267 quarta:
2401 4199 2623 4255 decimm
2663 4201 2991 4267 indictionis,
3025 4202 3198 4270 primo
3238 4202 3473 4258 Sabbato

1888 4286 2239 4357 jejuniorum,
2285 4289 2429 4344 obvii
2480 4289 2605 4345 facti
2656 4290 2911 4344 Saraceni
2938 4304 3103 4360 penes
3147 4289 3473 4346 Eucbaicam

1895 4376 2059 4432 Leoni
2086 4379 2311 4446 praetori
2332 4379 2771 4434 Armeniacorum
2796 4379 3058 4433 deferenti
3091 4380 3341 4434 thematis
3376 4396 3472 4435 ro-

184 4470 461 4524 omnibus
487 4469 656 4537 legem
698 4469 952 4538 ponebat,
996 4484 1064 4523 ne
1110 4468 1176 4523 ad
1233 4483 1448 4523 usuram
1500 4466 1788 4538 quidquam
1816 4482 2038 4546 ngam,
2064 4469 2201 4524 hanc
2224 4470 2562 4525 abstulerunt
2606 4486 2726 4525 cum
2770 4471 3112 4526 multitudine
3149 4472 3335 4542 populi
3381 4486 3476 4527 co-

185 4561 557 4627 tribueretur,
587 4569 642 4614 et
670 4559 771 4612 alia
805 4559 945 4614 dena
981 4559 1145 4612 millia
1176 4558 1434 4612 malorum
1466 4568 1788 4625 commenta,

186 4669 437 4724 quorum
468 4653 805 4722 particularis
835 4651 1056 4706 historia
1086 4665 1312 4705 onerosa
1337 4659 1417 4705 est
1440 4650 1521 4704 his
1545 4650 1633 4719 qui
1652 4665 1793 4705 com-

184 4743 498 4817 pendiosas
528 4743 736 4798 discere
766 4758 959 4797 causas
986 4742 1294 4811 exquirunt.
1328 4738 1557 4796 Kalend.
1609 4749 1790 4795 autem

182 4835 426 4899 0ctob.,
457 4835 612 4888 tertia
638 4834 792 4899 feria,
845 4833 1132 4901 evaginato
1162 4833 1378 4901 quidam
1422 4832 1708 4899 dissipatus
1738 4832 1791 4886 in

184 4927 397 4981 habitu
422 4926 668 4980 monachi
694 4925 891 4992 gladio,
923 4924 1200 4993 cujusdam
1227 4924 1565 4979 militantium
1597 4940 1791 4979 cucur-

182 5017 275 5072 rit
302 5017 355 5070 in
386 5016 667 5086 palatium,
687 5015 1045 5083 Nicephorum
1076 5015 1376 5069 interficere
1397 5029 1663 5082 quercus,
1686 5014 1791 5068 duo

180 5124 339 5165 vero
391 5111 459 5162 ei
500 5109 581 5162 his
622 5109 712 5175 qui
760 5108 1181 5161 circumstabant
1234 5106 1496 5160 irruentes
1539 5106 1591 5159 in
1645 5121 1788 5169 eum,

181 5201 471 5256 atrociter
497 5200 760 5254 vulnerati
790 5209 912 5252 sunt
931 5198 996 5252 ab
1015 5213 1102 5252 eo.
1132 5196 1561 5267 Comprehensus
1591 5205 1788 5261 autem,

178 5304 262 5353 et
294 5295 479 5350 multis
535 5296 706 5363 pmnis
736 5292 981 5359 aliectus,
1035 5291 1311 5345 excusavit
1368 5306 1446 5357 se,
1471 5290 1790 5344 daemonium

178 5386 412 5444 habere
431 5385 788 5455 praetendens,
823 5382 1137 5451 nullumque
1165 5397 1385 5452 prorsus
1412 5398 1704 5445 accusans;
1737 5391 1793 5435 at

175 5481 303 5537 il'e
352 5478 579 5533 munivit
628 5479 767 5532 hunc
813 5477 864 5530 in
911 5476 1054 5545 ligno
1093 5490 1213 5528 cum
1268 5476 1609 5544 patientibus.
1644 5474 1790 5529 Multi

175 5582 342 5637 ergo
383 5566 635 5637 deinceps
659 5565 905 5635 augurali
930 5574 1053 5620 sunt
1084 5565 1321 5618 enormis
1344 5563 1453 5617 fore
1484 5563 1584 5617 hoc
1628 5563 1789 5615 mira-

174 5659 317 5718 culi
349 5661 584 5726 signum,
636 5668 1010 5713 asseverantes
1057 5666 1161 5709 tam
1222 5655 1606 5724 imperantibus
1634 5669 1792 5723 quam

170 5750 490 5816 SUbiectis,
514 5748 964 5821 quemadmodum
996 5756 1049 5804 et
1066 5749 1117 5802 in
1142 5747 1303 5817 impio
1327 5746 1569 5803 Nestorio
1593 5745 1792 5801 factum

1898 4560 2070 4628 piosa.
2100 4560 2326 4614 Talenta
2356 4574 2484 4628 ergo
2515 4569 2672 4616 erant
2692 4561 2951 4628 sedecim,
2987 4562 3136 4617 libra:
3165 4562 3326 4617 milia:
3360 4572 3470 4619 tre-

1896 4657 2087 4705 centa».
2119 4650 2177 4705 ln
2206 4651 2288 4705 his
2324 4666 2423 4707 nec
2450 4652 2527 4705 sic
2553 4651 2870 4721 redargutus
2894 4652 3223 4721 Nicephorus
3251 4653 3321 4708 ab
3342 4669 3473 4708 ava-

1895 4743 2016 4796 ritia
2029 4757 2123 4796 sua
2153 4743 2396 4798 cessavit.
2417 4741 2579 4811 Igitur
2594 4759 2765 4800 novus
2783 4745 2966 4800 Achab
2986 4746 3151 4814 signis
3169 4761 3274 4801 non
3291 4748 3471 4802 erudi-

1894 4839 2000 4897 tus,
2016 4834 2143 4903 quin
2161 4848 2190 4888 e
2203 4842 2388 4889 contra
2407 4834 2687 4889 Phalaride
2700 4850 2761 4889 ac
2775 4833 2910 4888 Mida
2926 4836 3259 4890 ambitiosior
3276 4836 3465 4900 factus,

1894 4930 2080 4976 contra
2100 4922 2349 4991 Bulgares
2366 4924 2600 4993 praelium
2618 4933 2897 4994 praeparat,
2924 4940 3026 4979 una
3047 4940 3168 4980 cum
3194 4924 3469 4979 Stauratio

1896 5011 2004 5066 lilio
2033 5029 2153 5074 suo.
2172 5022 2223 5067 et
2244 5012 2384 5068 Julio
2413 5029 2596 5069 mense
2621 5029 2651 5067 a
2680 5013 2823 5082 regia
2848 5015 2977 5068 urbe
2999 5013 3288 5081 digressus,
3305 5012 3464 5080 jussit

1893 5101 2094 5157 Nicetae
2124 5105 2350 5173 patricio
2373 5112 2428 5158 et
2454 5104 2689 5171 generali
2714 5104 3000 5172 logothetze
3020 5102 3268 5171 publicos
3289 5102 3467 5156 eccle-

1893 5193 2094 5248 siarum
2127 5204 2183 5250 et
2212 5196 2658 5250 monasteriorum
2688 5209 2882 5249 census
2913 5194 3207 5262 imponere,
3241 5201 3295 5246 et
3339 5201 3466 5247 octo

1894 5299 2157 5339 annorum
2216 5287 2606 5354 przeteritorum
2656 5285 3040 5340 redhibitiones
3088 5299 3116 5337 a
3165 5283 3465 5354 principum

1892 5371 2140 5427 domibus
2184 5374 2416 5441 exigere,
2460 5385 2515 5428 et
2547 5383 2665 5428 erat
2700 5375 2993 5428 lamentum
3023 5386 3298 5441 magnum.
3330 5374 3465 5428 Cum

1895 5474 2076 5518 autem
2120 5466 2508 5533 querimoniam
2540 5466 2749 5520 audiret
2778 5481 2807 5519 a
2838 5466 3070 5535 quodam
3117 5466 3339 5536 proprio
3374 5466 3469 5520 fa-

1886 5556 2061 5619 mulo,
2093 5556 2395 5612 Theodosno
2424 5558 2672 5612 videlicet
2701 5558 2942 5613 Saiibara
2973 5560 3202 5628 patricio
3252 5559 3466 5615 dicente

1895 5647 1995 5702 sibi
2034 5666 2045 5700 :
2080 5647 2295 5713 Omnes,
2346 5664 2378 5704 0
2422 5649 2659 5715 domine,
2694 5659 2880 5706 contra
2911 5667 3009 5706 nos
3038 5651 3296 5715 clamant,
3324 5662 3377 5707 et
3414 5653 3467 5707 in

1898 5748 2140 5811 tempore
2181 5741 2488 5798 tentationis
2517 5743 2663 5798 casui
2692 5752 2880 5800 nostro
2920 5744 3467 5814 congratulabuntur,
