3956 6342
542 330 696 394 1155

1384 332 1584 389 PAULI
1626 326 1892 388 DIACONI
1927 324 2077 386 OPP.
2122 326 2298 385 PARS
2338 350 2377 385 ι.
2423 360 2487 372 -
2529 326 2912 390 IIISTOR'ICA.

3595 338 3697 400 1136

553 454 633 507 sic.
682 452 758 505 ait
802 450 869 504 ad
911 463 1031 504 cum
1064 466 1078 503 :
1130 448 1187 504 Si
1240 448 1378 504 Deus
1403 449 1673 506 obdurans
1702 447 1985 504 obduravit
2028 458 2125 500 cor
2152 445 2204 504 A
2230 447 2483 503 ordinum
2513 449 2783 522 princeps,
2811 465 2906 505 se.)
2937 441 3523 523 drongarius'impcrialis
3538 456 3697 529 vigilia,

553 557 733 596 meum
789 549 849 595 ut
892 536 1209 602 Pharaonis,
1258 539 1383 608 quid
1426 539 1552 593 boni
1598 539 1703 594 erit
1752 538 1835 593 his
1889 536 1981 606 qui
2033 536 2135 592 sub

553 646 716 685 manu
745 645 866 685 mea
896 640 1019 685 sunt
1049 645 1079 684 a
1110 627 1445 701 Nicephoro?
1472 624 1769 695 Theodosi,
1799 627 1907 683 noli
1931 642 2129 698 exspe-

551 732 702 777 ctare
730 729 925 792 przeter
952 737 1069 791 qua:
1099 724 1133 776 a'
1154 729 1206 776 te
1228 716 1629 790 conspiciuntur
1654 736 1669 774 :
1716 719 1832 775 hate
1865 719 2128 774 Dominus

557 815 731 884 novit,
767 815 881 884 ipse
920 828 1021 884 ego
1047 813 1382 882 conscriptor
1408 809 1602 868 horum
1629 808 1751 866 viva
1790 825 1929 867 voce
1957 810 2135 866 audivi

550 920 581 959 a
611 904 938 962 Theodosio.
964 902 1217 959 Collectis
1245 903 1426 973 itaque
1456 900 1682 969 militiis,
1713 917 1822 957 non
1849 902 2030 957 solum
2064 915 2134 956 ex

550 994 779 1063 Thrace,
825 1009 1009 1051 verum
1063 994 1226 1049 etiam
1266 1008 1335 1049 ex
1387 992 1734 1049 ulterioribus
1777 990 2132 1058 thematibus,

548 1101 674 1141 cum
703 1086 785 1142 his
825 1086 989 1141 etiam
1037 1100 1239 1155 egenos
1270 1084 1475 1155 pedites
1501 1100 1625 1141 cum
1657 1083 1885 1161 propriis
1912 1083 2134 1153 stipen-

548 1176 867 1234 diiscontra
894 1177 1147 1247 Bulgares
1167 1177 1343 1233 fundis
1367 1185 1424 1232 et
1450 1176 1613 1246 virgis
1642 1183 1879 1231 armatos
1908 1181 1966 1230 et
1989 1173 2135 1229 blas-

549 1271 870 1341 phemantes
920 1270 1164 1325 minavit.
1218 1268 1469 1325 Crunnus
1513 1276 1697 1324 autem
1758 1265 2134 1322 multitudines

549 1359 775 1426 timens,"
794 1372 916 1415 cum
947 1371 1127 1415 essent
1146 1357 1432 1423 Marcellis,
1461 1372 1646 1429 pacem
1670 1357 1909 1428 petebat.
1942 1357 2012 1411 At
2042 1356 2133 1412 ille

548 1461 783 1520 nequam
809 1445 1046 1505 consiliis
1070 1454 1127 1506 et
1151 1450 1603 1506 consentientium
1632 1449 1980 1506 consiliorum
2003 1466 2132 1506 suo-

545 1541 683 1611 rum}
710 1540 1149 1611 persuasionibus
1190 1540 1490 1611 prohibitus
1535 1547 1639 1606 est,
1671 1549 1725 1597 et
1765 1548 1887 1613 post
1933 1540 2132 1599 multos

546 1632 819 1687 anfractus
871 1646 969 1703 per
1026 1628 1145 1687 avia
1176 1629 1316 1688 'loca
1376 1632 1771 1704 praecipitanter
1810 1634 2130 1690 temerarius

543 1722 705 1778 simul
734 1730 791 1779 et
827 1722 1048 1794 pavidus
1077 1722 1373 1793 ingreditur
1400 1722 1702 1792 Bulgariam
1742 1738 1834 1778 xui
1864 1722 1980 1778 Kal.
2014 1721 2129 1778 Au-

2238 539 2394 595 simul
2420 548 2476 595 et
2499 538 2722 595 Thracas
2755 548 2976 610 prmtor,
2999 547 3053 595 et
3090 540 3241 596 multi
3275 541 3505 614 principes
3543 547 3699 604 thema-

2239 638 2349 685 tum
2379 646 2500 686 cum
2544 630 2764 687 infinitis
2803 631 3037 701 populis,
3066 631 3335 703 omnisque
3364 634 3696 696 Christianorum

2238 731 2491 791 corrupta
2519 730 2603 778 est
2629 736 2773 792 spes,
2805 735 2953 777 arma
2984 735 3195 792 quoque
3221 725 3383 779 omnia
3407 726 3643 795 perierunt.
3665 739 3704 787 et

2238 814 2447 885 imperii
2473 829 2618 869 vasa.
2655 813 2840 871 Porro
2887 812 3011 870 talis
3038 810 3145 871 diei
3190 814 3427 872 deformia
3455 821 3583 875 verba
3605 824 3703 878 absit

2238 912 2298 959 ut
2325 905 2614 961 Christiani
2641 906 2865 961 ulterius
2906 906 3144 973 videant,
3176 914 3232 961 ut
3258 916 3373 975 pote
3398 924 3534 965 omne
3556 911 3707 968 lamen-

2239 1001 2352 1051 tum
2387 995 2723 1051 excedentia.
2773 995 2949 1067 Caput
2997 1006 3176 1052 autem
3225 996 3487 1068 Nicephori
3511 999 3708 1067 .Crunuut

2236 1086 2471 1141 recisum
2503 1086 2781 1157 suspendit
2809 1088 2997 1143 diebus
3045 1087 3224 1144 multis
3268 1088 3319 1143 in
3342 1089 3488 1159 ligno,
3513 1091 3558 1146 in
3580 1104 3711 1148 osten-

2237 1177 2498 1234 tationem
2540 1177 2605 1233 ad
2632 1192 2693 1235 se
2738 1178 3067 1234 venientium
3115 1180 3402 1247 nationum,
3430 1188 3481 1237 et
3503 1181 3708 1237 confusio-

2236 1280 2361 1323 nem
2409 1267 2646 1323 omnium
2698 1276 2963 1324 nostrum.
3018 1268 3149 1324 Post
3193 1269 3303 1325 haec
3344 1284 3468 1327 sane
3509 1272 3712 1342 accipiens

2235 1359 2389 1429 illud,
2419 1369 2471 1417 et
2498 1360 2804 1430 denuilans,
2856 1369 3189 1432 argentoque
3226 1361 3505 1418 forinsecus
3527 1363 3708 1429 inﬂuens,

2235 1450 2420 1507 bibere
2448 1452 2500 1506 in
2532 1450 2622 1507 illo
2650 1450 3022 1507 Sclavinorum
3059 1453 3325 1523 principes
3360 1453 3711 1524 fecit‘glonatus.

2236 1541 2433 1598 Verum
2484 1542 2609 1600 licet
2650 1545 2832 1599 multas
2858 1544 3030 1599 vidua:
3073 1558 3138 1599 ac
3180 1545 3399 1615 orphani
3436 1546 3598 1601 fuerint
3631 1547 3715 1601 facti

2236 1648 2344 1687 uno
2372 1632 2479 1701 die,
2506 1644 2561 1688 et
2590 1632 2908 1690 lamentatio
2938 1635 3289 1691 intolerabilis
3317 1636 3586 1703 haberetur,
3604 1637 3717 1705 hujus

2238 1731 2417 1779 tamen
2446 1724 2646 1781 occisio
2666 1724 2952 1781 multorum
2982 1726 3117 1780 facta
3146 1733 3228 1781 est
3252 1726 3541 1782 consolatio.
3563 1725 3715 1780 Modum

520 1814 712 1885 .gusti,
744 1828 866 1869 cum
898 1813 1089 1886 Syrius
1120 1823 1405 1885 appareret
1440 1823 1630 1870 cuncta
1657 1830 1997 1882 consumens,
2021 1812 2130 1870 fre-
2162 1794 2211 1857 Β
2236 1829 2364 1870 vero
2390 1814 2549 1884 hujus
2578 1816 2866 1871 occisionis
2904 1817 3080 1871 nullus
3113 1830 3304 1872 eorum
3332 1816 3420 1887 qui
3443 1816 3605 1871 salvati
3636 1815 3715 1871 fue-

518 1918 784 1977 "qurnter
812 1907 885 1961 ita
914 1905 1058 1962 fatus
1099 1924 1115 1962 :
1165 1905 1296 1974 Quis
1345 1906 1460 1975 ibit,
1493 1907 1759 1977 inquiens,
1802 1917 1858 1966 et
1900 1908 2134 1980 decipiet

544 1994 735 2051 Achab
755 1994 793 2049 ?‘
816 1994 951 2064 Quia
981 1997 1096 2053 sive
1136 1995 1301 2065 Deus,
1349 1997 1463 2054 sive
1490 1997 1826 2053 adversarius
1853 1999 2017 2055 trahit
2043 2014 2131 2057 me

545 2090 839 2144 nolentem.
896 2088 1065 2146 Porro
1113 2090 1429 2160 priusquam
1473 2089 1746 2160 ingressus
1782 2087 1970 2146 fuisset
1998 2090 2129 2146 Bul-

540 2181 745 2250 gariam
766 2180 1038 2237 Bizantius
1066 2179 1295 2238 dilectus
1324 2180 1485 2250 hujus
1511 2180 1740 2237 famulus
1764 2181 1831 2237 ad
1848 2181 2128 2237 Crunnnm

543 2271 785 2340 confugit
829 2270 1117 2339 Marcellis,
1140 2285 1331 2329 secum
1374 2271 1629 2342 subrepta
1657 2280 1810 2328 veste
1841 2272 2128 2344 imperiali,

532 2369 598 2416 et
646 2362 762 2416 auri
800 2361 950 2416 libris
978 2369 1216 2416 centum.
1255 2359 1415 2416 Multi
1460 2369 1641 2416 autem
1672 2361 1828 2431 hujus
1860 2358 2040 2433 fugam
2075 2363 2128 2419 in

536 2451 747 2505 malum
779 2449 1067 2521 Nicephori
1100 2451 1360 2521 auspicati
1392 2459 1537 2508 sunt.
1563 2450 1759 2508 Tribus
1786 2454 1985 2523 quippe
2008 2453 2127 2510 die-

522 2540 645 2597 ibus
674 2549 800 2613 post
842 2542 1046 2613 primos
1089 2542 1374 2599 conflictus
1405 2558 1466 2600 se
1505 2544 1813 2616 prosperari
1853 2545 2127 2616 opinatus,

526 2649 654 2690 “non
702 2648 1014 2705 prosperam
1059 2634 1280 2692 facienti
1309 2637 1420 2693 Deo
1462 2638 1769 2695 ascribebat
1814 2639 2125 2707 victoriam,

531 2728 635 2781 sed
664 2724 920 2783 Stauratii
948 2725 1115 2784 solius
1143 2727 1338 2783 bonam
1367 2730 1635 2785 fortunam
1659 2730 1969 2801 bonumque
1995 2747 2127 2789 con-

528 2814 721 2872 silium
761 2815 1038 2888 prtcdicat,
1081 2825 1140 2874 et
1167 2818 1523 2889 principibus,
1555 2821 1647 2891 qui
1678 2820 1955 2876 introitum
1986 2822 2127 2878 inhi-

538 2911 791 2981 buerant,
834 2913 1163 2980 minabatur,
1214 2921 1270 2969 et
1317 2914 1708 2971 irrationabilia
1755 2930 1972 2986 quoque
2009 2916 2127 2971 ani-

536 3007 763 3073 mantia,
793 3013 849 3062 et
872 3006 1125 3071 infantes,
1157 3014 1213 3063 et
1240 3022 1456 3063 omnem
1483 3016 1721 3075 aetatem,
1747 3008 2128 3064 immisericor—

513 3093 677 3151 «diter
703 3096 875 3152 occidi
920 3097 1196 3167 praecepit,
1236 3106 1292 3153 et
1338 3106 1553 3153 mortua
1584 3098 2122 3169 comprovincialium

516 3200 766 3256 corpora
790 3186 1058 3258 insepulta
1089 3187 1308 3255 dimisit,
1330 3188 1498 3245 solius
1526 3188 1819 3259 spoliorum
1844 3190 2125 3247 collectio-

537 3272 621 3329 nis
644 3290 830 3330 curam
863 3275 1086 3332 faciens.
1117 3275 1308 3334 Claves
1334 3288 1516 3334 autem
1547 3286 1601 3335 et
1636 3279 1911 3349 signacula
1957 3296 2125 3351 pene-

539 3363 765 3421 tralibus
804 3365 1008 3421 Crunni
1036 3367 1532 3438 superimponebat,
1582 3383 1647 3425 ea
1693 3379 1756 3425 ut
1792 3370 2013 3442 propria
2057 3371 2127 3429 de

536 3467 737 3516 caztero
762 3463 1171 3519 communiens.
1226 3462 1398 3521 Aures
1426 3464 1588 3522 etiam
1607 3506 1623 3531 ,
1654 3472 1707 3521 et
1737 3475 1931 3523 cetera
1964 3466 2124 3525 Chri-

534 3552 836 3607 stianorum
876 3552 1137 3621 membra,
1169 3556 1261 3625 qui
1290 3555 1480 3611 saltem
1513 3556 1795 3626 tetigisset,
1829 3573 1898 3613 ex
1936 3559 2125 3629 spoliis

520 3643 827 3713 quidquam
852 3645 1223 3715 abscindebat,
1249 3654 1305 3702 et
1334 3646 1512 3702 aulam
1546 3646 1801 3715 incendit,
1834 3664 1954 3719 qua:
1980 3649 2125 3707 dice-

524 3736 695 3791 batur
717 3734 896 3793 Cortis
925 3735 1151 3804 Crunni,
1183 3753 1304 3793 cum
1330 3738 1447 3809 ipse
1473 3738 1826 3796 vehementer
1851 3750 1995 3803 esset
2019 3742 2123 3797 hu-

530 3828 790 3895 miliatus,
815 3840 871 3885 et
890 3829 1265 3898 significasset,
1296 3829 1483 3885 dicens
1526 3846 1546 3884 :
1601 3831 1735 3887 Ecce
1767 3830 1967 3898 vicisti,
1996 3833 2124 3891 tolle

536 3934 666 3990 ergo
696 3921 947 3992 quicquid
972 3922 1063 3977 tibi
1092 3921 1373 3992 placuerit,
1399 3921 1660 3990 egredere
1680 3924 1731 3977 in
1758 3940 1911 3994 pace.
1942 3926 2014 3980 At
2037 3926 2124 3982 ille

536 4029 657 4068 cum
697 4015 844 4084 pacis
895 4021 1039 4071 esset
1083 4013 1351 4081 inimicus,
1405 4013 1543 4069 hanc
1593 4014 1879 4072 admittere
1927 4018 2120 4074 noluit.

535 4102 686 4161 Tunc
714 4105 940 4161 saeviens
967 4105 1058 4161 ille
1077 4105 1137 4160 in
1174 4104 1411 4174 regionis
1450 4104 1700 4161 introitus
1742 4115 1797 4162 et
1833 4106 2014 4163 exitus
2060 4107 2125 4163 li-

534 4210 674 4267 gnea
703 4196 999 4253 munimina
1029 4198 1270 4263 mittens,
1309 4196 1547 4252 maceria
1573 4198 1929 4255 circumdedit
1957 4209 2120 4271 atque

535 4288 1111 4361 tutavitVNicephorus
1129 4299 1342 4355 autem,
1366 4288 1471 4344 hoc
1497 4300 1798 4360 comperto,
1822 4306 1948 4348 mox
1974 4300 2119 4347 atto-

535 4382 687 4437 nitus
708 4381 964 4451 quidnam
994 4389 1199 4451 ageret,
1230 4380 1554 4438 circumiens
1596 4381 1884 4451 ignoravit,
1933 4390 1989 4437 et
2037 4382 2121 4437 his

2233 1914 2359 1962 rant
2386 1906 2641 1976 liquidius
2665 1907 2954 1962 enarravit.
2989 1908 3195 1963 Ferunt
3223 1908 3381 1962 etiam
3406 1907 3589 1977 quidam
3621 1906 3719 1976 quod

2232 1993 2524 2052 Christiani
2554 1997 2696 2053 hunc
2715 1996 2997 2053 cadentem
3028 1997 3294 2065 lapidibus
3321 1998 3721 2068 impetierunt;ast

2232 2085 2665 2144 effeminatorum
2695 2090 2959 2153 virorum,
2985 2103 3266 2143 servorum
3297 2087 3489 2144 scilicet
3511 2086 3621 2156 ejus,
3638 2100 3721 2139 cum

2232 2180 2426 2252 quibus
2474 2188 2529 2237 et
2572 2180 2985 2247 concumbebat,
3019 2181 3108 2235 alii
3138 2181 3353 2250 quidem
3382 2180 3494 2249 igne
3525 2177 3641 2239 valli,
3662 2175 3723 2228 alii

2231 2288 2363 2329 vero
2388 2271 2577 2342 gladiis
2623 2273 2900 2343 perierunt
2928 2288 3050 2327 cum
3099 2272 3240 2342 ipso.
3294 2269 3455 2339 Hujus
3497 2268 3725 2339 principatu

2232 2364 2520 2423 Christiani
2561 2364 2862 2433 graviorem
2910 2363 3054 2418 nullo
3086 2372 3334 2433 tempore
3361 2369 3476 2416 sunt
3499 2355 3725 2414 consecuti.

2231 2455 2433 2512 Omnes
2460 2455 2602 2510 enim
2644 2455 2735 2525 qui
2764 2461 2892 2510 ante
2936 2469 2995 2510 se
3038 2454 3460 2525 imperaverunt,
3493 2448 3726 2505 ambitioni-

2233 2548 2351 2615 bus,
2380 2557 2434 2604 et
2458 2548 2702 2617 luxuriis,
2733 2559 2895 2618 atque
2934 2549 3235 2605 barbaricis
3263 2546 3646 2609 crudelitatibus,
3664 2558 3727 2597 su-

2233 2642 2461 2711 peravit,
2510 2640 2577 2695 de
2604 2641 2798 2709 quibus
2828 2656 2921 2709 per
2945 2640 3153 2710 singula
3186 2641 3457 2712 prosequi,
3495 2645 3542 2694 et
3565 2634 3730 2707 posteris

2232 2728 2559 2786 incredibile.
2588 2738 2643 2784 et
2670 2730 2827 2784 nobis
2852 2730 2956 2784 erit
2980 2730 3335 2785 laboriosum.
3381 2729 3653 2783 Vulneratus
3672 2731 3728 2776 est

2228 2831 2410 2877 autem
2441 2830 2495 2877 et
2524 2821 2826 2877 Stauratius
2850 2822 3155 2892 periculose
3185 2823 3241 2878 in
3269 2823 3452 2878 dextra
3475 2827 3605 2891 parte
3624 2817 3725 2877 colli,

2229 2920 2284 2968 et
2314 2912 2402 2966 vix
2429 2928 2457 2965 a
2479 2927 2652 2981 pugna
2683 2912 2862 2967 salvus
2883 2914 3075 2983 evasit,
3119 2922 3182 2970 et
3211 2915 3362 2969 venit
3402 2907 3726 2978 Adrianopolitu

2230 3006 2487 3059 atrociter
2514 3005 2664 3075 plaga
2692 3006 3077 3076 colaphizatus.
3133 3007 3207 3062 At
3233 3022 3365 3062 vero
3386 3005 3649 3075 Stephanus
3665 3013 3730 3068 pa-

2233 3097 2437 3160 tricius,
2470 3104 2525 3150 et
2554 3098 2859 3152 scholarum
2889 3098 3248 3165 domesticus,
3281 3114 3401 3154 cum
3430 3098 3611 3152 adesset
3632 3105 3727 3161 quo-

2228 3205 2334 3260 que
2370 3190 2709 3245 Theoctistus
2736 3192 3008 3261 magister,
3059 3191 3437 3262 pronuntiavit
3480 3185 3733 3245 Stauratium

2227 3284 2626 3351 imperatorem,
2658 3289 2715 3336 et
2741 3280 3033 3351 disputavit
3062 3282 3295 3354 populo,
3317 3282 3406 3352 qui
3433 3279 3636 3334 salvatus
3658 3274 3735 3325 fite-

2225 3382 2311 3428 rat
2346 3380 2535 3428 contra
2561 3380 2770 3442 patrem
2810 3388 2987 3441 suum,
3016 3374 3107 3441 qui
3155 3373 3363 3443 oppido
3391 3368 3611 3426 deleitati
3636 3370 3735 3418 sunt.

2226 3462 2453 3519 Michael
2486 3477 2616 3518 sane
2653 3461 3002 3532 Europalatcs
3031 3463 3239 3519 illacsus
3270 3463 3498 3519 evadens
3523 3455 3736 3514 admodum

2226 3554 2295 3610 ab
2322 3552 2509 3609 amicis
2538 3561 2758 3623 rogatus
2786 3560 2869 3608 est
2905 3561 2958 3607 ut
2988 3553 3300 3624 imperator
3353 3552 3681 3624 appellaretur,
3702 3550 3739 3596 et

2225 3661 2334 3700 non
2365 3642 2581 3699 admisit
2610 3652 2830 3715 propter
2850 3643 3166 3714 juramenta
3208 3644 3510 3715 Nicephoro
3548 3637 3736 3711 prznstita.

2225 3745 2388 3803 atque
2409 3732 2702 3789 Stauratio.
2738 3733 2871 3788 Huic
2896 3733 3212 3803 Stephanus
3242 3731 3565 3789 domesticus
3587 3727 3740 3783 resisto-

2226 3828 2335 3894 bat,
2367 3842 2463 3898 spe
2504 3827 2624 3881 vita:
2646 3824 2925 3881 Stauratii.
2954 3823 3130 3883 Porro
3160 3825 3469 3883 Stauratius
3490 3838 3573 3893 per
3593 3818 3737 3873 urinam

2225 3919 2484 3987 sanguine
2514 3917 2775 3973 immenso
2799 3930 3215 3988 prornmpente,
3240 3918 3508 3974 arefactus
3532 3921 3602 3969 est
3624 3910 3741 3964 fama

2226 4012 2372 4067 ribus
2412 4019 2468 4066 et
2520 4010 2685 4077 tibiis,
2729 4008 2865 4065 adeo
2907 4019 2967 4064 ut
3013 4009 3217 4079 phorio
3244 4000 3739 4076 venirctByrantinm.

2226 4101 2379 4158 llunc
2432 4102 2761 4171 Nicephorus
2808 4099 3115 4171 patriarcha
3162 4100 3357 4155 valido
3384 4112 3559 4153 amans
3589 4090 3742 4146 affect",

2223 4193 2504 4250 consilium
2534 4193 2695 4248 dabat
2722 4191 2772 4247 ei
2801 4200 2860 4246 ut
2894 4190 3065 4246 Deum
3098 4192 3381 4260 placaret,
3411 4198 3464 4243 et
3505 4200 3587 4241 eos
3608 4179 3675 4250 qui
3705 4177 3740 4228 in

2224 4288 2449 4343 avaritia
2489 4286 2808 4358 pm'gravati
2848 4294 3004 4341 erant
3032 4280 3268 4355 a'patre
3296 4299 3399 4341 suo
3428 4278 3742 4339 consolantur.

2223 4380 2291 4436 ad
2334 4395 2494 4448 quem
2544 4378 2755 4450 paterni
2806 4391 2998 4432 sensus
3042 4374 3233 4432 haeres
3270 4386 3556 4446 germanus
3592 4363 3743 4420 dicebat

534 4477 629 4544 qui
656 4475 814 4531 simul
841 4476 1088 4545 aderant,
1121 4478 1353 4534 futuram
1391 4480 1746 4550 perditionem
1789 4478 2112 4550 praxnuntia-
2146 4503 2202 4566 ι)
2225 4489 2332 4527 non
2374 4486 2531 4543 posse
2577 4470 2694 4540 plus
2725 4470 2892 4524 tribus
2929 4468 3176 4566 reddere
3214 4469 3459 4525 talentis.
3493 4467 3595 4520 llaic
3618 4465 3746 4566 autent

536 4567 629 4621 bat
675 4579 990 4623 asseverans
1038 4584 1052 4622 :
1105 4568 1326 4624 Etiamsi
1364 4571 1595 4640 pennati
1635 4568 1914 4634 fuerimus,
1958 4586 2118 4627 nemo

533 4666 718 4727 speret
745 4654 969 4713 exitium
1004 4673 1064 4713 se
1107 4673 1417 4718 evasurum.
1464 4660 1587 4716 limo
1626 4669 1804 4715 autem
1844 4660 2120 4715 molimina

535 4757 696 4804 erant
716 4764 813 4821 per
838 4749 954 4805 dies
972 4749 1129 4817 duos,
1158 4751 1400 4821 quintam
1427 4752 1694 4819 videlicet,
1728 4760 1783 4808 et
1810 4762 2019 4808 sextam
2051 4752 2122 4808 fe-

528 4845 693 4907 riam,
726 4850 783 4897 et
828 4851 988 4898 nocte
1014 4843 1223 4898 sabbati
1272 4844 1604 4902 turbationes
1629 4846 1906 4899 turbarum
1937 4860 2118 4900 arma-

537 4942 714 4989 tarum
740 4933 884 4989 circa
914 4934 1296 5004 Nicephorum,
1324 4944 1381 4990 et
1406 4949 1502 4990 eos
1522 4934 1614 5005 qui
1642 4950 1763 4989 cum
1799 4935 1915 5005 ipso
1942 4944 2120 5003 crant,

537 5025 733 5081 audita:
775 5025 919 5082 acies
957 5041 1146 5082 omnes
1197 5036 1612 5083 enervaverunt.
1662 5027 1805 5083 Ante
1844 5027 1949 5083 diei
1988 5044 2119 5086 vero

537 5116 863 5188 principium
890 5118 1338 5188 supervenientes
1382 5117 1598 5173 barbari
1638 5127 1825 5173 contra
1865 5119 2117 5174 taberna-

535 5209 715 5266 culum
746 5208 1057 5279 Nicephori,
1102 5218 1159 5265 et
1196 5219 1474 5280 magnates
1501 5209 1591 5278 qui
1640 5224 1763 5263 cum
1798 5209 1912 5278 ipso
1942 5219 2117 5275 erant,

537 5302 681 5356 hunc
731 5300 1112 5356 miserabiliter
1163 5299 1524 5363 interficiunt,
1577 5301 1717 5354 inter
1772 5316 1909 5370 quos
1959 5310 2118 5357 erant

535 5390 724 5446 Aetius
770 5388 986 5457 Petrus,
1039 5398 1095 5446 et
1136 5390 1404 5446 Sisinnius
1450 5388 1657 5445 Trililes
1695 5391 1925 5460 patricii,
1956 5398 2117 5461 atque

537 5480 872 5539 Theodosius
919 5481 1188 5537 Salibaras
1226 5480 1503 5551 patricius,
1535 5481 1625 5550 qui
1671 5480 2023 5546 contristavit,
2065 5490 2123 5536 et

533 5575 708 5632 multa
734 5575 875 5629 mala
903 5574 1075 5630 beatae
1102 5572 1337 5628 ostendit
1365 5570 1589 5637 Eirenm,
1618 5587 1715 5626 nec
1738 5586 1844 5626 non
1869 5578 1923 5626 et
1950 5571 2121 5641 Epar-

537 5681 635 5723 cus
662 5666 940 5737 patricius,
974 5674 1030 5719 et
1053 5673 1253 5735 praetor
1280 5662 1652 5727 Orientalium,
1696 5662 1956 5730 multique
1986 5678 2114 5733 pro-

2226 4573 2383 4621 erant
2422 4563 2578 4618 cx-lis
2624 4578 2749 4632 pars
2799 4562 3073 4631 injustitize
3116 4560 3308 4627 illius;
3366 4563 3684 4616 verumtamen
3708 4547 3747 4595 cl

2223 4658 2367 4711 circa
2399 4656 2513 4709 haec
2540 4655 2892 4727 pigritahatur
2917 4669 3021 4709 non
3052 4654 3245 4709 vivere
3272 4654 3463 4709 fidens.
3492 4650 3605 4705 Cum
3622 4647 3748 4696 sulem

2222 4748 2397 4803 fwtlus
2420 4747 2677 4801 illibatum
2707 4761 2857 4800 more
2887 4754 3129 4815 paterna:
3152 4747 3361 4801 mentis
3386 4745 3520 4799 circa
3544 4734 3746 4793 neminem

2224 4849 2484 4902 servaret,
2542 4836 2913 4906 frequentibus
2943 4837 3506 4893 dehonestationihus
3531 4824 3749 4887 submitte-

2224 4933 2316 4987 hat
2346 4928 2711 4984 Theoctistum
2737 4927 3070 4994 magistrum,
3102 4937 3165 4984 et
3193 4926 3533 4997 Stephanum
3555 4910 3748 4974 dosiesti'

2222 5037 2367 5086 Clltlt,
2419 5028 2473 5074 et
2512 5018 2825 5073 Micliaelcm
2872 5016 3295 5085 Eumpalatem,
3329 5026 3572 5073 avertens
3596 5006 3743 5063 animo.

2222 5122 2278 5171 et
2330 5112 2652 5180 Procopiam
2698 5124 2936 5163 sororem
3006 5120 3166 5163 suam
3219 5119 3283 5163 ut
3333 5109 3643 5164 insidiantem
3680 5090 3749 5147 sibi

2222 5202 2585 5272 Tthphaniac
2629 5202 2880 5268 Augustae
2929 5199 3423 5256 submissionihus.
3473 5197 3585 5253 Mox
3608 5188 3755 5261 (ιιιίρρθ

2221 5297 2417 5352 misera
2448 5309 2543 5364 per
2571 5293 2742 5347 beata:
2785 5289 3148 5345 imitationem
3186 5293 3406 5347 Eirena:
3428 5290 3646 5345 obtinere
3672 5290 3755 5347 spe“

2220 5390 2375 5444 rabat
2431 5385 2734 5455 imperium,
2784 5398 2904 5438 cum
2934 5383 3053 5439 sine
3106 5383 3310 5440 liberis
3350 5391 3511 5440 esset.
3550 5381 3633 5433 Ast
3663 5380 3755 5425 vero

2220 5477 2521 5533 Stauratius
2551 5474 2737 5531 videns
2765 5489 2823 5528 se
2846 5472 3232 5529 insanabiliter
3263 5472 3544 5539 infirmari,
3572 5466 3754 5523 habitum

2221 5571 2502 5642 imperium
2533 5567 2688 5624 uxori
2717 5565 2993 5635 acquirere
3022 5566 3364 5633 festinabat,
3404 5574 3458 5622 et
3487 5563 3697 5631 Bulgares
3718 5550 3756 5605 in

2220 5664 2554 5722 Christianos
2592 5660 2836 5716 excitare
2864 5673 3023 5728 supra
3055 5660 3433 5728 prmcedentia
3461 5656 3609 5715 mala,
3636 5655 3755 5715 supra

537 5758 839 5829 tospatarii,
884 5764 939 5814 et
982 5756 1220 5827 spatarii,
1252 5763 1308 5811 et
1354 5755 1635 5813 excubitus
1678 5754 2028 5822 domesticus,
2058 5761 2117 5812 et
2217 5772 2327 5831 quo
2353 5748 2953 5829 paventesNicephorus
2977 5750 3321 5823 patriarcha,
3339 5747 3657 5810 Theoctistns
3673 5748 3754 5795 ωε·
