3956 6342
240 347 384 404 “5?

1266 345 1580 404 HISTORIA
1629 341 1969 402 MISCELLA
2036 373 2102 386 -—
2142 345 2272 404 LIB.
2315 347 2506 404 XXIV.

3377 351 3515 409 H58

236 470 426 530 sister,
455 468 518 517 et-
550 460 854 531 Stephanus
878 459 1224 527 domesticus,
1251 475 1317 516 ex
1345 462 1511 516 multa
1538 459 1814 516 inimicitia
1848 460 1900 514 Δ
1926 456 2096 526 sione,
2121 460 2236 516 sive
2253 462 2481 527 ratione,
2507 460 2847 532 mitumque
2862 462 3263 520 sanctissimum
3286 465 3492 534 patriar

239 552 292 606 in
322 553 585 607 alternam
613 552 900 606 amicitiam
925 568 1044 605 cum
1077 550 1336 606 Michaele
1367 550 1694 621 Europalate
1728 565 1820 602 ve-

236 658 394 697 nere.
451 645 604 698 Circa
655 641 787 698 fines
838 644 1208 710 Septembris,
1257 643 1548 698 indictione
1595 643 1650 709 5,
1698 641 1822 695 Kal.

235 733 459 800 Octob.,
511 747 730 804 vespere
767 732 1068 787 Stauratius
1113 733 1433 788 advocatum
1480 732 1815 802 Stephanum

237 821 592 876 domesticum
640 822 1054 890 percontabatur
1083 837 1311 891 quonam
1359 821 1517 876 modo
1581 819 1822 874 Michae-

238 913 347 968 lem
377 914 578 969 sororis
620 914 1008 970 sure‘maritum
1058 930 1124 968 ex
1172 915 1386 984 propria
1433 913 1594 969 domo
1634 920 1817 982 posset

236 1007 442 1062 ducere
470 1006 537 1060 ad
563 1006 679 1075 ejus
700 1007 883 1062 oculos
911 1007 1175 1062 emendos
1200 1025 1214 1072 ;
1247 1022 1350 1076 quo
1379 1006 1693 1076 perhibente
1718 1005 1824 1060 hoc

239 1099 573 1168 impossibile
600 1099 716 1154 fore
744 1100 845 1155 hac
876 1100 1004 1155 hora
1025 1110 1244 1169 propter
1266 1100 1514 1154 virtutem
1535 1113 1652 1166 quae
1678 1099 1822 1152 circa

239 1190 391 1245 illum
421 1197 583 1254 esset,
615 1197 670 1244 et
688 1189 756 1244 ob
783 1189 1135 1244 munitionem
1159 1189 1348 1244 domus
1371 1188 1473 1242 loci
1502 1187 1638 1254 ejus,
1669 1195 1823 1255 rogat

240 1283 445 1337 nemini
476 1281 588 1335 fieri
612 1289 737 1335 nota
765 1295 883 1349 quae
911 1281 1050 1336 dicta
1079 1289 1221 1336 sunt.
1272 1279 1342 1333 At
1369 1279 1458 1333 ille
1485 1294 1608 1334 cum
1637 1279 1814 1333 verbis

239 1371 679 1441 persuasibilibus
702 1371 994 1426 inﬂexisset
1020 1386 1144 1426 eum
1162 1385 1229 1426 ne
1255 1371 1513 1426 sollicitus
1539 1378 1702 1436 esset,
1722 1384 1816 1438 per

239 1472 412 1517 totam
463 1471 673 1517 noctem
728 1463 943 1517 militias
996 1463 1241 1517 ordinum
1288 1477 1406 1530 qme
1445 1468 1815 1517 remanserant

238 1553 462 1622 collegit
512 1552 564 1606 in
612 1551 998 1622 Hippodromo,
1038 1566 1140 1604 una
1170 1566 1292 1606 cum
1333 1550 1662 1620 principibus
1694 1564 1816 1617 pro-

238 1645 393 1713 priis,
426 1643 492 1698 ad
540 1643 988 1714 pronuntiandum
1047 1641 1358 1696 Michaelem
1409 1641 1814 1710 imperatorem,

238 1735 692 1804 quemadmodum
720 1735 773 1789 in
801 1733 1247 1803 subsequentibus
1281 1732 1624 1787 indicabitur.
1649 1730 1818 1786 Porro

1929 547 2108 614 cham,
2140 558 2194 604 et
2242 565 2338 605 eos
2367 550 2460 619 qui
2487 559 2737 620 poterant
2765 566 2861 621 pro
2889 553 3161 608 communi
3206 568 3342 623 pace
3383 569 3520 608 con-

1927 653 2170 705 currere,
2193 655 2387 708 rogans
2413 658 2520 697 non
2543 643 2873 713 quiescebat,
2907 644 3048 700 inter
3087 659 3224 714 quos
3247 655 3303 701 et
3331 644 3518 702 Theo-

1927 733 2118 787 dorum
2150 747 2470 801 egumenum
2499 733 2683 800 studii,
2706 743 2760 790 et
2789 735 3090 802 Platonem,
3121 744 3285 806 atque
3307 735 3515 806 Joseph

1927 821 2407 892 archiepiscopum
2438 823 2977 881 Thessalonicensem
3005 826 3222 881 fratrem
3245 827 3518 884 Theodori

1927 911 1980 966 in
2012 913 2201 966 studiis
2229 912 2480 969 detentos
2503 916 2722 981 amaris,
2756 932 2859 970 una
2886 932 3006 970 cum
3034 916 3368 986 principibus
3397 933 3515 974 mo-

1925 1003 2148 1058 nasterii
2175 1018 2384 1071 eorum,
2430 1007 2708 1074 satagebat
2737 1007 2912 1072 unire,
2943 1006 3089 1076 quod
3133 1017 3188 1064 et
3219 1008 3366 1065 fecit.
3399 1009 3518 1065 Cac-

1927 1100 2101 1148 terum
2131 1095 2274 1149 misit
2299 1095 2366 1148 ad
2394 1093 2646 1150 Carolum
2673 1112 2850 1167 regem
2883 1098 3212 1155 Francorum
3239 1116 3338 1170 pro
3382 1117 3516 1170 pace

1925 1191 2087 1252 atque
2108 1193 2390 1240 contractu
2423 1189 2734 1258 nuptiarum
2768 1189 2821 1243 in
2865 1188 3324 1260 Theophylactum
3352 1193 3519 1247 lilium

1925 1288 2102 1328 suum.
2147 1273 2480 1346 Nicephorus
2528 1292 2745 1346 quoque
2790 1280 3160 1335 sanctissimus
3217 1283 3521 1351 patriarcha

1927 1364 2221 1419 transmisit
2268 1366 2552 1437 synodicas
2607 1369 2816 1424 litteras
2863 1370 2929 1424 ad
2979 1369 3220 1427 Leonem
3269 1383 3517 1429 sanctum

1927 1468 2120 1524 papam
2149 1455 2469 1524 Romanum,
2503 1467 2659 1513 antea
2681 1463 2880 1530 quippe
2908 1460 3138 1517 faciendi
3171 1463 3276 1518 hoc
3305 1479 3332 1517 a
3365 1464 3522 1521 Nice-

1926 1545 2104 1614 phoro
2165 1549 2580 1617 prohibebatur.
2653 1551 2822 1606 Porro
2880 1562 3072 1608 octava
3129 1556 3247 1609 Kal.
3297 1554 3520 1612 Januar.

1926 1638 2126 1708 quintae
2158 1639 2465 1696 indictionis
2495 1641 2719 1698 Michael
2751 1645 3227 1713 tranquillissimus
3267 1647 3519 1716 imperat.

1935 1732 2219 1785 coronavit
2259 1730 2719 1802 Theophylactum
2751 1734 2921 1790 lilium
2951 1752 3108 1791 suum
3141 1739 3522 1808 imperatorem

239 1827 578 1896 Nicephorus
626 1825 927 1895 patriarcha
964 1824 1219 1891 scriptum
1251 1837 1280 1877 a
1310 1821 1567 1877 Michaele
1597 1822 1825 1892 proprim
1856 1800 1906 1860 Β
1937 1837 1969 1876 a
1997 1820 2304 1892 Nicephoro
2333 1824 2640 1893 patriarcha
2672 1826 2724 1880 iu
2746 1827 2980 1884 amboue
3001 1829 3225 1898 majoris
3251 1830 3519 1899 ecclesiae,

239 1932 433 1971 manus
453 1915 627 1984 exegit
650 1915 717 1970 de
737 1922 882 1970 recta
912 1914 1038 1979 fide,
1058 1922 1112 1967 et
1134 1922 1190 1966 ut
1211 1913 1326 1966 sine
1346 1912 1605 1981 sanguine
1627 1927 1820 1969 manus

238 2019 274 2058 a
303 2005 618 2059 Christianis
644 2013 916 2067 servaret,
958 2018 1022 2057 ac
1051 2002 1116 2057 de
1163 2003 1329 2056 sacris
1367 2001 1694 2068 hominibus,
1731 2016 1826 2056 seu

240 2095 524 2148 monachis
547 2093 615 2148 de
645 2102 757 2150 toto
785 2090 1148 2148 ecclesiastico
1178 2089 1446 2162 catalogo,
1479 2105 1547 2146 ne
1582 2099 1826 2162 percute-

241 2194 436 2240 rentur
464 2184 530 2240 ab
562 2183 673 2240 illo.

879 2319 1201 2376 MlCllAEL.

320 2478 475 2534 Anno
524 2476 592 2531 ab
646 2473 1023 2531 lncarnatione
1079 2473 1288 2529 Domini
1343 2471 1468 2538 804,
1529 2471 1825 2527 indictione

238 2571 459 2641 quinta,
502 2569 658 2623 tertia
708 2568 888 2622 Nonas
941 2564 1159 2632 Octob.,
1194 2565 1419 2620 Michael
1466 2562 1826 2631 Europalates

239 2659 564 2714 mitissimus
591 2656 888 2727 appellatus
915 2668 994 2710 est
1027 2655 1318 2724 imperator
1348 2654 1504 2708 Rom.
1536 2653 1590 2706 in
1620 2651 1821 2720 Hippo-

239 2754 440 2808 dromo
468 2766 498 2804 a
522 2758 639 2805 toto
668 2757 866 2804 senatu
883 2757 1047 2816 atque
1085 2745 1380 2808 ordinibus,
1414 2745 1504 2816 qui
1543 2742 1830 2814 imperavit

241 2844 407 2898 annis
427 2841 656 2897 duobus.
703 2839 1003 2894 Stauratius
1033 2847 1211 2892 autem
1260 2835 1644 2891 acclamatione
1673 2833 1829 2901 lmjus

240 2935 430 2990 audita
458 2933 640 2987 statim
669 2946 878 2987 comam
905 2928 1156 2993 totondit,
1179 2936 1235 2983 et
1260 2927 1586 2982 monachicis
1609 2924 1828 2980 indutus

240 3032 334 3080 est
363 3021 716 3088 vestimentis,
744 3030 800 3076 et
829 3035 924 3090 per
954 3019 1261 3075 Simeonem
1289 3018 1612 3073 monachum
1631 3031 1831 3085 cogna-

244 3125 365 3172 tum
392 3130 546 3170 suum
584 3113 737 3169 valde
759 3111 1120 3181 patriarcham
1147 3110 1463 3180 implorans,
1491 3109 1582 3178 qui
1612 3108 1832 3164 veniens

244 3206 303 3260 in
331 3204 587 3274 palatium
617 3217 720 3256 una
750 3217 872 3257 cum
918 3201 1113 3270 imper.
1166 3199 1448 3267 Michaele,
1498 3200 1831 3254 Stauratium

244 3298 480 3367 rogabat
508 3311 576 3351 ne
606 3296 906 3350 tristaretur
944 3309 1105 3363 super
1134 3294 1257 3355 hoc,
1304 3293 1447 3362 quod
1495 3292 1690 3348 factum
1721 3302 1836 3361 est;

245 3403 363 3444 non
393 3386 535 3442 enim
572 3401 665 3455 per
687 3385 924 3449 insidias,
979 3385 1071 3439 sed
1117 3384 1494 3452 desperatione
1522 3384 1643 3438 vitae
1673 3384 1838 3454 ipsius

243 3478 304 3533 id
331 3485 541 3545 gestum
571 3488 904 3528 asseverans.
937 3471 1116 3527 Atille
1145 3471 1396 3540 nequitiae
1426 3481 1660 3543 paterna:
1691 3473 1838 3528 rabie

243 3567 459 3633 furens,
489 3580 594 3619 non
625 3564 911 3632 acquievit,
943 3563 1125 3618 dicens
1151 3563 1218 3616 ad
1243 3577 1363 3617 eum
1397 3581 1410 3616 :
1445 3564 1686 3618 Amicum
1716 3580 1839 3618 me-

242 3658 445 3712 liorem
477 3671 560 3710 me
589 3671 696 3710 non
726 3655 966 3709 habebis.
1001 3653 1144 3709 llora
1175 3669 1300 3710 vero
1329 3665 1519 3724 quarta
1543 3665 1839 3710 coronatus

243 3757 338 3805 est
368 3747 593 3802 Michael
634 3762 664 3801 a
699 3746 1000 3815 NicephOro
1028 3744 1330 3814 patriarcha
1363 3747 1414 3798 iu
1461 3746 1691 3800 amboue
1723 3761 1835 3799 ma-

243 3855 375 3910 gna:
399 3838 660 3903 ecclesiaz,
709 3838 761 3891 in
789 3852 898 3906 quo
927 3850 1119 3904 magna
1149 3834 1437 3890 exsultatio
1486 3834 1623 3889 facta
1649 3843 1751 3899 est,
1783 3842 1838 3888 et

245 3931 477 3989 donavit
506 3930 820 4000 patriarcha:
849 3929 964 3983 auri
1016 3929 1178 3982 libras
1227 3944 1263 3994 ι,
1307 3935 1362 3983 et
1408 3927 1554 3983 clero
1586 3941 1708 3982 xxv.
1743 3925 1839 3980 Vir

243 4026 403 4082 enim
432 4024 821 4094 magnanimus,
847 4030 901 4077 et
931 4037 1036 4076 non
1063 4036 1279 4088 avarus,
1310 4035 1499 4076 omnes
1527 4018 1837 4074 consolatus

243 4123 341 4169 est
362 4113 456 4182 qui
481 4112 765 4182 Nicephori
795 4111 1036 4180 nequitia
1066 4119 1192 4164 sunt
1217 4110 1348 4174 laesi,
1377 4109 1638 4177 donisque
1677 4123 1836 4164 sena~

249 4213 372 4263 tum
417 4221 481 4262 ac
505 4206 746 4261 militiam
779 4204 1062 4259 recreavit.
1110 4203 1280 4258 Porro
1327 4217 1380 4258 tv
1425 4201 1547 4258 ldus
1585 4201 1836 4257 Octobris

245 4305 518 4354 coronata
546 4303 629 4351 est
658 4293 915 4363 l’rocopia
946 4294 996 4347 iu
1029 4293 1286 4349 Triclinio
1313 4293 1574 4360 Augusta,
1626 4292 1834 4347 multis-

245 4402 366 4457 que
394 4385 550 4441 donis
578 4385 882 4440 liberalibus
903 4385 1053 4439 auxit
1079 4391 1344 4439 senatum.
1377 4382 1686 4438 Mulieribus
1708 4397 1837 4437 vero

1861 3154 1908 3218 C

1865 1973 1882 1995 ε
1933 1913 2067 1969 feria
2108 1911 2174 1982 5,
2208 1922 2264 1969 et
2291 1915 2489 1970 obtulit
2523 1917 2970 1985 pretiosissimum
2995 1927 3222 1976 stemma
3250 1921 3302 1975 in
3329 1931 3523 1978 sancto

1867 2014 1890 2070 ⁸,
1931 2003 2129 2059 altario
2158 2005 2210 2059 in
2238 2005 2382 2061 vasis
2409 2006 2605 2071 aureis,
2637 2017 2693 2064 et
2720 2008 2984 2078 lapidibus
3007 2011 3266 2078 venustis,
3297 2019 3353 2068 et
3381 2026 3517 2082 qua-

1885 2152 1894 2159 ,
1931 2096 2208 2166 drangulis
2233 2099 2365 2156 velis
2403 2101 2702 2170 antiquitus
2739 2118 2807 2158 ex
2854 2119 2987 2160 auro
3025 2113 3080 2160 et
3111 2108 3528 2176 purpuraclaro

1933 2190 2229 2258 contextis,
2277 2199 2440 2260 atque
2487 2192 2892 2251 admirabilibus
2935 2197 3141 2252 sanctis
3199 2198 3523 2267 imaginibus

1931 2280 2218 2335 variatum.
2287 2281 2516 2337 Donavit
2565 2295 2754 2338 autem
2800 2292 2858 2340 et
2905 2285 3224 2354 patriarcha:
3283 2287 3399 2340 auri
3462 2288 3526 2340 li--

1933 2371 2058 2427 bras
2081 2387 2208 2438 xxv,
2237 2387 2301 2428 ac
2326 2372 2623 2429 venerabili
2653 2373 2796 2429 clero
2827 2373 2990 2430 libras
3015 2384 3253 2443 centum,
3285 2375 3524 2446 splendi-

1931 2461 2054 2517 dam
2083 2461 2317 2517 reddens
2338 2471 2578 2518 sanctam
2611 2462 2978 2530 festivitatem,
3013 2473 3068 2521 et
3090 2466 3181 2519 ﬁlii
3211 2466 3526 2535 pronuntia-

1935 2557 2159 2610 tionem.
2187 2555 2356 2612 Multo
2404 2572 2535 2612 sane
2560 2557 2744 2613 divino
2774 2559 2896 2614 zelo
2927 2559 3226 2630 imperator
3255 2562 3525 2630 piissimus

1934 2655 2116 2700 motus
2161 2655 2352 2700 contra
2402 2645 2749 2711 Manichzeos,
2797 2647 2890 2716 qui
2939 2663 3084 2704 nunc
3118 2647 3410 2705 Pauliciani
3441 2651 3524 2707 di-

1933 2743 2148 2799 cuntur,
2199 2743 2254 2790 et
2299 2735 2607 2802 Atingarios
2647 2735 2703 2790 in
2750 2735 2982 2806 Phrygia
3021 2746 3078 2793 et
3124 2736 3395 2809 Lycaonia
3432 2740 3527 2794 de-

1932 2837 2140 2896 gentes,
2183 2826 2472 2896 capitalem
2515 2827 3042 2885 animadversionem
3072 2828 3367 2898 Nicephori
3397 2847 3524 2888 san-

1931 2918 2155 2976 ctissimi
2183 2918 2503 2988 patriarcha:
2533 2933 2597 2974 ac
2625 2919 2854 2976 aliorum
2887 2922 3100 2990 piorum
3139 2923 3527 2992 praedicamen-

1937 3011 2001 3064 tis
2021 3009 2398 3079 promulgavit.
2424 3009 2693 3068 Adversus
2708 3019 2790 3068 est
2815 3019 2992 3067 autem
3021 3026 3118 3082 per
3137 3013 3273 3069 alios
3294 3029 3524 3083 nequam

1937 3117 2149 3158 morum
2196 3101 2533 3158 consiliarios
2574 3101 2799 3158 obtentu
2850 3103 3199 3173 ptenitentire,
3231 3119 3353 3160 cum
3385 3114 3529 3161 esset

1941 3193 2271 3264 impossibile
2291 3193 2410 3248 illos
2437 3193 2811 3264 poenitentiam
2838 3209 2998 3265 agere
3019 3195 3111 3265 qui
3131 3210 3320 3251 eorum
3341 3211 3529 3252 errore

1938 3284 2154 3355 decepti
2184 3282 2428 3341 fuissent.
2481 3283 2929 3355 Dogmatizabant
2957 3294 3136 3342 autem
3162 3285 3381 3343 indocte
3415 3301 3528 3342 nou

1938 3379 2100 3435 licere
2145 3379 2515 3436 sacerdotibus
2544 3381 2898 3450 promulgare.
2915 3390 3106 3438 contra
3138 3380 3336 3450 impios
3376 3397 3528 3436 mor-

1940 3481 2068 3540 tem,
2100 3485 2199 3542 per
2227 3472 2407 3526 omnia
2437 3471 2632 3528 divinis
2662 3487 2826 3542 super
2853 3473 2957 3528 hoc
2985 3472 3339 3529 adversantes
3378 3472 3528 3528 Scri-

1938 3560 2130 3632 pturis.
2175 3559 2231 3617 Si
2256 3561 2401 3615 enim
2431 3561 2622 3616 Petrus
2648 3570 2835 3618 vertex
2857 3561 3228 3632 apostolorum
3258 3561 3525 3618 Ananiam

1936 3660 1992 3706 et
2020 3650 2304 3720 Saphiram
2337 3651 2404 3705 ab
2439 3665 2548 3706 uno
2592 3650 2883 3707 mendacio
2926 3659 3135 3708 tantum
3160 3650 3526 3714 mortificavit,

1937 3750 1994 3797 et
2027 3740 2223 3796 Paulus
2258 3742 2455 3796 clamat
2503 3760 2515 3795 :
2559 3742 2660 3808 Qui
2687 3743 2833 3808 talia,
2865 3742 3133 3812 inquiens,
3166 3751 3352 3811 agunt,
3384 3744 3530 3812 digni

1937 3840 2065 3886 sunt
2110 3839 2306 3895 morte,
2351 3841 2408 3885 et
2435 3830 2556 3886 hare
2576 3831 2643 3887 de
2671 3831 2788 3886 solo
2819 3833 3089 3902 corporali
3117 3842 3362 3903 peccato,
3393 3849 3531 3903 quo-

1937 3919 2234 3976 modonon
2266 3919 2458 3974 horum
2497 3919 2755 3975 contrarii
2784 3922 3088 3991 ernnt,_qui
3117 3922 3264 3977 omni
3294 3922 3531 3991 spiritali

1940 4021 1995 4069 et
2022 4010 2298 4081 corporali
2328 4011 2586 4081 spurcitia
2628 4011 2966 4068 daemonibus
2992 4012 3274 4069 serviunt?
3301 4014 3526 4070 Staura-
3554 4025 3574 4041 '

1938 4103 2048 4160 tius
2080 4117 2210 4157 vero
2257 4102 2443 4158 ulcere
2488 4101 2788 4159 tabefactus
2815 4117 2882 4158 ex
2914 4103 3131 4160 mortali
3161 4103 3322 4174 plaga
3375 4104 3523 4161 circa

1937 4194 2244 4266 spinzeloca
2276 4190 2456 4261 inﬁxa,
2485 4195 2564 4248 ita
2589 4202 2646 4249 ut
2676 4210 2783 4250 non
2815 4203 2999 4266 posset
3023 4196 3308 4267 quisquam
3330 4211 3525 4266 appro.

1939 4287 2198 4357 pinquare
2243 4284 2318 4340 illi
2348 4285 2417 4340 ob
2445 4285 2671 4343 multum
2696 4285 2946 4356 fetorem,
2976 4296 3223 4343 mortuus
3250 4297 3334 4344 est
3364 4289 3524 4344 tertia

1939 4381 2060 4438 ldus
2103 4380 2246 4449 Jan.,
2308 4381 2599 4438 indictione
2663 4383 2870 4453 quinta,
2913 4397 3037 4440 cum
3083 4384 3422 4454 imperasset,
3470 4393 3528 4440 ut

247 4475 691 4533 Thematicorum
722 4473 968 4542 militum,
1004 4475 1094 4543 qui
1121 4473 1331 4531 fuerant
1358 4474 1410 4529 in
1436 4473 1678 4542 Bulgaria
1708 4488 1836 4542 per—
1875 4497 1923 4557 ι)
1948 4481 2186 4543 putatur,
2213 4475 2488 4533 mensibus
2517 4473 2746 4540 duobus,
2779 4474 2969 4530 diebus
2991 4489 3110 4530 sex.
3145 4475 3314 4532 Porro
3343 4476 3532 4547 quinta

247 4570 449 4640 empti,
499 4572 613 4622 auri
661 4568 896 4636 quinque
964 4565 1163 4620 talenta
1206 4565 1374 4621 dedit.
1427 4564 1836 4634 Theophaniam

248 4673 439 4715 autem
463 4673 684 4713 uxorem
711 4657 966 4712 Stauratii
987 4656 1308 4726 singularem
1333 4655 1494 4710 vitam
1517 4655 1838 4732 amplexam,
1877 4658 1883 4663 '

248 4766 315 4813 et
343 4762 606 4822 cognatos
651 4753 811 4819 illius,
858 4751 948 4820 qui
985 4750 1360 4806 miserabiliter
1390 4749 1488 4804 sub
1537 4747 1844 4818 Nicephoro

249 4845 528 4908 vixerant,
559 4842 770 4908 ditavit,
803 4841 1048 4907 interque
1087 4839 1189 4892 alia
1229 4839 1493 4906 insignem
1519 4838 1758 4903 domum,
1790 4846 1845 4891 et

248 4930 646 4990 monasterium
693 4929 991 4985 Thehraica
1037 4929 1238 4989 dictum
1263 4971 1278 4994 ,
1311 4928 1403 4982 ubi
1427 4927 1734 4986 Stauratius
1760 4937 1846 4983 est

250 5024 526 5095 sepultus,
553 5023 629 5077 illi
658 5022 946 5078 concessit.
987 5020 1184 5076 Omnes
1209 5022 1374 5077 etiam
1397 5021 1730 5091 patricioset
1755 5037 1846 5078 se-

253 5126 504 5184 natores,
535 5114 845 5170 sacerdotes
873 5121 926 5168 et
967 5128 1208 5171 summos
1252 5114 1580 5180 sacerdotes,
1617 5115 1842 5170 et.mili-

257 5214 442 5262 tantes
487 5204 802 5268 monachos,
841 5211 898 5257 et
943 5217 1232 5272 pauperes,
1264 5211 1373 5256 tam
1418 5204 1470 5256 in
1524 5203 1670 5273 regia
1701 5205 1843 5260 urbe

254 5313 437 5372 quam
457 5298 509 5352 in
541 5296 866 5352 thematibus
892 5295 1170 5365 degentes,
1215 5295 1586 5365 locupletavit,
1621 5299 1757 5353 adeo
1789 5306 1846 5354 ut

257 5389 720 5450 immensurabilis
766 5387 989 5442 avaritia
1021 5386 1324 5457 Nicephori,
1355 5396 1575 5458 propter
1599 5402 1759 5456 quam
1790 5398 1846 5444 et

257 5483 419 5539 male
446 5481 625 5550 periit,
676 5479 859 5548 paucis
907 5478 1097 5534 diebus
1137 5477 1462 5548 disparuissc
1504 5479 1844 5548 probaretur.

253 5575 442 5642 Super
491 5571 686 5624 multos
733 5577 992 5640 prteterea
1031 5568 1265 5637 optimos
1304 5584 1482 5623 mores
1527 5584 1671 5635 suos,
1721 5585 1844 5626 cum

259 5663 540 5732 piissimus
566 5670 621 5715 et
657 5659 990 5714 orthodoxus
1019 5667 1183 5725 esset,
1223 5659 1536 5714 tristabatur
1563 5676 1725 5731 super
1763 5661 1846 5717 his

167 5759 187 5793 ¹
260 5756 361 5825 qni
391 5770 430 5816 a.
445 5762 628 5817 sancta
659 5752 1040 5810 scindebantur
1071 5750 1306 5808 Ecclesia
1337 5766 1658 5822 quartruque
1686 5768 1845 5810 occa-

1948 4565 2070 4623 ldus
2098 4565 2239 4630 Maii,
2270 4565 2402 4621 feria
2424 4568 2632 4636 quinta,
2662 4567 2880 4637 eclipsis
2908 4567 3101 4624 solaris
3129 4568 3269 4627 facta
3292 4579 3376 4625 est
3408 4586 3528 4625 ma-

1947 4673 2072 4728 gna,
2104 4667 2160 4715 et
2204 4659 2432 4730 septima
2470 4659 2592 4715 ldus
2633 4657 2775 4713 Junii
2803 4673 3054 4728 egressus
3101 4670 3188 4717 est
3237 4662 3532 4732 imperator

1950 4749 2176 4804 Michael
2201 4757 2392 4804 contra
2421 4749 2697 4818 Bulgares,
2729 4751 3220 4806 etcumeosimul
3260 4750 3525 4822 Procopia
3575 4749 3596 4767 '

1948 4856 2118 4909 usque
2143 4839 2414 4896 Zerulum.
2445 4841 2692 4895 Crunnus
2721 4849 2902 4896 autem
2929 4841 3038 4896 dux
3069 4841 3527 4910 Bulgarum,cum

1948 4931 2240 4988 Debeldum
2268 4931 2546 4988 obsidione
2575 4930 2826 5001 cepisset,
2857 4939 2918 4984 et
2939 4945 3035 4985 eos
3061 4931 3152 4999 qui
3181 4931 3235 4984 in
3265 4931 3382 4998 ipso
3414 4932 3529 4986 fue-

1946 5033 2068 5078 rant
2091 5036 2203 5076 .una
2232 5036 2353 5076 cum
2375 5021 2628 5091 episcopo
2660 5021 3108 5090 transmigrasset,
3132 5021 3524 5090 multitudines,

1947 5128 2066 5182 quae
2095 5120 2318 5183 propter
2357 5111 2558 5166 malum
2587 5110 2948 5180 frequensque
2974 5109 3255 5164 consilium
3296 5125 3528 5179 nequam

1947 5202 2376 5259 consiliariorum
2405 5200 2746 5270 imperatoris
2791 5199 2859 5253 ad
2888 5213 3010 5254 eum
3031 5198 3420 5264 conﬂuxerant,
3444 5201 3526 5256 .ad

1947 5293 2168 5349 insidias
2204 5301 2259 5348 et
2287 5291 2510 5360 injurias
2551 5288 2750 5345 Obsicii
2774 5290 3005 5344 maxime
3033 5298 3086 5345 et
3112 5291 3526 5348 'l‘bracesiorum

1947 5385 2195 5441 conversi
2241 5393 2387 5447 sunt,
2435 5399 2569 5453 quos
2617 5383 2844 5438 Michael
2889 5397 3256 5452 compescens,
3287 5383 3445 5438 donis
3473 5391 3530 5438 et

1948 5474 2400 5533 admonitionibus
2429 5473 2642 5528 silentio
2671 5472 2941 5543 imposito,
2973 5473 3253 5542 mitigavit.
3295 5473 3373 5526 At.
3397 5488 3528 5529 vero

1947 5566 2200 5634 Bulgares
2229 5562 2592 5619 simultatibus
2621 5562 2926 5617 militiarmn
2966 5563 3277 5631 compertis,
3305 5571 3360 5616 et
3385 5561 3528 5630 quod

1949 5667 2130 5715 essent
2195 5656 2546 5713 formidantes
2602 5656 2882 5726 praelium,
2938 5654 3164 5725 amplius
3217 5654 3526 5715 confortati,
3569 5701 3572 5706 .

1951 5751 2337 5820 pra‘valucruut
2404 5747 2659 5806 adversus
2716 5747 2980 5804 Thracem
3033 5755 3087 5804 ct
3138 5745 3524 5802 Macedoniam.
