3956 6342
526 330 674 401 H39

1351 335 1551 394 PAULI
1589 328 1855 390 DIACONI
1894 330 2053 386 OPP.
2087 325 2265 383 PARS
2307 327 2344 382 l.
2388 356 2454 368 —
2495 326 2877 383 HISTORICA.

3567 345 3674 403 mo

522 455 678 513 Tune
730 451 1008 511 Ancialum
1061 456 1117 507 et
1174 449 1402 506 Beroem
1452 449 1791 504 dimittentes‘
1816 441 2104 500 Christiani
2133 438 2184 497 Δ
2210 453 2373 508 super
2391 440 2505 494 haec
2536 438 2791 508 profugos
2825 437 3106 508 utriusque
3138 443 3295 511 partis
3333 447 3388 502 ad
3428 452 3671 517 alterutrum

522 549 790 618 fugerunt,
822 544 1038 602 nemine
1066 550 1443 614 persequente,
1479 542 1831 609 Nicetamque
1860 554 1923 593 ac
1973 537 2107 592 Pro-

525 639 639 693 bati
668 648 937 703 castrum,
981 644 1036 691 et
1065 635 1165 688 alia
1195 635 1436 703 quaedam
1480 633 1743 704 pnesidia,
1784 632 2027 685 similiter
2055 640 2111 686 et

523 725 960 797 Philippopolim,
991 732 1045 779 et
1076 724 1375 794 Philippos,
1404 732 1458 779 et
1484 724 1829 795 Strymonem
1851 722 2109 776 habitan-

524 823 631 881 tes,
659 816 945 871 occasione
985 822 1208 884 accepta
1257 815 1538 883 fugientes,
1571 813 1634 867 ad
1667 814 1883 882 prepria
1926 812 2106 866 redie-

521 914 666 963 runt.
702 906 818 962 Hoc
847 917 1027 963 autem
1075 908 1256 961 divina
1304 906 1597 974 indignatio
1644 904 1789 968 fecit,
1818 902 2104 971 Nicephori

519 1006 794 1057 vesaniam
836 1012 1086 1066 arguens,
1132 1012 1229 1066 per
1253 1011 1414 1065 quam
1453 994 1706 1065 putativa:
1734 994 2107 1048 correctiones

520 1091 661 1161 ejus,
710 1090 765 1145 in
806 1092 1000 1161 quibus
1054 1088 1406 1157 gloriabatur,
1456 1088 1702 1144 celeriter
1759 1094 2103 1155 corruerunt,

519 1194 821 1251 pravasque
872 1180 1151 1248 opiniones
1200 1179 1510 1243 multorum,
1567 1179 1657 1246 qui
1706 1178 1877 1267 lieum
1929 1178 2107 1246 impu-

519 1281 795 1343 gnantes,
853 1281 909 1327 et
983 1271 1318 1326 abundantes
1370 1270 1601 1325 hmreses
1656 1268 2102 1334 Panlitianorum,

519 1368 927 1437 Atinganorum,
976 1363 1431 1419 lconoclastarum
1481 1369 1534 1416 et
1583 1361 1978 1415 Tetraditarum
2010 1360 2104 1416 de-

519 1456 729 1510 sierunt
753 1468 1025 1509 accusare.
1058 1451 1260 1506 Omitto
1286 1452 1429 1507 enim
1456 1450 1745 1517 adulteria,
1787 1450 2105 1506 fornicatio-

520 1560 639 1607 nes.
682 1544 927 1600 libidines
966 1552 1128 1614 atqne
1157 1544 1393 1614 perjuria
1420 1582 1436 1608 ,
1482 1543 1602 1598 odia
1634 1543 1869 1597 fraterna
1900 1551 1955 1597 et
1982 1557 2107 1596 ava-

518 1636 690 1701 ritias,
732 1650 833 1691 nec
887 1651 994 1692 non
1037 1644 1093 1690 et
1134 1635 1604 1705 praevaricationes
1652 1634 1886 1701 reliquas
1915 1641 2102 1688 contra

518 1735 731 1782 sanctas
761 1739 823 1779 ac
861 1726 1202 1781 venerabiles
1220 1726 1499 1795 imagines,
1530 1733 1828 1794 contraque
1854 1734 2101 1779 sanctum

2210 527 2356 582 reddi
2379 529 2422 582 si
2452 529 2764 595 contigisset
2787 543 2884 583 eos
2906 528 3139 584 insidiari
3169 535 3401 603 pnelatis;
3419 548 3677 610 negotiantes

2207 635 2340 674 vero
2371 621 2422 674 in
2466 630 2696 690 utraque
2726 624 2948 693 regione
2980 640 3075 693 per
3102 639 3346 697 prmcepta
3391 642 3436 687 et
3470 637 3675 704 signacula

2209 712 2577 766 commendari
2618 731 2631 778 ;
2679 715 2723 768 si
2777 717 2869 783 qui
2920 731 3049 771 vero
3094 724 3206 773 sine
3257 723 3495 789 signacn'o
3529 730 3676 788 intenti

2206 801 2466 872 fuissent,
2506 806 2833 876 diriperetur
2869 811 3014 880 quod
3063 812 3339 879 haberent,
3385 827 3432 871 et
3464 820 3683 880 inferretur

2207 896 2435 964 publicis
2478 899 2799 954 rationibus.
2824 900 3053 969 Scripsit
3098 912 3268 957 autem
3295 906 3353 959 ad
3391 908 3548 977 imper.
3575 914 3683 970 :Nisi

2208 986 2622 1056 acceleraveris,
2648 988 2915 1057 inquiens,
2945 992 3013 1045 ad
3042 1008 3226 1061 pacem
3250 995 3433 1063 judicio
3476 1009 3566 1063 tuo,
3585 1019 3684 1070 pra.

2206 1074 2380 1129 liabor
2401 1085 2591 1132 contra
2640 1077 3035 1136 Mesembriam.
3080 1084 3170 1139 llis
3214 1088 3441 1154 receptis,
3468 1089 3689 1159 imperator

2208 1181 2438 1236 nequam
2489 1170 2922 1227 consiliariorum
2951 1173 3389 1231 admonitionibus
3426 1194 3581 1248 pacem
3612 1198 3687 1237 non

2206 1258 2440 1313 admisit.
2473 1262 2585 1316 Sub
2612 1263 2841 1319 obtentu
2889 1266 3031 1320 enim
3074 1267 3216 1321 falsae
3245 1269 3456 1338 pietatis,
3504 1282 3549 1327 et
3589 1276 3688 1330 circa

2206 1364 2380 1420 remp.
2414 1352 2755 1421 perditionis,
2800 1370 3030 1425 nequam
3072 1360 3427 1417 consiliatores
3455 1367 3691 1420 asserebant

2207 1456 2316 1496 non
2342 1450 2598 1512 oportere
2624 1444 2799 1513 fugitii
2813 1463 2874 1501 os
2901 1448 3144 1514 reddere,
3178 1452 3493 1520 pet-bibentes
3526 1456 3568 1509 in
3586 1459 3693 1511 testi-

2207 1534 2444 1588 monium
2474 1535 2605 1591 illud
2629 1539 3000 1607 evangelicum
3042 1540 3252 1596 Domini
3302 1543 3539 1613 eloquium
3564 1548 3692 1616 perbi-

2206 1628 2382 1684 bentis
2422 1647 2433 1683 :
2474 1630 2606 1684 Eum
2629 1634 2716 1703 qui
2742 1635 2877 1688 venit
2902 1636 2974 1688 ad
3002 1654 3082 1691 me
3110 1655 3211 1691 non
3238 1640 3428 1709 ejiciant
3456 1643 3586 1707 foras.
3614 1644 3692 1698 lle-

2208 1718 2391 1775 diante
2420 1738 2550 1776 vero
2607 1740 2792 1781 mense
2831 1724 3049 1782 Octobri
3098 1730 3264 1785 aciem
3318 1730 3480 1800 dirigit
3514 1734 3695 1791 Crnnnus

518 1819 895 1874 monachicum
944 1819 1185 1875 habitum
1219 1836 1233 1874 ε
1288 1792 1580 1875 mvovebam
1623 1792 1849 1889 ιίηείιεε,
1884 1821 2105 1875 beatum
2135 1792 2183 1853 Β
2211 1821 2399 1865 contra
2434 1812 2810 1872 Mesembriam
2840 1819 2894 1872 in
2926 1820 3384 1888 machinamentis,
3410 1835 3455 1877 et
3469 1828 3694 1893 manganis,

517 1908 758 1964 dicentes
789 1909 898 1965 Deo
924 1910 1337 1967 abominabilem
1362 1909 1793 1975 Constantinum,
1826 1914 1967 1980 quod
1999 1910 2107 1967 for-

517 1999 648 2054 titer
694 2000 948 2055 adversus
997 2001 1254 2070 Bulgares
1292 2003 1519 2071 gesserit
1562 2013 1785 2073 propter
1824 2005 2103 2072 pietatem,

516 2101 700 2156 quant,
730 2096 789 2142 ut
814 2088 976 2158 impie
1002 2089 1076 2144 illi
1107 2090 1347 2147 infelices
1376 2090 1701 2155 fatebantur,
1733 2093 2001 2148 habuerit.
2038 2093 2108 2147 At

518 2191 650 2233 vero
674 2178 725 2234 hi
752 2179 845 2248 qui
875 2180 929 2235 in
958 2182 1088 2236 urbe
1109 2183 1255 2252 regia
1285 2192 1461 2250 erant,
1487 2186 1836 2239 armabantur
1863 2193 1985 2255 post
2014 2202 2106 2257 sy-

517 2267 722 2324 nodum
774 2272 1132 2329 universalem
1178 2276 1243 2328 ad
1271 2275 1445 2337 ﬁdem
1475 2270 1891 2330 subver’tendam
1924 2278 2106 2331 orthoo

520 2358 744 2428 doxam,
777 2377 953 2417 caecos
974 2365 1128 2419 caecis
1154 2367 1425 2422 mentibus
1454 2369 1571 2421 sine
1594 2368 1704 2421 Deo
1726 2368 1972 2423 volentes
2004 2370 2106 2423 im-

518 2464 712 2521 perare
735 2449 871 2508 filios
890 2452 1225 2509 Constantini
1252 2456 1415 2512 Deum
1439 2457 1816 2527 impugnantis.
1842 2461 1980 2527 apud
2006 2460 2104 2514 Ba-

519 2555 767 2595 normum
785 2541 1007 2596 insulam
1021 2544 1276 2600 custodiae
1288 2548 1776 2616 mancipatus,quos
1788 2564 1885 2618 per
1895 2559 2108 2605 noctem

526 2630 696 2687 furari
730 2631 1037 2697 voluerunt,
1062 2644 1118 2689 et
1146 2635 1413 2692 adducere
1438 2637 1505 2691 ad
1528 2639 1845 2693 exercitum.
1873 2640 1981 2695 Sed
2003 2641 2109 2696 Do-

519 2719 700 2776 minus
721 2721 823 2777 hos
850 2722 1111 2793 confudit,
1140 2726 1352 2794 erigens
1382 2727 1695 2785 Michaelem
1726 2731 2020 2800 piissimum
2053 2734 2107 2789 in

524 2812 899 2871 defensionem
923 2816 1189 2874 veritatis.
1237 2819 1527 2891 Disputatis
1557 2824 1699 2877 enim
1729 2825 2104 2879 convenienti-

519 2901 619 2958 bus
644 2903 710 2957 de
740 2903 842 2959 fide
864 2905 1130 2976 plebibus,
1160 2910 1361 2978 regiam
1391 2912 1669 2980 repedavit
1698 2914 1763 2968 ad
1796 2917 2003 2981 urbem,
2053 2924 2109 2970 et

519 2993 799 3063 sapienter
827 2998 1092 3068 cogitans,
1123 3002 1322 3057 multos
1376 3004 1731 3061 rebellionum
1782 3024 1879 3079 per
1906 3024 2105 3079 paucas

518 3085 705 3157 plagas
725 3087 1013 3160 deterruit,
1039 3094 1229 3149 exsilio
1246 3094 1440 3163 jubens
1464 3097 1740 3167 deportari
1788 3101 1929 3158 filios
1954 3104 2095 3158 Con-
2133 3135 2185 3201 ο

519 3179 762 3246 stantini,
789 3181 880 3249 qui
906 3183 1078 3238 oculis
1099 3185 1275 3239 orbati
1300 3201 1419 3242 esse
1443 3191 1826 3260 cernebantur,
1857 3193 1909 3248 in
1928 3194 2109 3263 Aphu-

522 3267 689 3323 siam.
711 3268 886 3324 Unum
912 3286 1039 3327 vero
1070 3288 1139 3327 ex
1161 3289 1321 3344 supra
1345 3276 1500 3333 dictis
1526 3279 1898 3337 seductoribus
1920 3284 2109 3340 falsum

521 3359 831 3424 eremitatn,
880 3363 1166 3417 exactione
1221 3365 1471 3421 maleficii
1519 3368 1723 3425 socium
1762 3371 1989 3440 Nicolai,
2018 3375 2110 3443 qui

520 3450 680 3506 icona
707 3449 1060 3506 sanctissimas
1104 3453 1197 3508 Dei
1221 3452 1510 3512 Genitrieis
1535 3458 1879 3530 deposuerat,
1928 3464 2111 3531 lingua

521 3538 699 3594 recisa
748 3540 1052 3610 mutilavit,
1100 3544 1188 3613 qui
1250 3554 1305 3599 et
1350 3557 1597 3604 mor-tuus
1646 3559 1730 3605 cst
1778 3568 2007 3622 corpore
2056 3562 2111 3609 et

522 3630 725 3685 anima.
756 3630 1030 3701 Collegam
1059 3644 1238 3690 autem
1267 3651 1422 3692 suum
1465 3640 1761 3709 Nicolaum,
1794 3647 2111 3715 promitten-

524 3729 637 3775 tem
662 3736 721 3776 se
748 3723 1119 3791 paenitentiam
1149 3735 1418 3795 acturum,
1441 3733 1689 3788 omnibus
1722 3735 2032 3805 publicavit,
2056 3747 2111 3793 et

522 3813 871 3870 confitentem
910 3833 1005 3873 sua
1029 3819 1193 3888 ipsius
1220 3821 1381 3887 mala,
1404 3822 1620 3877 tradidit
1648 3824 1796 3879 illum
1838 3826 1890 3880 in
1917 3843 2110 3883 mona-

521 3904 690 3960 sterio
721 3907 1152 3976 custodiendum,
1176 3925 1245 3964 ne
1285 3911 1451 3967 libera
1481 3915 1894 3971 conversatione
1922 3918 2108 3974 habitu

472 4000 491 4017 ‘
521 3997 745 4066 prOprio
798 3999 1129 4055 abuteretur.
1200 4000 1270 4055 At
1318 4016 1448 4057 vero
1497 4001 1791 4073 Antiganos
1830 4008 2109 4076 publicane

524 4086 719 4141 exsilio
750 4088 970 4143 tradidit
991 4105 1088 4159 per
1118 4088 1355 4146 Leonem
1399 4092 1751 4149 Orientalium
1797 4106 2105 4166 praetorem.

523 4173 699 4233 Porro
752 4180 991 4246 Augusto
1038 4195 1243 4247 mense,
1304 4184 1491 4251 quinta
1531 4184 1845 4254 indictione,
1905 4187 2109 4246 Thebid

523 4277 715 4324 contra
744 4268 1079 4325 Christianos
1119 4273 1291 4327 movit
1342 4275 1660 4341 exercitum,
1711 4286 1832 4333 cum
1861 4294 1968 4349 quo
2000 4279 2109 4336 Leo

522 4358 725 4415 bellum
755 4360 1057 4426 conferens,
1088 4372 1437 4433 prosperatus
1477 4374 1582 4435 est,
1611 4367 1717 4424 duo
1744 4372 1909 4426 millia
1940 4373 2108 4427 inter-

2208 1908 2263 1953 et
2290 1902 2568 1967 arietibus,
2600 1920 2721 1975 quae
2751 1907 3037 1979 Nicephori
3067 1926 3228 1967 causa
3252 1913 3562 1969 destructoris
3589 1915 3696 1969 Chri-

2208 1989 2507 2045 stianorum
2539 1994 2821 2051 didicerat.
2854 2000 3027 2054 Arabs
3049 2001 3193 2056 eiiim
3231 2002 3433 2074 quidam
3472 2004 3528 2058 ab
3572 2004 3696 2072 bapti-

2208 2094 2382 2137 smum
2425 2086 2740 2156 confugerat
2781 2090 2914 2145 satis
2963 2102 3222 2161 expertus
3266 2093 3555 2149 mechanica:
3590 2094 3695 2156 artis,

2209 2189 2369 2242 quem
2427 2191 2551 2232 cum
2609 2188 3028 2238 castrametatus
3075 2193 3240 2251 esset,
3291 2186 3340 2239 in
3384 2185 3696 2256 Adrianopolim

2209 2266 2508 2333 constituit,
2558 2270 2644 2325 cui
2694 2273 2901 2327 nullum
2963 2276 3243 2331 meritum‘
3284 2276 3568 2342 conferens,
3612 2280 3699 2348 quin

2210 2354 2390 2423 potius
2427 2357 2746 2416 abbrevians
2774 2362 2890 2430 ejus
2913 2380 3122 2433 rogant,
3164 2377 3554 2422 murmurantem
3591 2369 3701 2422 nimis

2210 2444 2406 2500 cecidit
2437 2464 2452 2500 :
2483 2450 2572 2517 qui
2601 2466 2763 2520 super
2788 2466 2893 2509 hoc
2915 2458 3161 2512 tristatus
3191 2457 3321 2527 fugit
3340 2460 3399 2512 ad
3425 2459 3645 2527 Bulgares,
3665 2469 3702 2512 et

2209 2533 2391 2591 docuit
2419 2553 2515 2593 eos
2544 2554 2756 2596 omnem
2780 2546 3151 2601 mechanicam
3183 2559 3349 2604 artem
3374 2551 3421 2604 in
3444 2551 3532 2605 bis.
3572 2549 3615 2603 In
3647 2549 3703 2603 his

2209 2625 2480 2694 insistens,
2508 2631 2724 2687 nemine
2775 2636 2845 2689 ob
2893 2638 3118 2694 multam
3173 2642 3443 2696 stultitiam
3491 2642 3704 2695 resistente

2209 2735 2308 2791 per
2337 2729 2508 2775 totum
2542 2739 2804 2791 mensem,
2835 2729 2980 2797 cepit
3002 2744 3145 2785 eam.
3179 2732 3425 2788 Kalendis
3465 2742 3611 2785 autem
3633 2731 3704 2784 No-

2209 2811 2449 2865 vembris
2478 2812 2762 2869 advocavit
2809 2816 3106 2885 imperator
3134 2822 3483 2893 patriarcham
3523 2838 3618 2877 cum
3641 2837 3704 2873 ait

2207 2902 2556 2972 gustiaretur,
2578 2906 2721 2960 etde
2766 2923 2899 2976 pace
2928 2913 3214 2967 consilium
3262 2914 3491 2985 sumpsit.
3535 2914 3706 2969 Aderant

2209 3001 2389 3049 autem
2420 3004 2476 3052 et
2505 3002 2929 3069 metropolitani,
2953 3002 3190 3061 Nicenus
3217 3008 3438 3071 scilicet,
3484 3013 3532 3060 et
3564 3004 3707 3057 Οἰκία·

2210 3099 2349 3149 nus.
2403 3089 2763 3157 praesentibus
2812 3106 3028 3161 Quoque
3081 3097 3267 3163 pravis
3309 3095 3590 3152 consiliariis
3623 3107 3707 3147 cum

2217 3175 2504 3233 Theodoro
2525 3194 2792 3249 egumeno
2817 3185 2979 3239 studii
3006 3203 3019 3250 ;
3049 3188 3216 3241 etiam
3243 3188 3543 3258 patriarcha,
3567 3201 3614 3239 rc
3634 3198 3711 3237 me-

2213 3268 2529 3336 tropolitani
2566 3273 2836 3328 antistites
2889 3290 3075 3344 pacem
3132 3294 3257 3332 cum
3311 3279 3597 3348 imperatore
3631 3288 3708 3326 arn-

2212 3357 2615 3426 plectebantur;
2664 3365 2791 3418 mali
2842 3381 2970 3420 vero
3001 3369 3299 3423 consiliarii
3340 3385 3454 3424 cum
3500 3366 3711 3421 Theodoro

2211 3463 2483 3517 egumeno
2512 3454 2676 3508 studii
2707 3454 2845 3510 hanc
2871 3460 3261 3514 subvertebant
3290 3460 3524 3515 fatentee.
3551 3460 3595 3513 In
3626 3457 3709 3509 sub-

2211 3540 2461 3595 versione
2488 3542 2653 3598 divini
2701 3547 2938 3600 mandati
2984 3564 3148 3605 nemo
3195 3566 3383 3621 pacem
3433 3549 3710 3619 amplectitur.

2210 3630 2344 3686 Eum
2361 3635 2556 3702 quippe
2577 3639 2664 3705 qui
2690 3641 2827 3693 venit
2849 3641 2919 3692 ad
2937 3657 3036 3708 me,
3058 3643 3136 3696 ait
3159 3642 3435 3709 Dominus,
3460 3660 3548 3697 non
3568 3641 3712 3711 (ﬁdem

2213 3724 2377 3792 foras.
2413 3723 2592 3779 Primo
2621 3729 2836 3796 quidem
2867 3731 3142 3796 quomodo
3173 3735 3390 3788 nemine
3416 3733 3475 3786 ad
3504 3747 3583 3784 nos
3600 3745 3647 3782 ex
3663 3727 3712 3779 eis

2210 3816 2569 3885 confugiente,
2604 3834 2702 3872 nos
2726 3834 2837 3885 eos,
2868 3822 2959 3891 qui
2984 3823 3119 3877 intra
3144 3824 3364 3879 Curtem
3387 3833 3524 3877 erant
3550 3817 3714 3889 prodidi-

2211 3920 2353 3967 mus,
2386 3907 2632 3965 valentes
2649 3909 2747 3964 hos
2778 3924 2898 3965 cum
2932 3926 3064 3981 pace
3092 3912 3591 3970 salvare?-Secundn
3614 3923 3713 3967 vero.

2211 3997 2333 4066 quia
2355 4005 2410 4051 et
2430 3998 2474 4052 si
2505 3996 2780 4068 fugerunt,
2823 4017 2948 4057 raro
2977 4003 3198 4072 quidem
3229 4006 3297 4061 ad
3341 4022 3454 4073 nos,
3481 4020 3565 4075 pro
3587 3998 3714 4064 δείξειν

2210 4088 2377 4142 renda
2432 4097 2612 4145 tamen
2670 4093 3023 4161 plurimorum
3070 4097 3254 4153 salute
3285 4098 3553 4167 oportebat
3595 4092 3717 4160 potius

2211 4184 2514 4252 decertare,
2535 4201 2696 4255 quam
2725 4200 2891 4256 super
2913 4189 3138 4246 incertis
3169 4200 3229 4247 et
3270 4189 3594 4245 invisibilibus
3617 4184 3714 4236 locu-

2210 4276 2420 4345 pletari.
2449 4277 2664 4333 Gratius
2692 4281 2833 4334 enim
2859 4290 2943 4335 est
2972 4282 3083 4338 Deo
3129 4285 3316 4354 plures
3369 4285 3533 4354 potius
3570 4277 3718 4333 saltare

2210 4378 2369 4432 quam
2399 4380 2619 4435 paucos.
2664 4368 2832 4424 Porro
2853 4370 3103 4426 damnum
3134 4374 3189 4428 in
3236 4373 3473 4443 pluribus
3514 4369 3603 4440 pali
3630 4378 3715 4433 ντο·

523 4450 741 4519 ficiens,
769 4460 826 4507 et
868 4467 1038 4522 equos
1083 4458 1546 4531 comprehenderis
1575 4469 1633 4515 et
1655 4477 1826 4517 arma.
1860 4463 2105 4519 Muham-
2136 4491 2190 4552 ι)
2213 4465 2333 4526 pler
2372 4458 2639 4514 modicum
2679 4460 2907 4552 Ῑιξβνυῐη,
2961 4465 3151 4535 Primi!a
3197 4463 3480 4520 dementi“?
3519 4454 3719 4552 “KH”

527 4546 645 4593 mat
672 4547 852 4594 autem
876 4542 1083 4609 primus
1114 4544 1255 4599 filius
1284 4545 1463 4603 Aaron
1516 4558 1705 4605 tenens
1752 4553 2106 4623 principatum

527 4630 728 4699 gentis,
766 4631 901 4687 inito
921 4633 1066 4690 bello
1086 4636 1139 4691 in
1167 4638 1409 4695 interiori
1437 4643 1654 4700 Perside
1700 4661 1821 4701 cum
1856 4648 2111 4707 llabdalla

528 4719 695 4777 fratre
722 4736 842 4787 suo,
865 4734 1147 4793 superatus
1172 4740 1273 4794 est,
1306 4738 1362 4785 et
1402 4731 1609 4801 fugiens
1649 4736 1701 4789 in
1730 4734 1935 4802 Gabda,
1969 4740 2111 4795 hanc

525 4810 777 4867 obtinuit.
811 4812 1127 4872 Damascum
1181 4834 1310 4874 vero
1357 4820 1493 4875 alter
1547 4831 1829 4894 tyrannus,
1861 4836 1915 4880 et
1945 4826 2111 4900 Ᾱίςγ-

522 4916 700 4975 ptum,
730 4915 785 4963 et
814 4907 1048 4965 Africam
1073 4910 1181 4967 duo
1210 4915 1392 4982 partiti
1418 4925 1565 4982 sunt,
1608 4928 1665 4973 et
1706 4920 1841 4974 alius
1872 4919 2109 4979 Palaesti-

523 5011 652 5054 nam
674 5012 824 5053 more
851 4998 1077 5058 latronis
1105 5002 1359 5073 depastus
1404 5016 1505 5063 est.
1540 5008 1696 5064 Auno
1726 5011 1965 5067 secundo
2007 5016 2109 5067 im-

523 5087 661 5158 perii
691 5088 981 5158 Michaelis,
1012 5090 1259 5151 Crunnus
1276 5096 1560 5166 Bulgarum
1582 5101 1688 5155 dux
1723 5117 1819 5171 per
1839 5104 2109 5173 Dragomi—

523 5190 647 5231 rum
678 5192 776 5246 pro
831 5194 963 5249 pace
1004 5197 1215 5239 rursum
1259 5188 1325 5241 ad
1356 5188 1739 5258 imperatorem
1785 5192 2105 5252 Michaelem

527 5264 854 5336 legationem
884 5272 1049 5340 misit,
1071 5289 1319 5345 quarrens
1358 5280 1559 5335 foedera
1589 5298 1705 5351 qua:
1733 5286 1833 5340 sub
1854 5287 2106 5344 Theodoo

525 5357 612 5413 sio
652 5357 986 5419 Adramitino
1016 5372 1071 5420 et
1117 5366 1387 5426 Germano
1436 5374 1739 5441 patriarcha
1780 5379 2104 5447 repromissa

526 5450 746 5507 fuerant
785 5454 1082 5513 Cormesio.
1134 5460 1226 5529 qui
1282 5477 1379 5532 per
1423 5464 1548 5519 illud
1602 5476 1810 5536 tempus
1854 5468 2105 5524 dominus

525 5549 645 5595 erat
664 5542 942 5613 Bulgarite,
967 5562 1087 5618 quae
1136 5553 1393 5608 terminos
1432 5556 1782 5611 continebant
1824 5558 2103 5613 Amelonis

529 5628 881 5691 Ttxracensis:
905 5642 1221 5697 vestimenta
1243 5659 1477 5716 quoque,
1502 5662 1598 5702 seu
1618 5650 1895 5705 coccineas
1912 5652 2098 5720 pelles,

528 5735 696 5794 usque
724 5727 791 5783 ad
840 5732 1074 5801 pretium
1125 5736 1507 5808 quinquaginta
1562 5740 1816 5798 librarum
1871 5744 2007 5812 auri,
2046 5752 2102 5799 et

2215 4549 2330 4602 Kal.
2365 4548 2507 4604 facta
2536 4559 2662 4606 sunt
2711 4551 3058 4610 Novembrib.
3093 4557 3269 4611 Porro
3300 4556 3467 4626 prima
3496 4552 3570 4605 die
3593 4546 3720 4600 Non”

2210 4639 2526 4697 Novembris
2555 4646 2805 4712 apparuit
2833 4655 3071 4701 cometes
3096 4647 3152 4701 iu
3202 4648 3374 4718 ﬁgura
3400 4646 3597 4701 duarum
3621 4637 3723 4690 luna-

2210 4747 2330 4786 rum
2357 4731 2694 4802 fulgentium,
2724 4736 3073 4791 adunantium
3122 4753 3204 4803 se,
3238 4748 3404 4806 atque
3431 4726 3722 4804 separat!lium

2211 4824 2264 4879 in
2294 4825 2504 4881 diversa
2529 4829 2824 4896 schemata,
2853 4832 2925 4884 ita
2957 4831 3090 4885 utin
3119 4832 3372 4902 acephali
3394 4829 3489 4884 viri
3519 4823 3722 4916 fictionem

2210 4916 2590 4973 formarentur.
2635 4921 2701 4974 Et
2728 4922 2781 4976 in
2810 4924 3104 4977 crastinqu
3133 4923 3203 4979 de
3231 4922 3445 4978 excidio
3466 4911 3722 5011 Mesembtix

2208 5014 2359 5067 venit
2380 5016 2635 5069 miserum
2667 5017 2933 5082 nuntium,
2984 5018 3270 5074 deterrens
3297 5031 3480 5074 omnes
3515 5011 3575 5067 ob
3607 5015 3722 5069 ωηο·

2208 5119 2325 5157 rum
2359 5105 2596 5159 omnium
2628 5106 2889 5162 malorum
2922 5109 3407 5177 exspectationem.
3458 5099 3722 5157 lnvenienles

2208 5195 2350 5249 enim
2397 5212 2518 5250 eam
2572 5197 2771 5253 inimici
2815 5200 3026 5269 plenam
3056 5202 3311 5255 omnibus
3358 5199 3511 5255 rebus
3549 5202 3644 5261 quin
3675 5179 3722 5236 ad

2207 5286 2598 5362 habitationem
2628 5290 2904 5344 hominum
2933 5292 3123 5347 adesse
3165 5292 3372 5359 solent,
3427 5290 3550 5342 hanc
3578 5287 3719 5334 tenue‘

2207 5387 2331 5433 runt
2362 5396 2464 5434 una
2496 5396 2618 5435 cum
2668 5381 2911 5449 Debelto,
2969 5384 3025 5437 in
3065 5399 3172 5453 quo
3198 5391 3256 5438 et
3306 5381 3560 5452 sypbones
3594 5376 3722 5425 mrces

2206 5470 2765 5541 iuvenerunttriginla
2797 5481 2852 5526 et
2875 5488 2992 5537 sex,
3025 5482 3081 5527 et
3122 5473 3264 5541 ignis
3302 5468 3513 5531 humidi,
3540 5461 3612 5532 qui
3652 5464 3720 5524 l‘er

2206 5575 2301 5617 eos
2323 5564 2688 5629 emittebatur,
2748 5564 3062 5634 argentique
3113 5580 3175 5619 ac
3206 5565 3326 5619 auri
3379 5575 3481 5616 non
3510 5550 3718 5612 modicam

2205 5652 2431 5719 c0piam.
2462 5651 2662 5707 Eodem
2709 5668 2850 5707 anno
2882 5654 3033 5707 multi
3085 5653 3507 5709 Christianorum
3549 5658 3606 5698 ex
3642 5636 3717 5689 Ρ³⁶

2204 5740 2406 5798 lmstina
2439 5759 2499 5799 ac
2525 5744 2678 5815 Syria
2710 5746 2760 5799 in
2791 5745 3025 5817 Cyprum
3045 5760 3246 5805 venere
3272 5744 3523 5816 fugientes
3544 5736 3713 5793 ἱωωθίι·
