3956 6342
197 329 347 387 1141¹

1209 313 1529 370 HISTORIA
1571 308 1928 366 MlSCELLA.
1968 337 2037 348 —
2076 305 2202 361 LIB.
2242 280 2437 359 xxnv.

3325 298 3460 353 Η.ίὲ

191 455 312 498 sam
345 435 595 493 Arabum
627 430 999 487 amictionem.
1030 425 1165 481 Cum
1198 426 1341 479 enim
1372 437 1490 477 sine
1541 417 1781 487 generati
1812 420 1862 478 Α
1889 416 1955 470 ab
1985 416 2309 484 imperatore
2344 428 2439 482 per
2475 410 2646 466 malos
2686 409 3045 466 “consiliarios.
3100 409 3231 464 Cum
3282 411 3462 467 amem

208 529 519 601 principatu
543 523 699 594 Syria
736 527 899 583 esset,
932 526 988 573 et
1033 515 1318 585 Egyptus,
1376 522 1432 567 et
1480 510 1677 573 Africa,
1731 515 1787 561 et

199 620 377 674 omnis
408 614 759 687 principatus,
793 610 883 680 qui
914 609 1013 663 sub
1044 607 1174 677 ipsis
1220 614 1324 669 est,
1363 602 1672 665 homicidia,
1702 615 1788 653 ra-

199 714 363 783 pium,
389 707 673 771 adulteria,
708 720 770 759 ac
796 716 984 757 omnes
1034 701 1142 753 Deo
1181 696 1405 752 odibiles
1453 694 1691 749 actiones
1734 691 1787 744 in

201 800 529 863 civitatibus,
556 812 619 851 ac
649 795 807 860 villis,
842 801 899 845 ut
927 790 1178 845 divinitus
1205 787 1440 858 peritura
1462 793 1640 852 gente.
1668 796 1791 850 per-

202 893 579 965 petrabantur,
603 889 766 955 inque
794 885 933 937 alma
962 883 1059 937 Dei
1102 880 1267 935 nostri
1318 878 1533 931 civitate
1563 872 1790 929 colenda

205 983 329 1039 loca
372 988 574 1035 sancta:
624 976 719 1031 Dei
766 974 1075 1037 Genitricis,
1125 981 1177 1025 et
1218 965 1629 1023 resurrectionis
1657 1005 1671 1029 ,
1728 977 1793 1017 ac

204 1073 487 1135 Calvarize,
512 1086 608 1126 seu
626 1069 847 1137 reliqua,
869 1064 1151 1135 profanata
1172 1069 1316 1116 sunt.
1344 1056 1600 1113 Similiter
1615 1063 1792 1108 autem

208 1175 266 1221 et
296 1166 483 1219 Laurm
510 1160 678 1215 eremi
730 1157 1136 1227 Opinatissimae,
1184 1151 1356 1207 sancti
1396 1147 1688 1211 Caritonis,
1740 1154 1793 1198 et

206 1255 386 1313 sancti
407 1253 581 1318 Sabae,
615 1259 670 1306 et
698 1250 905 1318 reliqua
952 1244 1303 1310 monasteria,
1340 1250 1395 1295 et
1424 1238 1665 1294 ecclesia!
1697 1235 1793 1289 de-

208 1355 372 1401 serta:
395 1345 546 1398 facta:
575 1349 718 1397 sunt.
754 1339 857 1393 Alii
881 1347 1060 1391 autem
1093 1342 1349 1404 percepto
1379 1328 1637 1400 martyrio
1659 1326 1796 1379 inte-

209 1432 410 1505 rempti
432 1442 589 1500 sunt;
619 1431 711 1484 alii
744 1444 871 1483 vero
897 1429 1149 1497 Cyprum,
1171 1433 1225 1479 et
1247 1440 1312 1478 ex
1335 1422 1437 1476 hac
1460 1419 1795 1490 Byzantium,

212 1535 593 1600 properarunt,
630 1540 763 1595 quos
796 1521 1022 1577 Michael
1055 1522 1173 1591 pius
1226 1520 1523 1588 imperator
1544 1524 1599 1569 et
1646 1513 1802 1568 Nice-

210 1624 419 1695 phorus
448 1618 818 1674 sanctissimus
840 1612 1145 1684 patriarcha
1172 1611 1400 1677 benigna
1439 1605 1801 1661 munificentia

212 1715 561 1779 receperunt.
592 1705 725 1759 Nam
750 1704 833 1757 his
861 1703 950 1772 qui
976 1709 1239 1755 venerunt
1266 1700 1331 1753 ad
1386 1700 1571 1753 urbem
1610 1711 1801 1750 mona-

213 1801 442 1855 sterium
467 1797 675 1864 insigne
706 1795 928 1849 donavit
956 1812 971 1858 ;
1001 1793 1085 1846 his
1114 1808 1244 1845 vero
1263 1790 1355 1859 qui
1401 1790 1453 1843 in
1501 1787 1678 1859 Cypro
1717 1802 1804 1841 re-

214 1896 548 1953 manserant,
581 1885 860 1940 monachis
892 1892 946 1937 et
991 1883 1166 1947 laicis,
1203 1882 1462 1936 talentum
1487 1879 1601 1933 auri
1632 1888 1805 1932 trans-

216 1981 396 2047 misit,
453 1988 510 2035 et
564 1980 665 2033 hos
697 1976 922 2032 diversis
967 1976 1281 2031 consolatus
1321 1984 1406 2029 est
1442 1973 1637 2028 modis.
1681 1971 1807 2026 Erat

215 2074 422 2143 quippe
450 2071 674 2126 Michael
699 2069 843 2125 circa
872 2082 1060 2123 omnes
1082 2068 1280 2133 suavis,
1315 2075 1368 2121 et
1390 2068 1649 2131 clemens,
1665 2066 1807 2120 circa

221 2161 567 2232 negotiorum
600 2174 727 2213 vero
777 2158 1184 2228 dispositionem
1216 2158 1384 2225 iners,
1416 2158 1676 2213 servitute
1719 2156 1841 2211 su-‘

219 2253 413 2307 bactus
444 2250 755 2305 Theoctlsto
788 2249 1065 2316 magistro,
1108 2257 1163 2303 et
1204 2249 1413 2303 caeteris
1456 2248 1805 2319 principibus.

221 2341 496 2397 Praeterea
522 2356 703 2395 mense
726 2339 1018 2393 Februario
1042 2338 1147 2393 duo
1168 2337 1457 2394 Christiani
1480 2354 1547 2393 ex
1567 2339 1810 2407 Bulgaria

220 2435 495 2503 fugientes
524 2434 909 2487 nuntiaverunt
940 2432 1255 2500 imperatori
1304 2430 1577 2485 Crunnum
1608 2431 1811 2503 praeda-

225 2536 410 2579 turum
433 2540 529 2579 eos
558 2524 648 2594 qui
699 2533 882 2577 essent
930 2522 981 2576 in
1013 2521 1221 2576 Thrace
1271 2532 1497 2590 repente
1536 2499 1808 2575 festinare.

224 2617 429 2684 Quinto
460 2616 667 2669 decimo
698 2613 924 2668 Kalend.
972 2611 1146 2666 Martii
1191 2612 1357 2666 exivit
1404 2613 1699 2680 imperator
1747 2609 1815 2663 ab

229 2708 388 2772 urbe,
419 2713 474 2760 et
505 2705 599 2758 Dei
638 2703 974 2774 providentia
1013 2702 1258 2756 ineflicax
1312 2701 1487 2766 rediit,
1535 2708 1589 2755 et
1630 2713 1817 2753 ascen-

228 2800 370 2853 dens
398 2796 783 2851 monasterium
812 2793 1058 2848 Tharasii
1099 2793 1270 2848 sancti
1298 2792 1638 2861 patriarchae,
1672 2789 1817 2845 cele-

228 2890 403 2945 bratis
442 2888 562 2957 ejus
612 2886 884 2940 memoriis
938 2899 1042 2939 una
1097 2899 1217 2939 cum
1267 2883 1527 2951 Procopia
1559 2882 1815 2947 Augusta,

229 2978 420 3051 petalo
448 2983 702 3045 argenteo
725 2974 978 3028 librarum
1011 2974 1303 3041 nonaginta
1342 2972 1578 3040 quinque
1607 2984 1818 3024 sacrum

231 3068 355 3137 ejus
381 3064 684 3134 sepulcrum
719 3062 949 3117 vestivit.
999 3062 1126 3117 Post
1172 3070 1384 3129 captain
1415 3075 1543 3114 vero
1595 3060 1822 3113 Mesem-

232 3159 412 3214 briam
434 3158 728 3224 imperator
766 3151 983 3206 Crunno
1024 3167 1154 3221 pace
1207 3160 1417 3219 negata,
1459 3164 1527 3204 ex
1575 3147 1822 3203 omnibus

236 3248 574 3304 thematibus
595 3245 826 3299 electam
856 3241 1099 3295 militiam
1129 3249 1253 3294 ante
1284 3239 1499 3294 vernale
1530 3247 1740 3307 tempus
1768 3237 1822 3291 in

235 3339 507 3393 Thracem
562 3334 789 3388 transire
834 3332 1105 3402 prrecepit,
1151 3332 1222 3384 ita
1278 3339 1335 3385 ut
1381 3345 1569 3385 omnes
1598 3329 1824 3384 moleste

235 3430 467 3491 ferrent,
490 3426 724 3479 maxime
748 3422 1116 3493 Cappadoces,
1148 3429 1204 3475 et
1233 3420 1556 3475 Armeniaci.
1599 3420 1804 3488 Impera

236 3536 362 3581 tore
384 3532 566 3578 autem
590 3527 820 3575 exeunte
848 3534 968 3573 cum
991 3516 1265 3570 ordinibus
1293 3531 1476 3570 mense
1496 3514 1635 3569 Maio
1662 3512 1825 3569 exivit

237 3628 367 3669 cum
396 3627 463 3667 eo
492 3612 685 3665 iterum
740 3606 1002 3675 Proc0pia
1043 3622 1179 3661 uxor
1206 3621 1300 3659 sua
1350 3620 1520 3674 usque
1549 3605 1614 3658 ad
1643 3620 1824 3673 aquaa-

238 3705 468 3759 ductum
491 3702 644 3770 juxta
669 3698 1004 3754 Heracleam.
1032 3698 1098 3751 At
1123 3714 1251 3752 vero
1280 3697 1645 3751 multitudines
1666 3711 1825 3765 super

240 3796 353 3850 hoc
384 3793 589 3847 duriter
617 3789 853 3845 ferentes
885 3790 935 3841 in
962 3786 1360 3855 derogationem
1392 3800 1453 3841 ac
1488 3784 1827 3839 maledictio-
1874 3832 1877 3835 .

242 3901 376 3940 nem
404 3896 678 3938 conversa:
702 3890 827 3933 sunt
851 3887 1038 3933 contra
1065 3877 1396 3932 Micltaelem.
1431 3874 1600 3929 Porro
1641 3883 1828 3943 quarta

242 3977 375 4032 ldus
402 3975 525 4030 Maii
554 3973 769 4043 eclipsis
811 3971 954 4026 facta
982 3978 1066 4024 est
1093 3969 1236 4024 circa
1289 3967 1660 4023 duodecimam
1707 3981 1831 4043 par—

245 4060 362 4126 tem
386 4068 546 4121 Tauri
572 4067 725 4135 juxta
756 4063 1091 4131 horologium
1141 4061 1349 4116 oriente
1368 4058 1501 4125 sole,
1535 4067 1589 4114 et
1623 4059 1831 4114 multus

246 4164 420 4218 timor
447 4161 642 4216 ceridit
669 4172 830 4227 super
856 4158 1057 4211 turbas.
1114 4156 1211 4209 Ast
1238 4154 1530 4223 imperator
1570 4152 1835 4205 circuibat

247 4258 520 4312 Thracem
544 4269 664 4310 cum
690 4250 1006 4321 prmtoribus
1052 4263 1119 4302 ac
1158 4246 1380 4311 militiis,
1432 4258 1604 4312 neque
1644 4250 1834 4298 contra

248 4345 630 4402 Mesembriam
661 4356 908 4412 pergens,
961 4353 1135 4409 neque
1162 4336 1305 4392 aliud
1334 4334 1460 4405 quid
1488 4348 1677 4390 eorum
1715 4348 1835 4401 quae

247 4439 343 4508 agi
374 4437 572 4491 debent
616 4434 685 4489 ad
712 4432 1155 4494 destructionem,
1184 4428 1419 4484 hostium
1446 4434 1687 4498 patratis,
1738 4424 1833 4479 sed

253 4536 471 4583 tantum
500 4541 691 4580 suasus
720 4522 1059 4579 sermonibus
1088 4519 1239 4574 vanis
1260 4517 1685 4573 consiliariorum
1713 4529 1833 4569 suo.

251 4635 404 4686 rum,
433 4617 692 4673 bellorum
720 4613 1110 4683 experientiam
1154 4625 1259 4665 non
1291 4607 1620 4671 habentium,
1660 4620 1724 4660 ac
1749 4620 1846 4675 per

230 4711 369 4769 ,hoc
392 4706 816 4762 asseverantium
856 4718 963 4757 non
995 4700 1194 4755 audere
1240 4698 1512 4753 inimicum
1563 4695 1844 4750 adversum

255 4800 415 4854 illum
445 4797 631 4851 venire
658 4795 709 4849 in
736 4795 951 4863 pmpria
998 4791 1220 4858 regione
1269 4788 1573 4843 sedentem.
1618 4784 1685 4838 Et
1730 4792 1849 4840 erat

254 4892 549 4950 barbarico
578 4891 781 4960 impetu
809 4887 1022 4956 gravior
1049 4885 1349 4941 concivium
1380 4893 1569 4950 coctus,
1590 4880 1849 4937 deiicien-

258 4983 400 5037 tium
439 4981 581 5036 circa
610 4978 943 5035 necessarias
974 4977 1263 5040 utilitates,
1294 4983 1349 5027 et
1378 4975 1582 5043 rapinis
1613 4989 1674 5027 ac
1702 4974 1853 5027 inva-

256 5071 510 5127 sionibus
539 5067 1012 5124 exterminantium
1044 5066 1451 5135 compatriotas.
1501 5063 1653 5118 Circa
1702 5061 1852 5116 initia

259 5177 401 5218 vero
424 5161 570 5216 Junii
599 5161 798 5217 mensis
818 5160 1067 5215 Crunnus
1096 5155 1385 5226 Bulgarum
1433 5155 1537 5209 dux
1569 5154 1701 5207 exiit
1731 5169 1867 5209 cum.

260 5252 594 5309 exercitibus
623 5252 757 5317 suis,
795 5253 996 5307 veritus
1027 5248 1172 5320 quod
1198 5246 1353 5301 multi
1392 5256 1570 5301 essent
1598 5246 1857 5301 Christia-

262 5361 464 5400 norum
486 5363 501 5411 ;
525 5359 756 5413 cumque
781 5343 1038 5397 movisset
1073 5340 1368 5395 exercitum
1398 5339 1451 5392 in
1486 5337 1853 5403 Versiniciam,

263 5436 426 5505 quasi
448 5436 665 5506 triginta
694 5434 860 5502 signis
879 5434 946 5488 ab
973 5431 1338 5503 imperialibus
1365 5429 1577 5495 castris,
1626 5429 1730 5484 Leo
1760 5442 1858 5499 pa-

266 5525 481 5588 tricius,
502 5533 557 5579 et
586 5535 784 5595 praetor
824 5523 1200 5588 Orientalium,
1222 5521 1458 5577 Joannes
1484 5537 1705 5592 quoque
1756 5536 1856 5590 pan-

268 5616 485 5684 tricius,
510 5626 566 5671 et
590 5615 919 5671 Macedonia:
947 5622 1165 5686 prtetor,
1196 5622 1553 5682 cognomento
1606 5612 1855 5682 Aplaces,

272 5707 504 5764 multum
528 5707 767 5779 prompti
791 5706 856 5763 ad
886 5708 985 5762 bos
1028 5704 1407 5774 debellandos,
1452 5704 1708 5773 prohibiti
1738 5713 1861 5761 sunt

1887 506 2013 559 urbs
2063 505 2275 559 litanias
2319 503 2620 565 celebraret
2657 517 2777 556 cum
2805 515 3034 557 .summo
3084 499 3363 554 sacerdote
3410 500 3463 553 in

1886 596 2086 665 templo
2129 601 2439 651 sanctorum
2469 592 2857 662 apostolorum,
2903 591 3117 659 quidam
3147 590 3465 661 impiorum,

1888 688 1997 742 Deo
2036 678 2237 756 perosi,
2285 684 2627 740 Constantini
2670 683 2961 748 haereseos,
3012 683 3260 737 obserata
3312 689 3468 751 porta

1889 778 2243 846 imperialium
2261 776 2650 846 sepulcrorum,
2676 774 2889 827 nemine
2908 772 3223 827 attendente
3252 779 3471 841 propter

1890 868 2059 920 turbce
2090 864 2467 936 frequentiam,
2501 878 2608 932 quo
2639 861 2813 917 subito
2844 876 2966 915 cum
3012 861 3247 929 quodam
3292 861 3470 914 sonitu

1890 956 2192 1026 aperiretur
2248 962 2511 1025 egerunt,
2561 954 2713 1023 quasi
2764 968 2829 1007 ex
2879 952 3108 1021 quadam
3158 951 3475 1020 operatione

1892 1046 2017 1100 facti
2052 1046 2298 1115 prodigii,
2327 1054 2382 1099 et
2412 1046 2552 1098 intro
2595 1044 2889 1097 insilientes
2938 1042 3288 1113 procidebant
3318 1040 3476 1095 sedu-

1892 1138 2058 1192 cteris
2083 1145 2453 1201 monumento,
2504 1137 2645 1189 hunc
2677 1136 3011 1203 invocantes,
3054 1143 3108 1189 et
3138 1150 3241 1188 non
3288 1133 3475 1187 Deum.

1894 1226 2100 1296 Surge,
2135 1226 2394 1291 dicentes,
2430 1237 2483 1281 et
2510 1226 2769 1281 auxiliare
2809 1228 3025 1296 perdite
3048 1227 3183 1296 reip.
3236 1225 3479 1279 Diii‘ama-

1896 1328 2197 1385 veruntque
2225 1318 2346 1386 quia
2380 1319 2614 1371 surrexit
2662 1332 2821 1387 super
2843 1333 3036 1388 equum
3068 1318 3279 1380 sedens,
3310 1326 3365 1370 et
3388 1332 3481 1371 va-

1898 1408 1977 1462 dit
2005 1407 2259 1474 Bulgares
2284 1406 2671 1473 debellaturus,
2702 1408 2793 1477 qui
2826 1423 2855 1461 e
2895 1408 3167 1462 contrario
3199 1406 3482 1461 Tartarum

1898 1499 2109 1553 habitat
2136 1513 2256 1553 cum
2287 1497 2640 1553 daemonibus.
2667 1498 2765 1565 Qui
2792 1499 2858 1552 ab
2889 1498 3032 1552 urbis
3063 1496 3313 1567 prtcfecto
3338 1511 3482 1551 com-

1903 1587 2192 1657 prehensi,
2255 1589 2430 1657 primo
2483 1588 2698 1657 quidem
2757 1588 3173 1653 mentiebantur,
3231 1586 3485 1642 divinitus

1906 1678 2051 1732 ultro
2081 1678 2243 1731 fuisse
2266 1685 2483 1745 apertas
2511 1677 2880 1746 sepulcrorum
2929 1684 3131 1745 portas,
3182 1676 3485 1746 praesentati

1833 1758 1881 1819 Β
1906 1756 2036 1822 vero
2062 1766 2313 1820 tribunali
2334 1766 2608 1836 praefecto,
2640 1775 2695 1820 ct
2717 1766 2860 1818 circa
2894 1766 3256 1819 testimonium
3290 1766 3487 1819 claudi-

1908 1866 2116 1924 cantes,
2156 1856 2513 1910 obscrationis
2567 1854 2808 1909 fraudem
2840 1866 2965 1909 ante
3020 1871 3231 1909 omnem
3279 1871 3490 1925 prunam

1907 1942 2142 2001 confessi
2165 1954 2310 2010 sunt,
2342 1960 2478 2013 quos
2502 1946 2695 1999 merito
2726 1932 2963 1998 ves'tibus
2988 1960 3194 2016 pompae
3223 1945 3489 2009 submisit,

1907 2036 2267 2091 vociferantes
2291 2050 2505 2089 causam
2551 2035 2776 2104 publica:
2800 2050 2987 2104 pmnze.
3024 2035 3113 2090 Sic
3142 2036 3281 2088 cuitu
3313 2037 3491 2105 nequi-

1910 2129 1997 2181 tia:
2029 2128 2276 2181 inventor
2301 2126 2543 2181 diabolus
2570 2142 2695 2182 suos
2748 2128 2944 2181 milites
2975 2126 3237 2194 erudivit,
3291 2137 3347 2180 ut
3388 2144 3492 2180 non

1911 2226 2132 2288 peccata
2157 2231 2252 2271 sua
2276 2225 2551 2283 accusent,
2608 2218 2703 2271 sed
2754 2217 3108 2271 orthodoxam
3158 2226 3212 2271 et
3256 2218 3493 2288 patribus

1912 2308 2165 2362 traditam
2212 2308 2392 2374 fidem,
2442 2322 2764 2375 sacrumque
2806 2308 3045 2360 habitum
3092 2308 3495 2373 monachorum,

1913 2400 2005 2469 qui
2032 2400 2220 2453 divina:
2244 2408 2325 2453 est
2354 2399 2708 2468 philoSOphize
2742 2398 3096 2470 gymnasium.
3142 2398 3292 2451 lilulti
3319 2408 3494 2451 autem

1915 2494 2007 2562 qni
2038 2494 2091 2547 in
2126 2493 2206 2546 his
2234 2478 2706 2561 blasphemabant,’
2748 2490 2930 2544 habitu
2961 2498 3165 2543 tantum
3213 2488 3501 2543 Christiani

1917 2590 2089 2646 erant,
2115 2581 2341 2635 veritate
2363 2596 2490 2635 vero
2535 2580 2844 2645 i’auliciani,
2874 2580 2964 2649 qui
2995 2579 3373 2635 nonvalcntcs
3405 2580 3499 2634 de-

1919 2675 2189 2731 testabilia
2241 2688 2406 2743 opera
2448 2688 2545 2728 sua
2600 2673 2962 2737 manifestare,
2995 2671 3368 2739 hujuscemodi
3415 2688 3504 2726 oc-

1919 2768 2140 2825 casione
2190 2767 2439 2819 indoctos
2486 2762 2885 2828 adulterabant,
2927 2763 3358 2839 Constantinum,
3414 2761 3504 2829 qui

1918 2856 2128 2911 Judaiei
2151 2863 2268 2911 erat
2289 2869 2497 2918 sensus,
2542 2853 2760 2907 beatum
2793 2852 3034 2906 dicentes
3083 2861 3142 2905 ut
3191 2851 3505 2920 prophetam

1923 2958 1978 3003 et
1998 2949 2281 3015 victorem,
2312 2944 2664 3014 lucresimque
2694 2946 2858 3015 ipsius
2884 2946 2938 2999 in
2967 2944 3371 2999 subversionem
3422 2943 3505 2997 in-

1924 3049 2157 3095 carnatae
2188 3037 2601 3108 dispensationis
2634 3038 2841 3090 Domini
2888 3037 3052 3091 nostri
3102 3036 3505 3106 amplectentes.

1849 3103 1900 3167 δ
1929 3134 2099 3189 Porro
2128 3103 2336 3187 decima
2366 3130 2588 3186 Kalend.
2617 3129 2757 3185 Junii
2782 3130 3017 3199 praelium
3047 3103 3353 3185 ineuntibus
3370 3128 3509 3182 haud

1935 3223 2126 3295 procul
2151 3222 2221 3277 ab
2246 3220 2620 3292 Adrianopoli,
2646 3220 2964 3289 delinquunt
2988 3219 3203 3286 quidem
3221 3216 3508 3272 Christiani

1928 3314 2085 3371 valde
2135 3313 2253 3368 dire
2297 3313 2439 3368 circa
2490 3312 2725 3377 bellum,
2778 3311 3022 3364 obtinent
3077 3319 3253 3364 autem
3312 3308 3513 3361 inimici

1929 3420 2187 3477 pugnam,
2220 3403 2358 3458 adeo
2386 3411 2445 3457 ut
2471 3403 2651 3473 plures
2683 3400 3117 3470 congressionem
3148 3413 3247 3453 nec
3296 3399 3511 3473 intuen-

1932 3504 2014 3551 tes
2043 3510 2252 3550 summa
2280 3495 2403 3563 fuga
2436 3500 2735 3560 uterentur,
2766 3493 2836 3545 ita
2882 3499 2941 3543 ut
2973 3492 3219 3545 Crunnus
3272 3498 3515 3542 constcr—
3588 3536 3593 3545 .

1931 3572 2089 3641 natus
2114 3587 2408 3641 aestimaret
2434 3584 2749 3639 insidiarum
2780 3592 3151 3649 argumentum
3204 3595 3322 3634 esse
3371 3579 3515 3648 quod

1936 3676 2135 3730 factum
2166 3683 2269 3739 est,
2313 3685 2369 3730 ut
2416 3675 2686 3738 modicum
2736 3673 2994 3728 retineret
3038 3687 3164 3726 suos
3204 3671 3271 3724 ab
3312 3671 3519 3724 insecu-

1934 3767 2116 3833 tione;
2138 3767 2264 3836 quia
2293 3781 2420 3821 vero
2437 3781 2528 3820 eos
2558 3764 2688 3819 vidit
2714 3764 2830 3818 sine
2856 3763 2959 3817 ulla
2990 3763 3289 3817 retentione
3316 3762 3545 3828 fugere,

1935 3867 2258 3929 persecutus
2283 3858 2479 3912 occidit
2509 3855 2881 3916 multitudines
2907 3854 3174 3923 copiosas,
3206 3862 3260 3907 et
3300 3852 3523 3907 veniens

1937 3950 2289 4009 nihilominus
2312 3950 2377 4022 ad
2400 3950 2660 4012 sarcinas,
2692 3948 2789 4001 has
2843 3961 2965 3999 cum
3023 3946 3228 4000 exuviis
3270 3945 3514 3999 abstulit.

1928 4043 2036 4097 .Ast
2064 4043 2360 4111 imperator
2381 4041 2589 4108 fug-iens
2616 4037 2911 4107 repedabat
2934 4036 2988 4089 in
3021 4037 3207 4089 urbem
3240 4050 3361 4090 cum
3386 4035 3522 4090 mul-

1939 4133 2598 4200 titudinibus,barumque
2642 4128 2971 4200 principibus
3024 4128 3253 4197 sumptis
3304 4128 3525 4197 insuper

1894 4222 1899 4227 ’
1920 4223 2294 4294 pollicebatur
2316 4222 2526 4291 imperii
2545 4220 2908 4303 depositiones
2925 4219 3199 4288 dejurans,
3232 4218 3373 4271 inter
3389 4232 3524 4287 quos

1940 4324 1995 4371 et
2024 4315 2261 4370 Leonem
2289 4313 2591 4384 patricium,
2618 4320 2671 4365 et
2695 4318 2976 4381 praetorem
2998 4307 3371 4373 Orientalium,
3404 4316 3523 4361 tan-

1942 4424 2104 4479 quam
2135 4408 2304 4477 pium,
2335 4415 2389 4461 et
2413 4405 2780 4482 fortissimum,
2813 4411 2868 4458 et.
2896 4417 2992 4472 per
3020 4402 3200 4457 omnia
3221 4411 3523 4468 strenuum,

1948 4501 2002 4555 in
2040 4497 2275 4554 tenendo
2322 4495 2548 4565 imperio
2598 4495 2867 4549 asciscere
2917 4493 3124 4548 socium
3168 4492 3380 4547 voluit:
3434 4490 3529 4560 qui

1946 4592 2256 4647 nullatenus
2309 4588 2665 4657 acquiescens
2698 4629 2713 4654 ,
2767 4585 2971 4663 dimisit
3019 4601 3141 4640 eum
3206 4584 3528 4639 thematibus

1947 4696 2199 4754 praeesse,
2226 4688 2415 4735 octava
2448 4678 2668 4733 Kalend.
2693 4675 2835 4731 Junii
2856 4680 3124 4745 deponere
3153 4676 3527 4746 volensimpe-

1948 4775 2108 4839 rium,
2137 4780 2194 4827 et
2245 4771 2412 4824 alium
2458 4782 2801 4839 promovere,
2834 4769 2924 4837 qui
2957 4775 3135 4824 tamen
3174 4768 3240 4821 ab
3270 4782 3437 4821 uxore
3473 4774 3528 4821 et

1951 4867 2075 4921 filiis
2099 4864 2391 4935 permissus
2423 4877 2527 4917 non
2554 4869 2655 4926 est,
2682 4869 2739 4914 et
2788 4859 2856 4912 ab
2883 4859 2965 4913 bis
2985 4859 3075 4928 qui
3104 4858 3357 4927 nequitcr-
3388 4872 3525 4926 pra:-

1953 4961 2249 5014 valueraut.
2274 4956 2469 5012 Verum
2488 4957 2541 5010 in
2564 4956 2667 5029 hoc
2683 4953 3015 5022 Nicephorus
3036 4951 3405 5005 sanctissimus
3431 4964 3527 5019 pa-

1955 5050 2190 5107 triarcha
2219 5047 2613 5112 consentiebat,
2644 5053 2698 5100 et
2728 5046 2860 5114 ipse,
2894 5045 3161 5113 inquiens,
3189 5052 3244 5096 et
3278 5041 3369 5095 lilii
3413 5042 3529 5110 ejus

1954 5144 2200 5201 salvandi
2224 5148 2403 5204 erunt,
2437 5140 2480 5194 si
2511 5139 2688 5193 taliter
2716 5138 2836 5207 quis
2866 5143 3269 5204 promoveatur.
3304 5134 3371 5187 At
3400 5148 3529 5187 vero

1955 5243 2212 5305 praetores
2236 5233 2625 5287 descendentes
2646 5244 2764 5283 cum
2792 5225 3222 5282 multitudinibus
3244 5224 3296 5277 in
3321 5224 3529 5287 urbem,

1958 5328 2339 5394 imperatorem
2390 5322 2589 5389 fugisse
2626 5318 2924 5384 audientes,
2971 5316 3241 5384 deSperati
3269 5315 3412 5383 quod
3466 5314 3531 5368 alo

1958 5434 2025 5475 eo
2050 5419 2117 5473 de
2145 5427 2343 5474 caetero
2379 5414 2675 5485 imperandi
2707 5413 2904 5479 forent,
2939 5411 3206 5466 censiliati
3240 5416 3367 5464 sunt
3395 5409 3535 5479 apud

1958 5512 2299 5582 semetipsos,
2330 5521 2382 5565 et
2412 5508 2771 5579 implorabant
2818 5506 3077 5570 Leonem,
3108 5519 3215 5573 quo
3246 5503 3535 5557 auxiliare-

1961 5616 2049 5687 tur
2066 5602 2334 5660 communi
2363 5602 2520 5668 reip.,
2552 5606 2605 5654 et
2634 5598 3058 5653 Christianorum
3084 5595 3326 5665 religioni
3359 5594 3531 5665 epituo

1961 5684 2180 5756 laretur.
2215 5700 2283 5752 At
2313 5686 2719 5762 illealiquandiu
2747 5689 2961 5761 quidem
3008 5688 3358 5743 vehementer
3385 5684 3527 5740 ditio.
