3956 6342
571 342 721 402 ωδ

1421 345 1623 403 PAULI
1665 345 1943 403 DIACONI
1974 346 2125 403 OPP.
2168 346 2343 402 PARS
2385 346 2423 402 1.
2465 377 2534 389 -
2573 347 2952 406 iilSTOll'lCA.

3603 376 3700 437 illi

562 456 738 522 rebat,
769 460 1025 524 temporis
1046 454 1393 513 considerans
1425 459 1823 530 difﬁcultatem,
1869 471 1926 518 et
1952 461 2146 518 barba-
2172 467 2224 524 Α
2251 461 2531 531 culparum
2580 473 2907 557 nostrarum.
2936 465 3145 557 interea
3171 484 3327 528 novus
3353 473 3699 557 Sennacirwbur.

560 557 747 600 torum
770 543 1131 601 incursionem
1154 545 1571 618 intolerabilem,
1589 552 2002 623 etsemetipsum
2024 565 2150 620 erga

561 631 925 704 imperatores
944 649 1276 692 conservans
1304 647 1532 705 rectum,
1583 650 1640 695 et
1683 642 1884 710 absque
1913 641 2149 709 insidiis;

557 721 686 792 quia
722 737 854 778 vero
879 724 946 779 ad
976 725 1165 781 urbem
1190 742 1486 797 properare
1534 730 1807 786 inimicum
1838 732 1987 797 vidit,
2010 734 2148 788 scri—

559 810 641 866 bit
665 810 969 881 Nicepboro
998 815 1316 883 patriarchas
1336 818 1403 873 de
1431 818 1535 873 fide
1560 834 1658 874 sua
1680 830 1827 876 recta
1849 821 2148 889 aﬂimrans,

561 910 754 971 petens
781 903 946 958 etiam
976 913 1036 959 ut
1059 921 1183 961 cum
1213 908 1462 965 oratione
1503 919 1560 965 et
1604 921 1737 967 nutu
1790 912 1907 982 ejus
1953 914 2147 984 imper.

559 998 821 1058 sumeret,
852 1000 910 1047 et
936 994 1160 1051 veniens
1187 996 1254 1051 ad
1277 999 1506 1054 tribunal
1533 1010 1661 1058 ante
1680 1003 1871 1058 urbem
1886 1005 2148 1075 positum,

561 1092 670 1133 una
705 1095 829 1135 cum
859 1084 1174 1150 praetoribus
1200 1093 1258 1140 et
1283 1089 1629 1157 exercitibus,
1668 1090 1824 1147 valde
1875 1092 2145 1162 legitimus

561 1160 930 1223 Romanorum
998 1171 1294 1241 imperator
1344 1177 1705 1247 ostenditur,,
1740 1188 1797 1234 et
1846 1160 1947 1236 diei
1969 1182 2145 1237 media

557 1254 1086 1328 Constantinopolim
1138 1276 1235 1331 per
1263 1262 1437 1320 Carsii
1463 1275 1674 1336 portam
1721 1269 2041 1338 ingreditur,
2088 1281 2145 1328 et

558 1346 634 1400 ad
657 1347 857 1418 regalia
878 1352 1143 1419 pervenit.
1175 1354 1345 1410 Porro
1365 1341 1548 1413 audita
1567 1360 1730 1429 hujus
1750 1362 2144 1422 acclamatione

557 1434 787 1491 Michael
817 1437 871 1496 in
900 1442 1197 1498 oratorium
1224 1443 1381 1501 Phari
1402 1463 1705 1517 accurrens,
1724 1469 1827 1508 una
1858 1470 1979 1509 cum
2003 1454 2144 1512 Pro-

558 1525 738 1594 copia,
769 1528 1019 1598 natisque
1044 1531 1176 1599 suis,
1200 1532 1439 1592 detonsis
1458 1538 1685 1607 capillis,
1714 1544 2021 1598 monastica
2058 1546 2141 1600 in-

558 1613 677 1670 duit
706 1617 1048 1691 vestimenta,
1074 1636 1109 1677 v
1135 1621 1258 1681 ldus
1281 1624 1430 1696 Julii,
1478 1637 1633 1685 sexta
1658 1630 1972 1700 indictione,
2001 1635 2139 1692 feria

556 1710 821 1767 secunda.

1259 1832 1440 1893 ιω.

631 1972 856 2034 Postera
876 1994 1007 2037 vero
1031 1982 1139 2052 die,
1159 1983 1270 2043 Leo
1293 1997 1585 2046 coronatus
1628 2007 1660 2046 a
1689 1992 1992 2065 Niceplroro
2037 2014 2141 2069 pa-

558 2064 795 2122 triarcha
818 2068 873 2123 in
899 2070 1132 2130 amboue
1164 2076 1385 2146 majoris
1412 2080 1670 2146 ecclesiae,
1707 2085 1855 2141 urbis
1882 2064 2139 2159 prmcepit

555 2154 816 2212 custodiri
838 2167 1042 2229 portas,
1075 2171 1133 2218 et
1158 2180 1345 2223 muros
1369 2169 1457 2225 die
1495 2186 1561 2227 ac
1586 2183 1748 2229 nocte
1792 2154 1905 2246 ipse
1952 2194 2050 2248 per
2074 2195 2136 2237 se

552 2243 844 2312 circuiens,
896 2257 952 2305 et
1001 2253 1304 2311 exercitans
1349 2268 1606 2327 cunctos,
1656 2278 1718 2318 ac
1770 2243 1965 2325 bonam
2017 2270 2133 2340 Spei

555 2331 807 2390 ﬁduciam
833 2336 1034 2397 habere
1058 2359 1427 2415 commonens,
1457 2366 1523 2407 eo
1552 2354 1696 2423 quod
1729 2356 1869 2414 Deus
1889 2360 2139 2418 celeriter

555 2419 705 2477 foret
736 2423 1021 2496 inopinate
1063 2431 1300 2491 facturus
1329 2452 1426 2507 per
1454 2419 1867 2503 intercessiones
1909 2449 2139 2507 interne-

551 2518 687 2566 ralze
716 2514 811 2569 Dei
832 2518 1139 2591 Geuitricis,
1173 2532 1229 2580 et
1255 2528 1496 2584 omnium
1525 2542 1866 2604 sanctorum,
1887 2554 1988 2595 nec
2015 2556 2135 2597 om-

554 2601 687 2660 nino
708 2606 967 2667 confundi
993 2627 1095 2671 nos
1124 2625 1271 2673 esset
1311 2633 1569 2690 passurus
1621 2626 1691 2682 ob
1737 2601 2136 2688 multitudinem

621 2737 948 2836 illactenus
981 2749 1314 2836 Alinastasius
1362 2755 1614 2836 [li-bliotlr.
1662 2776 1729 2817 ex
1774 2763 2139 2836 Theophane,

547 2810 636 2902 cui
663 2810 719 2893 in
754 2810 941 2872 Graeco
975 2822 1268 2902 exemplari
1304 2810 1748 2902 subjuncta'sun-t
1784 2810 2138 2902 aliendi;

547 2877 743 2977 Leonis
762 2889 1095 2977 grammatici

546 2956 790 3006 ratorum
816 2969 983 3024 usque
1028 2959 1095 3014 ad
1134 2956 1547 3021 Constantinum
1580 2956 1825 3026 'llornani
1853 2956 2133 3042 gerrcrrim.

2254 553 2504 608 Crunnus
2528 554 2803 621 videlicet,
2833 556 3095 612 derelicto
3124 562 3325 629 proprio
3349 564 3489 625 fratre
3512 587 3605 631 cum
3634 553 3705 635 vir.

2256 650 2367 695 tute
2419 657 2515 697 sua
2556 644 2625 698 ad
2673 644 3096 714 impugnandum
3122 647 3497 724 Adrianopolim,
3534 674 3705 727 ροειςει

2253 729 2369 785 dies
2395 730 2605 801 imperii
2648 731 2847 788 Leonis
2870 736 3253 803 superveniens
3278 739 3328 793 in
3353 742 3523 802 viribus
3543 751 3639 818 suis,
3670 768 3709 811 er

2252 821 2428 889 equis,
2460 822 2663 890 regiam
2688 824 2875 881 urbem
2897 826 3108 897 gyravit
3123 826 3271 894 juxta
3299 846 3497 891 morosa
3517 838 3707 901 Blaceruis

2251 924 2423 979 usque
2449 914 2516 967 ad
2543 913 2777 968 Auream
2808 925 3041 985 portam,
3071 919 3346 976 ostendens
3367 923 3572 983 virtutem
3592 946 3707 1001 suam,

2251 1010 2306 1053 et
2328 1000 2601 1056 celebrato
2656 1002 2865 1072 polluto
2913 1006 3215 1062 daemonion
3253 1011 3485 1068 sacrificio
3527 1016 3569 1071 in
3606 1034 3708 1088 prato

2249 1105 2421 1159 penes
2450 1107 2602 1147 mare
2624 1093 2751 1161 sito,
2785 1096 3077 1165 postulavit
3109 1098 3177 1153 ab
3206 1100 3497 1170 imperatore
3519 1116 3564 1161 ut
3585 1110 3712 1178 ﬁgeret

2246 1190 2467 1235 contum
2521 1198 2679 1238 suum
2711 1184 2766 1240 in
2814 1186 3061 1242 eamdem
3091 1200 3295 1258 portam
3333 1194 3709 1267 Aureamzquoid

2251 1270 2373 1324 lieri
2396 1286 2502 1325 non
2539 1274 2907 1341 permittente,
2929 1291 3180 1332 reversus
3205 1288 3284 1335 est
3320 1282 3381 1335 ad
3407 1283 3712 1345 tabernaculum

2246 1374 2425 1415 suum.
2452 1360 2588 1417 Cum
2610 1372 2790 1417 autem
2814 1365 3111 1421 admiratus
3136 1366 3320 1423 fuisset
3344 1385 3504 1430 muros
3540 1377 3648 1432 urbis
3678 1391 3713 1433 et

2244 1450 2386 1506 bene
2411 1452 2716 1508 ordinatam
2747 1455 3087 1526 imperatoris
3110 1459 3300 1527 aciem,
3327 1469 3378 1516 et
3400 1477 3539 1533 super
3554 1468 3715 1525 obsidio-

2244 1556 2369 1596 nem
2399 1557 2560 1611 quam
2603 1546 2879 1613 sperabat,
2934 1546 3249 1618 desperatus
3275 1552 3479 1608 eﬂ‘ectus
3516 1565 3639 1625 estet,
3670 1561 3713 1614 ad

2242 1637 2633 1694 conventiones
2660 1642 3018 1709 convertitur,
3069 1654 3128 1700 et
3156 1655 3278 1703 ante
3320 1664 3486 1719 pacem
3511 1652 3716 1707 tentatoria

2244 1728 2409 1782 verba
2465 1729 2719 1787 faciebat.
2767 1736 2839 1787 At
2878 1734 3207 1807 imperator,
3246 1750 3451 1811 accepta
3493 1756 3714 1802 occasione.

2171 1833 2222 1896 Β
2245 1815 2473 1874 conatus
2494 1828 2583 1876 est
2602 1822 2730 1878 huic
2756 1823 3021 1893 insidiari,
3054 1828 3153 1884 sed
3183 1845 3215 1884 a
3260 1831 3565 1887 multitudine
3585 1848 3716 1902 pecu-

2248 1916 2425 1964 torum
2455 1921 2765 1968 nostrorum
2795 1914 2901 1971 hoc
2930 1916 2986 1972 in
3010 1918 3174 1974 ﬁnem
3195 1921 3478 1990 perducere
3502 1922 3717 1991 prohibitus

2245 2007 2353 2061 est,
2386 2000 2882 2060 administrantium
2929 2007 3304 2078 hujuscemodi
3347 2011 3619 2076 rusticitate,
3639 2013 3719 2066 vul-

2243 2090 2549 2146 nerantium
2570 2094 2787 2163 quidem
2816 2096 2980 2166 hunc,
3014 2100 3299 2157 mortalem
3324 2110 3487 2162 tamen
3519 2116 3605 2157 non
3633 2100 3719 2155 inie-

2241 2184 2476 2239 rentium
2505 2186 2738 2257 plagam.
2768 2189 2944 2260 Super
2982 2193 3089 2249 hoc
3117 2210 3248 2265 ergo
3299 2197 3544 2254 insaniens
3573 2199 3719 2269 nequis-

2240 2271 2431 2343 simus,
2485 2276 2651 2333 misso
2697 2295 2860 2336 cursu
2908 2282 2979 2338 ad
3018 2294 3265 2341 sanctum
3294 2285 3720 2358 Mamam,palatium

2244 2363 2359 2419 illic
2382 2367 2625 2423 habitum
2672 2370 2933 2442 incendit,
2962 2383 3021 2430 et
3048 2392 3196 2434 aereo
3246 2378 3420 2435 Leone
3444 2379 3721 2450 Hippodromi,

2242 2471 2349 2510 una
2375 2473 2497 2513 cum
2542 2475 2668 2517 urso
2698 2471 2753 2519 et
2781 2464 3137 2535 dracuuculo,
3191 2466 3439 2528 lateribus
3463 2486 3519 2527 ac
3556 2488 3718 2524 marmu-

2241 2545 2389 2603 ribus
2418 2550 2609 2606 electis
2634 2552 2689 2608 in
2729 2554 2969 2623 plaustro
3014 2558 3282 2629 irnpositis
3301 2603 3315 2629 ,
3346 2576 3565 2619 reversus
3584 2571 3658 2629 est,
3689 2569 3724 2616 et

2248 2636 2526 2694 obsessam
2557 2642 2962 2716 Adria‘nopolim
2980 2651 3126 2718 cepit
3150 2659 3198 2706 ⁸.

2247 2770 2505 2841 Sequitur
2534 2775 2890 2864 in_An.asta_s.A
2918 2782 2978 2836 P.
2999 2857 3012 2864 ᾳ
3035 2782 3182 2864 l’ith.
3214 2802 3229 2839 :
3282 2786 3521 2864 Hagetest
3555 2784 3725 2864 collecti)

2246 2856 2535 2930 annorum,
2555 2856 2611 2925 ut
2633 2850 3155 2930 subinferturﬁdarn
3180 2871 3321 2930 anno
3348 2857 3464 2922 250,
3492 2865 3577 2930 etc.
3600 2857 3639 2908 In
3658 2856 3722 2930 lix.

2244 2910 2413 2996 briss.
2439 2916 2682 2996 sequitur
2707 2918 2901 2996 Bosina
2934 2922 3123 2980 liissini
3146 2910 3464 2996 regisiuxor:
3491 2910 3546 2983 Et
3561 2927 3724 2980 narratio

2242 2981 2310 3036 de
2342 2981 2705 3043 'l‘heodorico.
2729 2988 2998 3049 Casrsws.

573 3087 3713 3163 -——____.________________________

1219 3218 2305 3421 ῙιΔΝΙΠῙΙιιῖΕῙ
2375 3237 3170 3369 SAGACIS.

821 3440 1766 3622 ADDITAMENTUM
1791 3455 1800 3465 ’
1866 3468 2033 3625 ΑΙ)
2127 3477 2780 3648 ΗΙδΤθΒΙΑΜ
2880 3491 3529 3656 MISGELLAM

947 3711 1231 3787 EXfMS.
1277 3728 1868 3801 ΒΙΒΜΟΤΗΕαΑΞτ
1883 3741 2151 3808 AMBRG

2215 3748 2423 3813 [ΛΝΒ
2481 3754 2690 3822 NUNC
2729 3761 3042 3829 PRIMUM
3091 3770 3423 3836 EDITUM.

611 3919 745 3976 Cum
771 3918 902 3989 jam,
935 3929 990 3977 ut
1016 3924 1347 3994 praemissum
1372 3939 1485 4000 est,
1515 3932 1877 3996 Romanorum
1905 3943 2125 4002 desierit
2154 3952 2200 4014 ο
2229 3948 2337 4005 tilis
2356 3949 2688 4007 dissonantia
2714 3991 2733 4016 ,
2790 3951 3022 4010 mirabili
3074 3958 3346 4017 brevitate
3386 3969 3605 4018 correxit.
3637 3962 3729 4014 Nam

536 4010 680 4080 apud
701 4008 863 4067 Italos
891 4008 1175 4082 imperium
1193 4055 1211 4084 ,
1240 4016 1590 4092 plurimaeque
1624 4036 1813 4095 gentes
1856 4030 2123 4090 irruerent

535 4108 729 4155 contra
772 4100 938 4170 ipsos,
968 4102 1211 4174 adusque
1240 4110 1626 4175 pertransierat
1670 4117 1970 4189 pelasgum.
2008 4123 2122 4182 Hac

535 4199 857 4261 tempestate
882 4189 1219 4252 Justiniauus
1258 4199 1540 4269 Augustus.
1562 4206 1931 4269 Romanorum
1971 4230 2122 4274 eum-

533 4278 658 4336 dem
688 4279 833 4336 felici
855 4290 1004 4339 sorte
1026 4286 1247 4354 regebat
1277 4287 1591 4365 imperium,
1609 4299 1702 4365 qui
1726 4310 1784 4354 et
1807 4302 1948 4359 bella
1989 4322 2120 4376 pro-

534 4385 696 4441 spere
719 4372 905 4441 gessit,
938 4382 994 4430 et
1024 4374 1086 4431 in.
1104 4379 1285 4434 causis
1312 4381 1563 4442 civilibus
1603 4390 1863 4450 mirificus
1889 4372 2116 4455 exsiitit.

534 4457 669 4512 Nam
690 4474 785 4529 per
809 4459 1126 4520 Belisarium
1154 4470 1438 4537 patricium
1461 4471 1685 4534 Persam
1718 4479 1932 4542 fortiter
1965 4488 2118 4544 devi-

535 4545 630 4613 cit,
661 4561 867 4617 perque
920 4550 1122 4648 ipsum_
1135 4555 1449 4648 B_e1isarium
1476 4562 1838 4627 Vandalorum
1876 4585 2115 4648 gentem,

535 4646 712 4728 capto;
725 4652 910 4695 eorum
933 4657 1061 4714 rege
1083 4642 1384 4707 Gelismero
1416 4694 1437 4719 ,
1486 4671 1658 4728 usque
1683 4662 1753 4718 ad
1795 4642 2118 4727 internecio;

534 4741 662 4782 nem
684 4726 909 4799 delevit,
938 4731 1178 4792 Africam
1206 4754 1425 4815 quoque
1455 4726 1643 4817 totam,
1669 4764 1794 4823 post
1820 4771 1991 4815 annos

532 4820 755 4889 naginta
780 4830 838 4877 et
873 4835 993 4891 sex,
1020 4824 1263 4887 Romano
1312 4833 1542 4905 imperio
1569 4820 1823 4899 restituit.
1855 4844 2117 4920 Purisque

533 4910 780 4968 Belisarii
799 4913 1020 4985 viribus,
1050 4916 1349 4978 Gothorum
1378 4925 1432 4981 in
1477 4928 1631 4986 Italia
1652 4944 1869 5002 gentem
1893 4982 1909 5007 ,
1956 4910 2115 5011 capto

534 4999 788 5072 Withigis
817 5018 1005 5062 eorum
1027 5022 1179 5079 rege,
1208 5015 1503 5084 superavit.
1522 4999 1738 5081 Mauros
1757 4999 1976 5099 quoque
1996 4999 2115 5102 post

529 5091 649 5149 hanc
681 5093 917 5153 Africam
960 5098 1296 5171 infestantes,
1324 5121 1624 5181 eorumque
1642 5091 1825 5185 regem
1867 5091 2108 5193 Attilam,

529 5204 631 5257 per
657 5188 924 5249 Joannem
956 5196 1302 5253 exconsulem
1323 5201 1555 5259 mirabili
1578 5206 1778 5265 virtute
1798 5188 2108 5284 prostravit,

2226 4053 2414 4095 omnes
2443 4042 2858 4100 constitutiones
2886 4047 3185 4121 principum
3212 4096 3228 4119 ,
3273 4069 3393 4126 qua:
3419 4056 3580 4127 utique
3601 4050 3724 4107 multis

2231 4128 2287 4183 in
2308 4130 2671 4188 voluminibus
2697 4133 3033 4193 habebantur
3055 4179 3071 4204 ,
3119 4144 3277 4201 intra
3322 4147 3575 4204 duodecim
3615 4146 3724 4199 libros

2220 4222 2534 4289 coa‘rctavit,
2560 4223 2703 4280 idem
2729 4231 2944 4298 quoque
2969 4232 3226 4293 volumen
3242 4238 3490 4295 Codicem
3514 4232 3721 4294 JuSIiniani

2221 4317 2478 4385 appellari
2508 4323 2784 4392 praecepit.
2815 4323 3132 4400 Rursusque
3157 4334 3486 4405 singulorum
3513 4334 3721 4403 magistra-

2221 4414 2378 4463 tuum
2400 4411 2515 4465 sive
2528 4411 2770 4481 judicum
2815 4415 3137 4491 leges,-qu:e
3163 4441 3340 4497 usque
3384 4428 3449 4482 ad
3485 4427 3575 4482 duo
3609 4422 3721 4478 millia

2219 4512 2364 4568 pene
2385 4499 2550 4558 libros
2575 4512 2734 4560 erant
2775 4518 3035 4578 extensae,
3063 4512 3211 4571 intra
3237 4517 3593 4587 quinquaginta
3613 4513 3723 4567 libro-

2218 4603 2335 4644 rum
2366 4606 2646 4649 numerum
2691 4597 2929 4667 redegit,
2973 4616 3210 4674 eumque
3270 4606 3510 4663 Codiecm
3549 4606 3723 4673 Digesto-

2218 4694 2357 4745 rum,
2388 4681 2506 4736 sive
2552 4680 2946 4744 Pandectarum
2968 4694 3241 4753 vocabulo
3288 4699 3605 4770 nuncupavit.
3628 4696 3724 4761 0⁸³³·

2216 4776 2342 4823 tuor
2365 4769 2529 4825 etiam
2559 4770 2968 4834 lnstitutionum
2993 4779 3163 4840 libros
3187 4825 3204 4851 ,
3256 4786 3310 4841 in
3342 4769 3521 4860 quibus
3554 4783 3724 4841 breviter

2218 4858 2587 4916 universarum
2613 4863 2790 4933 legum
2822 4876 3001 4925 textus
3022 4858 3534 4945 comprehenditur,
3576 4871 3725 4930 navim

2214 4952 2535 5018 composuit.
2569 4953 2743 5010 Novas
2772 4971 2989 5028 quoque
3017 4961 3345 5036 leges,quas
3375 4969 3491 5039 ipse
3504 4968 3721 5023 statueral,

2213 5040 2273 5095 in
2298 5058 2462 5098 unum
2487 5046 2737 5104 volumen
2780 5052 3049 5120 redactas,
3080 5057 3133 5112 id
3160 5070 3271 5125 est,
3298 5061 3538 5117 Codicem
3579 5054 3720 5113 Novel-

2216 5129 2323 5186 lam
2348 5138 2645 5205 nuncupari
2673 5141 2920 5197 sancivit.
2955 5146 3234 5205 Exstruit
3255 5166 3465 5222 quoque
3490 5152 3606 5205 idem
3620 5146 3721 5218 prin-

2212 5237 2341 5292 ceps
2367 5224 2506 5280 intra
2534 5227 3054 5304 Constantinopolim
3080 5240 3274 5295 urbem
3296 5242 3500 5298 Christo
3523 5237 3720 5295 Domino.

526 5282 649 5350 pari
651 5284 836 5401 (etiam
864 5285 1026 5343 modo
1049 5295 1104 5344 et
1126 5289 1260 5346 alias
1279 5302 1475 5361 gentes
1489 5297 1614 5353 belli
1663 5301 1787 5370 jure
1829 5282 2105 5378 compres;
2129 5309 2185 5372 Β
2207 5282 2299 5383 qui
2323 5324 2405 5371 est
2431 5282 3055 5392 Sapientia—li;
3405 5282 3560 5401 "2an
3584 5329 3721 5383 ϐτεοο

527 5372 621 5427 sit.
651 5372 823 5441 Quam
850 5378 922 5433 ob
948 5390 1171 5435 causam
1192 5392 1415 5453 propter
1438 5402 1628 5445 eorum
1668 5394 1908 5450 omnium
1934 5372 2109 5455 victo-

527 5462 657 5529 rias,
681 5471 742 5519 ut
766 5465 1143 5526 Alamannicus
1159 5510 1177 5538 ,

2205 5404 2470 5475 vocabulo
2489 5408 2663 5478 agiam
2709 5409 2988 5483 Sophiam,
3015 5417 3070 5473 id
3107 5428 3231 5489 est,
3280 5432 3511 5479 sanctam
3556 5416 3724 5486 Sapien-

1226 5470 1505 5543 Gothicus,
1536 5478 1845 5553 Francicus,
1875 5484 2106 5543 Germa-
2206 5470 2337 5547 tiam
2363 5470 2681 5556 nominavit.
2710 5470 2875 5571 Cujus
2902 5470 3039 5576 opus
3063 5470 3425 5567 adeo,cuncta
3444 5507 3632 5565 mdilicia
3653 5518 3720 5556 cr-

529 5551 705 5617 nicus,
757 5556 999 5626 Anticus,
1036 5560 1310 5632 Alanicus,
1336 5564 1681 5639 Vandalicus,
1711 5551 2105 5648 Africanusque
2204 5583 2371 5650 cellit,
2399 5591 2458 5638 ut
2487 5586 2541 5643 in
2569 5589 2698 5645 totis
2719 5551 2986 5650 terrarum
3030 5598 3225 5668 spatiis
3276 5601 3401 5656 huic
3450 5600 3601 5656 simile
3642 5609 3719 5648 non

533 5640 803 5668 Λῗηιι-ιιι..-
852 5646 1043 5668 ι.-ι.μη
1080 5651 1093 5668 ι
1143 5667 1148 5668 ,
1292 5659 1298 5665 .
1345 5657 1358 5668 .
1641 5665 1650 5668 _
1734 5665 1747 5668 -

529 5640 823 5711 diceretur,
851 5646 1051 5706 habere
1077 5651 1192 5709 hmo
1215 5657 1431 5712 nomina
1485 5665 1698 5719 meruit.
1730 5665 1897 5737 Leges
1937 5670 2100 5726 etiam
2200 5677 2373 5747 possit
2399 5674 2649 5735 inveniri.
2706 5682 2839 5752 Erat
2869 5687 3013 5742 enim
3044 5640 3300 5762 princeps
3328 5692 3427 5746 [ide
3447 5688 3715 5745 camelicus.

536 5731 898 5762 Ὼηωηηη-....,.
954 5753 1167 5762 ..-μμ-πα,
1308 5748 1339 5762 1ο
1384 5750 1416 5762 ,Α
1560 5754 1570 5762 .
1635 5758 1645 5762 -
1984 5760 1993 5762 _

528 5731 921 5810 Romanorum,
949 5753 1177 5813 quarum
1205 5748 1483 5820 prolixitas
1517 5754 1683 5816 nimia
1711 5731 1831 5817 erai
1852 5800 1868 5829 ,
1899 5768 1954 5818 et
1978 5760 2099 5819 inu-

2200 5767 2255 5824 in
2275 5770 2527 5841 operibus
2556 5783 2757 5847 rectus,
2780 5776 2836 5835 in
2862 5779 3081 5851 judiciis
3111 5781 3320 5855 justus,
3360 5786 3565 5851 ideoqnc
3582 5777 3717 5838 οιιιιιὶλὶ
