3956 6342
211 296 345 351 ills

808 292 1199 351 LANDULPHI
1237 294 1525 351 SAGACI‘S
1570 294 2125 356 ADDITAMENTUM
2153 303 2246 357 AD
2283 303 2456 359 IIIST.
2502 306 2813 364 BIISCELL.

3332 316 3466 372 IHG

204 405 596 462 concurrebant
622 404 673 461 ei
720 380 775 461 in
802 405 1025 462 bonum.
1057 405 1225 477 Hujus
1271 407 1600 478 temporibus
1647 408 1777 462 Cas-
1807 413 1855 469 A
1882 424 1987 478 que
2012 412 2195 469 Narsis
2234 417 2511 485 patricius,
2543 434 2640 488 per
2671 421 2973 490 Dagisteum
3011 426 3323 495 magistrum
3366 431 3462 482 mi-

203 496 473 559 siodorus,
496 495 637 567 apud
684 496 871 551 urbem
900 495 1128 551 Romam
1187 505 1295 551 tam
1333 496 1576 552 stecnlari
1623 512 1784 566 quam

200 587 381 641 divina
407 586 633 642 scientia
661 586 877 655 claruit,
897 586 992 656 qui
1021 587 1163 643 inter
1174 597 1370 643 caetera
1394 601 1516 657 qua:
1536 588 1787 644 nobiliter

199 674 435 745 scripsit,
469 673 795 743 psalmorum
839 674 1110 746 praecipue
1153 676 1367 733 occulta
1414 677 1786 747 potentissime

178 761 487 825 rreseravit.
521 762 617 819 llic
666 764 895 834 primum
921 764 1132 829 consul,
1162 764 1361 821 deinde
1412 774 1665 830 senator,
1717 767 1785 821 ad

199 860 536 922 postremum
554 868 685 909 vero
709 854 1004 911 monachus
1028 855 1258 911 exstitit.
1310 854 1428 912 Hoc
1449 856 1615 912 etiam
1643 865 1785 912 tem-

199 956 338 1011 pore
367 944 391 972 ⁸
422 941 696 998 Diotusius
722 943 857 998 Alba
899 942 955 999 in
1006 944 1141 1000 urbe
1196 943 1370 999 Roma
1419 945 1745 1002 constitutus
1766 984 1784 1013 ,

197 1030 512 1099 paschalem
557 1030 824 1088 calculum
860 1032 1101 1088 miranda
1140 1034 1609 1105 argumentatione
1635 1049 1786 1091 com-

197 1122 404 1191 posuit.
432 1122 692 1193 Tuncque
717 1124 1068 1181 nihilominus
1096 1126 1292 1182 Arator
1313 1126 1573 1183 Romanae
1600 1128 1785 1184 Eccle-

195 1211 293 1266 sia:
319 1212 703 1282 subdiaconus,
731 1223 894 1284 poeta
919 1215 1202 1283 mirabilis,
1218 1219 1384 1273 Actus
1410 1216 1784 1287 apostolorum

198 1306 445 1362 versibus
485 1307 814 1364 hexametris
866 1311 1130 1366 exaravit.
1189 1311 1283 1368 llis
1334 1326 1552 1381 quoque
1596 1312 1785 1369 diebus

198 1398 394 1455 beatus
425 1399 740 1458 Benedictus
775 1400 957 1471 Pater,
1003 1411 1061 1459 et
1102 1404 1253 1474 prius
1304 1403 1358 1459 in
1408 1404 1533 1462 loco
1560 1404 1651 1475 qui
1681 1404 1784 1461 Su-

192 1490 413 1546 hlacum
436 1491 655 1561 dicitur,
676 1493 771 1563 qui
800 1492 868 1548 ab
894 1494 1027 1551 urbe
1049 1494 1220 1551 Roma
1243 1494 1595 1567 quadraginta
1623 1496 1785 1553 milli-

192 1579 298 1635 bus
327 1581 504 1646 abest,
527 1589 583 1636 et
609 1591 800 1652 postea
845 1584 899 1639 in
924 1593 1105 1642 castro
1131 1584 1359 1654 Cassini,
1387 1586 1535 1657 quod
1562 1585 1782 1643 Clarum

192 1669 521 1740 appellatur,
548 1681 606 1727 et
632 1686 840 1742 magnze
862 1672 986 1729 vitae
1013 1676 1242 1741 meritis,
1273 1684 1330 1732 et
1347 1676 1658 1746 apostolicis
1678 1678 1782 1732 vir-

1886 496 2061 564 Iitum,
2091 501 2261 557 virum
2292 504 2603 562 bellicosum
2635 518 2691 563 et
2710 510 2902 565 fortem
2932 552 2948 579 ,
2995 514 3270 571 universos
3300 515 3465 572 Italiae

1886 585 2020 644 lines
2047 591 2299 649 obtinuit.
2330 593 2430 653 llic
2455 597 2635 653 Narsis
2667 600 2814 669 prius
2834 601 3050 672 quidem
3104 606 3464 664 chartularius

1886 677 2003 744 fuit,
2039 680 2233 738 deinde
2259 694 2482 756 propter
2507 689 2755 744 virtutem
2782 691 2975 746 merito
3025 693 3338 762 patriciatus
3366 697 3465 751 ho-
3522 742 3523 745 η

1885 782 2073 824 norem
2101 775 2417 840 promeruit.
2446 777 2572 830 Erat
2598 786 2777 831 autem
2804 780 2885 833 vir
2909 780 3208 849 piissimus,
3262 783 3315 838 in
3342 783 3465 838 reli-

1884 856 2046 926 gione
2074 859 2396 929 catholicus,
2428 864 2481 918 in
2511 880 2773 936 pauperes
2800 868 3097 938 munificus,
3129 871 3182 925 in
3205 887 3464 939 reparan-

1885 948 1970 1003 dis
1990 947 2226 1007 basilicis
2252 953 2383 1009 satis
2409 955 2701 1019 studiosus,
2718 958 2911 1027 vigiliis
2950 968 3006 1015 et
3030 961 3364 1016 orationibus
3408 961 3463 1017 in

1884 1043 2092 1093 tantum
2121 1040 2363 1109 studens,
2396 1051 2454 1098 ut
2496 1044 2615 1116 plus
2656 1047 3137 1115 supplicationibus
3184 1049 3252 1104 ad
3298 1049 3465 1107 Deum

1885 1127 2119 1198 profusis
2147 1147 2308 1201 quam
2340 1135 2505 1190 armis
2530 1136 2735 1193 bellicis
2756 1136 3038 1195 victoriam
3068 1141 3357 1197 obtineret.

1919 1268 1931 1280 ,
1955 1219 2101 1274 Inter
2125 1220 2240 1277 haec
2268 1222 2568 1281 Justiniano
2587 1228 2826 1298 principe
2854 1230 2963 1284 vita
2989 1230 3285 1286 decedente
3306 1272 3322 1298 ,
3370 1230 3464 1287 Ju-

1884 1311 2057 1368 stinus
2086 1314 2262 1370 minor
2315 1318 2698 1387 rempublicam
2745 1321 2886 1392 apud
2937 1320 3464 1396 Constantinopolim

1884 1403 2173 1469 regendam
2200 1407 2461 1477 suscepit.

1955 1491 2049 1548 Ilis
2076 1509 2293 1564 quoque
2321 1499 2650 1567 temporibus
2678 1500 2861 1558 Narsis
2909 1504 3186 1573 patricius,
3212 1506 3367 1577 cujus
3395 1509 3464 1563 ad

1885 1585 2064 1639 omnia
2084 1587 2319 1642 studium
2348 1589 2627 1659 vigilabat,
2655 1590 2882 1647 Vitalem
2930 1596 3243 1665 episcopum
3272 1598 3465 1653 Altinae

1883 1675 2137 1745 civitatis,
2164 1678 2255 1746 qui
2285 1688 2412 1735 ante
2439 1695 2610 1737 annos
2651 1682 2910 1752 plurimos
2931 1684 2998 1741 ad
3025 1684 3350 1743 Francorum
3373 1704 3463 1745 rc-

193 1760 402 1817 tutibus
430 1760 648 1818 eﬂ‘ulsit.
679 1761 845 1832 igitur
868 1756 992 1820 cum
1017 1764 1442 1836 circumquaque
1470 1767 1782 1836 frequenter
1812 1767 1858 1827 Β
1883 1776 2002 1833 gem
2030 1766 2364 1836 confugerat,
2398 1770 2503 1829 hoc
2530 1780 2631 1838 est,
2654 1772 2721 1827 ad
2761 1774 3107 1831 Gothiensem
3140 1777 3411 1835 civitatem
3444 1821 3461 1848 ,

190 1848 675 1920 Langobardorum
703 1852 940 1909 victoriae
991 1866 1365 1924 personarent,
1392 1858 1575 1915 Narsis
1622 1858 1782 1914 char-

191 1939 427 1995 tularius
450 1939 764 2011 imperialis,
786 1941 883 2010 qui
901 1951 1030 1998 tunc
1056 1953 1286 2014 praeerat
1311 1945 1478 2003 Italia:
1501 1987 1518 2015 ,
1575 1948 1779 2005 bellum

188 2029 459 2087 adversus
487 2030 719 2087 Totilam
758 2031 1062 2090 Gothorum
1091 2051 1272 2104 regem
1302 2053 1633 2110 praeparans,
1660 2058 1783 2097 cum

184 2122 301 2192 jam
334 2122 543 2192 pridem
567 2123 951 2194 Langobardos
975 2128 1373 2186 conftederatos
1402 2132 1665 2203 haberet,
1696 2136 1781 2192 le-

185 2219 352 2282 gates
377 2212 446 2267 ad
474 2211 667 2269 Alboin
696 2212 897 2284 dirigit,
926 2224 1194 2286 quatenus
1239 2218 1287 2273 ei
1317 2230 1619 2291 pugnaturo
1658 2237 1781 2278 cum

185 2300 389 2358 Gothis
411 2302 668 2358 auxilium
690 2304 1039 2362 ministraret.
1072 2305 1224 2365 Tunc
1273 2310 1468 2367 Alboin
1493 2312 1722 2368 electam
1751 2328 1784 2370 e

183 2392 307 2447 suis
333 2385 551 2447 marium
572 2390 791 2459 direxit,
817 2394 910 2464 qui
948 2392 1209 2453 Romanis
1253 2398 1537 2455 adversum
1578 2398 1783 2459 Gothos

184 2480 506 2552 suffragium
551 2481 772 2552 ferrent,
803 2484 896 2554 qui
941 2499 1039 2555 per
1085 2488 1251 2544 maris
1300 2488 1557 2547 Adriatici
1608 2493 1783 2548 sinum

184 2574 246 2629 in
278 2572 489 2629 Italiam
517 2574 827 2641 transvecti,
869 2576 1169 2647 sociatique
1215 2577 1476 2637 Romanis
1502 2624 1516 2648 ,
1551 2598 1781 2654 pugnam

184 2667 435 2722 inierunt
471 2681 594 2723 cum
621 2665 830 2723 Gothis.
888 2668 1092 2736 Quibus
1138 2687 1308 2743 usque
1352 2674 1420 2729 ad
1460 2675 1785 2735 internecio-

185 2770 320 2812 nem
349 2755 565 2823 deletis,
589 2756 769 2813 taliter
812 2772 936 2814 cum
981 2757 1157 2815 Totila
1203 2778 1304 2817 suo
1359 2777 1487 2833 rege
1530 2766 1781 2823 honorati

183 2845 381 2901 miritis
425 2845 757 2914 muneribus,
780 2847 1011 2905 victores
1057 2848 1125 2904 ad
1171 2851 1387 2921 propria
1435 2864 1779 2923 remearunt,

184 2936 451 3005 omnique
482 2944 723 3006 tempore
748 2951 856 3007 quo
897 2935 1241 3007 Langobardi
1287 2937 1620 2998 Pannoniam
1652 2960 1780 3016 pos-

1880 1858 2349 1927 comprehensum,
2380 1862 2522 1931 apud
2560 1863 2794 1920 Siciliam
2824 1868 3014 1923 exsilio
3046 1870 3316 1926 damnavit
3359 1873 3463 1942 Igi-

1882 1956 1970 2003 tur
1990 1948 2185 2015 deleta,
2216 1960 2273 2005 ut
2298 1953 2496 2009 dictum
2529 1964 2631 2021 est,
2662 1956 2747 2011 vel
2775 1970 3055 2028 superata,
3086 1960 3267 2018 Narsis
3313 1966 3462 2020 omni

1883 2040 2185 2097 Gothorum
2215 2052 2394 2112 gente,
2428 2046 2509 2101 his
2534 2061 2773 2117 quoque,
2804 2050 2872 2105 de
2896 2051 3090 2120 quibus
3130 2053 3263 2122 dixi,
3288 2056 3465 2112 minus

1880 2131 1997 2201 pari
2017 2134 2179 2189 modo
2201 2135 2447 2203 devictis,
2478 2137 2606 2193 dum
2637 2142 2860 2195 multum
2888 2143 3028 2211 auri,
3053 2146 3168 2200 sive
3213 2148 3461 2216 argenti,

1878 2237 1979 2279 seu
2013 2233 2327 2281 caeterarum
2355 2228 2659 2298 specierum
2707 2232 2920 2288 divitias
2966 2236 3313 2308 adquisisset,
3340 2255 3461 2296 ma-

1880 2329 2039 2385 gnam
2067 2318 2135 2373 ab
2157 2318 2240 2373 his
2261 2336 2359 2390 pro
2385 2321 2576 2391 quibus
2607 2325 2773 2381 multa
2819 2338 3005 2383 contra
3035 2344 3223 2386 eorum
3278 2332 3464 2390 hostes

1881 2408 2221 2465 laboraverat
2242 2410 2496 2468 invidiam
2528 2416 2783 2484 pertulit,
2833 2419 2924 2486 qui
2954 2430 3145 2476 contra
3194 2436 3319 2477 eum
3362 2421 3460 2495 Ju-

1880 2499 2024 2555 stino
2048 2506 2311 2571 Augusto,
2340 2512 2395 2556 et
2415 2503 2530 2572 ejus
2555 2505 2768 2578 conjugi
2813 2508 3051 2579 Sephiaa,
3081 2509 3133 2565 in
3163 2509 3276 2567 htec
3297 2514 3461 2569 verba

1880 2601 2259 2660 suggesserunt
2306 2593 2593 2653 dicentes:
2626 2598 2761 2665 Quia
2807 2600 3123 2670 expedierat
3166 2602 3457 2671 Romanis,

1881 2682 2072 2738 Gothis
2094 2684 2274 2754 potius
2300 2688 2505 2744 servire
2525 2703 2685 2759 quam
2713 2688 2931 2758 Grecis,
2957 2694 3046 2748 ubi
3070 2693 3254 2751 Narsis
3279 2709 3454 2750 eunu-

1879 2773 2011 2829 chus
2031 2776 2277 2847 imperat,
2308 2787 2364 2833 et
2392 2794 2487 2835 nos
2514 2782 2733 2838 servitio
2784 2786 3003 2853 premit,
3029 2795 3086 2843 et
3132 2787 3247 2843 haec
3277 2796 3463 2844 noster

1878 2863 2152 2933 piissimus
2172 2867 2423 2939 princeps
2451 2870 2681 2939 ignorat.
2709 2872 2819 2928 Aut
2866 2874 3035 2932 libera
3064 2893 3163 2933 nos
3187 2877 3256 2934 de
3294 2887 3459 2934 manu

1879 2953 2018 3023 ejus,
2047 2962 2139 3009 aut
2161 2966 2308 3012 certe
2356 2957 2410 3013 in
2440 2959 3032 3020 civitatemRomanam
3052 3005 3073 3033 ,
3117 2975 3175 3022 et
3223 2978 3460 3024 nosmet-

185 3025 472 3127 εεάεΐυηξν
510 3025 763 3127 Βοωδίξξξ
781 3027 1085 3127 τθίΡυΜίαξ
1112 3029 1369 3127 θάνξξῖιιξ
1410 3033 1657 3127 ωῐῐξυιοεᾲ
1682 3036 1781 3089 δίι-
1811 3120 1846 3127 Δ
1882 3044 2030 3115 ipsos
2049 3048 2297 3116 gentibus
2309 3050 2589 3107 tradimus.
2604 3051 2845 3125 Cumque
2873 3056 2986 3112 haec
3000 3025 3180 3114 Na‘rsis
3202 3060 3459 3127 audisset,

182 3116 404 3189 jutores
428 3117 664 3173 fuerunt.
694 3116 791 3175 llis
838 3120 1172 3200 temporibus
1219 3121 1400 3180 Narsis
1444 3124 1608 3179 etiam
1640 3125 1773 3183 Bue-

1881 3141 1997 3199 hzec
2016 3143 2251 3199 breviter
2270 3145 2454 3200 retulit
2482 3145 2681 3201 verba:
2713 3146 2767 3201 Si
2787 3147 2927 3204 male
2956 3149 3057 3206 feci
3085 3164 3208 3208 cum
3259 3150 3458 3208 Roma-

188 3208 394 3307 Eellino
427 3207 553 3264 άιιοί
574 3208 774 3307 b01101}!
803 3209 1000 3307 ίξιιιξξίῑν
1034 3212 1629 3307 (ᾗυΘΠιΑΤδεηίῘθΡθΐιυε
1682 3232 1781 3275 πει
1878 3232 1983 3299 nis,
2013 3232 2153 3288 male
2178 3234 2465 3291 inveniam.
2519 3236 2671 3293 'I‘unc
2697 3236 2969 3307 Augustus
3020 3240 3074 3295 in
3101 3207 3323 3298 tantum
3354 3244 3457 3299 ad-

187 3299 527 3399 {mimorum
705 3301 783 3399 Iin
813 3301 1021 3399 Italiam
1046 3303 1323 3399 introisset
1344 3344 1362 3372 9
1383 3395 1397 3399 Α
1416 3322 1665 3399 (eversa!
1710 3311 1779 3367 ad
1878 3338 2063 3378 versus
2091 3322 2365 3379 Narsetem
2393 3334 2694 3381 commotus
2740 3299 2841 3394 est,
2872 3338 2929 3383 ut
2958 3330 3139 3384 statim
3170 3331 3225 3386 in
3253 3332 3455 3399 italiam

186 3387 400 3445 Gallias
422 3404 542 3445 cum
565 3388 827 3461 Hamingo
849 3392 956 3448 alio
974 3392 1140 3462 duce,
1166 3395 1234 3449 ad
1259 3395 1647 3466 subjiciendam
1673 3399 1780 3456 Ita-

188 3480 324 3536 liam
354 3480 665 3551 reliquerat.
697 3481 848 3539 Tunc
890 3499 1106 3556 quoque
1126 3488 1268 3557 apud
1316 3486 1775 3563 Constantinopo-

188 3572 292 3631 lim
320 3571 627 3631 Priscianus
656 3575 997 3634 Caasariensis
1038 3583 1396 3649 grammaticae
1447 3586 1598 3653 artis,
1620 3596 1678 3642 ut
1704 3588 1777 3644 ita

185 3663 429 3719 dixerim
455 3705 471 3729 ,
521 3664 786 3735 profunda
830 3668 1054 3724 rimatus
1114 3680 1218 3726 est.
1284 3672 1387 3739 Qui
1436 3674 1778 3737 Buccellinus

178 3772 322 3813 cum
349 3771 487 3826 pene
521 3765 688 3813 totam
713 3756 919 3814 Italiam
973 3760 1362 3833 direptionibus
1400 3776 1668 3834 vastaret,
1721 3779 1779 3826 et

180 3849 581 3919 Thendeperto
617 3864 717 3907 suo
741 3851 856 3922 regi
894 3851 961 3907 de
985 3854 1162 3922 pneda
1206 3854 1372 3911 Italiae
1399 3872 1622 3914 munera
1678 3874 1775 3916 co-

178 3940 355 4012 piosa
385 3939 677 4007 conferret,
699 3956 823 3996 cum
852 3941 908 3998 in
936 3942 1241 4015 Campanea
1265 3947 1508 4004 hiemare
1532 3950 1778 4021 dispone.

179 4038 305 4097 ret,
333 4030 551 4086 tandem
579 4031 633 4085 in
658 4030 779 4087 loco
807 4032 896 4088 cui
934 4031 1243 4090 Tannecum
1292 4052 1490 4094 nomen
1518 4047 1604 4096 est
1629 4043 1776 4110 gravi

178 4121 344 4180 bello
382 4136 414 4176 a
448 4121 669 4178 Narsete
689 4131 990 4193 superatus,
1022 4126 1318 4183 exstinctus
1344 4138 1449 4185 est.
1488 4131 1777 4201 llamingus

178 4231 351 4281 vero,
382 4215 509 4271 dum
528 4214 708 4271 Widin
735 4216 1034 4273 Gothorum
1061 4220 1247 4275 comiti
1282 4232 1468 4278 contra
1497 4223 1777 4281 Narsetem

177 4308 484 4368 rebellanti
511 4308 767 4365 auxilium
783 4309 926 4365 ferre
951 4321 1176 4367 conatus
1202 4312 1428 4381 fuisset,
1482 4316 1694 4386 utrique
1743 4331 1775 4373 a

174 4400 427 4459 Narsete
446 4398 681 4468 superati
706 4407 853 4457 sunt.
895 4400 1071 4457 Widin
1101 4412 1290 4473 captus
1315 4403 1772 4477 Constantinopo-

1880 3412 2179 3483 Longinum
2212 3413 2519 3484 praefectum
2550 3416 2810 3484 mitteret,
2841 3418 2933 3488 qui
2981 3419 3219 3477 Narsetls
3274 3423 3455 3480 locum

1876 3503 2163 3560 obtineret.
2212 3503 2395 3562 Narsis
2445 3522 2573 3562 vero
2601 3507 2681 3562 his
2703 3508 2952 3578 cognitis,
2979 3511 3131 3567 valde
3156 3514 3455 3586 pertimuit,

1876 3606 1934 3653 et
1957 3599 2012 3652 in
2037 3605 2246 3653 tantum
2277 3598 2508 3654 maxime
2529 3598 2597 3653 ab
2626 3600 2813 3655 eadem
2847 3600 3049 3674 Sophia
3089 3606 3326 3675 Augusta
3349 3614 3456 3661 trr-

1876 3688 2014 3744 ritus
2041 3697 2143 3755 est,
2170 3698 2229 3743 ut
2272 3689 2479 3760 regredi
2512 3690 2649 3745 ultra
2673 3689 3193 3765 Constantinopolim
3222 3713 3331 3752 non
3355 3713 3452 3753 au.

1876 3780 2047 3836 deret.
2077 3781 2173 3836 Cui
2200 3781 2292 3837 illa
2319 3782 2460 3837 inter
2489 3792 2700 3849 ctetera,
2719 3784 2843 3853 quia
2873 3784 3155 3841 eunuchus
3175 3795 3312 3853 erat,
3338 3787 3453 3844 haec

1876 3870 2047 3925 fertur
2076 3871 2379 3938 mandasse,
2400 3879 2457 3927 ut
2477 3888 2597 3928 cum
2626 3874 2818 3943 puellis
2846 3875 2899 3929 in
2928 3888 3179 3946 gynaeceo
3206 3875 3450 3931 lanarum

1876 3960 2079 4017 faceret
2106 3976 2300 4032 pensas
2329 3962 2591 4018 dividere.
2614 3965 2694 4018 Ad
2715 3980 2833 4033 quae
2863 3964 3026 4019 verba
3051 3963 3231 4020 Narsis
3258 3966 3452 4021 dicitur

1875 4052 1989 4108 hare
2014 4055 2178 4108 verba
2201 4051 2402 4109 dixisse
2427 4070 2439 4107 :
2465 4054 2624 4109 talem
2646 4070 2705 4110 se
2732 4054 2907 4110 eidem
2936 4054 3097 4111 telam
3125 4054 3448 4126 orditurum,

1875 4148 2089 4219 qualem
2118 4149 2231 4219 ipsa
2252 4149 2378 4205 dum
2407 4150 2630 4215 viveret,
2662 4148 2933 4220 deponere
2974 4165 3080 4205 non
3110 4158 3313 4219 posset.
3345 4148 3451 4205 Ita-

1874 4256 1980 4312 que
2007 4242 2132 4297 odie
2160 4250 2411 4313 metuque
2431 4243 2750 4312 exagitatus,
2776 4242 2828 4296 in
2842 4242 3117 4313 Neapolim
3143 4241 3449 4312 Campaniae

1874 4334 2143 4389 civitatem
2172 4336 2450 4403 secedens,
2472 4334 2676 4404 legatos
2717 4350 2841 4391 mox
2883 4334 2949 4389 ad
2979 4334 3451 4405 Longobardorum

1876 4434 2089 4495 gentem
2119 4426 2314 4497 dirigit,
2342 4425 2601 4482 mandans
2629 4434 2689 4480 ut
2735 4441 2971 4496 paupera
3002 4424 3290 4481 Pannonia:
3317 4440 3446 4482 rura

176 4491 293 4546 lim
320 4488 619 4544 exsulatur.
651 4487 945 4560 Hamingus
973 4506 1122 4558 vero,
1148 4493 1240 4562 qui
1269 4494 1319 4549 ei
1347 4496 1602 4549 auxilium
1632 4512 1768 4566 prte-

1881 4477 2552 4587 desererentéddtaliam,
2568 4477 2771 4573 cunctis
2791 4518 3051 4588 repletam
3075 4516 3298 4583 divitiis,
3318 4532 3448 4587 pos~

176 4580 414 4644 buerat,
447 4577 684 4635 Narsetis
727 4580 904 4650 gladio
959 4583 1260 4651 perimitur.
1300 4584 1775 4680 Tertius‘quoque

1881 4606 2154 4663 sidendam
2183 4577 2448 4664 venirent.
2479 4577 2756 4677 Simulque
2810 4577 3121 4664 multimoda
3167 4577 3450 4680 pomo-rum

173 4671 537 4770 Ρηιιεοΐιξω
563 4669 935 4770 ἀυῖο.ηοωίηῗ
972 4668 1616 4770 LGUlhariuss_Bucceuiﬂi
1654 4693 1776 4747 881⁸·
1876 4711 2093 4766 genera,
2124 4697 2457 4769 aliarumque
2498 4668 2682 4754 rerum
2727 4700 2966 4769 species,
3018 4668 3246 4770 quarum
3295 4697 3450 4756 Italia

170 4776 413 4826 manus,
448 4759 574 4820 dum
595 4762 760 4817 multa
790 4762 970 4835 praeda
1017 4775 1242 4823 onustus
1269 4767 1336 4822 ad
1364 4769 1589 4837 patriam
1613 4786 1778 4842 cupe-

173 4862 281 4914 κει
310 4852 531 4919 reverti,
560 4852 701 4911 inter
741 4853 1009 4912 Veronam
1040 4864 1096 4913 et
1120 4858 1451 4924 Tridentum,
1487 4860 1643 4931 juxta
1698 4864 1777 4918 la-

168 4960 319 5003 cum
344 4943 615 4999 Benacum
655 4947 876 5015 propria
918 4956 1093 5003 morte
1120 4947 1405 5005 defunctus
1433 4960 1534 5006 est.
1583 4953 1778 5009 Habuit

169 5031 551 5091 nihilominus
578 5032 757 5091 Narsis
782 5042 1054 5091 certamen
1082 5036 1338 5094 adversus
1362 5039 1583 5095 Sindual
1606 5041 1779 5098 Bren-

164 5134 382 5183 torum
413 5136 615 5192 regem,
637 5123 726 5188 qui
749 5125 924 5180 adhuc
946 5126 1015 5181 de
1025 5126 1345 5183 Hcrulorum
1366 5131 1536 5201 stirpe
1562 5147 1778 5189 reman-

165 5222 372 5279 serat,
404 5228 540 5283 quos
559 5229 742 5269 secum
766 5215 819 5269 in
846 5214 1054 5271 Italiam
1098 5218 1321 5275 veniens
1335 5221 1508 5277 solum
1537 5220 1781 5281 Odeacer

165 5304 521 5368 adduxerat.
552 5305 689 5361 Huic
716 5306 899 5364 Narsis
952 5308 1180 5365 ﬁdeliter
1207 5311 1308 5367 sibi
1335 5314 1561 5382 primum
1600 5318 1779 5373 adhze-

162 5398 347 5460 renti
369 5397 534 5452 multa
558 5397 819 5455 beneficia
840 5401 1087 5469 contulit,
1112 5403 1208 5459 sed
1238 5405 1526 5462 novissime
1547 5410 1781 5479 superbe

163 5493 580 5561 rebellantem,
597 5503 654 5550 et
678 5509 905 5564 regnare
925 5499 1254 5569 cupientem,
1277 5499 1418 5555 bello
1468 5510 1778 5571 superatum

161 5593 252 5642 et.
286 5590 501 5651 captum
528 5583 672 5637 celsa
687 5583 755 5638 de
784 5585 934 5641 trabe
951 5587 1247 5657 suspendit.
1271 5587 1349 5644 Eo
1383 5597 1623 5661 tempore
1645 5605 1783 5662 quo-

278 5699 307 5731 ι
346 5690 407 5747 In
434 5687 597 5748 Paulo
622 5692 857 5751 Diacono
882 5696 1075 5766 legitur
1099 5696 1402 5771 Dionysius.

1876 4787 2026 4843 ferax
2052 4796 2154 4854 est,
2180 4789 2366 4857 mittit,
2399 4796 2663 4860 quatenus
2691 4804 2876 4844 eorum
2902 4789 2967 4844 ad
2990 4790 3308 4845 veniendum
3336 4792 3451 4844 ani-

1877 4893 1995 4934 mos
2017 4887 2198 4949 posset
2216 4879 2437 4937 illicere.
2468 4878 2812 4950 Langobardi
2856 4878 2975 4932 heta
3003 4880 3215 4945 nuntia,
3231 4886 3288 4932 et
3330 4892 3451 4947 qua:

1877 4954 1979 5039 ipsi
2013 4970 2399 5040 praeoptabant,
2426 4979 2702 5040 gratanter
2728 4970 3051 5038 suscipiunt,
3096 4967 3328 5038 denique
3363 4966 3449 5022 fu-

1878 5063 2012 5117 turis
2038 5062 2332 5119 commodis
2359 5064 2568 5118 animos
2589 5062 2859 5117 attollunt.
2885 5060 3155 5116 Continuo
3182 5057 3319 5126 apud
3342 5056 3448 5111 Ita-

1876 5153 2005 5207 liam
2036 5152 2290 5209 terribilia
2307 5163 2470 5209 noctu
2501 5157 2652 5223 signa
2678 5153 2792 5208 visa
2818 5161 2964 5218 sunt,
3008 5151 3112 5206 hoc
3141 5156 3245 5213 est,
3276 5149 3449 5218 igneae

1878 5246 2023 5300 acies
2054 5247 2105 5301 in
2132 5246 2272 5303 cmlo
2300 5255 2681 5317 apparuerunt,
2712 5260 2780 5301 eo
2804 5246 3009 5303 scilicet
3036 5244 3128 5313 qui
3159 5251 3344 5314 postea
3370 5245 3448 5296 rl-

1878 5337 2025 5391 fusus
2039 5345 2120 5392 est
2146 5338 2406 5407 sanguine
2427 5346 2793 5394 coruscantes.
2825 5336 3007 5391 Narsis
3035 5349 3164 5390 vero
3192 5334 3261 5389 de
3284 5331 3446 5388 Gam-

1877 5430 2036 5498 pania
2066 5426 2293 5483 Romam
2337 5443 2615 5488 reversus.
2667 5427 2865 5484 ibidem
2906 5441 3017 5482 non
3049 5434 3173 5497 post
3216 5426 3445 5481 multum

1879 5529 2091 5589 tempus
2119 5536 2187 5574 ex
2210 5520 2312 5576 hac
2340 5521 2459 5576 luce
2483 5521 2788 5576 subtractus
2816 5527 2916 5575 est.
2934 5519 3097 5588 Cujus
3123 5534 3318 5590 corpus
3343 5533 3445 5589 po-

1877 5611 2041 5667 situm
2067 5610 2124 5665 in
2147 5610 2341 5666 locello
2365 5611 2620 5683 plumbeo
2646 5626 2770 5667 cum
2807 5611 3056 5667 omnibus
3080 5610 3321 5680 ejusdem
3366 5608 3449 5663 di-

1882 5700 2025 5758 vitiis
2051 5699 2567 5770 Constantinnpolim
2592 5711 2673 5758 cst
2722 5702 3003 5773 perlatum.
3036 5701 3137 5758 Per
3158 5702 3271 5759 haec
3315 5709 3447 5758 tem-
