3956 6342
566 272 701 330 ΗΠ

1831 249 2229 315 'LANDULPIII
2267 249 2554 306 SAGACIS

3582 259 3671 318 1148

562 399 692 455 pora
714 377 855 453 apud
906 376 1445 448 Constantinopolim,
1475 381 1533 430 ut
1584 388 1746 444 supra
1796 372 2130 442 przcmissum
2162 371 2207 424 A
2236 364 2366 455 haec.
2384 378 2480 433 per
2504 361 2868 455 iurameutum
2897 360 2964 417 αἱ)
2994 375 3062 417 eo
3079 359 3285 455 exigens
3309 402 3325 430 ,
3361 373 3671 432 commendarit.

560 485 667 542 est,
696 472 937 529 Justinus
960 471 1131 524 minor
1160 469 1436 537 regnabat,
1474 468 1555 522 vir
1602 465 1747 521 omni
1776 464 2014 519 avaritiae
2043 463 2137 517 de-

561 564 723 628 ditus,
761 567 1107 630 contemptor
1151 572 1466 627 pauperum,
1498 564 1806 610 senatorum
1853 552 2132 623 spoliator.

562 652 660 707 Cui
690 661 832 706 tanta
866 650 964 704 fuit
1005 648 1311 718 cupiditatis
1350 649 1561 711 rabies,
1614 654 1672 699 ut
1724 660 1877 700 arcas
1923 644 2138 712 juberet

563 743 765 800 ferreas
794 741 931 806 fieri,
964 741 1014 795 in
1037 739 1230 809 quibus
1258 753 1321 793 ea
1348 753 1465 806 quae
1509 737 1749 807 rapiebat
1771 736 1887 790 auri
1938 734 2134 789 talenta

562 838 896 903 congereret,
926 843 1083 899 quem
1113 828 1275 882 etiam
1311 826 1488 882 ferunt
1543 826 1595 879 in
1643 826 1869 903 [neresin
1899 823 2139 892 Pelagia-

566 941 689 983 nam
719 925 1011 995 dilapsum.‘
1038 920 1133 976 llic
1167 935 1289 975 cum
1342 934 1372 973 a
1399 918 1591 975 divinis
1636 916 1903 974 mandatis
1953 920 2135 972 aurern

566 1013 746 1069 cordis
774 1018 1061 1075 averteret,
1079 1007 1227 1077 justo
1257 1006 1353 1061 Dei
1377 1006 1580 1077 judicio
1603 1046 1619 1071 ,
1680 1007 1878 1061 amisso
1916 1005 2140 1061 rationis

566 1103 859 1165 intellectu,
888 1115 1072 1155 amens
1112 1097 1332 1155 effectus
1360 1107 1462 1154 est.
1516 1100 1611 1153 Hic
1650 1097 1919 1153 Tiberium
1965 1090 2141 1151 om-

566 1207 682 1250 rem
708 1191 915 1257 ascivit,
946 1194 1036 1259 qui
1069 1189 1117 1244 ei
1145 1189 1422 1259 palatium,
1461 1188 1547 1242 vel
1577 1187 1813 1256 singulas
1840 1185 2142 1256 provincias

566 1284 907 1356 gubernaret,
938 1279 1210 1336 hominem
1249 1279 1478 1349 justum,
1502 1278 1705 1341 utilem,
1726 1285 2025 1342 strenuum,
2055 1290 2144 1330 sa-

567 1375 826 1447 pientem,
853 1371 1359 1444 eleemosynariutn,
1391 1371 1442 1424 in
1487 1369 1699 1438 judiciis
1725 1384 1958 1439 acquum,
1982 1368 2033 1422 in
2055 1368 2140 1423 vi-

572 1463 763 1519 ctoriis
790 1462 1015 1526 clarum,
1042 1470 1118 1529 et,
1149 1460 1291 1532 quod
1335 1460 1418 1514 his
1460 1459 1709 1514 omnibus
1741 1458 2143 1528 supereminet,

569 1550 906 1607 verissimum
931 1549 1311 1605 Christianum.
1343 1548 1442 1603 Hic
1469 1564 1591 1604 cum
1621 1549 1787 1602 multa
1830 1548 1894 1603 de
1926 1548 2145 1601 thesau-

571 1640 647 1697 ris
675 1655 812 1710 quos
838 1638 1080 1696 Justinus
1102 1646 1487 1710 aggregaverat
1516 1638 1835 1706 pauperibus
1864 1644 2143 1705 erogaret,

572 1708 774 1802 Sophia
803 1729 1039 1800 Augusta
1077 1708 1407 1799 frequentius
1436 1744 1558 1785 eum
1598 1729 1942 1798 increpabat,
1999 1726 2143 1796 quod
2181 1708 2223 1766 Β

572 1821 958 1894 rempublicam
1004 1821 1299 1891 redegisset
1356 1821 1410 1875 in
1468 1829 1872 1890 paupertatem,
1920 1818 2147 1874 dicens:

577 1913 734 1981 Quod
761 1926 861 1982 ego
890 1911 1069 1967 multis
1094 1912 1246 1969 annis
1273 1912 1615 1981 congregavi,
1648 1920 1704 1964 tu
1756 1910 1890 1964 infra
1920 1925 2149 1980 paueum

576 2012 792 2077 tempus
819 2003 1042 2074 prodige
1070 2002 1351 2073 dispergis.
1408 2002 1597 2056 Aiebat
1624 2010 1800 2055 autem
1851 2002 1940 2055 ille
1965 2016 1979 2053 :
2010 2000 2154 2055 Cun-

579 2093 687 2152 ﬁdo
712 2095 766 2151 in
796 2094 1023 2149 Domino
1050 2095 1174 2164 quia
1200 2109 1307 2148 non
1337 2092 1511 2146 deerit
1538 2093 1763 2161 pecunia
1795 2091 1922 2147 fisco
1946 2100 2149 2155 nostro,

582 2198 790 2245 tantum
820 2196 878 2243 ut
900 2202 1161 2259 pauperes
1197 2187 1592 2258 eleemosynam
1631 2186 1914 2255 accipiant,
1942 2192 2034 2239 aut
2065 2200 2154 2238 ca-

582 2279 714 2350 ptivi
743 2278 1090 2334 redimantur.
1119 2278 1231 2334 Hoc
1257 2287 1603 2348 estmagnum
1626 2277 1932 2332 thesaurum
1956 2277 2151 2343 facere,

582 2370 801 2427 dicente
851 2370 1079 2426 Domino
1120 2387 1132 2421 :
1191 2370 1555 2425 Thesaurizate
1595 2370 1733 2424 vobis
1786 2371 2049 2423 thesauros
2102 2371 2157 2426 in

583 2460 729 2523 caelo,
758 2458 845 2511 ubi
874 2474 1032 2526 neque
1052 2472 1246 2528 aerugo,
1269 2475 1427 2527 neque
1474 2459 1607 2513 tinea
1638 2461 1941 2529 corrumyh,
1984 2468 2031 2513 tt
2072 2462 2158 2517 ubi

585 2550 729 2619 fures
758 2563 860 2602 non
885 2548 1155 2616 e/Todiuut,
1188 2565 1279 2602 nec
1326 2550 1585 2619 furantur.
1618 2548 1759 2623 Ergo
1808 2549 1876 2606 tle
1914 2551 1998 2605 his
2039 2567 2159 2622 qua:

586 2635 776 2693 tribuit
800 2635 1057 2694 Dominus
1082 2652 1466 2709 congregemus
1496 2642 1772 2696 thesauros
1801 2634 2020 2697 inetelo
2043 2682 2059 2707 ,
2105 2650 2161 2697 et

587 2729 845 2786 Dominus
872 2731 1025 2787 nobis
1069 2747 1263 2801 augere
1290 2732 1593 2800 dignabitur
1636 2733 1688 2787 iu
1738 2732 1954 2788 szeculo.
2000 2732 2162 2801 Igitur

585 2817 829 2877 Justinus
864 2834 985 2876 cum
1016 2821 1263 2877 undecim
1290 2822 1445 2876 annis
1470 2833 1742 2891 regnasset
1770 2863 1785 2891 ,
1838 2823 2156 2891 amentiam,

586 2925 749 2981 quam
780 2911 1097 2978 incurrerat,
1125 2911 1336 2967 tandem
1359 2928 1480 2968 cum
1511 2912 1618 2967 vita
1647 2912 1836 2966 ﬁnivit.
1868 2913 2010 2967 Bella
2030 2928 2160 2968 sane

586 3018 707 3074 quae
732 3018 829 3075 per
856 3002 1131 3060 Narsetem
1170 3004 1449 3074 patricium
1477 3005 1663 3060 Gothis
1716 3005 1799 3060 vel
1845 3004 2067 3059 Francis
2094 3004 2158 3058 il-

584 3094 697 3151 lata
717 3095 961 3166 superius
989 3111 1087 3167 per
1112 3096 1552 3166 anticipationem
1574 3095 1823 3161 diximus,
1842 3097 2000 3166 hujus
2024 3104 2161 3150 tern-

586 3185 810 3256 poribus
838 3194 987 3254 gesta
1026 3193 1171 3241 sunt.
1207 3185 1442 3256 Denique
1472 3195 1527 3240 et
1554 3200 1676 3240 cum
1705 3184 1875 3240 Roma
1907 3186 2165 3255 tempori-

588 3275 691 3331 bus
718 3275 993 3331 Benedicti
1048 3291 1217 3346 papae,
1249 3276 1583 3333 vastantibus
1618 3277 1797 3332 omnia
1841 3293 1936 3347 per
1974 3278 2165 3333 circui-

589 3371 706 3447 tum
734 3362 1121 3435 Lougobardis,
1166 3364 1321 3420 famis
1357 3364 1579 3434 penuria
1636 3365 1944 3433 laboraret,
1997 3369 2166 3424 multa

591 3452 761 3509 millia
790 3452 1042 3508 frumenti
1068 3455 1291 3509 navibus
1315 3455 1381 3509 ab
1399 3455 1633 3528 Egypto
1655 3457 1909 3527 dirigens,
1933 3474 2052 3514 eam
2067 3460 2165 3516 sub

591 3545 771 3604 studio
800 3545 1181 3601 misericordia:
1204 3548 1475 3603 relevavit.

663 3635 879 3692 Mortuo
907 3650 1035 3705 ergo
1082 3633 1310 3703 Justino,
1350 3637 1593 3696 Tiberius
1621 3639 2019 3709 Constantinus,
2052 3643 2166 3699 Ro-

592 3737 879 3780 manorum
902 3738 1084 3794 regum
1112 3726 1602 3797 quinquagesimus,
1619 3733 1845 3802 sumpsit
1863 3734 2164 3803 imperium.

596 3815 697 3871 Hic
722 3829 868 3885 cum,
897 3824 958 3871 ut
986 3817 1229 3886 superius
1270 3817 1497 3875 diximus
1519 3860 1534 3888 ,
1586 3820 1796 3879 Justino
1850 3824 2021 3880 adhuc
2050 3825 2168 3880 Ca:-

598 3920 743 3972 sare,
772 3907 1027 3977 palatium
1054 3917 1266 3976 regeret
1290 3951 1304 3975 ,
1353 3918 1405 3964 et
1430 3911 1623 3966 multas
1650 3913 1887 3981 quotidie
1936 3914 2171 3971 eleemo-

599 4015 761 4072 synas
790 3998 1013 4062 faceret,
1043 4015 1288 4068 magnam
1312 4002 1360 4055 ei
1381 4001 1636 4057 Dominus
1662 4004 1778 4058 auri
1808 4005 2015 4075 capiam
2041 4006 2169 4061 sub-

601 4088 942 4143 ministravit.
984 4087 1114 4142 Nam
1142 4089 1491 4146 deambulans
1523 4108 1618 4162 per
1660 4093 1937 4163 palatium,
1956 4094 2087 4149 vidit
2116 4096 2169 4151 in

598 4181 905 4252 pavimento
927 4179 1117 4235 domus
1139 4180 1374 4236 tabulam
1396 4198 1749 4240 marmoream
1773 4229 1787 4253 ,
1841 4186 1893 4241 in
1922 4202 2026 4260 qua
2056 4197 2172 4244 erat

601 4286 732 4327 crux
770 4271 1044 4328 Dominica
1074 4274 1301 4345 sculpta,
1328 4284 1383 4330 et
1410 4276 1484 4331 ait
1510 4293 1523 4329 :
1557 4279 1777 4333 Crucem
1803 4278 2031 4348 Domini,
2063 4295 2170 4350 qua

2243 454 2504 509 Defuncto
2545 469 2673 508 vero
2725 451 2967 517 Narsete,
2993 453 3313 521 supradictus
3333 472 3470 513 senex
3489 462 3539 515 ad
3559 463 3678 522 Casa.

2240 560 2355 600 rem
2382 544 2655 598 Tiberium
2687 543 2936 610 veniens,
2977 541 3111 597 dixit
3133 539 3145 596 Ξ
3170 543 3227 598 Si
3271 547 3401 613 mihi,
3424 548 3588 620 inquit,
3619 560 3681 612 ali.

2239 639 2366 706 quid
2394 638 2630 706 prodest,
2655 650 2902 704 magnam
2949 650 3084 699 rem,
3113 633 3294 699 Cassar,
3324 638 3487 695 dicam.
3509 642 3582 697 Cui
3597 648 3681 701 me;

2240 729 2357 794 Die,
2387 729 2483 794 ait,
2506 727 2634 797 quid
2651 728 2751 795 vis,
2781 730 2923 783 enim
2954 728 3191 795 proderit
3215 729 3333 794 tibi,
3377 731 3414 785 si
3454 735 3553 801 quid
3585 741 3687 795 nobis

2241 818 2575 888 profuturum
2624 832 2744 874 esse
2789 819 3107 872 narraveris.
3177 818 3507 889 Thcsaurum,
3546 825 3688 895 inquit,

2236 910 2484 967 Narsetis
2508 913 2682 966 habeo
2731 912 3086 978 reconditum,
3118 912 3253 980 quod
3286 914 3333 965 in
3382 924 3577 970 extremo
3613 923 3691 974 vita:

2243 1006 2450 1073 positus
2476 990 2654 1059 celare
2676 1019 2785 1058 non
2814 1018 3052 1074 possum.
3079 1003 3225 1058 Tunc
3243 1002 3405 1058 Caesar
3423 1006 3612 1061 Tiberius
3630 1024 3691 1078 ga-

2243 1096 2392 1150 visus
2420 1095 2581 1150 mittit
2609 1094 2855 1166 usquead
2883 1096 3059 1150 locum
3083 1109 3277 1166 pueros
3298 1111 3430 1157 suos,
3455 1100 3695 1164 prmeedente

2242 1204 2376 1243 vero
2404 1202 2534 1242 sene
2574 1188 2628 1242 hi
2657 1197 2954 1257 sequuntur
2991 1187 3201 1243 attenti.
3241 1187 3699 1257 Pervenientesquetd

2245 1280 2560 1349 cisternam,
2582 1279 3009 1349 deopertamque
3036 1277 3390 1347 ingrediuntur
3408 1318 3421 1342 ,
3470 1279 3511 1332 in
3531 1294 3606 1347 qua
3622 1289 3702 1333 un-

2247 1379 2361 1424 tum
2392 1369 2507 1424 auri
2535 1370 2621 1424 vel
2651 1370 2858 1439 argenti
2888 1378 3159 1439 repertum
3213 1377 3294 1423 est
3316 1408 3329 1433 ,
3372 1377 3426 1421 ut
3460 1384 3538 1436 per
3573 1370 3702 1425 multos

2247 1459 2366 1514 dies
2389 1461 2477 1513 vix
2498 1474 2528 1513 a
2559 1460 2966 1529 deporutntibus
2995 1460 3254 1528 potuisset
3286 1458 3522 1513 evacuari.
3540 1458 3632 1525 Qua
3651 1462 3706 1515 ille

2249 1563 2389 1618 pene
2413 1549 2593 1603 omnia
2622 1549 2915 1604 secundum
2938 1564 3143 1605 morem
3176 1565 3325 1604 suum
3350 1550 3606 1621 erogatione
3633 1552 3706 1605 lar-

2255 1638 2469 1705 gissima
2488 1638 2819 1707 dispensavit
2847 1641 3052 1709 egenis.
3103 1640 3200 1694 llic
3223 1655 3338 1695 cum
3361 1640 3639 1708 Augustalem
3656 1656 3711 1695 co-

2252 1742 2439 1782 ronam
2468 1737 2785 1797 accepturus
2807 1738 2979 1795 8580!,
3001 1744 3231 1799 eumque
3279 1730 3538 1784 secundum
3559 1744 3710 1783 601180(-

2250 1815 2489 1870 tudinem
2510 1816 2577 1870 ad
2596 1817 2957 1885 spectaculum
2984 1817 3126 1872 Circi
3184 1817 3401 1887 populus
3440 1826 3715 1886 exspectaret,

2252 1913 2579 1982 insidiasque
2607 1913 2655 1966 ei
2687 1920 3017 1981 praepararet
3054 1912 3255 1981 Sapltia
3303 1912 3530 1980 Augusta,
3554 1909 3717 1964 ullusu-

2255 2003 2495 2067 nianum,
2524 2001 2717 2057 Justini
2774 2011 3045 2072 nepotem,
3077 2002 3141 2056 ad
3175 2002 3469 2071 dignitatem
3513 2000 3718 2069 imperato-

2253 2095 2391 2149 riam
2418 2094 2748 2158 sublimaret,
2783 2094 2872 2147 ille
2924 2108 3022 2162 per
3060 2094 3176 2147 loca
3200 2100 3378 2147 sancta
3423 2091 3549 2160 prius
3584 2104 3719 2158 prace-

2254 2185 2410 2250 dens,
2432 2184 2623 2239 deinde
2651 2194 2842 2239 vocato
2872 2186 2939 2238 ad
2969 2199 3029 2239 se
3075 2184 3329 2255 pontifice
3370 2185 3515 2247 urbis,
3535 2198 3626 2238 cum
3642 2197 3722 2236 cun-

2255 2275 2462 2330 sulibus
2517 2289 2580 2329 ae
2626 2274 2891 2345 praefectis
2940 2275 3198 2344 palatium
3254 2276 3536 2343 ingressus,
3580 2273 3724 2327 indutus

2259 2376 2512 2438 purpura,
2545 2368 2852 2424 diademate
2880 2378 3192 2437 coronatus,
3224 2369 3413 2425 throno
3434 2368 3645 2439 imperiali
3666 2383 3727 2436 pu-

2258 2460 2413 2523 situs,
2439 2474 2560 2514 cum
2583 2460 2860 2515 immensis
2886 2460 3130 2515 laudibus
3154 2462 3210 2514 in
3238 2462 3379 2529 regni
3406 2471 3479 2516 est
3498 2460 3628 2528 gloria
3644 2474 3728 2513 con-

2260 2550 2524 2604 firmatus.
2548 2550 2699 2615 Quod
2722 2549 2839 2618 ejus
2866 2551 3153 2605 adversarii
3188 2553 3472 2617 audientes,
3495 2548 3729 2618 nihilqucei,

2259 2641 2349 2710 qui
2379 2641 2432 2694 in
2462 2641 2684 2695 Domino
2709 2655 2857 2710 spem
2878 2656 3029 2695 suam
3060 2654 3320 2711 posuerat
3346 2682 3361 2707 ,
3410 2639 3593 2697 ollicere
3614 2638 3732 2691 rales.

2261 2740 2365 2799 tes,
2394 2745 2588 2801 magno
2614 2741 2740 2786 sunt
2770 2732 3094 2787 confusionis
3124 2733 3333 2802 pudore
3349 2732 3579 2802 cooperti.
3601 2730 3733 2783 Trans-

2261 2824 2399 2879 actis
2420 2832 2598 2878 autem
2628 2824 2810 2892 paucis
2866 2824 3073 2889 diebus,
3122 2823 3449 2879 JUSliniatiUS
3493 2822 3665 2893 projeeit
3699 2834 3737 2873 se

2262 2915 2487 2985 pedibus
2516 2914 2876 2985 imperatoris,
2908 2916 2978 2969 ob
3025 2917 3279 2971 meritum
3310 2916 3500 2987 gratim,
3521 2912 3737 2984 quindecim

2262 3007 2311 3061 ei
2338 3008 2453 3061 auri
2483 3007 2791 3061 centenaria
2821 3005 3084 3062 deferens.
3112 3007 3289 3073 Quem
3322 3008 3408 3062 ille
3432 3006 3664 3063 secundum
3678 3017 3740 3071 pa-

2266 3098 2464 3152 tientiae
2486 3113 2598 3152 sure
2628 3098 2874 3152 meritum
2903 3097 3197 3166 colligens,
3246 3099 3346 3153 sibi
3375 3108 3428 3153 ut
3447 3099 3494 3151 in
3516 3095 3667 3165 palatio
3683 3106 3741 3145 as-

2262 3191 2476 3246 sisteret
2496 3191 2673 3261 jussit.
2715 3189 2913 3260 Sophia
2935 3206 3061 3246 vero
3088 3194 3333 3261 Augusta
3389 3192 3629 3244 immernor
3665 3198 3743 3251 pro.

2263 3282 2533 3337 missionis
2587 3296 2749 3351 quam
2803 3282 3070 3351 quondam
3114 3283 3166 3337 in
3217 3282 3480 3337 Tiberium
3528 3278 3744 3336 habuerat,

2266 3375 2484 3430 insidias
2503 3374 2553 3428 ei
2575 3374 3184 3443 pertentavitjngerere.
3209 3372 3540 3427 Praecedente
3560 3376 3690 3422 autem
3705 3377 3747 3416 eo

2265 3464 2335 3518 ad
2369 3463 2571 3527 villam,
2596 3463 2685 3518 ubi
2712 3464 2865 3533 juxta
2894 3465 3054 3517 ritum
3086 3461 3424 3531 imperialem
3467 3452 3748 3525 trigintadie

2264 3556 2366 3611 bus
2392 3555 2460 3611 ad
2484 3555 2801 3611 vindemiam
2846 3554 3261 3623 jucundaretur,
3287 3566 3474 3608 vocato
3500 3550 3612 3604 clam
3633 3542 3744 3599 Justi-

2266 3648 2450 3711 niano,
2483 3647 2653 3702 voluit
2674 3661 2795 3702 eum
2819 3646 3106 3701 sublimare
3130 3645 3183 3698 in
3218 3659 3407 3713 regno.
3433 3643 3536 3709 Quo
3554 3641 3750 3704 comperto

2268 3738 2514 3793 Tiberius
2537 3752 2699 3792 cursu
2726 3736 2894 3792 veloci
2927 3734 3457 3804 ConstantinOpolim
3497 3727 3753 3798 regreditur»

2268 3830 2767 3899 apprehensamque
2820 3829 3112 3895 Augustam
3156 3827 3415 3881 omnibus
3457 3817 3677 3876 thesauris
3696 3827 3753 3866 ex-

2270 3921 2538 3993 spoliavit,
2561 3920 2735 3975 solum
2759 3920 2807 3973 ei
2827 3920 3027 3973 victum
3057 3918 3435 3986 quotidianum
3461 3915 3509 3969 in
3529 3912 3757 3966 alimentum

2270 4012 2598 4080 relinquens,
2622 4010 3019 4079 segregatisque
3046 4008 3233 4077 pueris
3269 4008 3390 4076 ejus
3413 4005 3477 4059 ab
3506 4018 3577 4067 ea,
3604 3994 3756 4053 aliosde

2271 4100 2516 4155 fidelibus
2542 4100 2651 4154 suis
2664 4098 2854 4165 posuit.
2872 4096 2964 4166 qui
2985 4097 3033 4151 ei
3060 4106 3341 4166 parerent,
3358 4094 3594 4149 mandans
3610 4096 3762 4158 prorsus

2273 4199 2327 4246 ul
2374 4190 2551 4245 nullus
2583 4189 2650 4244 de
2677 4189 3038 4243 anterioribus
3062 4187 3127 4240 ad
3153 4202 3277 4242 eam
3312 4187 3760 4240 baberetaccessum.

2272 4282 2626 4339 Justinianum
2646 4294 2773 4335 vero
2793 4280 2971 4334 verb?s
2991 4279 3337 4334 solummodo
3352 4277 3652 4347 objurgatum
3666 4272 3765 4321 tanto

603 4360 835 4416 frontem
867 4372 1103 4417 nostram
1150 4373 1205 4418 et
1252 4373 1466 4433 pectora
1500 4366 1707 4421 munire
1736 4367 2014 4435 debemus,
2044 4384 2170 4424 ecce
2202 4374 2330 4453 Din
2361 4382 2634 4445 posterum
2664 4385 2849 4425 amore
2873 4371 3076 4434 dilexit,
3104 4378 3162 4422 ut
3192 4368 3307 4423 filio
3355 4369 3468 4436 ejus
3490 4366 3628 4418 ﬁliam
3664 4368 3766 4410 suam

603 4465 722 4507 eam
759 4451 857 4506 sub
877 4454 1099 4523 pedibus
1127 4456 1522 4511 conculcatnus.
1556 4456 1623 4512 Et
1661 4457 1802 4514 dicto
1832 4459 1986 4514 citius
2011 4461 2172 4530 jussit

605 4541 848 4595 eamdem
869 4541 1101 4596 tabulam
1130 4544 1328 4599 auferri
1360 4545 1427 4601 de
1464 4546 1623 4615 fossa,
1654 4564 1757 4616 qua
1786 4549 1987 4603 elevata
2014 4560 2174 4620 atque

609 4637 813 4694 erecta,
843 4632 1115 4687 inveniunt
1138 4634 1325 4689 subtus
1352 4643 1406 4690 et
1446 4637 1604 4691 aliam
1630 4639 1732 4693 hoc
1757 4641 1961 4709 signum
1987 4649 2043 4705 ᾧ
2078 4645 2175 4698 ha-

610 4719 844 4786 bentem,
874 4722 965 4791 qui
992 4732 1045 4776 et
1069 4723 1234 4793 ipsam
1258 4724 1418 4793 jussit
1465 4726 1682 4781 auferri.
1726 4729 1838 4794 Qua
1868 4740 2066 4797 amota,
2090 4748 2175 4787 re-

609 4811 828 4883 periunt
875 4821 930 4867 et
958 4814 1186 4880 tertiam,
1211 4815 1469 4885 jussuque
1524 4816 1640 4886 ejus
1667 4835 1786 4874 eum
1832 4821 1946 4875 ha-c
1991 4822 2178 4879 fuisset

612 4902 811 4967 ablata,
842 4903 1118 4959 inveniunt
1145 4919 1393 4974 magnum
1428 4907 1753 4974 thesaurum,
1782 4910 2061 4965 habentem
2086 4928 2177 4967 su-

612 5007 709 5064 pra
733 4993 875 5048 mille
903 4995 1016 5048 auri
1045 5000 1369 5051 centenaria.
1394 4997 1780 5067 Sttblutumque
1809 5017 2019 5068 aurum,
2043 5020 2174 5072 pau-

613 5084 830 5155 peribus
857 5085 1032 5145 adhuc
1084 5088 1435 5146 abundantius
1479 5107 1637 5160 quam
1680 5104 1964 5148 consuetus
2009 5095 2180 5151 fuerat

612 5172 855 5245 largitur.
889 5173 1067 5232 Narsis
1094 5190 1309 5246 quoque
1337 5180 1592 5248 patricius
1616 5181 1799 5245 Italim.
1823 5200 1941 5238 cum
1972 5186 2022 5240 in
2047 5203 2178 5258 qua-

613 5261 737 5317 dam
774 5264 991 5321 civitate
1018 5266 1156 5320 intra
1186 5266 1391 5322 Italiam
1430 5269 1644 5325 domum
1669 5287 1910 5341 magnam
1935 5279 2175 5345 traheret,

614 5353 682 5408 ad
710 5368 873 5425 supra
904 5368 1252 5413 memoratam
1275 5360 1462 5414 urbem
1488 5361 1716 5429 advenit,
1741 5365 1917 5435 ibique
1939 5369 1991 5422 in
2019 5370 2179 5427 domo

614 5458 711 5499 sua
740 5447 948 5501 occulte
976 5449 1262 5507 cisternam
1294 5466 1536 5520 magnam
1569 5452 1718 5518 fodit,
1749 5457 1800 5510 in
1844 5475 1947 5528 qua
2011 5465 2178 5519 multa

615 5541 783 5596 millia
808 5547 1237 5600 centenariorum
1279 5549 1394 5602 auri
1435 5554 1744 5622 argentique
1774 5561 2049 5627 reposuit,
2102 5562 2176 5615 in-

620 5633 963 5704 terfectisque
990 5638 1236 5694 omnibus
1264 5642 1511 5710 consciis,
1546 5646 1633 5701 uni
1668 5652 2033 5706 tantummodo
2063 5656 2178 5709 seni

2278 4465 2646 4536 promitteret,
2678 4476 2965 4529 rursusque
3010 4460 3121 4515 filio
3148 4460 3315 4514 filiam
3357 4473 3506 4515 suam
3548 4452 3765 4521 expeteret-

2276 4557 2382 4610 Sed
2405 4556 2519 4609 haec
2547 4570 2633 4609 res
2656 4553 2892 4615 minime,
2915 4566 3075 4620 quam
3099 4551 3168 4605 ob
3198 4565 3421 4607 causam
3446 4547 3621 4608 nescio,
3647 4538 3696 4593 ad
3715 4538 3769 4587 οἵ·

2274 4647 2472 4703 fectum
2505 4645 2765 4715 pervenit.
2797 4641 2964 4712 Hujus
2993 4642 3268 4697 exercitus
3298 4642 3368 4695 ab
3389 4655 3455 4695 eo
3481 4638 3678 4692 directus
3690 4627 3773 4679 Per-

2275 4754 2363 4793 sas
2393 4737 2761 4807 potentissime
2802 4735 3118 4800 debellavit,
3175 4734 3461 4803 victorque
3513 4724 3771 4795 regredienit

2277 4837 2480 4883 tantam
2505 4828 2701 4882 molem
2731 4826 2941 4896 prtedze,
2975 4840 3095 4880 cum
3128 4824 3320 4893 viginti
3372 4823 3567 4894 pariter
3588 4813 3777 4883 elephltl‘

2279 4918 2365 4984 tis,
2388 4917 2615 4981 detulit,
2669 4924 2731 4971 ut
2768 4917 3013 4971 humana:
3056 4915 3376 4970 crederetur
3415 4927 3564 4983 posse
3598 4904 3779 4961 sufficere

2279 5008 2577 5079 cupiditati.
2610 5007 2855 5063 Tiberius
2905 5008 3064 5075 igitur
3088 5006 3476 5061 Constantinus
3501 5045 3514 5069 ,
3562 5004 3778 5070 ροειειυειιι

2278 5109 2481 5169 septem
2508 5107 2723 5154 rexerat
2750 5099 2925 5162 annis,
2953 5098 3190 5152 sentiens
3234 5097 3343 5151 sibi
3374 5097 3510 5150 diem
3539 5087 3692 5144 mortis
3713 5084 3780 5134 im-

2280 5191 2503 5255 minere,
2528 5204 2632 5244 una
2659 5206 2779 5243 cum
2795 5188 3018 5243 consilio
3041 5185 3255 5256 SOphite
3271 5187 3523 5253 Augusta:
3539 5174 3781 5235 Mauricium

2281 5295 2477 5350 genere
2498 5279 2887 5349 Cappadocem,
2921 5278 3090 5333 virum
3144 5287 3450 5341 strenuum,
3480 5276 3541 5329 ad
3570 5267 3782 5337 imperium

2283 5375 2463 5443 elegit,
2492 5383 2842 5441 ornatamque
2867 5387 3021 5427 suam
3052 5372 3212 5425 tiliam
3240 5372 3510 5438 regalibus
3526 5356 3786 5422 ornamentis

2284 5481 2402 5521 eam
2434 5465 2649 5520 tradidit
2678 5466 2746 5527 ei,
2772 5464 2989 5519 dicens:
3018 5462 3075 5517 Si
3109 5464 3198 5517 tibi
3227 5463 3512 5533 imperium
3533 5473 3681 5514 meum
3698 5464 3782 5505 cum

2283 5559 2388 5614 hac
2406 5557 2581 5629 puella
2607 5569 2946 5620 concessum,
2997 5563 3151 5610 utere
3178 5569 3246 5608 eo
3301 5554 3451 5619 felix,
3482 5563 3663 5608 memor
3684 5556 3783 5598 sent-

2287 5668 2382 5722 per
2422 5663 2479 5708 ut
2522 5649 2777 5716 aequitate
2816 5647 3129 5717 justitiaque
3187 5647 3499 5704 delecteris.
3538 5645 3645 5701 ﬂare
3680 5646 3783 5701 ροδίο

3835 1998 3837 2091 l

3836 2102 3839 2187 ψ

3840 2204 3841 2287 ι

3842 2308 3843 2371 l
