3956 6342
149 326 176 379 I
189 324 293 384 M9

1164 308 1709 371 ADDITAMENTUM
1750 306 1845 361 AD
1875 306 2053 363 msr.
2088 305 2399 361 MISCELL.

3270 299 3406 358 “50

144 453 312 507 quam
340 434 495 501 dixit,
521 433 589 489 de
613 433 715 489 hac
733 432 854 488 luce
897 428 964 485 ad
991 436 1247 485 aeternam
1276 427 1503 497 patriam
1533 424 1726 491 migra-
1757 421 1805 479 Δ
1832 418 1932 472 bus
1982 418 2165 486 Italiaa,
2205 420 2366 488 quale
2419 424 2544 486 post
2590 415 2713 471 Noe
2749 422 2993 485 tempora
3035 428 3143 469 non
3172 412 3411 469 creditur

147 528 247 591 vit,
277 539 530 593 tnagnum
558 523 755 578 luctum
783 520 993 590 populis
1008 519 1074 573 de
1099 534 1195 574 sua
1212 528 1388 571 morte
1402 515 1728 583 relinquens.

146 616 431 670 Fuitenim
449 629 673 670 summa:
695 611 971 677 bonitatis,
988 612 1039 665 in
1058 608 1414 679 eleemosynis
1434 614 1735 676 promptus,

148 706 205 761 in
234 705 659 775 judiciojustus,
693 704 744 757 in
769 702 1061 771 judicando
1101 699 1441 755 cautissimus
1470 738 1486 763 ,
1533 695 1736 749 nullum

148 794 479 865 despiciens,
530 793 625 849 sed
672 808 861 847 onmes
911 792 962 844 in
1017 791 1156 844 bona
1192 786 1473 840 voluntate
1502 784 1737 852 comple-

150 895 326 950 ctens,
353 898 649 954 omnesque
670 882 917 950 diligens,
948 880 1064 949 ipse
1101 891 1317 948 quoque
1345 882 1427 930 est
1457 875 1681 929 dilectus
1707 887 1738 927 a

155 987 295 1027 eunc
304 973 394 1029 tis.

222 1064 347 1130 Quo
366 1062 621 1118 defuncto
641 1104 656 1129 ,
690 1061 978 1116 Mauricius
1008 1059 1227 1115 indutus
1248 1072 1504 1128 purpura,
1528 1065 1583 1111 et
1609 1055 1743 1110 redi-

149 1152 318 1207 mitus
371 1152 703 1216 diademate,
737 1152 804 1206 ad
853 1150 1068 1205 Cirtum
1126 1149 1431 1220 processit,
1484 1148 1743 1211 acclama-

151 1244 334 1312 tisque
354 1244 454 1297 sibi
486 1243 733 1296 laudibus
751 1283 769 1308 ,
797 1242 1019 1310 largitus
1047 1241 1246 1310 papula
1269 1254 1515 1306 munera,
1537 1237 1742 1308 primus

148 1347 221 1388 ex
250 1331 562 1389 Grmcarum
581 1347 778 1402 genere
810 1334 861 1387 in
884 1332 1111 1401 imperio
1133 1330 1483 1386 conﬁrmatus
1503 1338 1606 1385 est.
1629 1328 1744 1383 Hoc

152 1433 404 1493 tempore
426 1422 716 1478 Mauricius
742 1423 1038 1491 imperator
1062 1420 1409 1491 Ghildeperta
1438 1421 1551 1489 regi
1577 1420 1743 1474 Frano

151 1530 342 1572 corum
373 1516 761 1585 quinquaginta
806 1515 973 1570 millia
1000 1513 1199 1571 solidos
1247 1502 1346 1584 per
1384 1513 1588 1584 legatos
1615 1528 1743 1568 suos

150 1605 370 1672 direxit,
397 1616 453 1660 ut
482 1621 603 1662 cum
624 1606 864 1661 exercitu
895 1621 1056 1675 super
1079 1605 1461 1673 Langobardos
1488 1606 1739 1669 irrueret,

150 1713 361 1778 eosque
406 1699 475 1754 de
513 1698 664 1754 Italia
710 1700 1117 1754 exterminaret.
1151 1699 1253 1765 Qui
1291 1714 1413 1754 cum
1460 1698 1738 1752 innumera

150 1776 490 1847 Francorum
534 1791 878 1845 multitudine
917 1791 968 1845 in
998 1790 1205 1845 Italiam
1252 1790 1431 1847 subito
1480 1790 1740 1844 introivit.
1773 1758 1817 1818 Β

152 1880 505 1949 Langobardi
546 1898 677 1938 vero
725 1883 778 1937 in
830 1883 1138 1947 civitatibus
1177 1897 1238 1939 se
1291 1884 1741 1951 communientes,

149 1972 642 2029 intercurrentibus
692 1974 882 2043 legatis
903 2017 919 2043 ,
948 1975 1253 2047 oblatisque
1280 1975 1611 2037 muneribus,
1646 1991 1742 2044 pa-

148 2080 273 2121 cem
325 2081 449 2121 cum
480 2067 823 2136 Cltildeperto
852 2068 1115 2123 fecerunt.
1151 2067 1250 2132 Qui
1284 2084 1403 2122 cum
1449 2069 1512 2121 ad
1544 2066 1745 2121 Gallias

146 2165 472 2220 remeasset,
521 2160 738 2226 cognito
769 2159 1065 2228 imperatur
1113 2159 1405 2213 Mauricius
1448 2160 1573 2227 quia
1621 2173 1744 2212 cum

146 2248 525 2318 Langobarhis
565 2250 738 2305 l'tedus
767 2251 979 2316 inierat,
1018 2252 1163 2322 quod
1190 2253 1238 2307 ei
1270 2250 1745 2319 Langobardorum

145 2340 540 2396 detrimentum
554 2342 796 2407 dederat,
826 2352 1075 2412 repetere
1101 2344 1269 2413 cupit.
1292 2342 1396 2396 Sed
1421 2343 1510 2397 ille
1530 2357 1746 2396 suarum

144 2431 354 2486 virium
410 2434 651 2504 potentia
694 2435 883 2501 fretus,
913 2450 1012 2505 pro
1041 2436 1142 2489 hac
1186 2450 1246 2489 re
1293 2450 1393 2489 nec
1432 2447 1744 2503 responsum

145 2524 387 2579 reddere
398 2525 585 2579 voluit.
610 2525 701 2582 His
729 2527 908 2596 itaque
921 2529 1104 2595 gestis,
1125 2527 1418 2583 Autharius
1440 2543 1534 2582 rex
1553 2527 1752 2581 Brexil-

144 2612 267 2666 lum
293 2612 590 2678 civitatem,
639 2630 801 2685 super
848 2616 977 2670 Padi
1029 2619 1324 2687 marginem
1375 2619 1624 2688 positam,
1657 2634 1747 2673 ex-

146 2717 403 2773 pugnare
433 2719 717 2775 aggressus
747 2715 856 2772 est,
909 2709 962 2761 in
991 2723 1151 2777 quam
1182 2707 1396 2761 Dalrqu
1416 2709 1523 2761 dux
1550 2724 1578 2761 a
1610 2708 1752 2763 Lon-

147 2794 413 2864 gobardis
433 2797 769 2867 confugerat,
792 2813 852 2855 se
880 2800 1119 2869 partibus
1143 2801 1483 2870 imperatoris
1512 2801 1746 2863 tradens,

146 2888 401 2945 sociatus
440 2890 701 2945 militibus
732 2890 1211 2960 Langobardorum
1241 2892 1502 2947 exercitui
1542 2882 1753 2945 fortiter

148 2980 470 3036 resistebat.
524 2982 629 3037 Isle
672 2996 737 3037 ex
786 2982 1110 3047 Suavornm,
1140 2984 1244 3038 hac
1273 2990 1394 3046 est,
1430 2982 1751 3037 Alamanno-

1834 508 2022 563 l‘uisse.
2048 508 2227 565 Factae
2255 516 2382 563 sunt
2426 509 2636 563 lacunae
2676 506 3079 575 possessiones,
3118 520 3213 559 seu
3259 503 3413 571 villae

1835 614 1975 664 rum,
2031 599 2413 667 hominumque
2441 599 2641 668 pariter
2685 606 2741 652 et
2794 596 3140 650 animantium
3187 608 3413 663 magnus

1839 690 2104 744 interitus.
2132 692 2405 745 Destructa
2442 697 2569 743 sunt
2596 688 2812 751 itinera,
2842 686 3115 756 dissipata:
3142 687 3269 750 vim;
3296 694 3414 738 tan-

1842 788 2063 847 tumque
2107 778 2324 834 Athesis
2353 779 2544 835 ﬂuvius
2575 787 2701 832 tunc
2723 778 2983 841 excrevit,
3016 784 3077 831 ut
3105 777 3244 829 circa
3272 762 3416 830 basi—

1839 870 1994 924 licam
2019 870 2160 925 beati
2199 870 2430 925 Zenonis
2474 871 2739 939 martyris,
2771 884 2890 939 qua:
2918 877 3068 923 extra
3096 867 3417 923 Veronensis

1844 960 1993 1014 urbis
2023 974 2206 1015 muros
2232 960 2333 1015 sita
2365 969 2467 1024 est,
2501 974 2672 1029 usque
2707 959 2774 1013 ad
2819 959 3125 1028 superiores
3154 957 3418 1012 fenestras

1841 1065 1979 1119 aqua
2010 1051 2365 1120 pertingeret,
2399 1050 2542 1119 licet,
2574 1051 2711 1104 sicut
2738 1050 2929 1105 beatus
2954 1048 3245 1117 Gregorius
3275 1058 3420 1116 post-

1841 1160 1903 1199 ea
1933 1160 2067 1216 papa
2106 1146 2342 1213 scripsit,
2386 1145 2438 1198 in
2460 1144 2706 1199 eamdem
2737 1144 3011 1198 basilicam
3042 1157 3178 1212 aqua
3202 1142 3421 1196 minime

1844 1236 2104 1297 introivit.
2137 1236 2292 1291 Urbis
2331 1249 2547 1305 quoque
2572 1232 2809 1301 ejusdem
2837 1232 3159 1287 Veronensis
3186 1231 3320 1284 muri
3352 1244 3421 1283 ex

1844 1339 1995 1399 parte
2023 1328 2199 1397 aliqua
2229 1327 2415 1381 eadem
2445 1333 2570 1380 sunt
2614 1325 2959 1379 inundatione
3000 1323 3227 1377 subruti.
3260 1322 3421 1377 Facta

1844 1427 1927 1474 est
1967 1428 2144 1473 autem
2176 1419 2292 1475 Ιιωο
2318 1417 2595 1471 inundatio
2626 1424 2782 1471 sexto
2810 1414 3018 1469 decimo
3048 1412 3166 1467 Iial.
3199 1411 3425 1465 Novem-

1843 1510 1973 1565 bris.
2008 1510 2112 1565 Sed
2140 1518 2196 1564 et
2223 1516 2384 1563 tanta:
2410 1508 2814 1564 coruscationes
2842 1514 2898 1561 et
2924 1505 3155 1559 tonitrua
3185 1502 3424 1568 fuerunt,

1842 1610 2058 1672 quantae
2106 1601 2218 1655 lieri
2246 1602 2332 1654 vix
2376 1600 2564 1655 aestiva
2610 1608 2853 1668 tempore
2895 1598 3091 1653 solent.
3139 1594 3266 1649 Post
3291 1594 3426 1651 duos

1843 1708 2057 1765 quoque
2085 1708 2295 1748 menses
2323 1692 2510 1747 eadem
2542 1691 2668 1745 urbs
2709 1688 3099 1745 Veronensium
3137 1698 3335 1754 magna
3357 1699 3425 1738 ex

1846 1791 2000 1853 parte
2052 1782 2299 1837 incendia
2325 1789 2669 1837 concremata
2719 1788 2823 1835 est.
2870 1778 2927 1831 In
2959 1778 3057 1830 hac
3088 1774 3268 1829 diluvii
3292 1773 3431 1828 ellua-

1842 1875 1997 1929 sione
2048 1873 2101 1928 in
2131 1881 2337 1927 tantum
2367 1873 2508 1941 apud
2539 1873 2721 1927 urbem
2751 1871 2975 1924 Romam
3019 1867 3208 1922 ﬂuvius
3221 1866 3441 1920 Tiberis

1845 1967 2104 2031 excrevit,
2124 1974 2183 2019 ut
2208 1980 2359 2036 aqua:
2393 1963 2507 2033 ejus
2534 1978 2697 2034 super
2724 1978 2909 2017 muros
2939 1963 3084 2016 urbis
3119 1959 3435 2023 induerent,

1847 2068 1901 2115 et
1930 2060 2161 2113 maxime
2192 2058 2246 2112 in
2277 2073 2340 2111 ea
2395 2057 2642 2125 regiones
2670 2062 3013 2125 occuparent.
3044 2053 3193 2108 Tunc
3215 2066 3310 2123 per
3344 2052 3428 2105 al-

1846 2166 2005 2206 veum
2032 2149 2271 2220 ejusdem
2302 2148 2555 2211 liuninis,
2579 2162 2701 2202 cum
2725 2146 2890 2200 multa
2922 2144 3253 2214 serpentium
3293 2141 3431 2196 mul-

1850 2242 2071 2296 titudine
2094 2281 2107 2305 ,
2139 2240 2302 2295 draco
2329 2238 2490 2292 etiam
2531 2252 2737 2308 magnae
2775 2237 3028 2303 mirmque
3056 2229 3433 2302 magnitudinis

1850 2347 1947 2403 per
1974 2332 2159 2386 urbem
2192 2330 2478 2393 transiens,
2509 2344 2681 2398 usque
2710 2327 2777 2382 ad
2803 2342 2950 2381 mare
2972 2325 3267 2381 descendit.
3293 2323 3433 2378 Sub-

1848 2434 2034 2480 secuta
2088 2423 2267 2480 statim
2324 2432 2410 2478 est
2461 2422 2601 2476 hanc
2672 2420 3072 2474 inundationem
3123 2417 3433 2487 gravissima

1850 2517 2169 2587 pestilentia,
2199 2529 2360 2584 quam
2410 2513 2762 2581 inguinariam
2805 2510 3109 2580 appellant,
3139 2521 3260 2576 quae
3287 2514 3432 2561 tanta

1849 2618 2027 2675 strage
2068 2608 2321 2676 populum
2349 2604 2665 2669 devastavit,
2696 2610 2754 2655 ut
2779 2602 2843 2655 de
2872 2599 3224 2655 inaestimabili
3257 2595 3436 2650 multi-

1852 2699 2035 2752 tudine
2107 2697 2192 2750 vix
2239 2695 2392 2764 pauci
2454 2700 2815 2748 remanerent.
2890 2691 3231 2758 Primumque
3280 2686 3436 2741 Pela-

1849 2790 1993 2859 gimu
2044 2802 2255 2858 papam,
2289 2787 2458 2839 virum
2496 2782 2858 2838 venerabilem
2882 2818 2899 2846 ,
2959 2779 3205 2849 perculit,
3238 2785 3289 2831 et
3317 2777 3435 2831 sine

1851 2898 2000 2938 tnora
2032 2880 2305 2936 exstinxit.
2353 2877 2552 2931 Deinde
2582 2883 2795 2946 paatore
2824 2875 3170 2940 interempta,
3198 2883 3315 2923 sese
3338 2882 3435 2937 per

1851 2974 2108 3045 populum
2135 2970 2396 3025 extendit.
2430 2968 2487 3021 In
2512 2969 2611 3021 bac
2635 2974 2784 3019 tanta
2818 2964 2893 3018 rei
2928 2961 3277 3017 tribulatione
3300 2961 3429 3013 bea-

148 3088 303 3140 rum,
354 3082 517 3143 gente
571 3075 850 3140 oriundus,
883 3076 1025 3131 inter
1054 3075 1439 3145 Langobardos
1479 3083 1743 3139 creverat,
1778 3097 1823 3158 ο
1855 3076 1939 3119 lus
1968 3063 2255 3133 Gregorius
2280 3103 2295 3127 ν
2327 3061 2418 3129 τιυὶ
2450 3067 2575 3113 tunc
2605 3058 2763 3111 ιθνίια
2792 3063 2908 3109 em
2928 3096 2944 3120 ν
2977 3069 3007 3107 ³
3035 3052 3241 3109 cuneus
3265 3064 3433 3117 swe-

148 3175 210 3220 et
239 3167 373 3236 quia
397 3174 514 3222 erat
544 3166 717 3221 forma
737 3166 985 3234 idoneus,
1009 3166 1236 3222 ducatus
1259 3167 1519 3222 honorem
1540 3181 1751 3222 merue-

147 3266 263 3313 rat.
296 3257 408 3313 Sed
435 3273 557 3313 cum
610 3260 952 3315 occasionem
984 3260 1310 3315 ulciscenda:
1365 3275 1476 3314 sme
1528 3259 1751 3328 captivi-

149 3351 291 3406 tatis
336 3350 574 3421 reperit,
621 3360 809 3406 contra
866 3350 1343 3420 Langobardorum
1399 3350 1544 3407 illico
1601 3365 1752 3403 arma

145 3441 417 3501 surrexit.
470 3440 745 3498 Adversus
796 3458 957 3512 quem
1012 3442 1355 3510 Langobardi
1400 3443 1580 3510 gravia
1612 3442 1751 3497 bella

146 3542 471 3606 gesserunt,
497 3534 821 3603 tandemque
853 3548 973 3588 eum
996 3547 1116 3589 cum
1145 3533 1403 3589 militibus
1432 3548 1569 3602 quos
1593 3534 1753 3600 juva-

144 3625 255 3680 bat
285 3632 677 3693 exsuprrantes
707 3664 722 3689 ,
771 3623 1080 3678 Ravennam
1125 3624 1319 3678 cedere
1354 3624 1749 3693 compulerunt.

144 3715 436 3771 Brexillus
465 3724 621 3784 capta
652 3722 735 3769 est
759 3758 772 3782 ,
818 3717 958 3769 muri
987 3730 1202 3785 quoque
1231 3715 1349 3784 ejus
1377 3715 1442 3769 ad
1460 3714 1635 3769 solum
1670 3730 1747 3769 us-

145 3823 271 3880 que
322 3807 585 3863 destructi
632 3815 778 3862 sunt.
829 3805 958 3861 Post
1004 3808 1117 3862 hzcc
1166 3806 1457 3861 Antbarius
1508 3822 1602 3860 rex
1632 3822 1753 3861 cum

146 3900 467 3966 Smaragdo
518 3898 775 3969 patricio,
803 3900 893 3968 qui
924 3909 1048 3953 tunc
1076 3897 1350 3952 Ravennae
1381 3906 1627 3967 praeerat,
1660 3913 1755 3952 us-

145 4007 272 4063 que
298 3992 352 4045 in
384 4006 583 4045 annmn
634 3991 847 4045 tertium
904 4006 1090 4059 pacem
1141 3989 1291 4044 fecit.
1347 3987 1587 4057 Denique
1635 3995 1759 4057 post

146 4083 521 4141 Benedictum
546 4098 761 4154 papam,
796 4083 1045 4151 Pelagius
1071 4081 1327 4138 Romanae
1356 4082 1596 4137 ecclesia:
1620 4097 1756 4150 pon-

150 4179 301 4235 tifex
330 4178 535 4246 absque
556 4176 795 4245 jussionc
829 4177 1080 4246 principis
1101 4174 1379 4230 ordinatus
1401 4185 1505 4242 est,
1532 4190 1596 4229 eo
1616 4170 1759 4244 quod

148 4268 517 4339 Langobardi
563 4266 790 4323 Romam
823 4284 919 4337 per
960 4266 1239 4322 circuitum
1286 4267 1611 4329 obsiderent,
1663 4280 1763 4321 nec

150 4364 358 4431 posset
388 4358 671 4428 quisquam
712 4373 741 4411 a
773 4358 940 4413 Roma
969 4358 1238 4428 progredi.
1271 4355 1367 4412 IIic
1389 4355 1635 4425 Pelagius
1656 4356 1763 4412 He-

1852 3158 2038 3212 raliter
2068 3171 2203 3225 papa
2240 3154 2448 3207 electus
2496 3159 2580 3205 est
2603 3188 2619 3214 ,
2649 3148 2741 3217 qui
2771 3146 2895 3202 dum
2919 3144 3286 3209 septiformem
3314 3140 3437 3194 1.ta-

1852 3250 1995 3302 niam
2056 3246 2167 3299 ﬁeri
2198 3243 2519 3305 ordinasset,
2577 3241 2713 3293 intra
2759 3237 2915 3292 unius
2966 3237 3112 3289 hane
3157 3232 3433 3303 spatiari,

1851 3341 1976 3395 dum
2029 3339 2083 3393 lii
2129 3336 2413 3391 Dominum
2454 3333 2905 3402 deprecarentur,
2955 3326 3231 3395 octoginta
3260 3339 3324 3379 ex
3356 3323 3440 3378 eis

1851 3433 2028 3489 Subito
2058 3431 2124 3485 ad
2170 3439 2370 3485 terram
2421 3433 2737 3481 corruentes
2760 3463 2775 3489 ,
2817 3420 3062 3492 spiritum
3090 3417 3436 3473 exhalarunt.

1854 3522 2191 3594 Septit‘armis
2220 3528 2399 3575 autem
2431 3516 2613 3570 litania
2640 3513 2761 3568 ideo
2806 3512 2949 3565 dicta
2979 3518 3082 3576 est,
3113 3508 3237 3579 quia
3265 3506 3443 3561 omnis

1855 3615 2002 3668 urbis
2053 3610 2283 3683 populus
2310 3624 2341 3663 a
2377 3609 2539 3663 beato
2578 3604 2840 3673 Gregorio
2870 3602 2923 3655 in
2951 3608 3159 3671 septem
3190 3598 3441 3668 partibus

1853 3705 2239 3775 deprecaturus
2264 3699 2548 3754 Dominum
2574 3706 2658 3752 est
2679 3694 2899 3750 divisus.
2931 3691 2989 3746 In
3005 3690 3178 3761 primo
3208 3701 3443 3757 namque

1855 3800 2022 3854 choro
2052 3795 2153 3851 fuit
2177 3795 2353 3850 omnis
2385 3792 2589 3855 clerus;
2635 3788 2687 3841 in
2719 3783 2953 3841 secundo
2981 3794 3168 3837 omnes
3197 3780 3438 3840 abbates,

1857 3903 1977 3943 cum
2009 3884 2289 3939 monachis
2316 3882 2461 3945 suis;
2498 3881 2551 3933 in
2589 3876 2747 3931 tertia
2770 3888 2960 3929 omnes
3002 3868 3286 3925 abbatissa:
3313 3882 3435 3922 cum

1861 3973 2366 4045 congregationibus
2392 3970 2531 4033 suis;
2564 3969 2615 4020 in
2657 3972 2852 4034 quarto
2875 3975 3064 4016 omnes
3093 3958 3354 4021 infantes;
3387 3956 3445 4011 in

1858 4070 2048 4141 quinto
2063 4080 2253 4121 omnes
2274 4062 2427 4126 laici;
2453 4060 2507 4113 in
2531 4065 2686 4113 sexto
2710 4054 2968 4110 universa:
2984 4050 3187 4113 vidum;
3208 4048 3259 4101 in
3276 4047 3445 4117 septi-

1863 4138 1948 4215 ma
1978 4171 2167 4214 omnes
2194 4154 2446 4208 mulieres
2475 4148 2797 4217 conjugattc.
2821 4143 2945 4197 Ideo
2976 4150 3155 4195 autem
3182 4141 3249 4193 de
3277 4138 3438 4192 beato

1863 4253 2123 4322 Gregorio
2146 4252 2299 4321 plura
2344 4247 2526 4302 dicere
2551 4244 2872 4307 amittimus,
2894 4240 3020 4308 quia
3045 4236 3156 4306 jam
3185 4243 3312 4289 ante
3338 4231 3441 4287 ali-

1864 4355 2181 4417 quotannos
2207 4341 2327 4411 ejus
2357 4338 2551 4402 Vitam,
2580 4336 2692 4391 Dea
2721 4332 3033 4394 auxiliante,
3066 4327 3353 4383 texuimus.
3387 4325 3447 4379 In

152 4418 249 4509 Iis:
282 4418 651 4520 Aquilegiensi
670 4451 945 4522 episcopo,
972 4418 1179 4505 nolenti
1211 4449 1312 4504 tria
1338 4418 1573 4518 capituia
1601 4449 1759 4504 Chal-
1787 4446 1840 4508 ι)
1863 4454 1926 4493 ea
1947 4451 2067 4506 quae
2095 4433 2322 4489 dicenda
2350 4437 2523 4493 erant,
2566 4426 2719 4522 jus-ta
2748 4431 2950 4479 nostrae
2981 4418 3453 4522 tenuitatisvires,

157 4545 504 4603 cedonensis
533 4543 724 4617 synodi
752 4544 1045 4613 suscipere,
1080 4542 1365 4610 epismlam
1406 4542 1536 4597 satis
1576 4542 1760 4595 utilem

154 4638 344 4702 misit,
378 4650 540 4705 quam
567 4637 757 4693 beatus
780 4637 1085 4708 Gregorius,
1112 4652 1232 4690 cum
1267 4644 1410 4691 esset
1438 4634 1615 4689 adhuc
1644 4633 1763 4688 dia-

155 4745 370 4796 conus,
400 4729 739 4800 conscripsit.
797 4729 1024 4784 Rursum
1060 4727 1347 4784 Mauricius
1392 4726 1760 4795 Augustusle-

156 4835 333 4898 gatos
360 4824 430 4879 ad
457 4823 861 4895 Childepertum
894 4824 1132 4888 mittens,
1164 4838 1288 4877 eum
1320 4830 1377 4877 ut
1403 4830 1589 4877 contra
1624 4820 1764 4876 Lon-

156 4915 454 4988 gobardos
498 4916 553 4971 in
615 4914 823 4970 Italiatn
852 4916 1149 4970 exercitum
1196 4914 1452 4982 dirigeret
1480 4911 1765 4981 persuasit.

156 5008 559 5076 Childepertus
618 5007 937 5063 existimans
1006 5021 1156 5061 suam
1217 5004 1395 5059 adhuc
1459 5018 1766 5074 germanam

158 5101 330 5174 apud
370 5100 896 5170 Constantinopolim
947 5098 1156 5164 vivere,
1193 5098 1380 5167 legatis
1410 5096 1650 5151 Mauricii
1681 5110 1770 5150 ac-

159 5194 572 5265 quiescens,ut
597 5207 749 5247 suam
792 5199 975 5261 posset
1004 5205 1249 5246 sororem
1280 5188 1547 5259 recipere,
1577 5187 1769 5241 iterum

162 5286 446 5343 adversus
520 5282 909 5351 Langobardos
962 5280 1294 5336 Francorum
1350 5278 1650 5334 exercitum
1702 5275 1771 5329 ad

158 5378 396 5437 Italiam
433 5375 646 5432 direxit.
688 5376 890 5431 Contra
940 5390 1075 5445 quos
1122 5373 1249 5428 dum
1296 5369 1772 5439 Langobardorum

163 5469 337 5527 acies
362 5474 739 5538 praperarent,
771 5465 959 5520 Franci
989 5472 1043 5519 et
1071 5462 1357 5517 Alamanni
1386 5458 1775 5515 dissensionem

1867 4532 2116 4585 universa
2164 4523 2563 4593 descripsimus.
2623 4515 2739 4572 Hoc
2779 4525 3022 4584 tempore
3064 4511 3211 4566 idem
3256 4509 3446 4563 beatus

1866 4617 2182 4689 Gregorius,
2222 4610 2598 4681 Augustinum,
2634 4615 2690 4662 et
2734 4605 3023 4665 Mellitum,
3076 4609 3131 4655 et
3154 4600 3452 4662 Joannem,

1864 4727 1985 4768 cum
2040 4708 2158 4763 aliis
2202 4704 2443 4777 pluribus
2490 4698 2766 4756 monachis
2816 4695 3128 4751 timentibus
3175 4692 3363 4755 Deum,
3395 4692 3450 4745 in

1866 4802 2196 4860 Britanniam
2231 4797 2410 4863 misit,
2438 4806 2734 4860 earumque
2763 4787 3147 4859 pmdicatione
3185 4785 3250 4837 ad
3288 4783 3448 4835 Citri-

1867 4909 2007 4953 smm
2051 4892 2250 4960 Anglos
2304 4885 2592 4942 convertit.
2651 4882 2743 4937 His
2771 4880 2960 4935 diebus
2999 4875 3253 4931 defuncto
3298 4871 3450 4926 IIelia

1868 4984 2228 5060 Aquilegiensi
2251 4978 2554 5052 patriarcha
2580 5015 2595 5040 ,
2637 4982 2919 5043 postquam
2960 4967 3265 5060 quindecim
3294 4963 3452 5018 annis

1868 5056 2231 5137 sacerdotium
2276 5079 2553 5141 gesserat,
2594 5067 2827 5121 Severus
2876 5061 3001 5116 huic
3027 5056 3320 5113 succedens
3361 5069 3451 5108 re-

1870 5162 2096 5241 gendam
2143 5165 2379 5234 suscepit
2406 5160 2711 5217 ecclesiam.
2738 5157 2905 5219 Quum
2928 5149 3254 5218 Smaragdus
3284 5146 3453 5216 patri-

1871 5240 1986 5319 cius
2010 5258 2232 5314 veniens
2258 5257 2325 5308 de
2350 5254 2601 5307 Ravenna
2633 5248 2685 5302 in
2719 5247 2947 5311 Gradus,
2976 5259 3073 5313 per
3100 5240 3451 5309 semetipsum

1871 5369 1939 5411 ex
1966 5352 2186 5408 basilica
2218 5347 2525 5409 extrahens,
2563 5343 2869 5396 Ravennam
2901 5352 3022 5391 cum
3055 5333 3247 5403 injuria
3276 5331 3453 5396 duxit,

1876 5461 1996 5502 cum
2031 5443 2149 5497 aliis
2203 5441 2371 5495 tribus
2402 5452 2469 5491 ex
2506 5435 2653 5489 lstria
2684 5431 2985 5501 episcopis,
3027 5427 3079 5483 id
3126 5434 3208 5481 est
3246 5424 3456 5478 Joanne

166 5515 334 5527 ’⁵⁷⁵⁷-
364 5515 739 5538 r"r"‘"""r
773 5515 788 5518 '
814 5515 959 5520 '"'"'
996 5515 1039 5519 v‘
1073 5515 1150 5517 ""
1178 5515 1222 5516 "'
3348 5515 3360 5525 ο

166 5563 455 5621 habentes
478 5601 493 5626 ,
525 5559 643 5615 sine
667 5559 827 5613 ullius
850 5557 982 5611 lucri
1006 5554 1425 5625 conquisitione,
1450 5550 1516 5605 ad
1545 5549 1775 5621 patriam
1878 5536 2185 5599 Parentino,
2220 5532 2509 5626 elSeVCI‘O‘.
2538 5537 2700 5626 affllfe
2726 5522 3022 5626 νξυξίιειηίον
3054 5533 3153 5626 ηξο
3167 5532 3274 5626 ξξοη
3291 5525 3454 5570 eum“

168 5661 319 5713 sunt
347 5650 573 5707 reve'rsi.
601 5650 680 5706 Eo
704 5658 949 5718 tempore
979 5647 1078 5702 fuit
1116 5660 1266 5714 aquae
1297 5643 1554 5698 diluvium
1590 5640 1641 5694 in
1668 5638 1779 5693 lini-

179 5751 299 5809 ιω
329 5744 716 5814 Venetiarum,
772 5750 828 5800 et
857 5741 1117 5813 Ligurizn,
1166 5752 1261 5793 seu
1303 5733 1510 5791 caeteris
1550 5729 1778 5798 regioni-

1878 5628 2113 5685 Autouio
2158 5624 2267 5694 jam
2298 5636 2427 5677 sene
2456 5617 2710 5674 Ecclesia:
2748 5614 3051 5669 defensore.
3084 5610 3287 5677 Quibus
3300 5620 3454 5662 com-

1881 5723 2090 5779 minans
2119 5716 2327 5785 cxsilia,
2376 5721 2534 5781 atque
2566 5708 2871 5765 violentiam
2897 5705 3129 5762 inferens
3151 5742 3173 5771 ,
3218 5713 3456 5757 commu-

3949 542 3951 631 ι
