3956 6342
600 291 729 348 “Si
1885 295 2275 354 LANDULPHI
2312 299 2597 356 SAGACIS
3645 326 3739 380 ῃξςξ

599 411 782 466 nicare
824 407 1085 479 compulit
1111 408 1303 464 Joanni
1358 408 1655 466 Ravennati
1707 409 1964 480 episcopo
2010 410 2170 464 trium
2203 411 2252 468 Α
2278 412 2458 476 gebat,
2484 413 2785 479 rebellavit,
2814 421 2977 482 atque
3017 431 3140 472 cum
3186 419 3412 475 exercitu
3440 425 3634 495 veniens,
3659 448 3741 491 eum

597 500 956 570 capitulorum
1003 500 1338 564 damnatori,
1369 501 1494 569 quia
1533 509 1775 569 tempore
1803 514 1956 569 papa:
1987 498 2186 566 Vigilii,
2290 515 2458 568 regno
2507 504 2724 572 vitaque
2769 508 3001 574 privavit
3042 525 3055 560 :
3102 525 3316 580 remque
3352 514 3580 581 publicam
3607 519 3744 580 Roma-

597 591 687 646 vel
709 589 932 660 Pelagii,
954 606 982 644 a
1008 589 1264 645 Romana:
1287 590 1540 644 Ecclesia:
1565 590 1868 644 desciverat
1894 590 2185 645 societate.
2290 605 2414 644 nam
2453 592 2728 649 lleraclius
2757 596 2993 662 ejusdem
3027 598 3161 653 filius
3192 602 3455 666 regendam
3482 612 3678 678 suscepit.

601 685 868 754 Exempto
899 698 1028 739 vero
1056 698 1197 738 anno
1224 724 1239 745 ,
1283 698 1313 736 a
1357 684 1607 737 Ravenna
1640 683 1708 737 ad
1735 682 1944 738 Gradus
1982 682 2187 736 reversi
2361 679 2452 733 llis
2477 680 2665 737 diebus
2705 684 2955 740 defuncto
2985 686 3230 742 lleraclio
3256 687 3493 757 Augusto,
3521 697 3631 764 apud
3653 701 3747 756 con.

601 785 746 841 sunt,
776 773 971 844 quibus
999 788 1097 828 nec
1126 772 1275 844 plebs
1295 773 1699 827 communicare
1726 772 1918 839 voluit,
1947 787 2045 825 nec
2074 787 2181 826 (εω-
2287 771 2717 842 stantinopolim,
2749 774 3144 833 Heracleoneus
3184 780 3297 848 ejus
3345 781 3471 838 titius
3495 801 3594 840 cum
3629 800 3747 846 matre

602 865 704 920 teri
749 863 986 933 episcOpi
1037 877 1131 918 eos
1174 870 1514 931 receperunt.
1563 861 1886 929 Smaragdus
1926 861 2179 930 patricius
2286 863 2512 918 Martina
2565 865 2714 933 regni
2757 865 2880 935 jura
2933 870 3210 937 suscepit,
3263 873 3492 942 rexitque
3546 876 3746 947 imperium

605 971 636 1009 a
667 954 926 1010 daemonio
969 968 1075 1008 non
1106 953 1302 1022 injuste
1332 962 1635 1022 correptus,
1683 968 2049 1008 successorem
2073 951 2179 1007 Ro-
2285 952 2494 1008 duobus
2523 953 2696 1009 annis.

604 1062 820 1102 manum
861 1045 1171 1115 patriciatus
1200 1045 1496 1115 accipiens,
1539 1043 2067 1113 Constantinopolim
2091 1059 2180 1098 re-
2356 1045 2474 1110 Quo
2515 1055 2729 1100 mortuo
2771 1055 3037 1102 successrt
3063 1049 3117 1102 in
3147 1048 3268 1103 loco
3310 1049 3422 1118 ejus
3462 1050 3749 1111 Constantinus

605 1137 823 1191 meavit.
874 1134 1001 1189 Post
1031 1133 1145 1188 haec
1189 1134 1329 1188 facta
1356 1143 1441 1189 est
1491 1135 1725 1204 synodus
1753 1134 1938 1189 decem
1969 1133 2182 1202 episco-
2283 1150 2568 1204 germanus
2634 1138 2876 1206 ejusdem
2952 1139 3092 1194 lilius
3151 1139 3410 1208 lleraclii-,
3462 1142 3751 1214 imperavith

605 1242 797 1296 porum
823 1226 874 1280 in
908 1225 1178 1290 Mariano,
1208 1224 1297 1279 ubi
1320 1233 1639 1292 receperunt
1665 1224 1922 1280 Severum
1948 1224 2180 1294 patriar-
2285 1229 2560 1282 mensibus
2585 1243 2704 1284 sex.

605 1316 762 1370 chain
799 1315 1260 1382 Aquilcgiensem,
1306 1313 1520 1368 dantem
1545 1313 1781 1368 libellum
1827 1315 2026 1369 erroris
2075 1313 2179 1379 sui,
2353 1317 2470 1374 Hoc
2490 1319 2649 1373 etiam
2678 1328 2916 1384 mortuo,
2954 1318 3340 1376 Constantinus
3365 1320 3574 1390 ejusdem
3595 1323 3751 1378 lilinsarl

606 1406 729 1473 quia
761 1407 914 1459 trium
957 1405 1318 1476 capitulorum
1341 1406 1740 1461 damnatoribus
1767 1405 2183 1460 communicavit
2285 1410 2434 1478 regni
2481 1409 2794 1478 dignitatem
2827 1409 3098 1475 ascendit,
3133 1411 3408 1480 tenuitque
3449 1425 3632 1480 regnum
3653 1416 3753 1468 annis

609 1495 896 1550 Ravennae.
947 1496 1174 1551 Nomina
1201 1511 1330 1552 vero
1355 1496 1740 1567 Episcoporum
1771 1498 1860 1566 qui
1895 1513 1955 1552 se
1983 1496 2049 1550 ab
2078 1497 2182 1551 hoc
2283 1508 2407 1555 octo
2458 1507 2512 1554 et
2559 1500 2766 1568 viginti.
2798 1500 2952 1554 Circa
2984 1499 3099 1554 haec
3139 1509 3376 1568 tempora
3403 1503 3528 1570 regis
3553 1503 3753 1557 Persarum

605 1587 894 1643 schismate
933 1587 1287 1644 cohibuerunt
1327 1587 1440 1642 haec
1483 1598 1608 1642 sunt
1634 1605 1649 1644 :
1678 1589 1867 1644 Petrus
1896 1588 1964 1643 de
2007 1588 2184 1644 Altino
2282 1589 2477 1658 conjur
2527 1591 2743 1645 nomine
2772 1590 3000 1656 Caesara,
3027 1592 3096 1646 de
3126 1590 3348 1646 Perside
3373 1593 3538 1647 exiens
3559 1609 3651 1647 cum
3667 1610 3754 1663 patr-

607 1675 954 1743 clarissimus,
973 1677 1300 1747 lngemutius
1319 1678 1386 1734 dc
1415 1678 1670 1745 Sabione,
1695 1680 1929 1748 Angelus
1958 1678 2183 1734 Triden-
2221 1745 2254 1751 Α
2286 1682 2365 1734 cis
2386 1681 2498 1734 suis
2529 1680 2798 1745 lidelibus,
2831 1681 3044 1750 privato
3089 1681 3277 1735 habitu
3306 1692 3512 1751 prOpter
3530 1683 3755 1737 Christianae

608 1768 772 1834 tinus,
799 1767 987 1825 Junior
1003 1745 1348 1837 veronensis,
1370 1769 1660 1825 Horontius
1689 1745 2018 1835 Vicentinus,
2043 1771 2181 1825 Rus-
2216 1745 2262 1805 Β
2289 1770 2409 1824 ﬁdei
2441 1785 2680 1824 amorem
2721 1745 3240 1840 Constantinopolim
3269 1745 3428 1825 venit.
3453 1769 3562 1837 Quae
3578 1771 3630 1825 ab
3646 1772 3754 1840 impc-

609 1859 749 1913 ticus
774 1859 842 1914 de
885 1858 1148 1924 Travisio,
1211 1859 1467 1914 Fonteius
1505 1859 1794 1923 Feltrinus,
1829 1859 2083 1925 Angellus
2119 1859 2187 1914 de
2287 1867 2471 1915 ratore
2525 1860 2819 1915 honorilice
2875 1869 3126 1931 suscepta
3155 1901 3170 1926 ,
3195 1864 3339 1931 'post
3382 1861 3565 1929 aliquot
3604 1861 3699 1924 dies,
3722 1871 3756 1914 ut

608 1947 810 2011 Altillo,
842 1948 1157 2004 Laurentius
1198 1947 1551 2013 Belliniensis,
1582 1948 1882 2004 Maxentius
1911 1947 2182 2018 Juliensis,
2285 1950 2648 2016 desiderabat,
2700 1951 3024 2020 baptismum
3078 1961 3369 2006 consecuta
3421 1961 3512 2016 est,
3556 1952 3670 2006 etab
3690 1953 3755 2004 Au-

609 2050 666 2096 et
706 2041 973 2097 Adrianus
1005 2038 1268 2096 Polensis.
1314 2039 1446 2096 Cum
1476 2041 1779 2110 patriarcha
1810 2049 1989 2095 autem
2038 2055 2185 2096 com-
2285 2050 2441 2110 gusta
2469 2042 2536 2097 de
2562 2056 2720 2096 sacro
2771 2041 2921 2096 fonte
2951 2041 3126 2096 levata
3153 2050 3258 2096 est.
3286 2041 3433 2108 Quod
3461 2042 3533 2095 vir
3566 2042 3654 2109 ejus
3674 2039 3756 2094 Per-

609 2134 1021 2190 mnnicaverunt
1069 2135 1154 2189 isti
1203 2134 1439 2204 episcopi
1472 2151 1485 2187 :
1517 2136 1747 2189 Severus
1776 2173 1792 2198 ,
1845 2133 2182 2200 Parentinus,
2285 2149 2465 2192 sarum
2519 2150 2614 2190 rex
2669 2135 2912 2200 audiens,
2977 2133 3183 2203 legatos
3230 2133 3682 2201 Constantinopolim
3716 2132 3756 2183 ad

609 2225 882 2282 Johannes
920 2225 1196 2296 patricius,
1251 2224 1576 2291 Vindetnius,
1627 2233 1684 2279 et
1735 2223 1991 2280 Joannv-s.
2020 2224 2186 2293 Igitur
2287 2229 2583 2295 Augustum
2612 2225 3306 2294 direxit,quatenuseidem
3327 2240 3468 2278 suam
3493 2223 3757 2278 umremred

609 2317 895 2374 Mauricius
949 2324 1214 2388 Augustus
1267 2328 1546 2388 postquam
1577 2335 1681 2374 uno
1711 2329 1766 2375 et
1800 2317 1984 2387 viginti
2031 2325 2185 2378 annis
2285 2319 2458 2382 deret,
2509 2318 2601 2386 qui
2655 2316 2722 2371 ad
2773 2317 3152 2388 imperatorem
3185 2318 3494 2383 venientes,
3523 2313 3757 2379 verbarcgis

610 2411 752 2466 rexit
781 2411 1062 2482 imperium
1090 2426 1212 2466 cum
1260 2411 1380 2464 ﬁliis
1404 2409 1727 2474 Theodosio,
1783 2420 1839 2466 et
1865 2410 2097 2477 Tiberio,
2130 2421 2185 2466 et
2287 2409 2574 2466 Persarum
2630 2410 2897 2474 nuntiant,
2949 2410 3040 2479 qui
3071 2409 3382 2478 requirebat
3408 2422 3542 2462 suam
3581 2404 3757 2472 reginam.

612 2500 1027 2566 Constantino,a
1058 2501 1296 2566 Focace,
1321 2500 1409 2569 qui
1441 2501 1538 2554 fuit
1559 2509 1757 2556 strator
1786 2500 1936 2556 Prisii
1957 2504 2181 2571 patricii,
2285 2499 2586 2570 Imperator
2631 2501 2737 2555 hoc
2777 2501 3003 2556 audiens
3027 2540 3042 2565 ,
3089 2515 3316 2570 remque
3343 2498 3544 2554 omnino
3567 2497 3758 2562 ignorans,

612 2591 895 2646 occiditur.
947 2593 1066 2646 Fuit
1113 2601 1292 2647 autem
1341 2592 1482 2646 utilis
1511 2593 1824 2661 reipublic;
1881 2610 2000 2648 nam
2044 2610 2185 2665 saepe
2286 2594 2365 2646 eis
2408 2606 2731 2662 responsum
2772 2591 2920 2646 dedit
2949 2591 3180 2646 dicens:
3219 2591 3296 2645 De
3323 2589 3495 2658 regina
3527 2600 3651 2656 quam
3667 2597 3758 2650 quae-

609 2691 800 2738 contra
840 2685 1024 2738 hostes
1071 2684 1348 2751 dimicans,
1405 2686 1681 2740 victoriam
1731 2685 1977 2740 obtinuit.
2009 2686 2184 2742 Hunni
2285 2683 2402 2738 ritis
2436 2682 2666 2737 fatemur
2695 2681 2828 2737 nihil
2853 2682 3011 2744 scire,
3038 2690 3238 2752 praeter
3265 2681 3407 2749 quod
3433 2678 3491 2732 ad
3517 2692 3595 2731 nos
3618 2676 3680 2728 hic
3697 2673 3758 2724 ali-

611 2789 852 2844 quoque,
891 2775 982 2844 qui
1014 2784 1069 2830 et
1115 2777 1317 2832 Avarcs
1347 2777 1701 2848 appellantur,
1724 2775 1840 2844 ejus
1875 2778 2068 2832 virtute
2089 2778 2184 2834 de-
2285 2789 2392 2844 qua
2432 2773 2627 2830 mulier
2664 2774 2873 2843 privato
2911 2773 3096 2828 habitu
3137 2772 3376 2826 advenit.
3409 2769 3572 2840 Legati
3591 2781 3686 2821 vero
3703 2778 3758 2816 re

609 2862 739 2917 victi
793 2872 936 2917 sunt.
986 2862 1077 2917 His
1113 2862 1301 2920 diebus
1328 2865 1580 2921 defuncto
1619 2865 1820 2921 Severo
1861 2867 2181 2935 patriarcha,
2284 2868 2619 2936 sponderunt
2662 2865 2948 2921 dicentes:
2995 2864 3050 2921 Si
3098 2863 3283 2933 placet
3319 2871 3485 2916 vestro
3524 2854 3759 2925 conspectui,

611 2952 893 3009 ordinatur
921 2953 976 3008 in
1015 2954 1137 3009 loco
1163 2955 1280 3025 ejus
1323 2955 1557 3012 Joannes
1606 2958 1771 3012 abbas
1798 2960 2096 3026 patriarcha
2129 2960 2183 3014 in
2285 2957 2513 3012 velimus
2561 2956 2720 3019 hanc,
2753 2969 2911 3022 quam
2935 2953 3110 3009 dicitis
3139 2993 3154 3020 ,
3207 2952 3476 3006 mulierem
3503 2947 3659 3001 videre.
3680 2941 3759 3005 CUI"

611 3047 860 3116 Aquileia
889 3058 1092 3116 vetere,
1121 3064 1244 3103 cum
1273 3064 1536 3106 consensu
1565 3052 1728 3118 regis,
1754 3055 1810 3104 et
1839 3050 2060 3105 Chisulli
2083 3053 2181 3105 du-
2208 3095 2252 3154 Ο
2287 3064 2407 3104 cum
2419 3047 2570 3116 jussu
2603 3045 2941 3116 imperatoris
2969 3044 3299 3107 advenisset,
3325 3057 3445 3095 mox
3469 3047 3520 3093 ut
3542 3052 3634 3092 eam
3657 3032 3761 3132 legali

762 3135 810 3154 ,Α
849 3136 942 3154 μη
971 3137 984 3154 ,
1033 3153 1045 3154 κ
1279 3153 1284 3154 ,
1407 3139 1440 3154 ..
1521 3149 1532 3154 _
1692 3149 1703 3154 _
1763 3141 1797 3154 ,ι
1972 3142 1983 3152 .
2043 3142 2078 3154 η
2458 3139 2468 3148 .
2509 3139 2520 3150 .
2605 3147 2619 3154 ,
2707 3138 2764 3154 _.
2917 3152 2928 3154 ᾼ
3243 3133 3597 3154 ______._____,,__

611 3136 709 3191 cis.
762 3135 818 3191 In
847 3136 1053 3191 Gradus
1080 3153 1296 3208 quoque
1323 3139 1602 3194 ordinatus
1629 3149 1710 3194 est
1760 3141 2014 3198 Romanis
2040 3142 2180 3196 Can-
2209 3133 2252 3154 υ
2287 3139 2643 3208 conspiciunt,
2700 3138 2767 3192 ad
2820 3137 2936 3206 ejus
2975 3136 3198 3203 vestigia
3243 3133 3625 3204 provolvuntur,
3660 3137 3761 3191 etque

613 3227 859 3283 didianus
893 3229 1137 3283 antistes.
1169 3229 1374 3285 Rursus
1403 3246 1589 3285 mense
1619 3230 1960 3294 Notembrio.
2001 3241 2054 3286 et
2083 3232 2183 3288 De-
2285 3228 2664 3285 venerabiliter
2708 3243 2772 3281 ea
2812 3241 2933 3295 quae
2960 3226 3042 3279 vir
3067 3240 3198 3280 suus
3227 3224 3515 3294 requireret
3538 3221 3758 3285 suggerml.

616 3317 878 3383 cembrio,
929 3317 1082 3373 stella
1112 3328 1351 3376 cometes
1379 3322 1645 3390 apparuit.
1678 3321 2006 3376 Candidiano
2053 3337 2184 3377 vero
2286 3321 2491 3387 Quibus
2541 3319 2632 3373 illa
2681 3317 2960 3387 respondit
2989 3334 3001 3370 :
3036 3315 3112 3371 lte
3141 3357 3156 3381 ,
3198 3313 3497 3371 renuntiate
3523 3310 3612 3377 regi
3642 3312 3758 3358 tesi")

614 3405 898 3471 defuncto,
945 3407 1085 3476 apud
1135 3408 1342 3465 Gradus
1389 3409 1665 3466 ordinatur
1705 3412 2006 3481 patriarcha
2054 3410 2184 3480 Epi-
2285 3417 2342 3463 et
2387 3408 2629 3473 domino,
2663 3407 2789 3475 quia
2819 3405 2920 3459 nisi
2942 3405 3080 3460 sicut
3109 3417 3214 3472 ego
3236 3405 3346 3472 jam
3379 3397 3669 3461 credidi,ila
3691 3394 3764 3459 ipse

613 3493 848 3564 phanius
870 3536 887 3564 ,
928 3497 1020 3566 qui
1050 3497 1222 3552 fuerat
1251 3500 1584 3568 primicerius
1605 3501 1943 3556 notariorum
1972 3501 2039 3555 ab
2068 3503 2185 3572 cpi-
2285 3507 2348 3554 et"
2379 3500 2434 3554 in
2473 3499 2745 3554 Christum
2777 3496 3100 3563 crediderit,
3141 3510 3233 3548 me
3255 3495 3366 3564 jam
3394 3492 3520 3546 ultra
3544 3491 3764 3576 consonent

613 3587 792 3657 scopis
817 3589 908 3658 qui
959 3597 1114 3644 erant
1149 3591 1247 3646 sub
1301 3591 1590 3660 Romanis;
1622 3599 1678 3647 et
1720 3608 1788 3648 ex
1818 3592 1910 3649 illo
1949 3601 2187 3664 tempore
2287 3591 2390 3646 tori
2414 3592 2614 3644 habere
2645 3605 2751 3644 non
2783 3587 3000 3658 poterit.
3045 3585 3184 3652 Quid
3217 3583 3428 3638 multa?
3456 3578 3636 3635 Reversi
3657 3574 3762 3669 ltili“

613 3688 892 3748 coeperunt
911 3679 1016 3736 duo
1045 3696 1163 3738 esse
1189 3682 1520 3751 patriarchae.
2287 3682 2352 3736 ad
2383 3681 2608 3751 patriam
2659 3679 2905 3734 universa
2935 3690 3052 3744 quae
3076 3674 3361 3729 audierant
3381 3670 3484 3740 regi
3525 3665 3755 3723 renuntiant.

685 3769 855 3826 Focas
878 3771 1054 3839 igitur,
1081 3781 1136 3826 ut
1153 3773 1480 3842 praemissum
1510 3784 1610 3840 est,
1645 3777 1911 3833 exstincto
1927 3778 2185 3834 Mauricio
2287 3772 2387 3839 Qui
2416 3771 2544 3825 nihil
2573 3778 2834 3837 moratus,
2857 3783 2976 3823 cum
3003 3767 3282 3835 sexaginta
3314 3764 3530 3818 millibus
3556 3757 3652 3810 viris
3668 3752 3758 3805 Con-

614 3861 840 3932 ejusque
863 3863 1002 3930 liliis,
1029 3864 1386 3920 Romanorum
1405 3880 1623 3934 regnum
1647 3869 1922 3936 invadens,
1948 3886 2043 3940 per
2063 3880 2186 3927 octo
2287 3863 2691 3934 stantinopolim
2724 3860 2948 3932 paciﬁce
2993 3859 3060 3914 ad
3089 3860 3468 3928 imperatorem
3495 3851 3632 3913 venit,
3653 3861 3672 3898 3
3691 3855 3756 3939 illi.0

613 3967 878 4008 annorum
906 3954 1170 4010 curricula
1199 3957 1523 4029 principatus
1547 3967 1645 4013 est.
1676 3958 1772 4013 llic
1797 3971 2020 4030 rogante
2049 3977 2185 4032 papa
2287 3964 2560 4025 gratanter
2597 3962 2653 4008 et
2679 3953 2810 4008 satis
2842 3950 3000 4019 digne
3037 3958 3326 4018 susceptus
3351 3956 3448 4003 est.
3477 3945 3672 4012 Quicum
3690 3948 3759 3986 um-

616 4045 897 4103 Bonifacio
941 4049 1129 4104 statuit
1149 4049 1331 4104 sedem
1368 4051 1624 4107 Romanae
1653 4051 1904 4109 Ecclesiae
1944 4064 2001 4109 ut
2025 4064 2187 4123 caput
2287 4046 2456 4099 Vcl‘SiS
2478 4042 2750 4097 Clll‘iSlum
2777 4039 3060 4095 Dominum
3089 4040 3344 4099 οτθάεηδν
3372 4035 3554 4106 Parim
3571 4043 3664 4123 °_“m_
3686 4035 3757 4076 ⁰¹¹¹’

614 4147 760 4194 esset
787 4140 1027 4195 omnium
1075 4141 1434 4197 Ecclesiarum
1463 4185 1480 4211 ,
1511 4144 1634 4212 quia
1665 4143 1904 4200 Ecclesia
1925 4121 2184 4202 Constan-
2287 4136 2444 4191 nibus
2481 4134 2618 4189 Sacri
2663 4131 2996 4202 ὺερῑὶειηίιιῑδ
3020 4129 3157 4183 unda
3190 4129 3454 4198 Perfusus.
3503 4133 3549 4179 ει
3571 4121 3624 4174 ab
3647 4121 3760 4180 “"‘c'l"

617 4232 968 4302 tin0politana
1017 4234 1246 4304 primam
1293 4250 1352 4289 se
1379 4236 1618 4289 omnium
1648 4235 2004 4292 Ecclesiarum
2049 4240 2180 4294 scri-
2286 4241 2373 4291 sto
2417 4231 2482 4284 de
2514 4228 2661 4282 fonte
2691 4226 2917 4291 levatus,
2956 4223 3228 4279 catholica
3256 4222 3359 4276 lide
3396 4213 3756 4276 conlirmatusest.

613 4321 796 4377 bebat.
851 4321 994 4378 Idem
1025 4323 1132 4378 alio
1185 4339 1321 4393 papa
1369 4323 1643 4380 Bonifacio
1673 4334 1888 4394 petente
1927 4326 2087 4394 jussit
2129 4327 2184 4382 in
2288 4324 2574 4390 multisque
2605 4318 2914 4373 muneribus
2941 4316 3008 4370 ab
3039 4315 3283 4381 Augusto
3307 4314 3593 4371 honoratus,
3615 4305 3759 4366 ερεεριει

612 4415 782 4469 veteri
809 4414 956 4484 fano,
977 4414 1119 4484 quod
1140 4413 1414 4470 Pantheon
1441 4416 1749 4482 vocabatur,
1778 4415 1970 4472 ablatis
2012 4417 2182 4472 idolo-
2205 4446 2258 4508 υ
2288 4433 2382 4474 sua
2411 4414 2661 4484 conjuge,
2693 4412 2846 4466 laetus
2880 4420 2935 4464 et
2961 4409 3198 4478 gaudens
3229 4407 3298 4461 ad
3326 4399 3758 4508 suanrpal'r‘ilm:

613 4507 786 4562 latrite
829 4509 1114 4573 sordibus,
1164 4510 1447 4566 ecclesiam
1478 4510 1648 4565 beatae
1697 4526 1911 4579 semper
1963 4491 2257 4580 virginis'
2288 4507 2521 4579 pedavit.
2581 4505 2672 4558 llis
2701 4502 2890 4556 dichus
2944 4499 3360 4562 Constantinus,
3405 4496 3490 4564 qui
3510 4502 3556 4548 et
3579 4491 3760 4543 Constans

615 4595 795 4650 Maria:
815 4637 831 4664 ,
853 4605 908 4651 et
929 4598 1166 4652 omnium
1195 4607 1502 4654 sanctorum
1534 4610 1825 4669 martyrum
1848 4600 1982 4665 ﬁeri,
2012 4611 2070 4656 ut
2093 4602 2182 4656 ubi
2284 4609 2367 4655 est
2392 4595 2712 4666 appellatus,
2741 4593 2946 4647 Italiam
2971 4607 3000 4644 a
3020 4590 3494 4659 Longobardorum
3516 4583 3759 4677 manilii“?

617 4688 907 4756 quondam,
964 4704 1070 4743 non
1121 4689 1374 4754 deorum,
1429 4690 1524 4744 sed
1572 4690 1955 4746 daemoniorum
2011 4691 2184 4747 cultus
2283 4707 2344 4748 re
2371 4689 2618 4759 cupiens,
2643 4683 3164 4752 Constantinopolim
3216 4695 3464 4749 egressus
3495 4719 3509 4743 ,
3546 4688 3623 4744 per
3641 4669 3767 4721 littora.

615 4778 934 4846 habebatur,
976 4779 1059 4834 vel
1087 4779 1364 4849 agebatur,
1420 4779 1775 4850 ibideinceps
1804 4782 2044 4834 omnium
2097 4782 2189 4837 lie-
2284 4780 2388 4836 iter
2433 4779 2658 4838 habt-ns,
2710 4775 2944 4828 Athenas
2997 4773 3160 4837 venit,
3211 4771 3445 4839 indeque
3486 4766 3757 4860 inare'lrtni;

615 4878 701 4924 ret
746 4870 1002 4924 memoria
1045 4840 1378 4925 sanctorum.
1413 4867 1583 4938 Hujus
1631 4840 1871 4938 tempore
1900 4869 2105 4924 Prasini
2129 4879 2185 4926 et
2285 4885 2519 4943 gressus,
2570 4867 2866 4922 Tarentum
2905 4864 3183 4934 applicuit.
3227 4863 3330 4928 Qui
3375 4871 3539 4914 tamen
3577 4840 3758 4948 prii)?-

617 4962 806 5018 Veneti
845 4979 940 5031 per
967 4963 1240 5018 Orientem
1265 4971 1321 5017 et
1366 4962 1661 5035 Egyptum
1690 4962 1846 5017 civile
1876 4962 2073 5018 hellurn
2106 4963 2183 5017 fa-
2284 4959 2584 5017 solitarium
2665 4954 2952 5026 quemdam
2993 4995 3008 5020 ,
3079 4953 3170 5021 qui
3245 4949 3529 5023 prophetiae
3591 4943 3758 5034 spirinn

615 5054 783 5117 ciunt,
814 5068 877 5107 ac
913 5069 1032 5109 sese
1060 5063 1242 5108 mutua
1283 5055 1425 5108 caede
1454 5061 1815 5123 prosternunt.
1846 5051 2021 5108 Persae
2049 5067 2184 5122 quo-
2284 5052 2486 5106 habere
2541 5048 2818 5103 dicebatur
2843 5089 2858 5112 ,
2920 5047 3071 5111 adit,
3123 5044 3367 5098 studiose
3441 5041 3502 5092 alr
3545 5049 3599 5130 eo

615 5158 720 5214 que
747 5143 1396 5214 adversusrempuhlicam
1418 5143 1726 5212 gravissima
1747 5143 1884 5198 bella
1915 5152 2181 5210 gerentes,
2287 5152 2401 5197 tans
2433 5149 2612 5195 utrum
2650 5150 2863 5208 gentem
2914 5133 3408 5204 Longobardorum,
3449 5140 3553 5195 qua:
3589 5122 3627 5173 in
3658 5115 3755 5167 lini”

615 5236 811 5291 multas
858 5235 1220 5291 Romanorum
1264 5235 1599 5305 provincias,
1631 5243 1687 5288 et
1715 5235 1881 5302 ipsam
1911 5233 2184 5306 Jerosoly-
2286 5235 2612 5302 habitabat,
2673 5246 2928 5303 superare
2978 5238 3033 5284 et
3078 5229 3326 5284 oblinere
3392 5229 3573 5294 posset.
3689 5219 3758 5311 ili“)

618 5343 756 5381 trram
809 5327 1085 5394 aul’egunt;
1139 5337 1194 5383 et
1244 5327 1580 5380 destruentes
1629 5325 1885 5381 ecclesias
1914 5365 1931 5391 ,
1998 5337 2182 5382 sancta
2283 5342 2405 5383 cutn
2448 5340 2636 5381 servus
2680 5323 2777 5378 Dei
2829 5321 3059 5391 spatium
3117 5318 3275 5374 unius
3315 5314 3480 5370 noctis
3511 5302 3755 5375 expetisset:

618 5432 834 5486 quoque
863 5418 1207 5487 profanantes
1229 5457 1245 5483 ,
1277 5418 1417 5470 inter
1442 5424 1754 5470 ornamenta
1783 5415 2022 5470 locorum
2053 5433 2173 5472 s::n-
2286 5429 2342 5475 ut
2371 5435 2469 5489 pro
2510 5420 2614 5474 hoc
2661 5418 2776 5486 ipso
2810 5416 3091 5469 Dominum
3136 5411 3479 5481 supplicaret,
3509 5405 3625 5457 facto
3653 5400 3754 5448 ιιιῖιηρ

617 5517 850 5572 ctorum,
883 5508 964 5562 vel
990 5509 1373 5573 communium,
1423 5508 1585 5562 etiam
1625 5507 1874 5573 vexillum
1903 5507 2176 5563 dominica:
2284 5512 2357 5565 ita
2375 5488 2561 5564 eidem
2594 5511 2830 5577 Augusto
2855 5504 3128 5576 respondit
3159 5520 3172 5558 :
3201 5503 3347 5558 Gens
3377 5488 3756 5581 Lotrgobardortlm

620 5597 787 5651 crucis
814 5597 1104 5653 abducunt.
2282 5601 2524 5672 superari
2575 5600 2733 5654 modo
2781 5599 2848 5652 ah
2902 5599 3082 5668 aliquo
3113 5612 3215 5651 non
3264 5601 3455 5664 potest,
3491 5587 3594 5656 quia
3629 5583 3750 5672 res“?

691 5689 887 5744 Contra
923 5690 1063 5746 hunc
1097 5691 1352 5745 Focaccm
1376 5691 1702 5755 Etaclianus,
1729 5692 1815 5757 qui
1847 5696 1880 5744 Α
1895 5690 2074 5745 frientur
2101 5706 2180 5747 tc-
2283 5692 2523 5760 «lu-datu
2556 5709 2621 5745 cx
2651 5691 2751 5744 alia
2795 5689 3066 5763 provincia
3120 5685 3338 5741 veniens
3389 5677 3622 5736 basilicam
3659 5668 3740 5720 δεδι
