3956 6342
225 312 326 372 ἰῶ

1182 308 1750 369 'ADDlTAMENTUM
1787 311 1880 366 AD
1926 312 2101 367 HIST.
2141 265 2469 372 ΜἸΞΕΕῙΑῙΑ.θ

3306 322 3446 379 H34

200 418 413 480 mannis
463 418 713 492 Baptistae
754 417 809 474 in
860 415 1335 488 Langobardorum
1383 420 1580 475 finibus
1626 434 1759 474 can-
1792 424 1841 481 Α
1870 426 1927 473 et
1955 420 2099 487 ﬁliis,
2128 421 2252 490 quia
2281 435 2413 490 gens
2452 422 2553 477 ista
2584 420 2787 493 perlida
2812 439 2899 480 me
2922 424 3102 483 vivere
3130 441 3237 484 non
3266 428 3439 500 sinet.

189 512 405 577 .«Iruxit,
461 519 518 567 et
565 518 786 580 propter
827 509 933 564 hoc
989 508 1103 578 ipse
1141 508 1333 565 beatus
1381 509 1620 564 Joannes
1665 523 1766 578 pro

187 597 668 668 Langobardorum
695 608 855 667 gente
878 596 1176 654 intercedit.
1198 597 1393 652 Veniet
1415 604 1598 652 autem
1628 605 1766 651 tem-

188 705 288 758 pus
311 688 530 758 quando
556 687 731 757 ipsum
757 686 1037 742 oraculum
1059 686 1346 751 habebitur
1381 684 1680 756 despectui,
1708 691 1765 740 et

187 788 315 832 tunc
346 791 477 846 gens
500 778 613 847 ipsa
641 776 853 847 peribit.
878 775 1029 843 Quod
1053 790 1152 830 nos
1173 774 1369 829 factum
1393 774 1465 829 ita
1486 788 1618 829 esse
1639 788 1766 843 pro-

184 869 468 932 bavimus,
513 868 639 937 quia
689 876 816 921 ante
875 864 1351 935 Langobardorum
1408 863 1763 931 perditionem

184 961 432 1015 eamdem
456 959 598 1014 beati
625 957 849 1013 Joannis
870 957 1170 1023 basilicam,
1200 970 1319 1027 quae
1356 956 1542 1023 utique
1567 954 1622 1009 in
1644 953 1763 1009 loco

183 1053 277 1120 qui
312 1048 541 1104 Modicia
562 1049 756 1103 dicitur
780 1055 865 1102 est
892 1046 1205 1113 constituta,
1231 1060 1331 1116 per
1345 1045 1478 1100 viles
1506 1058 1765 1113 personas

184 1139 429 1193 ordinari
458 1137 860 1208 conspeximus,
910 1136 981 1191 ita
1015 1144 1073 1190 ut
1109 1134 1341 1204 indignis
1389 1141 1445 1189 et
1481 1133 1763 1200 adulteris,

186 1247 295 1285 non
327 1246 425 1301 pro
450 1231 572 1285 vitae
599 1229 813 1294 merito,
843 1226 937 1284 sed
964 1227 1303 1296 praemiorum
1323 1225 1566 1291 datione,
1596 1224 1762 1296 largi-

184 1334 358 1380 retur.
412 1324 576 1395 lgitur
601 1330 831 1390 cum,ut
871 1320 1123 1387 diximus,
1178 1317 1448 1374 Constans
1496 1317 1765 1393 Augustus

187 1417 481 1473 Tarentum
526 1416 781 1478 venisset,
811 1427 1058 1484 egressus
1098 1410 1312 1477 exinde,
1353 1409 1766 1466 Beneventano-

183 1522 302 1558 rutn
337 1504 469 1560 lines
490 1504 709 1567 invasit,
734 1517 1028 1573 omnesque
1056 1516 1194 1571 pene
1238 1514 1337 1570 per
1363 1513 1496 1570 quas
1541 1506 1765 1554 venerat

181 1595 661 1664 Langobardorum
715 1594 962 1650 civitates
1007 1592 1170 1662 cepit.
1213 1590 1492 1646 Luceriam
1548 1603 1762 1658 quoque

170 1686 495 1756 opulentam
522 1685 725 1755 Apulia:
746 1683 1017 1738 civitatem
1038 1690 1399 1753 expugnatam
1452 1680 1644 1735 fortius
1670 1679 1756 1736 iu-

1867 511 2108 581 Cumque
2130 513 2234 569 hoc
2256 514 2494 578 dixisset,
2527 513 2679 584 jussu
2726 516 3067 586 imperatoris
3108 529 3270 588 caput
3317 520 3439 590 ejus

1864 602 2176 669 abscissum,
2216 612 2379 673 atque
2403 618 2525 659 cum
2570 605 2694 661 belli
2733 605 2980 661 machina
3003 644 3019 670 ,
3069 621 3229 676 quam
3257 616 3439 678 petra-

1864 691 1999 746 riam
2030 700 2244 758 vocant,
2287 694 2342 747 in
2387 696 2576 751 urbem
2622 696 2921 765 projectum
2947 704 3049 754 est.
3075 696 3229 763 Quod
3272 708 3436 770 caput

1866 780 2193 837 Romoaldus
2215 782 2315 838 sibi
2333 781 2496 852 jussit
2514 782 2728 850 deferri,
2754 784 2913 855 idque
2938 784 3242 857 lacrymans
3271 802 3435 851 oscus

1864 868 2008 925 latus
2028 878 2130 939 est,
2182 871 2454 942 dignoque
2488 874 2540 929 in
2570 874 2695 930 loco
2722 874 2973 930 tumulari
3016 876 3291 945 praecepit.
3322 876 3435 933 Me-

1864 970 2021 1017 tuens
2050 964 2231 1020 suhito
2271 963 2565 1021 Grimoaldi
2596 966 2738 1036 regis
2781 966 3067 1023 adventum
3117 967 3434 1037 imperator,

1864 1050 2082 1108 dimissa
2107 1054 2395 1111 Beneventi
2424 1055 2722 1122 obsidione,
2748 1055 3026 1126 Neapolim
3048 1055 3430 1127 proﬁciscitur.

1860 1143 2024 1214 Cujus
2046 1154 2226 1202 tamen
2247 1148 2544 1204 exercitum
2567 1149 2755 1205 Micola
2778 1148 3063 1218 Capuanus
3081 1163 3266 1206 comes
3280 1149 3437 1218 juxta

1863 1236 2063 1292 ﬂuenta
2111 1238 2316 1294 Caloris
2368 1239 2624 1307 numinis,
2676 1242 2731 1297 in
2775 1241 2898 1297 loco
2935 1240 3028 1310 qui
3077 1256 3247 1312 usque
3274 1241 3438 1298 hodie

1863 1326 2050 1397 Pugna
2076 1327 2273 1383 dicitur
2315 1329 2666 1387 vehementer
2712 1331 2936 1387 attrivit.
2986 1330 3275 1402 Postquam
3303 1345 3437 1387 vero

1863 1416 2161 1488 imperator
2188 1417 2467 1488 Neapolim
2492 1420 2758 1490 pervenit,
2789 1436 2931 1477 unus
2948 1435 3017 1477 ex
3045 1421 3164 1492 ejus
3204 1421 3437 1492 optima-

1864 1509 2023 1570 tibus.
2053 1509 2140 1565 cui
2165 1525 2359 1567 nomen
2382 1510 2649 1568 Saburrus
2671 1520 2823 1580 erat,
2850 1514 2919 1571 ab
2948 1516 3207 1585 Augusto,
3238 1523 3299 1570 ut
3324 1514 3435 1571 fer-

1865 1606 1973 1665 tur,
2000 1599 2189 1668 viginti
2217 1600 2384 1657 millia
2433 1601 2659 1657 militum
2688 1603 2933 1674 expetiit,
2965 1618 3132 1673 seque
3159 1618 3281 1659 cum
3328 1602 3438 1658 Ro-

1862 1688 2078 1745 maalda
2099 1698 2454 1760 pugnaturum
2476 1692 2842 1763 victoremque
2859 1694 3167 1765 spopondit.
3191 1693 3291 1760 Qui
3312 1709 3435 1748 eum

178 1776 385 1831 vadens
405 1776 587 1844 diruit,
612 1784 667 1830 et
695 1774 760 1828 ad
792 1774 966 1829 solum
993 1788 1163 1843 usque
1184 1773 1489 1844 prostravit.
1517 1772 1756 1839 Agereu-
1790 1758 1834 1816 Β
1866 1758 2359 1849 ποεριοίεέετείιιι
2384 1781 2451 1835 ad
2496 1780 2674 1837 locum
2722 1758 2812 1838 cui
2840 1758 3069 1838 Fari-nus
3110 1758 3307 1838 nomen
3354 1792 3437 1851 est

167 1868 310 1921 tiam
354 1881 502 1931 sane,
551 1875 771 1937 propter
814 1864 1224 1923 munitissimam
1271 1863 1375 1918 loci
1414 1861 1759 1933 positionem,

175 1971 379 2026 capere
408 1957 626 2011 minime
650 1954 847 2027 potuit.
874 1955 1073 2009 Deinde
1093 1969 1213 2008 cum
1237 1952 1381 2008 omni
1398 1967 1495 2007 suo
1517 1951 1758 2006 exercitu

174 2046 545 2103 Beneventum
578 2045 949 2112 circumdedit,
969 2053 1023 2100 et
1042 2060 1160 2101 eam
1183 2042 1529 2099 vehementer
1554 2056 1752 2112 pugna-

174 2152 237 2192 re
264 2138 450 2209 coepit,
496 2138 585 2195 ubi
617 2136 908 2193 Grimoaldi
939 2136 1075 2189 lilius
1097 2134 1270 2189 adhuc
1312 2134 1627 2202 juvenculus
1656 2134 1757 2185 du-

175 2237 365 2283 catum
397 2230 631 2284 tenebat.
655 2227 759 2295 Qui
785 2227 964 2283 statim
995 2237 1053 2281 ut
1092 2225 1429 2294 imperatoris
1467 2224 1757 2279 adventum

170 2324 455 2392 cognovit,
501 2323 789 2377 nutricium
840 2336 1015 2382 suum,
1064 2319 1281 2375 nomine
1326 2317 1669 2384 Gesualdum,
1693 2315 1758 2371 ad

171 2425 392 2484 patrem
423 2411 788 2468 Gritnoaldum
813 2419 960 2465 trans
987 2410 1189 2464 Padum
1226 2409 1438 2476 direxit,
1470 2410 1758 2466 obsecrans

170 2511 389 2560 eumut
429 2503 747 2573 quantocius
774 2502 1004 2570 veniret,
1036 2500 1249 2571 liliaque
1300 2515 1420 2566 suo,
1470 2515 1535 2555 ac
1583 2500 1759 2555 Bene-

169 2594 449 2659 ventanis,
476 2609 612 2663 quos
636 2593 752 2664 ipse
777 2593 1059 2657 nutrierat,
1102 2600 1348 2662 potenter
1394 2598 1752 2656 succurreret,

171 2688 326 2757 quod
359 2686 695 2742 Grimoaldus
741 2702 840 2742 rex
885 2686 1129 2749 audiens,
1158 2686 1337 2740 statim
1366 2700 1487 2740 cum
1516 2686 1757 2742 exercitu

172 2776 292 2833 filio
336 2778 542 2832 laturus
584 2775 843 2830 auxilium
888 2774 1254 2831 Beneventum
1298 2787 1527 2843 pergere
1570 2775 1753 2844 coepit.

1861 1868 2190 1937 advenisset,
2221 1870 2400 1940 ibique
2422 1879 2598 1927 castra
2629 1872 2913 1944 posuisset,
2940 1871 3300 1936 Grimoaldus,
3342 1870 3436 1939 qui

1854 1955 1966 2026 jam
1992 1957 2357 2012 Beneventum
2375 1958 2684 2024 advenerat,
2715 1961 2829 2016 [nec
2841 1960 3087 2026 audiens,
3101 1968 3289 2016 contra
3311 1974 3435 2014 eum

1860 2045 2130 2118 proficisci
2180 2048 2370 2104 voluit.
2419 2051 2518 2106 Cui
2575 2050 2714 2108 [ilius
2760 2050 3133 2106 Romoaldus:
3182 2050 3300 2107 Non
3349 2058 3436 2106 est

1859 2150 2017 2206 opus,
2063 2138 2258 2206 inquit.
2289 2139 2383 2194 sed
2429 2148 2636 2195 tantum
2681 2150 2889 2212 partem
2919 2142 3072 2197 nobis
3096 2140 3163 2196 de
3191 2141 3433 2197 exercitu

1859 2234 2039 2282 vestro
2069 2227 2309 2285 tribuite.
2339 2228 2449 2298 Ego
2477 2231 2588 2286 Deo
2635 2231 2847 2287 favente
2875 2247 2995 2287 cum
3037 2246 3104 2287 eo
3158 2231 3432 2302 pugnabo,

1858 2323 1914 2370 et
1961 2330 2081 2370 cum
2109 2317 2294 2374 vicero
2321 2318 2494 2389 major
2521 2320 2710 2389 uti‘que
2754 2320 2924 2390 gloria
2955 2324 3147 2375 vestrae
3176 2322 3429 2391 potentia:

1857 2406 2177 2462 ascribetur.
2212 2407 2542 2478 Factumque
2570 2417 2670 2473 est,
2694 2418 2916 2481 accepta
2955 2409 3131 2479 aliqua
3172 2419 3326 2481 parte
3361 2411 3429 2467 de

1855 2498 2026 2567 patris
2049 2499 2310 2565 exercitu,
2341 2500 2652 2570 pariterque
2679 2516 2800 2556 cum
2828 2502 2938 2559 suis
2962 2502 3267 2558 hominibus
3294 2519 3429 2557 con-

1856 2598 1939 2645 tra
1969 2590 2263 2646 Saburrum
2293 2593 2668 2662 proﬁciscitur.
2722 2594 2823 2661 Qui
2850 2595 2996 2665 prius
3023 2611 3183 2666 quam
3230 2595 3427 2652 bellum

1856 2695 1977 2735 cum
2020 2696 2087 2736 eo
2117 2682 2294 2748 iniret,
2345 2698 2376 2737 a
2405 2693 2639 2754 quatuor
2680 2687 2924 2756 partibus
2970 2686 3125 2743 tubas
3177 2687 3430 2743 insonare

1855 2772 2132 2843 praecepit.
2184 2772 2426 2844 Cumque
2476 2786 2715 2846 utrmque
2762 2776 2905 2834 acies
2956 2777 3080 2833 forti
3130 2779 3429 2834 intentione

170 2868 349 2934 Quem
380 2868 560 2937 plures
584 2881 651 2921 ex
683 2865 1046 2934 Longohardis
1072 2867 1124 2920 in
1153 2865 1346 2922 itinere
1369 2865 1754 2934 relinquentes,
1855 2872 2182 2934 pugnarent,
2242 2873 2371 2920 tunc
2427 2883 2565 2923 unus
2615 2869 2683 2923 de
2711 2868 2853 2937 regis
2896 2870 3159 2937 exercitu,
3210 2870 3428 2924 nomine

167 2962 303 3030 quia
327 2958 681 3029 exspoliasset
729 2958 1007 3028 palatium,
1062 2970 1115 3015 et
1136 2960 1249 3028 jam
1305 2974 1412 3013 non
1440 2970 1756 3012 reversurus
1858 2954 2147 3023 Amangus,
2190 2956 2281 3024 qui
2328 2956 2533 3027 regium
2589 2967 2806 3013 contum
2856 2958 2998 3015 ferre
3042 2968 3158 3014 erat
3212 2960 3428 3024 solitus,

167 3061 447 3124 repeteret
476 3053 862 3117 Beneventum,
914 3051 1137 3106 diversis
1164 3049 1423 3105 machinis
1466 3047 1754 3103 vehemen-
1782 3092 1829 3158 C
1856 3043 2141 3115 quemdam
2167 3043 2467 3102 Graeculum
2496 3047 2685 3103 eodem
2714 3056 2876 3105 conto
2907 3050 3144 3120 utrisque
3184 3052 3428 3105 manibus

540 3145 551 3158 ι
612 3152 624 3158 -
839 3152 850 3158 -
898 3157 901 3158 ,
946 3141 984 3158 ra
1097 3157 1105 3158 κ
1132 3141 1167 3158 ,I
1190 3141 1202 3158 I
1303 3155 1406 3158 hem-
1438 3139 1458 3158 l
1487 3137 1721 3158 __._-L-_
1859 3132 2392 3158 P._I:a-__-_---nt-_-
2458 3135 2517 3158 ,1-
2565 3137 2688 3158 --ΙΙΑ
2748 3154 2904 3158 ____-A
2952 3156 2973 3158 _
3004 3155 3039 3158 ν-
3070 3156 3096 3158 μ
3159 3155 3215 3158 -_
3262 3141 3294 3158 ⁸.
3337 3142 3349 3158 a
3386 3151 3422 3158 ,.

167 3158 259 3201 ter
286 3145 647 3214 expugnabat,
675 3158 705 3198 e
731 3152 918 3198 contra
946 3141 1271 3198 Romoaldus
1291 3155 1413 3195 cum
1438 3137 1753 3206 Longobar—
1782 3132 1829 3158 “‘
1857 3132 2070 3189 fortiter
2087 3136 2423 3204 percutiens,
2453 3135 2521 3191 de
2562 3137 2693 3192 sella
2744 3154 2907 3209 super
2944 3155 3104 3209 quam
3151 3141 3429 3209 equitabat

164 3239 256 3293 dis
288 3236 497 3292 fortiter
526 3236 825 3291 resistebat.
859 3234 960 3302 Qui
991 3234 1232 3306 quamvis
1283 3248 1403 3289 cum
1435 3240 1578 3287 tanta
1612 3231 1753 3286 mul—
1855 3227 2091 3290 sustulit,
2124 3242 2355 3298 eumque
2386 3230 2438 3283 in
2469 3244 2594 3284 aera
2621 3245 2783 3301 super
2812 3240 2975 3303 caput
3002 3247 3155 3287 suum
3209 3232 3426 3289 levavit.

166 3326 407 3381 titudine
441 3324 691 3393 congredi
740 3339 953 3379 manum
982 3332 1202 3395 propter
1244 3323 1567 3393 paucitatem
1597 3336 1756 3377 exer-
1856 3316 2010 3384 Quod
2040 3332 2268 3374 cernens
2297 3318 2601 3376 Gra‘corum
2619 3324 2911 3391 exercitus,
2939 3325 3199 3381 immenso
3227 3340 3430 3397 pavore

162 3418 316 3473 citus
346 3431 453 3471 non
482 3414 726 3482 auderet,
761 3415 1068 3485 frequenter
1112 3422 1291 3468 tamen
1337 3428 1458 3467 cum
1489 3411 1754 3482 expeditis
1855 3408 2195 3477 perterritus,
2225 3410 2277 3464 in
2310 3409 2488 3480 fugam
2529 3413 2884 3483 convertitur,
2925 3416 3219 3486 ultimaque
3247 3416 3427 3487 perni-

160 3508 464 3576 juvenibus
488 3506 722 3565 hostium
746 3514 919 3561 castra
950 3505 1267 3573 irrumpens,
1303 3517 1523 3574 magnas
1550 3503 1752 3560 eisdbm

165 3598 444 3653 inferebat
474 3596 708 3665 undique
747 3595 946 3651 clades.
990 3594 1229 3663 Cumque
1266 3590 1608 3648 Grimoaldus
1634 3590 1752 3661 ejus

164 3698 336 3759 pater
360 3688 470 3757 jam
499 3693 833 3757 properaret,
867 3685 1114 3739 eumdem
1164 3683 1451 3739 nutricium
1495 3682 1633 3752 ejus,
1682 3682 1752 3738 de

161 3796 283 3851 quo
311 3779 681 3850 prmmisimus,
714 3777 778 3832 ad
809 3775 973 3831 lilium
1002 3775 1164 3841 misit,
1214 3774 1305 3844 qui
1346 3773 1398 3829 ei
1450 3787 1606 3829 suum
1665 3771 1752 3827 ad-

156 3882 397 3928 ventum
421 3871 708 3925 nuntiaret.
739 3869 839 3937 Qui
883 3884 1004 3923 cum
1048 3881 1215 3939 prope
1245 3867 1608 3921 Beneventum
1653 3878 1751 3919 ve-

163 3966 368 4025 nisset,
400 3979 430 4017 a
462 3962 659 4017 Grzecis
684 3969 890 4032 captus,
922 3959 1229 4030 imperatori
1269 3957 1476 4012 delatus
1513 3962 1615 4012 est.
1647 3953 1750 4020 Qui

160 4057 239 4109 al)
272 4068 340 4108 ea
369 4051 510 4107 unde
540 4050 815 4105 adveniret
836 4049 1139 4117 requirens,
1169 4045 1257 4100 ille
1284 4059 1344 4099 se
1371 4060 1399 4097 a
1435 4040 1750 4097 Grimoaldo

162 4156 302 4210 rege
333 4142 518 4196 venire
545 4140 698 4207 dixit,
751 4138 1106 4206 eamdemque
1151 4150 1332 4206 regem
1364 4134 1523 4189 citius
1551 4132 1751 4187 adven-

156 4244 291 4287 tare
312 4231 600 4285 nuntiavit.
624 4229 931 4296 Statimque
980 4228 1274 4296 imperator
1296 4223 1587 4279 exterritus
1614 4235 1747 4276 con-

156 4325 353 4382 silium
383 4339 503 4379 cum
533 4323 641 4379 suis
662 4320 801 4385 iniit,
829 4328 1094 4391 quatenus
1135 4331 1256 4373 cum
1281 4313 1578 4369 Romoaldo
1605 4312 1750 4381 paci-

1853 3496 1940 3552 cie
1966 3512 2159 3566 caesus,
2188 3499 2289 3554 sibi
2318 3498 2527 3570 fugiens
2566 3510 2816 3571 mortem,
2851 3504 3146 3560 Bomoaldo
3175 3513 3231 3560 et
3284 3505 3428 3561 Lon-

1853 3584 2106 3652 gobardis
2133 3586 2413 3643 victoriam
2444 3592 2674 3661 peperit:
2702 3592 2775 3647 Ita
2808 3591 3094 3660 Saburrus,
3125 3594 3218 3664 qui
3237 3610 3298 3651 se
3326 3596 3422 3651 im:

1855 3676 2091 3744 peratori
2142 3692 2253 3733 sua:
2309 3679 2550 3735 victoriae
2605 3690 2867 3751 tropaium
2927 3684 2995 3739 de
3058 3683 3425 3755 Longobardis

1850 3766 2174 3833 promiserat
2226 3776 2462 3837 patrare,
2505 3770 2575 3825 ad
2604 3785 2725 3826 eum
2768 3788 2892 3828 cum
2946 3775 3131 3844 paucis
3181 3790 3426 3829 remeans

1815 3915 1822 3922 _
1853 3857 2201 3925 ignominiam
2224 3859 2551 3930 deportavit.
2585 3862 2916 3920 Bomoaldus
2942 3879 3092 3932 vero,
3126 3875 3333 3934 patrata
3356 3866 3424 3920 de

1852 3946 2086 4003 inimicis
2132 3948 2398 4019 victoria,
2450 3949 2815 4006 Beneventum
2863 3954 3199 4023 triumphans
3239 3970 3423 4010 rever-

1849 4055 1942 4096 sus
1970 4048 2072 4106 est,
2129 4041 2377 4112 patrique
2428 4042 2680 4110 gaudium
2711 4050 2767 4097 et
2792 4044 3000 4099 cunctis
3054 4045 3418 4110 securitatem,

1849 4131 2062 4187 sublato
2087 4132 2319 4188 hostium
2350 4132 2563 4199 timore,
2596 4134 2865 4190 convexit.
2912 4135 2980 4188 At
3003 4150 3131 4191 vero
3157 4134 3422 4191 Constans

1850 4224 2138 4293 Augustus,
2168 4240 2288 4280 cum
2314 4223 2448 4279 nihil
2476 4232 2663 4281 contra
2693 4240 2753 4281 se
2775 4225 3156 4295 Longohardos
3193 4228 3423 4296 gessisse

1849 4314 2209 4385 conspiceret,
2234 4329 2423 4371 omnes
2447 4315 2667 4370 saevitia:
2713 4331 2823 4370 sua:
2852 4316 3023 4371 minas
3052 4327 3238 4372 contra
3269 4333 3418 4385 suos,

157 4422 441 4480 sceretur,
485 4422 543 4467 ut
591 4411 869 4482 Neapolim
926 4415 1107 4480 posset
1149 4405 1370 4472 reverti,
1421 4411 1747 4473 acceptaque
1776 4405 1956 4501 l)hoc
1985 4414 2068 4461 est
2092 4405 2388 4470 Romanos,
2436 4406 2673 4461 retorsit.
2706 4407 2836 4461 Nam
2884 4420 3135 4474 egressus
3176 4406 3416 4475 Neapoli,

160 4507 366 4565 obside
392 4504 665 4561 Romoaldi
688 4517 891 4567 sorore,
917 4501 1005 4556 cui
1058 4514 1254 4554 nomen
1282 4498 1409 4552 Cisa
1458 4496 1576 4560 fuit,
1624 4509 1746 4548 cum

160 4600 369 4657 eodem
401 4611 585 4666 pacem
621 4595 766 4649 fecit.
802 4593 925 4662 Ejus
954 4606 1083 4646 vero
1118 4588 1394 4645 nutritinm
1442 4584 1747 4641 .lesualdum

157 4692 236 4745 ad
273 4701 459 4742 muros
482 4686 601 4741 duci
627 4682 900 4755 pmcepit,
929 4686 1158 4734 mortem
1202 4678 1375 4733 eidem
1403 4676 1656 4737 minatus,
1702 4673 1748 4727 si

159 4777 378 4850 aliquid
408 4775 703 4831 Romoaldo
731 4780 822 4827 aut
854 4772 1055 4827 civibus
1088 4769 1154 4824 de
1181 4766 1471 4823 Grimoaldi
1515 4765 1746 4820 adventu

155 4869 467 4934 nuntiaret,
512 4865 607 4921 sed
660 4863 841 4934 potius
888 4866 1224 4917 asseveraret
1270 4856 1516 4913 eumdem
1565 4856 1749 4911 venire

155 4962 399 5018 minime
424 4972 602 5029 posse.
623 4954 777 5023 Quod
796 4953 883 5009 ille
904 4954 975 5007 ita
1004 4968 1063 5007 se
1093 4949 1377 5012 facturum;
1408 4956 1467 5001 ut
1490 4946 1540 5001 ei
1564 4945 1749 5017 praeci-

153 5051 444 5125 piebatur,
466 5046 744 5119 promisit;
774 5040 867 5099 sed
891 5057 1014 5097 cum
1043 5054 1209 5111 prope
1226 5052 1407 5093 muros
1422 5036 1744 5103 advenisset,

154 5141 315 5198 velle
343 5154 403 5195 se
424 5136 778 5194 Romoaldum
807 5132 992 5188 videre
1018 5132 1182 5186 dixit:
1212 5144 1320 5199 quo
1342 5143 1465 5183 cum
1489 5126 1746 5181 Romoal-

155 5234 273 5289 dus
317 5230 475 5285 citius
503 5226 827 5289 advenisset,
872 5223 949 5278 sic
976 5236 1096 5276 eum
1136 5220 1399 5274 allocutus
1425 5227 1511 5272 est
1546 5234 1559 5271 :
1602 5217 1748 5270 Con-

151 5338 325 5383 stans
378 5331 517 5385 esto,
538 5317 755 5374 domine
803 5312 1118 5377 Romoalde,
1145 5319 1201 5366 et
1249 5310 1453 5364 habens
1501 5307 1746 5362 ﬁduciam

154 5415 286 5489 ιεριὶ
308 5411 531 5475 turbari,
557 5409 683 5479 quia
706 5416 827 5460 tuus
868 5404 1077 5474 genitor
1105 5402 1264 5459 citius
1304 5400 1397 5455 tibi
1427 5400 1747 5469 praebiturus

152 5506 434 5564 auxilium
462 5503 654 5558 aderit.
683 5498 814 5554 Nam
848 5497 987 5553 scias
1008 5510 1129 5550 eum
1158 5494 1257 5547 ista
1288 5502 1447 5547 nocte
1468 5491 1618 5559 juxta
1645 5490 1746 5544 Sa-

153 5598 371 5653 tricum
399 5594 616 5648 ﬂuvium
646 5606 770 5646 cum
802 5588 979 5643 valido
1006 5587 1243 5642 exercitu
1271 5598 1511 5648 manere,
1542 5591 1746 5637 tantum

155 5690 404 5749 obsecro
431 5696 489 5742 ut
526 5680 945 5740 misericordiam
976 5679 1233 5736 exhibeas
1260 5691 1379 5733 cum
1406 5690 1525 5730 mea
1573 5688 1747 5729 uxore

1856 4495 2078 4550 Romam
2106 4496 2362 4565 perrexit.
2393 4494 2490 4549 Cui
2516 4502 2670 4549 sexto
2716 4495 2784 4549 ab
2827 4495 2959 4549 urbe
2988 4494 3238 4549 milliaria
3272 4495 3418 4549 Vita-

1849 4588 2022 4645 lianus
2042 4601 2181 4657 papa
2215 4602 2336 4640 cum
2366 4584 2734 4641 sacerdotibus
2762 4593 2817 4639 et
2839 4584 3080 4639 Romano
3102 4586 3299 4655 popula
3327 4600 3421 4640 oc-

1847 4678 2032 4734 currit.
2064 4676 2163 4744 Qui
2188 4680 2472 4745 Augustus,
2496 4689 2616 4728 cum
2640 4674 2704 4729 ad
2735 4674 2877 4729 beati
2902 4673 3044 4729 Petri
3075 4675 3253 4728 linuna
3296 4690 3417 4746 per-

1846 4771 2100 4836 venisset,
2133 4768 2328 4825 obtulit
2349 4769 2418 4821 ihi
2449 4767 2665 4837 pallium
2696 4782 2827 4821 auro
2857 4775 3084 4833 textum,
3112 4772 3166 4821 et
3194 4780 3418 4820 manens

1848 4860 1986 4930 apud
2018 4859 2241 4914 Romam
2262 4857 2449 4911 diebus
2476 4856 2780 4922 duodecim,
2824 4857 3003 4910 omnia
3054 4871 3171 4923 qum
3202 4854 3415 4908 fuerant

1846 4949 2141 5017 antiquitus
2167 4948 2426 5001 instructa
2450 4959 2517 5000 ex
2541 4958 2647 4999 aere
2683 4943 2736 4999 in
2757 4951 3132 4998 ornamentum
3183 4942 3416 4997 civitatis

1846 5037 2113 5107 deposuit,
2145 5036 2196 5090 in
2221 5044 2426 5088 tantum
2456 5034 2698 5089 utetiam
2728 5032 3000 5088 basilicam
3024 5033 3193 5085 beata:
3215 5030 3414 5099 Mariae,

1844 5140 1966 5195 qua:
1994 5124 2281 5194 aliquando
2321 5123 2595 5176 Pantheon
2625 5121 2937 5185 vocabatur,
2969 5129 3023 5174 et
3053 5118 3268 5174 condita
3300 5119 3415 5172 fue-

1845 5229 1929 5275 rat
1974 5220 2029 5274 in
2073 5220 2333 5273 honorem
2382 5216 2620 5271 omnium
2676 5213 2921 5277 deorum,
2966 5220 3020 5266 et
3054 5211 3167 5280 jam
3216 5211 3287 5265 ibi
3319 5225 3415 5279 per

1844 5311 2243 5366 concessionem
2272 5307 2607 5376 superiorum
2637 5304 2936 5374 principum
2979 5302 3127 5357 locus
3155 5310 3269 5355 erat
3297 5316 3414 5354 oin-

1845 5400 1990 5454 nium
2044 5408 2369 5467 martyrum,
2412 5393 2836 5461 discooperiret,
2886 5390 3197 5460 tegulasque
3243 5404 3414 5443 a-roas

1843 5486 2037 5544 exinde
2064 5483 2319 5548 auferret,
2342 5496 2540 5549 easque
2569 5481 2723 5536 simul
2746 5495 2865 5534 cum
2891 5480 3009 5533 aliis
3038 5477 3284 5532 omnibus
3323 5492 3413 5529 or-

1844 5577 2109 5635 namentis
2159 5572 2679 5642 Constantinopolim
2743 5572 3148 5626 transmitteret.
3217 5568 3415 5623 ltehnle

1848 5685 2098 5728 reversus
2114 5669 2404 5738 imperator
2423 5664 2719 5735 Neapolim,
2744 5663 2933 5718 itinere
2949 5671 3163 5718 terreno
3178 5660 3413 5729 perrexi'

3928 5524 3929 5539 1

3928 5550 3929 5575 1

3928 5590 3929 5607 1

3928 5706 3929 5735 1

3928 5752 3929 5763 1

3926 5768 3929 5789 1

3928 5854 3929 5869 1

3928 5918 3929 5951 1
