3956 6342
595 319 736 381 “55

1870 309 2265 369 LANDULPIII
2302 308 2593 368 SAGACIS
3643 331 3738 388 1158

588 430 647 488 in
671 418 942 487 civitatem
963 426 1212 499 Regium,
1234 426 1608 497 ingressusque
1634 425 1872 483 Siciliam
1906 440 2006 496 per
2025 423 2168 478 iudi-
2201 426 2246 483 A
2272 421 2829 493 haeretiempravitatis
2856 421 3091 495 depulsae
3116 435 3255 482 sunt.
3268 426 3337 484 Et
3354 429 3573 505 Georgius
3589 443 3740 508 quidem

588 521 824 575 etionem
842 518 1148 587 septimam,
1172 518 1431 573 habitavit
1449 517 1762 588 Syracusas,
1787 524 1844 572 et
1877 515 2013 570 tales
2035 513 2173 568 aliiio

590 609 800 664 ctiones
816 609 871 664 in
899 624 1001 665 suo
1031 609 1252 679 populo,
1279 622 1375 663 seu
1410 607 1823 673 habitatoribus,
1850 607 1934 662 vel
1961 621 2175 675 posses-

588 697 801 754 soribus
831 697 1113 762 Calabriae,
1159 697 1375 761 Sicilia),
1436 696 1656 764 Arriae,
1704 706 1866 765 atque
1914 695 2176 751 Sardinia:

591 790 856 856 exercuit,
898 789 1089 858 quales
1121 798 1279 844 antea
1330 803 1605 858 nunquam
1655 788 1852 843 audita
1905 796 2053 853 sunt,
2101 787 2175 842 ita

588 880 754 936 etiam
777 890 837 937 ut
856 895 1054 938 uxores
1080 897 1111 937 a
1140 881 1368 949 maritis,
1393 882 1477 937 vel
1500 882 1593 937 lilii
1624 897 1652 934 a
1679 881 1992 951 parentibus
2019 894 2176 949 sepa-

589 977 857 1026 rarentur.
881 969 984 1026 Sed
1004 971 1128 1026 talia
1153 972 1319 1027 multa
1348 980 1404 1027 et
1430 972 1665 1027 inaudita
1688 972 1876 1026 harum
1898 971 2174 1039 regionum

591 1052 775 1131 populi
795 1068 919 1115 sunt
948 1062 1215 1130 perpessi,
1237 1062 1310 1115 ita
1339 1071 1399 1115 ut
1427 1062 1587 1117 alicui
1627 1076 1753 1131 spes
1772 1062 1897 1116 vitae
1940 1077 2048 1115 non
2085 1075 2176 1116 re-

591 1160 858 1207 maneret.
892 1152 1026 1207 Nam
1045 1162 1103 1208 et
1126 1169 1251 1208 vasa
1281 1169 1458 1222 sacra,
1514 1163 1571 1209 et
1613 1153 1825 1209 cimelia
1868 1161 2177 1209 sanctarum

590 1239 685 1297 Dei
716 1243 1084 1310 ecclesiarum,
1130 1246 1395 1315 imperiali
1419 1245 1571 1314 jussu
1618 1254 1671 1301 et
1708 1244 2016 1300 Graecorum
2047 1258 2177 1298 ava-

589 1333 712 1389 ritia
742 1336 951 1391 sublata
978 1347 1122 1392 sunt.
1151 1338 1346 1395 Mansit
1370 1347 1549 1393 autem
1593 1340 1644 1393 in
1685 1337 1868 1393 Sicilia
1918 1337 1985 1391 ab
2041 1336 2179 1391 indi-

587 1425 773 1481 ctione
816 1426 1043 1496 septima
1074 1444 1244 1499 usque
1292 1429 1343 1483 in
1389 1427 1795 1493 duodecimam;
1825 1426 1918 1484 sed
1960 1425 2176 1481 tandem

590 1521 862 1570 tantarum
887 1515 1226 1586 iniquitatum
1264 1534 1451 1587 pot-nas
1498 1518 1615 1585 luit,
1657 1526 1820 1587 atque
1864 1517 1989 1572 dum
2019 1531 2077 1571 se
2124 1516 2177 1570 in

590 1607 785 1665 balneo
812 1608 1040 1679 lavaret,
1068 1626 1099 1665 a
1120 1611 1232 1667 suis
1258 1613 1555 1669 exstinctus
1574 1620 1677 1668 est.
1701 1610 1987 1668 Interfecto
2018 1611 2180 1681 igitur

589 1699 731 1768 apud
758 1699 1053 1772 Syracusas
1086 1702 1380 1759 Consmnte
1425 1703 1771 1774 imperatore,
1802 1701 2096 1758 Mezentius
2124 1704 2177 1758 in

2277 515 2581 585 patriarcha
2619 524 2901 587 correptus
2942 525 3045 583 est,
3085 522 3258 576 eteteri
3286 537 3405 579 vero
3446 524 3491 580 in
3516 542 3594 584 sua
3613 532 3744 592 deleat.

2276 606 2432 661 sione
2464 617 2869 675 perseverantes
2922 609 3279 667 anathematis
3321 624 3435 669 sunt
3466 617 3630 678 ultione
3663 641 3744 693 per.

2275 702 2431 767 culsi.
2480 700 2559 758 Eo
2611 712 2854 774 tempore
2908 704 3197 761 Damianus
3240 705 3525 778 Tyeniensis
3571 715 3745 775 Eet'lesia

2278 794 2585 863 episcopus,
2613 795 2714 849 sub
2741 796 2959 851 nomine
3008 795 3270 853 Mansueti
3318 798 3660 865 Mediolanensis
3690 826 3746 867 ar-

2278 884 2628 954 chiepiscopi,
2681 899 2742 939 ea
2769 884 2835 940 de
2864 901 3025 941 causa
3055 888 3186 943 satis
3216 888 3390 945 utilem
3411 900 3636 965 rectaeque
3668 882 3747 959 ﬁdei

2278 975 2560 1046 epistolam
2611 979 2934 1049 composuit,
2966 995 3083 1049 qua:
3131 980 3184 1035 in
3237 983 3443 1052 praefata
3482 990 3647 1059 synodo
3680 1010 3747 1049 non

2278 1067 2550 1125 mediou'e
2584 1071 2894 1140 sulTragium
2922 1073 3062 1128 tulit.
3098 1074 3261 1129 Recta
3290 1084 3454 1132 autem
3479 1088 3525 1134 et
3550 1097 3644 1137 vera
3665 1086 3748 1144 lidrs

2278 1166 2384 1224 est,
2410 1168 2468 1214 ut
2495 1161 2635 1216 sicut
2656 1162 2708 1215 in
2743 1161 2969 1217 Domino
2992 1174 3176 1219 nostro
3198 1164 3320 1237 Jesu
3344 1166 3536 1225 Christo
3564 1172 3652 1227 dua:
3672 1189 3749 1231 sunt

2279 1256 2503 1315 naturae,
2519 1250 2622 1305 hoc
2652 1260 2752 1316 est,
2785 1251 2877 1307 Dei
2907 1259 2959 1307 et
2984 1253 3239 1319 hominis,
3282 1257 3357 1312 sic
3385 1259 3527 1312 etiam
3559 1261 3651 1318 dure
3670 1273 3747 1318 tra-

2279 1344 2479 1400 duntur
2498 1361 2618 1402 esse
2642 1347 2968 1415 voluntates,
3000 1349 3113 1405 sive
3144 1354 3490 1421 Operationes.
3528 1356 3603 1412 Vis
3626 1362 3750 1418 audire

2280 1436 2405 1505 quid
2437 1435 2654 1493 deitatis
2684 1447 2769 1495 est
2792 1439 2970 1511 ?Ego,
2994 1442 3187 1511 inquit,
3215 1452 3269 1497 et
3299 1443 3448 1499 Pater
3472 1462 3603 1503 unum
3619 1468 3752 1510 sumus.

2281 1527 2372 1584 Vis
2394 1529 2576 1585 audire
2602 1530 2732 1600 quid
2778 1531 3129 1590 humanitatis
3156 1534 3182 1587 ?
3232 1533 3390 1590 Pater
3430 1540 3574 1609 major
3604 1558 3664 1595 me
3693 1554 3751 1597 est.

2279 1620 2455 1677 Cerne
2482 1623 2778 1678 secundum
2804 1623 3195 1680 humanitatem
3224 1642 3345 1682 eum
3373 1630 3421 1683 in
3445 1632 3550 1686 navi
3567 1632 3755 1688 dormien-

2282 1720 2613 1778 tem;cerne
2639 1712 2755 1783 ejus
2801 1714 3156 1784 divinitatem,
3207 1719 3514 1789 evangelista
3547 1723 3755 1778 aitzTunc

589 1790 775 1849 Sicilia
805 1808 1029 1865 regnum
1060 1798 1305 1867 arripuit,
1337 1797 1431 1853 sed
1477 1798 1680 1866 absque
1708 1795 1996 1851 Orientalis
2025 1811 2181 1851 exer—
2212 1785 2255 1847 Β
2284 1820 2501 1874 surgens
2539 1806 2812 1876 imperavit
2860 1811 3021 1863 ventis
3050 1819 3101 1865 et
3153 1812 3307 1878 mari,
3348 1785 3397 1866 et
3442 1814 3560 1884 facta
3583 1824 3641 1869 est
3661 1826 3755 1869 trau-

588 1881 1036 1940 citusvoluntate.
1063 1887 1260 1942 Contra
1285 1902 1444 1957 quem
1480 1886 1644 1942 italia:
1691 1887 1908 1951 milites,
1942 1886 2031 1940 alii
2079 1900 2176 1956 per

581 1969 820 2043 Istriam,
851 1977 940 2032 alii
962 1992 1059 2047 per
1083 1987 1262 2048 partes
1305 1978 1630 2050 Campanize,
1662 1977 1751 2033 alii
1780 1992 1909 2033 vero
1936 1992 1966 2032 a
2008 1979 2175 2048 parti-

587 2065 691 2123 bus
716 2067 909 2123 Africa:
929 2078 982 2125 et
1005 2071 1264 2126 Sardiniae
1293 2072 1568 2126 venientes
1611 2071 1663 2125 in
1692 2070 2007 2141 Syracusas,
2050 2064 2173 2125 eum

588 2159 699 2213 vita
725 2160 1092 2229 privaverunt.
1124 2161 1381 2233 Multique
1398 2179 1463 2219 ex
1481 2162 1751 2232 judicibus
1773 2161 1888 2231 ejus
1920 2161 2174 2227 truncati,

587 2245 1112 2320 Constantinopolim
1142 2251 1388 2321 perducti
1417 2260 1564 2317 sunt,
1596 2266 1719 2306 cum
1745 2250 1942 2320 quibus
1969 2251 2173 2322 pariter

587 2344 646 2392 et
672 2336 791 2392 falsi
822 2338 1164 2409 imperatoris
1204 2349 1365 2411 caput
1392 2348 1477 2396 est
1504 2341 1867 2411 deportatum.

665 2448 789 2504 llaec
819 2450 1044 2506 audiens
1066 2466 1199 2520 gens
1222 2452 1636 2519 Saracenorum,
1670 2467 1789 2522 qua:
1809 2446 1919 2523 jam
1944 2452 2179 2509 Alexan-

590 2541 762 2596 driam
791 2551 847 2597 et
876 2540 1169 2614 Egyptum
1214 2553 1544 2615 pervaserat,
1594 2546 1771 2599 subito
1825 2561 1944 2600 cum
1996 2546 2179 2601 multis

592 2633 816 2689 navibus
843 2636 1123 2691 venientes
1166 2635 1400 2691 Siciliam
1432 2635 1711 2702 invadunt,
1743 2635 2037 2707 Syracusas
2092 2637 2177 2691 in-

591 2725 927 2795 grediuntur,
956 2728 1288 2796 multamque
1324 2737 1557 2799 stragem
1602 2728 1803 2784 faciunt
1833 2727 2177 2798 pepulorum,

593 2817 680 2873 vix
712 2819 897 2888 paucis
923 2820 1303 2885 evadentibus,
1336 2821 1429 2892 qui
1461 2836 1554 2891 per
1606 2822 1964 2877 munitissima
2003 2829 2179 2876 castra

590 2916 648 2963 et
680 2908 809 2977 juga
862 2907 1223 2979 confugerunt
1252 2911 1539 2966 montium.
1597 2910 1919 2965 Auferentes
1963 2924 2181 2979 quoque

593 2999 828 3069 praedam
854 3000 1108 3068 nimiam,
1156 3009 1212 3056 et
1257 3016 1471 3056 omnem
1518 3000 1666 3055 illum
1703 3016 1862 3071 quem
1913 2999 2182 3055 Constans

594 3090 869 3156 Augustus
924 3104 956 3144 a
1004 3088 1177 3145 Roma
1231 3090 1528 3145 abstulerat
1568 3098 1821 3145 ornatum
1866 3090 1919 3144 in
1966 3105 2073 3145 tere
2124 3100 2178 3145 et

589 3176 818 3233 diversis
842 3180 1143 3249 speciebus,
1176 3182 1361 3250 sicque
1385 3181 1763 3237 Alexandriam
1792 3182 1992 3237 reversi
2029 3194 2174 3239 sunt.

597 3266 763 3322 Porro
789 3268 932 3335 regis
958 3268 1087 3337 lilia,
1107 3284 1268 3339 quam
1292 3270 1357 3325 de
1382 3270 1689 3326 Benevento
1730 3271 1933 3326 obsidis
1962 3272 2181 3327 nomine

591 3358 860 3414 sublatam
885 3360 1136 3428 diximus,
1168 3362 1405 3418 Siciliam
1439 3362 1664 3419 veniens
1695 3362 1834 3418 diem
1866 3363 2059 3418 clausit
2088 3381 2181 3418 ex-

594 3458 825 3505 tremum

667 3565 831 3635 Igitur
865 3566 1149 3633 exstincto,
1180 3577 1238 3623 ut
1264 3568 1518 3634 diximus,
1549 3569 1694 3640 apud
1741 3569 1979 3625 Siciliam
2034 3567 2180 3625 Con-

593 3666 771 3712 stante
795 3662 1056 3725 Augusto,
1090 3660 1405 3729 punitoqne,
1436 3659 1525 3729 qui
1556 3660 1605 3714 ei
1655 3666 2015 3724 successerat,
2070 3658 2182 3714 Meo

595 3749 775 3805 sentio
817 3757 1074 3819 tyranno,
1133 3750 1499 3807 Romanorum
1531 3762 1754 3820 regnum
1795 3749 2181 3807 Constantinus

591 3837 891 3892 Constantii
915 3838 1136 3909 Augusti
1185 3840 1321 3895 [ilius
1347 3840 1582 3911 suscepit
1627 3841 1940 3911 regendum,
1974 3841 2179 3896 Roma-

596 3930 786 4000 nisque
823 3931 1156 4002 principatus
1198 3942 1280 3986 est
1307 3934 1461 3987 annis
1487 3932 1674 3988 decem
1704 3941 1759 3986 et
1780 3941 2007 4001 septem.
2035 3916 2210 3988 Con;

594 4021 779 4079 Stantii
801 4036 935 4077 sane
984 4022 1319 4092 temporibus
1365 4020 1687 4076 Theodorus
1741 4022 2181 4092 archiepiscopus

595 4123 653 4171 et
673 4114 944 4171 Adrianus
970 4115 1135 4171 abbas
1162 4113 1247 4168 vir
1267 4112 1612 4169 doctissimus
1635 4129 1665 4168 a
1718 4113 1989 4169 Vitaliano
2039 4129 2177 4184 papa

594 4205 744 4259 missi
783 4206 836 4260 in
890 4205 1234 4269 Britanniam,
1269 4205 1529 4275 plurimas
1580 4205 1837 4265 ecclesias
1884 4204 2179 4274 Anglorum

594 4296 856 4353 doctrinae
876 4298 1256 4354 ecclesiastica:
1286 4297 1434 4365 fruge
1463 4297 1839 4353 fecundarum.
1894 4297 1935 4350 E
1987 4298 2181 4367 quibus

597 4389 918 4446 Theodorus
939 4390 1377 4460 archiepiscopus
1403 4388 1741 4459 peccantium
1759 4388 1982 4458 judicia,
2014 4402 2180 4457 quan-

2279 1896 2511 1967 quillitas
2537 1914 2749 1968 magna.
2779 1899 2903 1955 Haec
2941 1909 3025 1955 est
3066 1910 3219 1957 sexta
3250 1904 3472 1975 synodus
3517 1906 3753 1971 universalis.

2277 1986 2742 2059 Constantinopoli
2789 1990 3085 2059 celebrata,
3109 2001 3165 2048 et
3206 1992 3391 2050 Graeco
3437 2010 3643 2052 sermone
3676 2013 3756 2052 con-

2277 2080 2499 2148 scripta,
2523 2080 2860 2150 temporibus
2891 2096 3044 2153 papa:
3074 2085 3391 2155 Agathonis,
3422 2097 3474 2144 et
3505 2099 3757 2161 sequentem

2278 2167 2547 2224 residente
2565 2168 2921 2227 Constantino
2950 2173 3198 2245 principe
3227 2176 3362 2231 intra
3384 2187 3519 2248 septa
3542 2180 3679 2249 palatii
3693 2180 3755 2234 sui.

2279 2256 2483 2315 Dehinc
2512 2260 2654 2329 apud
2682 2260 3210 2335 Constantinopolim
3264 2267 3392 2339 imp.
3444 2270 3634 2324 moritur
3670 2269 3759 2324 Con-

2278 2350 2565 2413 stantinus.
2597 2362 2652 2408 et
2686 2354 2803 2424 ejus
2834 2355 3009 2412 minor
3036 2356 3179 2413 ﬁlius
3227 2359 3539 2415 Justinianus
3572 2361 3758 2417 Romano-

2279 2459 2398 2498 rum
2429 2459 2650 2515 regnum
2681 2448 2937 2518 suscepit,
2968 2449 3124 2519 cujus
3152 2465 3254 2521 per
3274 2452 3453 2507 decem
3486 2467 3622 2507 annos
3641 2451 3760 2521 guber-

2280 2536 2468 2592 nacula
2502 2539 2689 2595 tenuit.
2725 2539 2823 2596 liic
2864 2541 3100 2598 Africam
3149 2559 3180 2598 a
3214 2544 3487 2601 Saracenis
3512 2544 3693 2605 abstulit,
3727 2551 3761 2598 et

2280 2642 2402 2682 cum
2438 2628 2641 2685 eisdem
2671 2645 2859 2700 pacem
2892 2639 3035 2687 terra
3061 2633 3309 2704 marique
3330 2634 3467 2690 fecit.
3496 2635 3577 2690 llic
3595 2634 3759 2702 Sergium

2281 2719 2616 2789 pontiﬁcem,
2650 2721 2777 2790 quia
2810 2722 2864 2777 in
2913 2738 3101 2780 errore
3131 2725 3278 2782 illius
3306 2726 3484 2796 synodi
3509 2742 3634 2797 quam
3670 2724 3760 2778 Cor

2280 2810 2632 2881 stantinopoli
2661 2811 2861 2869 fecerat
2878 2814 3059 2871 favere
3076 2817 3474 2875 etsubscribere
3489 2817 3641 2880 noluit,
3655 2816 3761 2870 misso

2282 2898 2542 2957 Zacharia
2587 2906 2989 2976 protospatario
3028 2922 3130 2963 suo
3154 2909 3318 2977 jussit
3349 2906 3759 2976 Constantinopolim

2279 2990 2573 3061 deportari.
2618 2993 2723 3051 Sed
2765 2997 2953 3052 militia
2996 2998 3273 3055 Ravennae
3324 3002 3667 3069 vicinamtnque
3685 3011 3761 3067 par-

2283 3080 2436 3145 tium,
2457 3083 2607 3153 jussa
2634 3086 2931 3157 principum
2965 3087 3194 3144 nefanda
3227 3098 3574 3156 contemnens,
3595 3085 3762 3142 cumdel

2284 3173 2597 3231 Zachariam
2628 3193 2749 3233 cum
2779 3180 3121 3236 contumeliis
3150 3182 3221 3237 ab
3243 3182 3376 3238 urbe
3401 3181 3551 3238 Roma
3566 3189 3609 3237 et
3626 3175 3763 3249 injuriis

2282 3267 2507 3337 pepulit.

2351 3380 2551 3435 Contra
2579 3381 2721 3437 hunc
2747 3380 3104 3440 Iustinianum
3136 3382 3253 3440 Leo
3306 3383 3613 3454 Augustalem
3652 3378 3763 3448 digni-

2283 3480 2447 3526 tatem
2479 3472 2764 3542 arripiens,
2819 3489 2943 3527 eum
2992 3489 3161 3543 regno
3218 3446 3477 3546 privavit;
3528 3481 3761 3542 regamque
3860 3446 3861 3501 Ῑ

2282 3562 2647 3618 Romanorum
2681 3564 2850 3619 tribus
2880 3566 3034 3621 annis
3062 3579 3284 3636 regens,
3323 3564 3762 3622 Justiniauumexsu-

2281 3653 2387 3709 lem
2418 3654 2471 3708 in
2494 3653 2669 3709 Ponto
2691 3656 2948 3711 servavit.

2354 3745 2698 3815 Rursumque
2726 3748 2971 3803 Tiberius
2998 3758 3190 3804 contra
3244 3750 3388 3807 hunc
3428 3749 3628 3804 Leonem
3651 3743 3764 3797 insur-

2281 3850 2431 3907 gens,
2458 3853 2683 3907 regnum
2713 3839 2831 3908 ejus
2852 3840 3065 3905 invasit,
3094 3855 3222 3895 eum
3247 3856 3458 3911 quoque
3482 3848 3578 3895 toto
3594 3850 3673 3905 quo
3694 3834 3761 3902 ipse
3860 3902 3861 3907 η

2281 3932 2525 3999 regnavit
2550 3938 2816 4001 tempore,
2846 3930 2899 3986 in
2944 3931 3133 3988 eadem
3159 3934 3384 3987 civitate
3434 3931 3483 3987 in
3509 3929 3693 3986 custodia
3713 3932 3762 3978 te-

2280 4022 2418 4076 nuit.
2443 4020 2558 4076 lloc
2580 4030 2824 4088 tempore
2853 4025 3087 4095 synodus
3115 4025 3414 4095 Aquilegiae
3441 4023 3565 4078 facta
3604 4020 3655 4074 ob
3677 4014 3762 4086 peri-

2282 4112 2410 4168 tiam
2448 4114 2569 4168 lidei
2603 4114 2850 4185 quintum
2903 4116 3208 4172 universale
3248 4116 3530 4172 concilium
3575 4108 3763 4176 suscipere

2282 4204 2492 4270 difﬁdit,
2519 4205 2693 4268 donec
2733 4206 3061 4264 salutaribus
3095 4210 3242 4263 beati
3276 4224 3422 4279 papa:
3449 4206 3594 4274 Sergii
3618 4196 3761 4256 monitis

2278 4296 2564 4365 instructa,
2594 4305 2649 4352 et
2678 4296 2794 4367 ipsa
2841 4298 2968 4354 huic
2999 4314 3121 4354 eum
3150 4300 3367 4355 etrteris
3393 4297 3571 4354 Christi
3595 4287 3763 4351 Ecclesiis

2282 4402 2519 4443 annuere
2540 4388 2828 4443 consentit.
2879 4388 3045 4443 Facta
3089 4398 3278 4445 autem
3331 4400 3413 4445 est
3465 4390 3566 4443 hazc
3608 4378 3762 4455 synodus

599 4484 667 4537 tis
694 4482 900 4537 scilicet
922 4497 1021 4552 pro
1070 4498 1177 4537 uno
1203 4496 1419 4552 quoque
1471 4489 1697 4551 peccato
1743 4480 1866 4550 quis
1917 4482 2180 4551 paenitere
2211 4494 2255 4551 ο
2282 4475 2779 4546 Constantinopoli;
2824 4481 3157 4559 temporibus
3188 4496 3345 4552 papae
3373 4480 3511 4547 Julii,
3538 4476 3620 4533 sub
3659 4467 3764 4559 iusti-

598 4571 809 4636 debeat,
835 4572 1063 4626 mirabili
1085 4578 1138 4627 et
1160 4572 1389 4627 discreta
1411 4570 1842 4626 consideratione
1871 4569 2174 4640 descripsit.
2216 4640 2219 4641 ν

600 4662 735 4718 Dum
765 4664 881 4718 haec
906 4670 1184 4732 geruntur,
1232 4664 1450 4719 haeresis
1483 4663 1625 4732 apud
1653 4662 2178 4732 Constantinopolim

600 4761 716 4807 orta
747 4760 850 4819 est,
882 4767 1003 4821 qua:
1028 4769 1190 4808 unam
1218 4753 1273 4808 in
1301 4753 1530 4809 Domino
1567 4761 1754 4809 nostro
1784 4752 1914 4808 Jesu
1958 4751 2177 4810 Christo

598 4844 934 4899 voluntatem
962 4852 1018 4899 et
1046 4845 1417 4915 operationem
1434 4845 1800 4901 asseverabat.
1835 4844 1982 4900 lianc
1998 4852 2178 4900 autem

602 4936 847 4990 haeresim
879 4937 1184 4992 excitarunt
1231 4935 1497 5005 Georgius
1526 4935 1832 5005 patriarcha
1864 4934 2178 4991 Constanti-

600 5026 963 5096 nopolitanus,
999 5028 1291 5093 Macarius,
1328 5026 1579 5096 Pyrrhus,
1625 5026 1820 5080 Paulus
1865 5034 1922 5080 et
1969 5024 2178 5083 Petrus.

603 5115 774 5181 Quam
828 5118 898 5171 ob
951 5131 1166 5172 causam
1210 5117 1595 5172 Constantinus
1648 5117 1920 5184 Augustus
1965 5127 2179 5172 centum

602 5208 986 5278 quinquaginta
1020 5210 1301 5278 episcopos
1327 5210 1638 5277 congregari
1671 5208 1837 5263 fecit:
1872 5210 2013 5264 inter
2043 5225 2182 5279 quos

603 5299 765 5352 etiam
793 5298 1010 5354 fuerunt
1035 5301 1192 5367 legati
1216 5310 1413 5355 sanctae
1444 5302 1697 5354 Romana:
1723 5299 2000 5363 Ecclesize,
2034 5303 2181 5357 missi

603 5390 671 5441 ab
705 5390 982 5457 Agathone
1021 5407 1157 5459 papa
1180 5433 1192 5454 ,
1247 5388 1483 5445 Joannes
1530 5390 1829 5457 Diaconus,
1861 5401 1916 5445 et
1952 5392 2184 5447 Joannes
2224 5418 2227 5421 ι

604 5481 917 5537 Portueusis
948 5483 1252 5552 episc0pus,
1285 5484 1377 5551 qui
1407 5498 1596 5538 omnes
1650 5484 1894 5539 eamdem
1941 5485 2183 5541 haeresim

605 5569 1018 5626 damnaverunt.
1105 5574 1176 5625 Ea
1251 5573 1381 5626 hora
1452 5583 1613 5627 tantm
1678 5590 1997 5629 aranearum
2066 5576 2185 5630 tela:

608 5654 660 5709 in
710 5660 887 5713 medio
929 5660 1109 5728 populi
1164 5661 1518 5727 ceciderunt,
1568 5672 1624 5717 ut
1679 5679 1867 5718 omnes
1921 5665 2188 5719 miraren-

610 5754 730 5810 tur,
791 5763 857 5802 ac
921 5766 1017 5819 per
1079 5750 1181 5807 huc
1236 5752 1590 5823 signiﬁcatum
1661 5764 1743 5813 est
1802 5755 1945 5827 quod
1997 5757 2184 5811 sordes

2281 4568 2445 4623 niano
2473 4568 2713 4639 principe
2733 4558 2923 4624 contra
2954 4570 3327 4638 Theodorum,
3352 4581 3407 4627 et
3432 4583 3596 4626 omnes
3630 4558 3763 4619 lucreti-

2280 4675 2395 4725 eos,
2420 4660 2511 4729 qui
2543 4660 2755 4714 beatam
2787 4658 3011 4715 Mariam
3036 4661 3210 4717 solum
3237 4661 3522 4725 hominem,
3553 4671 3636 4711 non
3656 4651 3764 4705 Dem“

2280 4760 2338 4808 et
2388 4751 2660 4807 hominem
2702 4752 2956 4820 genuisse
2988 4752 3360 4809 afﬁrmabant.
3401 4753 3456 4808 In
3502 4764 3593 4819 qua
3628 4737 3762 4815 synodo

2282 4841 2546 4897 catholice
2572 4850 2653 4899 est
2672 4842 2975 4897 institutum
3022 4852 3082 4898 ut
3099 4844 3257 4898 beata
3289 4843 3453 4898 Maria
3478 4849 3653 4908 semper
3669 4829 3763 4894 Viri"

2283 4929 2591 4989 Theotocos
2610 4932 2899 4999 diceretur,
2933 4934 3080 5003 quia,
3114 4934 3256 4988 sicut
3304 4932 3553 4988 catholica
3589 4919 3763 4981 Μαδιη-

2283 5025 2395 5090 bet,
2431 5040 2536 5080 non
2560 5025 2831 5080 hominem
2862 5026 3061 5094 solum,
3112 5026 3205 5081 sed
3256 5040 3382 5080 vere
3409 5024 3562 5080 Deum
3587 5026 3628 5073 et
3648 5008 3764 5069 homi-

2284 5131 2406 5170 nem
2435 5116 2638 5183 genuit.
2672 5116 2784 5170 lloe
2805 5125 3047 5186 tempore
3064 5115 3204 5186 apud
3226 5115 3427 5170 Callias
3453 5114 3503 5167 in
3531 5108 3763 5163 Francorum

2284 5219 2531 5273 regnum,
2564 5205 2790 5261 Anschis
2824 5206 3030 5260 Amulli
3062 5207 3219 5273 (ilius,
3254 5205 3369 5275 qui,
3398 5204 3463 5258 de
3502 5194 3674 5255 nomine
3695 5189 3764 5241 An-

2285 5296 2467 5359 chisa},
2493 5296 2760 5364 quondam
2779 5295 3017 5365 Troiani,
3048 5292 3597 5365 creditur‘appellatus,
3620 5280 3692 5337 sub
3710 5287 3765 5328 no-

2286 5390 2430 5444 mine
2474 5389 2691 5456 majoris
2743 5389 2935 5444 domus
2979 5390 3199 5458 gerebat
3241 5386 3599 5456 principatum.
3638 5372 3763 5426 Αιῖε·

2285 5495 2348 5533 ro
2403 5481 2777 5544 Justiuianus,
2835 5480 2924 5550 qui
2981 5480 3178 5537 amisso
3232 5476 3528 5548 principatu
3570 5469 3612 5522 in
3653 5460 3765 5513 Ponto
3860 5472 3861 5479 η

2288 5572 2589 5635 exsulabat,
2622 5572 2823 5625 auxilio
2880 5570 3145 5624 'l‘erebelli
3174 5568 3525 5635 Burgarorum
3552 5553 3675 5623 regis.
3711 5554 3764 5640 ii’

2287 5675 2448 5729 gnum
2482 5678 2664 5716 rursus
2694 5662 2976 5731 recipiens,
3010 5676 3105 5715 eos
3144 5658 3233 5729 qui
3263 5673 3327 5712 se
3355 5654 3631 5724 expulerant
3654 5645 3755 5710 Pam

2233 5790 2240 5798 ο
2290 5755 2403 5810 cios
2431 5753 2643 5810 occidit.
2682 5752 2911 5808 Leonem
2934 5763 3150 5825 quoque
3173 5756 3229 5804 et
3263 5745 3540 5805 Tiberium,
3560 5733 3632 5807 qui
3651 5731 3763 5786 locum
