3956 6342
169 317 299 374 1157

166 434 280 502 ejus
301 433 709 499 usurpaverant,
737 423 897 495 cepit,
946 430 1003 479 et
1040 421 1092 478 in
1136 421 1314 478 medio
1357 422 1503 478 circo
1545 436 1732 477 coram
1764 431 1810 488 Α

166 524 313 579 omni
345 518 540 589 populo
562 516 795 586 jugulari
830 514 1099 583 praecepit.
1125 510 1445 567 Gallicinum
1486 526 1616 566 vero
1644 527 1739 581 pa-

166 614 460 669 triarcham
485 606 1161 676 ConstantinOpolitanum,
1193 604 1362 659 erutis
1386 603 1581 660 oculis.
1628 603 1739 657 Ro-

166 720 311 759 mam
341 703 508 767 misit,
538 699 843 771 Cyrumque
871 698 1137 761 abbatem,
1169 697 1260 765 qui
1294 712 1417 751 eum
1469 697 1523 751 in
1569 695 1742 749 Ponto

167 795 410 850 exsulem
440 794 664 857 aluerat,
689 792 998 861 episcopum
1027 790 1080 843 in
1122 789 1244 843 loco
1272 788 1515 842 Gallicini
1546 788 1745 842 consti-

170 883 292 937 tuit.
331 883 424 937 llic
450 882 858 936 Constantinum
883 893 1075 950 papam
1101 877 1167 931 ad
1212 893 1272 933 se
1318 878 1503 931 venire
1529 876 1744 946 jubens,

169 974 467 1030 honoriﬁce
497 973 755 1041 suscepit,
780 987 844 1027 ac
874 972 1099 1027 remisit.
1144 971 1313 1037 Quem
1344 977 1644 1039 prostratus
1693 968 1746 1021 in

172 1073 379 1119 terram
410 1078 507 1134 pro
537 1064 650 1119 suis
680 1062 916 1132 peccatis
946 1060 1280 1115 intercedere
1305 1073 1522 1129 rogans,
1553 1065 1746 1112 cuncta

170 1154 292 1223 ejus
326 1154 575 1209 Ecclesiae
597 1153 874 1221 privilegia
902 1151 1197 1207 renovavit.
1230 1148 1333 1216 Qui
1360 1165 1482 1204 cum
1538 1147 1748 1204 exerci-

156 1252 287 1296 tum
325 1242 380 1296 in
410 1241 639 1296 Pontum
669 1242 906 1296 mitteret
933 1241 997 1295 ad
1027 1238 1582 1310 comprehendendum
1629 1236 1752 1293 Phi-

173 1331 449 1401 lippicum,
475 1348 632 1401 quem
662 1333 731 1386 ibi
778 1323 1133 1400 relegaverat,
1166 1331 1393 1385 multum
1436 1346 1557 1384 eum
1609 1330 1752 1384 idem

158 1422 501 1476 "venerabilis
526 1437 662 1491 papa
695 1422 966 1491 prohibuit
1017 1437 1085 1477 ne
1134 1423 1238 1476 hoc
1284 1421 1465 1476 facere
1511 1420 1751 1488 deberet,

173 1511 271 1566 sed
296 1519 476 1566 tamen
534 1512 778 1566 inhibere
836 1527 941 1565 non
989 1511 1185 1582 potuit.
1213 1508 1493 1566 Exercitus
1541 1524 1755 1579 quoque

172 1604 269 1668 qui
292 1603 485 1658 missus
509 1612 695 1657 contra
729 1601 1080 1671 Philippicum
1126 1600 1301 1655 fuerat
1337 1599 1403 1654 ad
1450 1608 1654 1669 partem
1698 1614 1758 1653 se

174 1691 463 1760 Philippici
488 1691 739 1758 contulit,
775 1703 1007 1759 eumque
1042 1690 1422 1758 imperatorem
1476 1688 1621 1742 fecit.
1653 1688 1754 1753 Qui

1167 308 1713 366 ADDITAMENTUM
1749 309 1842 364 AD
1891 308 2066 363 HIST.
2108 307 2420 364 MISCELL.

3272 310 3408 366 “58

1909 420 2026 489 ipse
2053 435 2203 481 vero,
2243 427 2306 474 ut
2333 433 2553 487 regnum
2574 420 2814 490 accepit,
2847 435 2970 476 mox
3001 421 3053 476 in
3084 435 3229 492 regia
3275 424 3409 479 urbe

1842 509 2124 576 imaginem
2149 508 2290 562 illam
2314 508 2695 574 venerandam,
2728 510 2780 563 in
2810 523 2914 578 qua
2943 518 3130 565 sancta
3173 512 3409 581 synodus
3450 536 3454 540 θ

1842 607 1957 654 erat
1984 599 2218 669 depicta,
2245 608 2299 655 et
2345 615 2375 654 a
2407 600 2701 670 Philippica
2728 598 2905 656 fuerat
2954 599 3182 670 dejecta,
3235 602 3415 671 pristi-

1844 704 1969 743 num
1994 689 2045 742 in
2069 690 2243 743 locum
2270 689 2464 743 erexit.
2510 688 2603 744 His
2638 689 2826 744 diebus
2873 689 3080 745 Tiberis
3118 690 3309 744 ﬁuvius
3340 690 3411 744 ita

1845 778 2141 845 inundavit,
2175 790 2232 834 ut
2258 780 2468 834 alveum
2495 795 2651 835 suum
2692 793 2939 849 egressus
2966 782 3131 836 multa
3161 782 3414 837 Romana:

1847 867 2033 926 fecerit
2052 872 2211 927 exitia
2242 873 2464 938 civitati,
2489 874 2561 927 ita
2588 882 2643 927 ut
2668 874 2722 930 in
2747 875 2831 929 via
2856 874 2964 930 lata
2980 874 3048 928 ad
3070 890 3228 929 unam
3250 883 3305 929 et
3326 889 3416 929 se-

1847 963 1948 1016 mis
1975 970 2233 1019 statnram
2256 974 2612 1032 excresceret,
2645 975 2809 1037 atque
2841 981 2871 1021 a
2894 977 3047 1038 porta
3072 969 3240 1023 sancti
3272 966 3418 1024 Petri

1847 1068 2016 1122 usque
2042 1054 2109 1109 ad
2137 1064 2354 1125 pontem
2390 1056 2622 1112 Milvium
2652 1073 2802 1129 aqua:
2852 1060 3235 1115 descendentes
3285 1074 3417 1114 con-

1844 1143 2133 1210 tingerent.
2170 1144 2362 1200 Mansit
2387 1154 2564 1201 autem
2585 1148 2771 1203 diebus
2799 1158 3023 1218 septem,
3053 1149 3224 1204 donec
3250 1163 3420 1218 agen-

1852 1234 1992 1288 tibus
2020 1234 2237 1290 litauias
2267 1236 2486 1295 crebras
2514 1237 2740 1307 civibus,
2767 1248 2960 1297 octavo
2982 1240 3194 1295 demum
3223 1240 3309 1295 die
3330 1253 3421 1296 re-

1853 1339 2019 1379 ἾΕῙῈΞΒ
2045 1334 2189 1380 sunt.

1856 1472 1859 1473 ν
1924 1416 2069 1472 Inter
2096 1428 2209 1472 nazc
2238 1416 2489 1473 defuncto
2516 1417 2842 1488 imperatore
2858 1418 3185 1488 Tbeodosio,
3200 1419 3289 1490 qui
3314 1434 3424 1477 uno

1852 1504 2193 1561 solummodo
2219 1506 2500 1575 imperium
2521 1517 2739 1563 rexerat
2785 1525 2949 1577 anno,
2980 1510 3100 1579 ejus
3149 1510 3205 1566 in
3244 1511 3422 1567 locum

1855 1594 1966 1651 Leo
1984 1602 2252 1664 Augustus
2265 1597 2610 1667 subrogatur.
2644 1598 2753 1654 Hoc
2778 1599 2941 1653 etiam
2965 1608 3208 1670 tempore
3240 1600 3425 1655 eadem

1856 1690 2244 1747 Saracenorum
2282 1705 2413 1759 gens
2458 1708 2580 1747 cum
2620 1694 2883 1748 immenso
2918 1697 3160 1750 exercitu
3206 1695 3430 1750 veniens

172 1782 705 1851 Constantinopolim
737 1790 922 1836 contra
952 1778 1310 1834 Justinianum
1341 1780 1582 1845 veniens,
1639 1793 1760 1833 cum
1795 1771 1837 1830 Β
1864 1782 2384 1852 Constantinopolim
2432 1784 2805 1849 circumdedit,
2860 1799 2924 1839 ac
2978 1800 3075 1855 per
3117 1785 3433 1841 continuum

152 1886 247 1925 eo
275 1872 346 1925 ab
378 1872 511 1925 urbe
552 1872 807 1925 milliario
847 1870 1167 1925 duodecimo
1219 1870 1490 1939 pugnavit,
1538 1869 1671 1923 vicit
1706 1875 1760 1923 et

173 1965 396 2029 accidit,
428 1977 758 2033 regnumque
787 1962 903 2032 ejus
946 1962 1169 2021 adeptus
1199 1972 1299 2015 est.
1351 1960 1639 2030 Imperavit
1666 1975 1760 2013 au-

174 2062 289 2109 tem
317 2052 645 2108 Justinianus
674 2068 796 2108 cum
844 2052 952 2106 lilio
1003 2050 1220 2106 Tiberio
1274 2051 1327 2104 in
1378 2053 1477 2105 hac
1528 2049 1762 2106 secunda

168 2147 323 2213 vice,
353 2160 523 2201 annos
542 2160 660 2213 sex,
682 2161 840 2214 quem
869 2144 979 2200 Leo
1020 2145 1071 2199 in
1093 2143 1413 2214 expnlsione
1442 2143 1584 2198 illius
1616 2143 1764 2197 nari-

171 2240 281 2295 bus
305 2238 659 2294 detruncavit.
691 2240 790 2306 Qui
819 2246 961 2309 post,
991 2238 1182 2292 iterum
1210 2245 1486 2307 assumpto
1516 2236 1763 2307 imperio,

172 2329 397 2398 quoties
433 2327 754 2384 defluentem
786 2336 989 2398 guttam
1019 2328 1311 2383 rheumatis
1336 2343 1496 2382 manu
1522 2328 1763 2393 detersit,

173 2435 322 2489 pene
360 2420 517 2475 toties
558 2419 765 2489 aliquos
807 2435 877 2475 ex
916 2419 982 2475 iis
1022 2420 1112 2489 qui
1159 2429 1507 2493 contra.eum
1553 2420 1768 2475 fuerant

169 2509 417 2579 jugulari
446 2510 719 2579 praacepit.

256 2600 325 2653 At
354 2613 483 2654 vero
508 2599 854 2670 Philippicus,
888 2600 979 2668 qui
1034 2607 1089 2656 et
1142 2599 1417 2664 Bardanis,
1480 2607 1767 2670 postquam

176 2688 457 2758 imperiali
485 2689 745 2759 dignitate
793 2691 1139 2745 conﬁrmatus
1180 2696 1281 2755 est,
1311 2689 1529 2761 Cyrum,
1560 2689 1626 2743 de
1657 2704 1766 2756 quo

177 2777 520 2842 dixeramus,
551 2778 618 2833 de
647 2778 969 2833 l’ontiiicatu
990 2778 1241 2847 ejectum,
1273 2778 1343 2831 ad
1363 2778 1768 2846 gubernandum

166 2869 575 2920 monasterium
617 2882 792 2933 suum,
846 2867 1075 2922 Pontum
1120 2868 1295 2922 redire
1344 2867 1617 2938 prmcepit.
1674 2866 1773 2924 Hic

178 2959 517 3030 Philippicas
538 2958 894 3014 Constantino
915 2975 1064 3029 papa:
1094 2960 1302 3015 litteras
1329 2963 1477 3027 pravi
1509 2961 1773 3030 dogmatis

180 3051 415 3115 direxit,
443 3066 575 3119 quas
606 3052 691 3105 ille
707 3067 827 3106 cum
858 3052 1167 3120 apostolica:
1218 3054 1361 3107 sedis
1413 3053 1637 3108 consilio
1685 3069 1770 3108 re—

180 3162 356 3218 Sptnt,
409 3158 464 3202 et
491 3145 646 3217 hujus
676 3146 756 3205 rei
810 3160 969 3205 causa
1020 3143 1139 3205 fecit
1189 3145 1422 3213 picturas
1464 3146 1517 3200 in
1566 3148 1773 3217 porticu

183 3238 369 3292 sancti
395 3236 562 3303 Petri,
591 3253 707 3308 quae
752 3251 899 3310 gesta
950 3257 1045 3296 sex
1094 3244 1403 3296 sanctarum
1450 3236 1775 3314 synodnrtun

182 3329 582 3384 universalium
613 3332 865 3386 retinent.
913 3332 1044 3387 Nam
1088 3341 1143 3387 et
1163 3332 1466 3401 hujusmodi
1510 3336 1773 3405 picturas,

176 3434 322 3473 cum
354 3418 677 3474 haberentur
714 3422 764 3473 in
804 3422 935 3474 urbe
958 3422 1126 3488 regia,
1171 3421 1496 3491 Philippicas
1541 3423 1774 3491 jusscra-t

183 3505 419 3562 auferri.
446 3506 644 3563 Statuit
670 3511 897 3578 populus
928 3525 994 3564 ne
1021 3509 1257 3566 haeretici
1303 3511 1644 3581 imperatoris
1675 3530 1773 3569 no-

182 3614 348 3662 men,
376 3608 469 3653 ant
495 3600 726 3663 chartas,
760 3610 852 3655 aut
902 3603 1121 3671 ﬁguram
1173 3603 1359 3659 solidis
1403 3604 1776 3674 susciperent;

187 3688 347 3745 unde
398 3705 496 3744 nec
525 3689 642 3759 ejus
670 3691 875 3760 rfaigies
900 3693 954 3745 in
981 3693 1264 3748 ecclesiam
1314 3693 1622 3749 introducta
1672 3704 1776 3761 est,

178 3795 306 3835 nec
351 3796 543 3835 nomen
593 3782 658 3835 ad
711 3782 989 3837 Missarum
1040 3784 1298 3839 solemnia
1346 3785 1633 3853 prolatum.
1684 3785 1782 3840 llic

184 3886 328 3926 cum
367 3886 563 3926 annum
589 3889 749 3926 unum
777 3882 831 3928 et
865 3890 959 3929 sex
991 3874 1264 3931 mensibus
1313 3888 1535 3942 regnum
1589 3876 1782 3944 gessis-

180 3970 309 4027 set,
334 3969 521 4016 contra
552 3977 673 4017 eum
705 3964 1037 4029 Anastasius,
1081 3965 1171 4034 qui
1201 3972 1255 4019 et
1301 3965 1572 4020 Artemius
1610 3965 1784 4021 dictus

186 4060 314 4115 est,
346 4052 650 4119 insurgens,
681 4067 803 4106 eum
833 4066 999 4122 regno
1047 4054 1270 4123 expulit,
1302 4053 1574 4122 oculisque
1602 4053 1780 4122 priva-

184 4145 304 4206 vit,
334 4156 437 4196 nec
467 4150 643 4196 tamen
676 4144 890 4198 occidit.
990 4204 993 4205 ν

280 4232 381 4287 llic
408 4234 721 4288 Anastasius
751 4234 956 4288 litteras
984 4234 1337 4290 Constantino
1380 4248 1529 4305 papa:
1559 4232 1784 4289 Romam

188 4337 307 4394 per
328 4322 724 4377 Scltolasticum
751 4324 1030 4392 patricium
1077 4324 1445 4378 etexarchum
1499 4324 1659 4378 Italia:
1704 4325 1786 4378 di-

184 4412 375 4476 rexit,
401 4412 594 4481 quibus
625 4427 683 4465 se
714 4412 977 4465 fautorem
1005 4412 1284 4467 catholica:
1307 4413 1449 4477 tidei,
1480 4422 1535 4467 ct
1588 4424 1785 4468 sancta:

184 4510 379 4559 sextae
429 4502 645 4573 synodi,
675 4504 756 4563 vel
793 4502 1039 4566 concilii,-
1074 4504 1475 4570 praedicatorem
1515 4518 1635 4557 esse
1691 4504 1787 4558 de-

186 4592 459 4649 claravit.
492 4594 603 4646 lloc
636 4601 877 4663 tempore
908 4592 1218 4646 AnaStasius
1246 4593 1538 4661 imperator
1563 4593 1786 4648 classem

190 4688 259 4741 in
288 4684 667 4739 Alexandriam
691 4694 880 4739 contra
906 4686 1208 4740 Saracenos
1233 4685 1622 4762 direxit,'cujus
1641 4702 1792 4751 exer-

189 4779 355 4832 citus
401 4775 470 4828 ad
508 4776 650 4832 aliud
697 4791 884 4831 versus
913 4776 1232 4841 consilium,
1278 4776 1347 4830 ab
1385 4760 1577 4831 itinere
1614 4778 1790 4832 medio

186 4866 859 4936 Constantinopolitanam
888 4866 1075 4922 urbem
1104 4881 1396 4934 regressus,
1428 4867 1791 4924 Theodosium

186 4956 586 5013 Ortbodoxum
622 4957 915 5026 inquirens,
956 4957 1331 5026 imperatorem
1380 4957 1579 5023 elegit,
1631 4966 1793 5028 atque

188 5054 462 5103 coactum
492 5048 543 5101 in
574 5047 713 5103 solio
739 5048 947 5116 imperii
960 5049 1317 5103 confirmavit.
1338 5049 1436 5114 Qui
1459 5050 1794 5106 Theodosius

189 5138 355 5208 apud
379 5139 607 5193 Nicaeam
624 5140 894 5195 civitatem
912 5141 1246 5195 Anastasium
1268 5142 1415 5210 grati
1438 5142 1618 5209 prndio
1641 5141 1791 5207 vicit;

189 5231 454 5300 datoque
477 5232 578 5285 sibi
599 5243 937 5288 sacramento
990 5250 1110 5290 eum
1139 5234 1386 5290 clericum
1419 5236 1534 5290 ﬁeri
1558 5251 1621 5290 ac
1646 5250 1795 5305 prcs-

190 5320 466 5391 byterum
492 5319 618 5374 fecit
647 5321 903 5376 ordinari.

290 5484 313 5510 ι
349 5472 656 5543 Legendum
685 5484 877 5531 essent.

1856 1873 2148 1928 triennium
2181 1873 2410 1939 obsedit,
2461 1873 2635 1928 donec
2677 1874 2884 1932 civibus
2923 1876 3091 1930 multa
3130 1874 3338 1946 justitia
3365 1876 3434 1931 ad

1864 1960 2027 2015 Deum
2051 1962 2430 2028 clamantibus,
2450 2016 2457 2023 _
2479 1961 2694 2040 plurimi
2723 1978 2909 2019 eorum
2938 1964 3079 2020 fame
3111 1974 3165 2019 et
3213 1964 3433 2035 frigore,

1860 2051 2004 2107 bello
2028 2060 2081 2107 et
2113 2051 2441 2121 pestilentia,
2468 2054 2725 2122 perirent,
2752 2069 2816 2109 ac
2840 2056 2918 2110 sic
2962 2055 3172 2125 pertresi
3200 2055 3438 2111 obsidio-

1864 2143 1946 2197 nis
1962 2143 2330 2208 abscederent,
2349 2144 2439 2211 qui
2462 2145 2584 2199 inde
2605 2146 2805 2214 egressi
2826 2146 3176 2215 Bulgarorum
3196 2155 3435 2216 gentem,

1863 2246 1983 2301 qua:
2011 2241 2094 2288 est
2118 2248 2279 2304 super
2304 2234 2626 2302 Danubium,
2658 2235 2803 2291 bello
2832 2235 3233 2304 aggrediuntur,
3272 2244 3329 2293 et
3369 2237 3441 2292 ab

1867 2326 1967 2379 hac
1994 2342 2208 2394 quoque
2231 2328 2359 2383 victi
2382 2329 2449 2382 ad
2469 2343 2594 2386 suas
2622 2344 2789 2385 naves
2827 2330 3115 2397 refugiunt,
3147 2330 3292 2400 quod
3316 2343 3439 2384 cum

1867 2416 2033 2469 altum
2058 2426 2318 2486 peterent,
2353 2418 2636 2486 ingruente
2679 2420 2858 2475 subito
2906 2428 3246 2489 tempestate,
3275 2418 3445 2489 pluri-

1868 2509 1969 2563 mis
1993 2518 2050 2563 et
2082 2511 2273 2564 mersis
2301 2511 2410 2565 sive
2451 2512 2698 2568 contritis
2720 2512 2942 2565 navibus
2972 2512 3265 2579 perierunt.
3300 2511 3444 2565 Intra

1869 2598 2387 2666 Constantinopolim
2411 2616 2575 2665 vero;
2591 2610 2828 2657 trecenta
2853 2601 3015 2654 millia
3038 2600 3337 2670 pestilentia
3361 2598 3444 2653 in-

1872 2690 2146 2744 terierunt.
2175 2688 2282 2743 Hae
2312 2697 2630 2758 tempestate
2659 2691 2766 2744 Leo
2813 2691 3105 2760 imperator
3131 2689 3272 2759 apud
3300 2678 3445 2743 Con-

1869 2781 2272 2850 stantinopolim
2303 2790 2612 2835 sanctorum
2644 2781 2904 2850 imagines
2944 2780 3216 2850 depositas
3255 2779 3445 2833 incen-

1869 2873 1967 2928 dit.
2002 2874 2243 2927 Rotnano
2266 2890 2477 2944 quoque
2526 2874 2767 2943 pontiﬁci
2798 2874 2992 2929 similia
3040 2873 3236 2937 facere,
3263 2871 3311 2926 si
3340 2864 3445 2926 im-

1871 2964 2126 3035 pcrialem
2157 2965 2385 3032 gratiam
2420 2964 2620 3018 habere
2647 2964 2827 3026 vellet,
2876 2962 3172 3016 mandavit.
3205 2960 3310 3015 Sed
3340 2960 3447 3015 hoc

1880 3054 2059 3107 facere
2100 3053 2337 3122 pontifex
2361 3053 2703 3123 contempsit.
2726 3049 2911 3106 Omnis
2937 3065 3153 3122 quoque
3179 3049 3449 3105 Ravennae

1881 3144 2170 3206 exercitus,
2201 3144 2282 3197 vel
2314 3142 2680 3208 Venetiarum,
2715 3142 2909 3199 talibus
2931 3142 3096 3211 jussis
3129 3158 3233 3198 uno
3265 3142 3448 3199 animo

1878 3234 2212 3297 restiterunt,
2261 3243 2315 3288 ct
2336 3234 2436 3287 nisi
2465 3249 2559 3288 eos
2602 3233 2963 3302 prohibuisset
2992 3231 3249 3301 pontifex,
3280 3233 3453 3301 impe-

1876 3332 2112 3382 ratorem
2165 3340 2325 3399 θυρίδι*
2375 3339 2434 3384 se
2479 3324 2809 3383 constituere
2848 3326 3079 3398 aggressi
3115 3332 3140 3366 ι
3169 3332 3314 3384 sinit.
3372 3323 3452 3384 Eo

1881 3429 2121 3489 tempore
2147 3424 2621 3490 Langobardorum
2638 3435 2732 3473 rex
2756 3418 3115 3489 Luitprandus
3145 3421 3453 3474 Ravennam

1880 3509 2107 3576 obsedit,
2139 3510 2365 3565 classem
2413 3510 2627 3577 invasit,
2670 3517 2835 3579 atque
2857 3509 2882 3547 δ
2912 3510 3127 3565 struxit.
3178 3509 3331 3566 Tunc
3359 3525 3457 3580 pa-

1880 3604 2067 3659 tricius
2098 3603 2289 3659 Pau‘us
2318 3615 2467 3657 extra
2498 3602 2812 3657 Ravennam
2856 3602 3000 3657 misit
3028 3604 3117 3673 qui
3147 3602 3454 3672 pontiﬁcem

1881 3693 2270 3748 interimercnt.
2316 3693 2423 3747 Sed
2455 3692 2817 3761 Longobardis
2854 3708 2955 3763 pro
2982 3692 3292 3746 defensione
3322 3707 3458 3761 pon-

1885 3786 2038 3839 tilicis
2071 3786 2507 3853 repugnantibus,
2533 3785 2838 3854 Spoletanis
2868 3785 2920 3837 in
2944 3784 3138 3838 solatio
3165 3785 3371 3854 positis,
3402 3792 3458 3838 et

1883 3891 1948 3928 ex
1979 3875 2096 3927 aliis
2128 3874 2363 3943 partibus
2410 3872 2778 3943 Longobardis
2830 3873 3015 3928 Tuscis
3066 3873 3454 3937 resistentibus,

1884 3964 2164 4018 consilium
2198 3963 2588 4018 ltavennatium
2614 3964 2926 4034 dissipatum
2972 3974 3071 4017 est.
3101 3963 3304 4018 Rursus
3333 3977 3455 4016 cum

1886 4054 2193 4110 Ravennam
2221 4056 2610 4112 llildcbrandus
2631 4056 2772 4119 regis
2800 4069 2969 4125 nepos
2999 4064 3053 4109 et
3071 4054 3303 4110 Peredeo
3328 4054 3458 4109 Vin-

1886 4148 2131 4203 centinus
2160 4148 2266 4202 dux
2294 4148 2621 4215 obtinerent,
2642 4146 2963 4201 irruentibus
2991 4145 3188 4209 subito,
3223 4146 3461 4200 Peredeo

1885 4241 2114 4297 viriliter
2142 4254 2385 4310 pugnans
2415 4240 2686 4295 occubuit.
2709 4238 2812 4293 Per
2833 4239 2971 4293 idem
2996 4247 3202 4304 tempus
3223 4236 3331 4291 Leo
3354 4239 3456 4289 Au-

1886 4342 2070 4401 gustus
2099 4333 2163 4386 ad
2194 4333 2375 4401 pejora
2408 4345 2721 4401 progressus
2750 4339 2851 4395 est,
2884 4330 2956 4383 ita
3009 4338 3067 4383 ut
3115 4328 3467 4397 compelleret

1889 4438 2077 4477 omnes
2117 4421 2583 4491 Constantinopoli
2635 4420 2981 4481 habitantes,
3035 4428 3142 4472 tam
3192 4418 3240 4471 vi
3302 4431 3465 4485 quam

1893 4515 2181 4580 blanditiis,
2216 4523 2271 4567 ut
2292 4514 2625 4583 deponerent
2652 4512 2950 4579 ubicunque
2971 4511 3297 4564 haberentur
3327 4510 3462 4563 ima-

1893 4610 2061 4676 gines,
2111 4617 2216 4658 tam
2248 4604 2545 4659 Salvatoris
2576 4620 2734 4674 quam
2767 4613 2964 4657 sancta:
3004 4600 3123 4669 ejus
3156 4600 3461 4664 Geuitricis,

1894 4698 1979 4757 vel
2010 4698 2245 4752 omnium
2290 4704 2619 4774 SilliClQl‘lﬂlb
2650 4707 2849 4774 easque
2903 4692 2977 4745 in.
3008 4691 3184 4759 medio
3232 4688 3465 4761 civitatis

1896 4772 2141 4844 incendio
2167 4767 2501 4843 coiicremari
2532 4767 2777 4841 fecinlilt
2806 4786 2929 4855 quia
2980 4784 3222 4853 plerique
3251 4797 3316 4834 ex
3369 4795 3465 4848 po-

1898 4884 2021 4954 pulo
2047 4883 2151 4937 tale
2177 4881 2351 4938 scelus
2382 4882 2493 4935 fieri
2527 4878 2943 4948 prmpediebant,
2994 4874 3249 4943 aliquanti
3281 4887 3345 4925 ex
3387 4870 3465 4923 eis

1896 4976 2069 5044 capite
2092 4973 2344 5035 truncati,
2378 4970 2466 5024 alii
2496 4968 2733 5038 corporis
2765 4977 2914 5037 parte
2944 4965 3148 5018 muitati
3186 4967 3330 5015 sunt.
3360 4958 3466 5014 Cu-

1895 5066 1981 5135 jus
2010 5066 2178 5119 errori
2201 5063 2499 5118 Germanus
2529 5060 2829 5130 patriarcha
2883 5072 2986 5109 non
3021 5053 3381 5115 consentiens,
3433 5064 3465 5103 a

1895 5158 2107 5224 pr0pri.
2142 5157 2269 5209 sedc
2297 5155 2549 5222 depulsus
2572 5162 2654 5205 est
2701 5160 2754 5205 et
2782 5150 2894 5220 ejus
2920 5149 2971 5202 in
3000 5148 3119 5201 loco
3154 5143 3466 5198 Anastasius

1898 5249 2177 5319 presbyter
2211 5247 2483 5300 ordinatus
2514 5253 2615 5299 cst.

1973 5471 1997 5506 ι’
2028 5469 2327 5537 Legenduut
2359 5467 2628 5520 destruxit.
