3956 6342
520 218 529 253 ι

556 323 688 380 1165

1397 317 1604 375 PAULI
1650 312 1925 372 DIACONI
1967 310 2115 367 Ol'i’.

2244 309 2337 363 ns
2378 308 2437 363 ιι.
2479 341 2547 355 -
2593 310 2947 393 ascensa.
3598 324 3692 383 net

550 439 646 494 Vel
680 438 799 494 ideo
839 436 1008 492 fuerat
1051 434 1370 505 desponsata
1417 434 1634 504 Joseph,
1677 442 1735 489 ut
1762 442 1886 488 nato
1918 428 2126 493 infanti,
2160 430 2206 490 Α
2235 442 2375 494 eam,
2429 431 2828 500 protegentibus
2872 446 3014 499 cam,
3076 431 3468 490 wnservanﬁbus
3505 445 3692 503 eamnel

548 529 632 583 vel
664 528 763 598 ipsi
791 527 967 582 Maria:
993 541 1173 581 curam
1205 526 1477 581 videretur
1517 539 1702 596 gerere
1744 523 1971 593 Joseph,
2017 520 2131 577 sive

549 622 603 676 in
636 619 925 692 Egyptum
969 621 1106 685 iens,
1132 619 1216 675 vel
1246 618 1372 675 inde
1398 619 1576 674 denuo
1606 622 1824 674 veniens
1855 635 1867 670 :
1893 616 2013 671 ideo
2038 614 2132 670 de-

549 720 798 780 sponsata
838 707 939 764 fuit
975 709 1201 779 Ioseph,
1251 724 1356 763 non
1389 718 1568 764 tamen
1602 708 1655 761 in
1703 703 2131 775 concupiscentia

545 804 752 872 juncta.
785 802 973 871 Mater,
998 802 1191 873 inquit,
1219 804 1353 874 ejus.
1377 802 1543 858 Mater
1564 798 1928 865 immaculata,
1960 806 2133 853 mater

550 894 877 963 incorrupta,
921 902 1091 948 mater
1139 894 1355 949 intacta.
1388 892 1553 947 Mater
1582 890 1697 961 ejus
1732 908 1744 943 :
1786 889 1939 961 cujus
1978 888 2133 959 ejus?

548 984 716 1039 Mater
755 984 848 1039 Dei
887 984 1161 1055 unigeniti,
1201 982 1408 1039 Domini
1453 991 1509 1038 et
1534 982 1675 1052 regis
1718 981 1980 1048 omnium,
2022 979 2134 1049 pla-

550 1060 803 1130 smatoris
836 1085 891 1130 et
919 1073 1174 1131 creatoris
1202 1083 1513 1129 cunctorum
1550 1091 1563 1126 :
1611 1072 1748 1128 illius
1777 1072 1864 1142 qui
1897 1073 1946 1126 in
1980 1070 2132 1127 caelis

548 1176 629 1220 est
664 1163 781 1220 sine
809 1173 998 1228 matre,
1030 1171 1084 1219 et
1113 1163 1163 1218 in
1195 1163 1349 1218 terris
1375 1171 1457 1219 est
1489 1162 1605 1218 sine
1636 1171 1815 1231 patre;
1851 1162 2017 1231 ipsius
2043 1161 2131 1230 qui

550 1257 604 1311 in
634 1256 785 1313 caelis
815 1256 1103 1312 secundum
1146 1255 1398 1310 deitatem
1443 1255 1494 1309 in
1547 1255 1666 1309 sinu
1711 1264 1794 1310 est
1838 1253 2042 1319 Patris,
2082 1263 2134 1307 ει

552 1351 605 1405 in
634 1349 810 1416 terris,
834 1348 1125 1404 secundum
1149 1348 1385 1418 corporis
1411 1348 1829 1415 susceptionem,
1850 1348 1900 1400 in
1918 1347 2033 1401 sinu
2057 1355 2135 1401 est

558 1441 764 1496 matris.
796 1440 840 1493 Ο
872 1454 1077 1509 magna!
1118 1438 1483 1493 admirationis
1512 1436 1711 1507 gratia!
1745 1451 1777 1492 o
1803 1435 2135 1493 inenarrabi-

553 1536 616 1590 lis
641 1535 903 1590 suavitas!
939 1550 970 1588 o
1013 1534 1281 1590 ineffabile
1324 1547 1678 1604 magnumque
1700 1531 2128 1589 sacramentum!

550 1627 667 1696 ipsa
710 1628 1003 1696 eademque
1033 1627 1202 1696 virgo,
1242 1623 1351 1693 ipsa
1383 1634 1436 1680 et
1474 1633 1646 1679 mater
1675 1624 1907 1690 Domini,
1940 1624 2052 1692 ipsa
2082 1631 2136 1677 et

547 1717 797 1786 genitrix,
830 1717 942 1786 ipsa
970 1715 1085 1786 ejus
1126 1714 1344 1781 ancilla,
1388 1715 1668 1783 plasmatio
1700 1715 1815 1784 ejus
1860 1715 1972 1782 ipsa
2013 1727 2133 1782 quae

2232 523 2349 592 ejus
2378 523 2737 579 beatissimam
2769 523 3002 579 animam
3048 526 3115 580 ad
3146 525 3385 581 honorem
3409 526 3526 584 illius
3561 532 3626 600 qui
3653 536 3699 591 ab

2235 617 2349 688 ipsa
2374 618 2714 687 generandus
2742 626 2882 674 erat.
2917 617 3124 675 Dehinc
3154 617 3351 674 inventa
3374 634 3463 676 non
3485 622 3698 695 incongrue

2234 710 2517 779 putabatur
2559 710 2626 765 ab
2659 712 2775 781 ipso
2800 711 2958 767 beato
2993 710 3189 780 Joseph
3218 719 3388 768 sancto
3411 721 3457 769 et
3480 713 3611 785 justo,
3638 722 3698 789 qui

2234 817 2372 874 pene
2418 804 2633 861 licentia
2683 804 2936 871 maritali,
2984 804 3107 860 licet
3146 817 3260 859 eam
3299 819 3393 859 non
3431 806 3699 877 contingeret,

2236 896 2425 953 futura)
2458 906 2668 963 tamen,
2701 908 2757 953 ut
2802 899 3113 966 putabatur,
3144 897 3320 952 uxoris
3356 898 3507 953 omnia
3533 913 3704 955 noverat.

2232 985 2424 1058 Ioseph
2455 995 2622 1044 autem
2646 989 2721 1041 vir
2750 989 2887 1059 ejus,
2920 986 3111 1058 inquit,
3143 1002 3254 1040 cum
3281 996 3395 1041 esset
3419 986 3545 1042 homo
3566 993 3703 1059 justus,

2236 1088 2282 1134 et
2313 1080 2471 1135 nollet
2500 1096 2610 1133 eam
2637 1079 2925 1135 traducere.
2954 1079 3135 1134 Virum
3155 1079 3375 1149 appellat
3396 1080 3709 1136 conlralutlco-

2238 1184 2350 1225 rum
2379 1170 2714 1239 pravitatem,
2744 1181 2802 1224 ut
2828 1171 3087 1225 adversus
3114 1170 3357 1239 virginem
3389 1184 3477 1223 non
3497 1171 3707 1226 stevirent:

2238 1269 2515 1329 propterea
2556 1269 2609 1315 et
2658 1260 2975 1329 desponsata
3004 1258 3108 1313 fuit
3156 1259 3258 1328 ipsi
3286 1258 3480 1327 .loseph,
3519 1268 3570 1313 ut
3603 1274 3711 1328 supra

2238 1349 2435 1404 dictum
2465 1358 2568 1406 cst.
2609 1350 2665 1408 Si
2692 1350 2834 1405 enim
2875 1365 2980 1404 non
3012 1349 3204 1404 fuisset
3233 1348 3521 1419 desponsata
3555 1349 3709 1416 Joscpb,

2239 1443 2474 1499 omnium
2508 1441 2767 1498 bonorum
2796 1440 3142 1497 incredibiles
3172 1448 3227 1495 et
3253 1440 3434 1494 inimici
3457 1439 3599 1494 Judaei
3626 1439 3713 1508 lapi-

2239 1533 2394 1588 dibus
2444 1547 2560 1589 eam
2610 1533 2968 1596 occidissent;
3022 1532 3140 1587 ideo
3184 1532 3346 1585 virum
3393 1528 3498 1600 ejus
3536 1530 3601 1584 hic
3633 1545 3713 1584 eum

2239 1624 2560 1695 evangelista
2593 1624 2900 1694 appellavit.
2942 1624 3135 1688 Ioseph
3164 1623 3241 1676 vir
3266 1623 3370 1691 ejus
3407 1637 3507 1674 cum
3537 1630 3631 1675 esset
3654 1621 3714 1673 ho-

2239 1731 2321 1770 mo
2351 1718 2548 1787 justus.
2582 1714 2764 1771 Justus
2794 1724 2974 1771 autem
3022 1714 3073 1768 in
3115 1714 3296 1779 verbo,
3338 1711 3495 1781 justus
3532 1712 3573 1764 in
3608 1710 3717 1776 facto,

548 1809 749 1880 genuit.
784 1809 913 1877 Quis
958 1822 1190 1877 unquam
1233 1808 1333 1863 ista
1363 1807 1607 1863 audivit?
1635 1807 1754 1878 quis
1791 1806 1924 1861 vidit
1969 1800 2139 1860 talia?
2172 1800 2219 1860 B
2245 1805 2424 1875 justus
2461 1807 2513 1861 in
2560 1805 2691 1876 legis
2719 1805 3199 1871 consummatione,
3226 1803 3391 1871 justus
3425 1803 3469 1856 in
3498 1801 3616 1855 initio
3636 1815 3713 1870 gra-

549 1900 667 1970 quis
696 1899 796 1954 hoc
825 1898 1132 1967 excogitare
1158 1898 1348 1967 potuit,
1391 1906 1453 1952 ιιι
1492 1905 1661 1952 mater
1704 1897 1852 1965 virgo
1881 1905 2044 1957 esset,
2079 1904 2135 1949 et

555 1993 750 2045 intacta
782 1999 1078 2060 generaret,
1102 2003 1222 2059 qua:
1251 1998 1305 2045 ει
1340 1989 1488 2061 virgo
1519 1988 1813 2059 permansit
1839 1997 1891 2043 et
1922 1986 2137 2058 genuit?

552 2082 703 2137 Sicut
745 2080 1204 2150 enim-quondam
1256 2079 1419 2137 rubus
1463 2080 1704 2136 comburi
1754 2078 2051 2142 videbatur,
2084 2085 2139 2134 ct

551 2172 689 2242 ignis
714 2185 833 2226 eum
854 2185 960 2226 non
992 2171 1237 2242 tangebat
1263 2169 1454 2241 (Exod.
1486 2170 1589 2242 nt),
1617 2179 1669 2224 et
1690 2171 1823 2223 sicut
1848 2179 1959 2225 tres
1990 2168 2137 2237 pueri

553 2268 606 2321 in
638 2264 847 2320 camino
874 2263 1063 2318 inclusi
1095 2263 1452 2328 habebantur,
1484 2271 1538 2318 et
1565 2271 1739 2317 tamen
1769 2275 1863 2316 eos
1896 2274 2000 2315 non
2033 2260 2131 2313 lae-

556 2357 715 2411 debat
735 2353 1061 2419 incendium,
1082 2367 1179 2408 nec
1193 2352 1324 2407 odor
1345 2352 1472 2406 fumi
1497 2359 1609 2407 erat
1633 2353 1683 2406 in
1708 2350 1786 2406 eis
1810 2367 1824 2403 :
1848 2349 1928 2403 vel
1954 2362 2139 2417 quem-

551 2447 835 2501 admodum
879 2446 1056 2500 fuitin
1086 2443 1327 2510 Daniele,
1359 2443 1466 2509 cui,
1512 2443 1646 2499 intra
1697 2444 1867 2497 lacum
1910 2441 2124 2496 leonum

550 2541 776 2604 incluso,
813 2539 1072 2618 claustris
1114 2552 1217 2591 non
1267 2538 1487 2607 apertis,
1522 2536 1737 2591 allatum
1777 2545 1858 2592 est
1896 2536 1943 2591 ei
1979 2549 2131 2605 pran-

549 2634 693 2687 dium
716 2632 781 2686 ab
804 2619 1013 2688 Abacuc
1042 2629 1206 2701 (Dan.
1239 2645 1317 2695 ιιι,
1347 2646 1419 2698 vt,
1448 2633 1539 2698 xv)
1575 2647 1585 2681 :
1619 2630 1688 2684 ita
1718 2639 1772 2685 et
1802 2630 1916 2683 ltmc
1945 2639 2130 2683 saneta

552 2724 705 2792 virgo
730 2722 915 2792 genuit
949 2721 1250 2785 Dominum,
1276 2722 1368 2777 sed
1395 2723 1588 2777 intacta
1622 2721 1933 2791 permansit.
1967 2719 2136 2777 Mater

555 2813 741 2868 ellecta
765 2821 869 2880 est,
893 2813 985 2869 sed
1010 2812 1366 2884 virginitatem
1390 2828 1492 2869 non
1518 2815 1711 2869 amisit.
1745 2812 1939 2869 Genuit
1965 2814 2137 2869 infan-

554 2915 684 2973 tetn,
709 2914 761 2961 et
783 2905 1075 2975 (utdictum
1101 2910 1205 2976 est)
1228 2905 1376 2977 virgo
1401 2908 1706 2977 permansit.
1730 2908 1887 2980 Virgo
1907 2923 2034 2979 ergo
2049 2924 2139 2979 ge-

553 3000 688 3063 nuit,
717 3007 771 3054 et
796 2999 946 3068 virgo
971 3000 1286 3067 permansit.
1312 2999 1478 3056 Mater
1502 3000 1592 3055 lilii
1618 3000 1753 3057 facta
1778 3011 1878 3065 est,
1902 3009 1956 3055 et
1981 3000 2138 3057 casti-

2240 1898 2347 1954 tise.
2397 1896 2579 1954 Justus
2622 1899 2799 1966 itaque
2846 1911 2968 1953 cum
3016 1897 3221 1963 fuisset,
3265 1906 3317 1951 et
3352 1894 3501 1949 nollet
3539 1901 3720 1947 eamtrn-

2237 1986 2474 2055 ducere,
2526 1988 2691 2042 voluit
2744 1987 2952 2042 occulte
2997 1986 3267 2041 dimittere
3298 1999 3427 2040 eam.
3471 1983 3615 2038 Noluit
3642 1995 3720 2035 eam

2247 2079 2563 2145 traducere,
2615 2079 2785 2134 noluit
2838 2093 2955 2135 eam
3004 2078 3269 2148 accipere,
3308 2077 3462 2131 noluit
3499 2089 3593 2130 eam
3629 2072 3724 2125 male

2240 2171 2537 2236 diffamare,
2570 2170 2663 2226 sed
2682 2172 2860 2225 'voluit
2887 2185 3005 2227 eam
3046 2169 3256 2224 occulte
3286 2168 3541 2223 dimittere.
3567 2163 3721 2219 Occultc

2240 2276 2359 2318 eam
2390 2277 2419 2316 a
2448 2276 2508 2317 se
2539 2261 2812 2317 dimittere
2853 2259 3090 2325 volebat,
3131 2261 3273 2316 sicut
3315 2260 3443 2329 pius,
3483 2258 3596 2313 sicut
3625 2270 3723 2309 man-

2241 2361 2446 2419 suetus,
2490 2354 2627 2409 sicut
2672 2353 2996 2409 misericors.
3028 2351 3175 2407 Talis
3230 2365 3354 2420 ergo
3397 2364 3502 2405 cum
3534 2356 3643 2402 esset
3666 2346 3724 2400 lo-

2247 2444 2404 2513 seph,
2439 2444 2705 2513 cogitabat
2738 2460 2858 2500 eam
2897 2444 3102 2499 occulte
3130 2443 3414 2498 dimittere.
3446 2440 3570 2503 Hac,
3595 2438 3722 2506 inquit,

2250 2540 2346 2593 illo
2378 2541 2647 2609 cogitante.
2680 2537 3037 2603 Qtimrendum
3068 2543 3151 2591 est
3181 2534 3335 2589 nobis
3361 2548 3484 2587 nunc
3509 2531 3607 2601 quid
3630 2530 3725 2597 cogi-

2250 2632 2475 2699 taverit,
2518 2640 2577 2686 ut
2602 2630 2813 2685 occulte
2842 2644 2957 2684 eam
2988 2629 3301 2684 dimitteret.
3328 2626 3446 2683 Hmc
3469 2624 3729 2694 cogitabat!“

2245 2740 2365 2780 eam
2409 2722 2720 2778 dimitteret.
2760 2721 2816 2779 Si
2848 2723 3209 2793 suspicionem
3243 2724 3295 2777 in
3323 2735 3381 2777 ea
3413 2720 3618 2781 habebat,
3638 2728 3727 2784 quov

2248 2815 2408 2870 modo
2428 2816 2607 2884 justus
2633 2814 2784 2869 erat?
2812 2813 2870 2869 Si
2892 2827 3020 2883 ergo
3045 2828 3153 2869 non
3176 2823 3258 2869 est
3281 2814 3567 2882 suspicatus,
3585 2810 3645 2861 vel
3662 2805 3731 2857 tale

2245 2905 2445 2976 aliquid
2477 2905 2748 2974 cogitavit,
2782 2920 2877 2960 cur
2903 2919 3019 2961 eam
3050 2904 3325 2961 dimittere
3353 2900 3577 2957 volebat?
3606 2905 3647 2949 ut
3666 2895 3729 2948 im-

2243 2997 2562 3053 maculatum
2579 3006 2634 3053 et
2653 3007 2889 3052 sanctam
2909 2996 3073 3052 voluit
3092 2995 3386 3051 dimittere.
3408 2992 3619 3062 lnjustum
3636 2984 3730 3040 enim

550 3088 671 3143 tatis
693 3065 924 3160 sigillum
948 3065 1052 3144 non
1075 3089 1324 3159 perdidit.
1349 3090 1705 3160 Quare?Quia
1731 3107 1833 3147 non
1851 3092 2013 3148 homo
2038 3094 2135 3149 iste
2203 3065 2297 3146 ἐι
2326 3092 2426 3147 hoc
2456 3099 2594 3147 erat.
2621 3090 2726 3147 Sed
2759 3089 2905 3145 enim
2948 3088 3251 3159 simplicem
3281 3100 3483 3143 sensum
3508 3080 3605 3137 audi
3624 3075 3730 3145 hujus

548 3190 752 3234 tantum
776 3179 863 3248 qui
889 3179 1180 3245 videbatur,
1202 3181 1295 3237 sed
1328 3183 1624 3252 unigenitus
1649 3192 1763 3238 erat
1796 3184 1931 3239 Dens
1957 3185 2048 3254 qui
2082 3185 2132 3238 in
2165 3161 2212 3223 θ
2241 3184 2512 3240 dictionis.
2537 3184 2734 3254 Jose'ph
2756 3184 2928 3253 justus
2950 3193 3087 3251 erat,
3112 3192 3167 3238 et
3196 3184 3288 3247 illa
3307 3182 3461 3252 Virgo
3481 3172 3733 3234 immaculata

549 3288 765 3329 carnem
796 3273 1100 3329 advenerat.
1136 3275 1241 3330 Nec
1267 3276 1443 3332 subito
1472 3279 1759 3334 carnaliter
1787 3282 1997 3348 genitus
2027 3290 2130 3347 est,

549 3362 643 3418 sed
669 3363 900 3432 perfecta
924 3362 1092 3417 deitas
1115 3363 1166 3418 in
1196 3377 1421 3435 corpore
1442 3368 1607 3421 venit.
1642 3367 1849 3438 Integer
1876 3384 2003 3440 ergo
2037 3371 2137 3427 iste

550 3463 605 3508 et
635 3452 902 3509 indivisus
924 3453 1062 3510 Deus
1082 3455 1136 3509 in
1161 3456 1393 3511 humano
1418 3458 1707 3516 adveniens
1728 3463 1809 3515 vel
1828 3462 2034 3530 genitus
2057 3472 2140 3519 est

550 3556 799 3609 corpore,
822 3542 1015 3613 quique
1044 3543 1182 3600 Deus
1215 3553 1270 3600 et
1301 3544 1555 3603 Dominus
1572 3549 1787 3619 figuram
1807 3553 1943 3606 servi
1961 3566 2139 3608 susce-

536 3633 649 3699 pit.
676 3630 792 3686 Non
812 3632 952 3687 enim
983 3646 1105 3701 pars
1135 3635 1388 3704 unigeniti
1418 3639 1563 3693 venit
1603 3640 1656 3694 in
1685 3655 1928 3711 corpore,
1958 3658 2054 3698 nec
2080 3658 2138 3699 se

551 3727 665 3795 ipse
681 3725 879 3789 divisit,
905 3736 963 3781 ut
983 3726 1233 3784 dimidius
1254 3731 1549 3800 essetapud
1570 3732 1800 3801 Patrem,
1821 3744 1873 3790 et
1888 3735 2139 3792 dimidius

551 3824 696 3873 esset
723 3817 776 3872 in
814 3816 1050 3888 Virgine,
1083 3819 1177 3875 sed
1210 3828 1351 3876 totus
1386 3823 1524 3892 apud
1569 3824 1798 3893 Patrem,
1830 3834 1885 3880 et
1913 3835 2053 3882 totus
2085 3827 2136 3881 in

556 3907 801 3979 Virgine,
856 3916 996 3964 totus
1039 3909 1091 3962 in
1139 3909 1259 3965 sinu
1302 3909 1476 3966 Patris
1520 3920 1575 3968 et
1616 3921 1757 3969 totus
1798 3915 1849 3969 in
1899 3916 2135 3971 humano

555 4015 781 4070 corpore
828 4019 837 4052 :
887 4016 992 4057 non
1042 4002 1349 4075 relinquens
1386 4018 1660 4075 superna,
1710 4009 1855 4061 venit
1898 4020 2139 4075 quaerere

555 4101 802 4160 terrena,
834 4107 951 4162 qua:
990 4093 1044 4149 in
1084 4095 1238 4150 caelis
1284 4104 1410 4151 sunt
1451 4110 1797 4164 conservans,
1827 4105 1883 4153 et
1922 4112 2039 4167 qua:
2084 4096 2136 4152 in

552 4184 713 4241 terris
737 4194 860 4240 sunt
902 4184 1133 4240 salVans.
1188 4185 1393 4255 Ubique
1442 4186 1802 4258 omnipotens,
1854 4190 2131 4254 inscissus,

557 4275 839 4342 indivisus,
874 4275 961 4331 hic
990 4285 1207 4333 sanctus
1234 4278 1539 4348 unigenitus
1586 4278 1747 4335 Deus.
1779 4280 1834 4335 Si
1860 4280 2003 4336 enim
2036 4280 2139 4335 hoc

556 4367 778 4422 verbum
809 4367 1097 4421 humanum
1126 4375 1180 4422 et
1207 4370 1486 4437 corporale
1513 4369 1807 4425 immissum
1839 4371 1892 4425 in
1922 4370 2139 4426 auribus

554 4458 929 4527 plurimorum,
972 4473 1075 4513 non
1116 4458 1372 4515 dividitur
1410 4476 1507 4531 per
1534 4460 1795 4533 singulos,
1828 4471 1887 4517 ut
1926 4475 2049 4533 pars
2078 4461 2130 4518 in

555 4550 683 4612 alio.
709 4561 763 4606 et
794 4565 916 4621 pars
944 4553 1013 4606 sit
1044 4552 1238 4609 iterum
1268 4554 1321 4609 in
1352 4554 1477 4622 alio,
1509 4555 1603 4612 sed
1634 4558 1686 4611 in
1717 4556 1964 4612 omnibus
1994 4556 2133 4611 inte-

556 4657 708 4711 grum
753 4651 807 4698 et
837 4643 1048 4712 plenum
1098 4645 1343 4716 habetur,
1392 4655 1449 4703 ut
1494 4647 1547 4702 in
1602 4664 1919 4719 unoquoque
1969 4657 2135 4704 totum

556 4733 646 4799 sit,
680 4742 879 4803 quanto
908 4735 1079 4804 magis
1104 4735 1337 4792 Verbum
1370 4737 1462 4793 Dei
1492 4738 1794 4809 unigenitus
1826 4739 2021 4808 ubique
2053 4748 2137 4793 to-

558 4832 646 4877 tus
671 4834 772 4886 est,
798 4833 852 4880 et
879 4824 932 4879 in
963 4826 1123 4891 calo,
1154 4838 1207 4882 et
1239 4828 1289 4883 in
1309 4837 1470 4896 terra,
1498 4836 1552 4884 et
1575 4830 1712 4898 apud
1746 4830 1978 4893 Patrem,
2009 4838 2063 4883 et
2088 4829 2138 4884 in

562 4909 822 4981 Virgine?
867 4914 931 4967 Et
982 4928 1086 4968 non
1134 4914 1407 4983 dividitur,
1462 4926 1519 4971 ut
1565 4915 1766 4972 dictum
1814 4927 1918 4981 est,
1968 4932 2141 4987 neque

560 5001 841 5071 scinditur,
887 5017 1062 5074 neque
1092 5006 1143 5059 in
1190 5020 1368 5077 partes
1395 5006 1643 5069 efficitur.
1669 5008 1763 5063 sed
1796 5017 1940 5065 totus
1972 5020 2141 5065 totum

561 5103 728 5163 tenet,
762 5104 930 5151 totum
954 5097 1162 5167 implet,
1188 5108 1353 5155 totum
1376 5099 1602 5155 illustrat
1620 5110 1673 5155 et
1696 5100 1947 5169 possidet.
1976 5102 2145 5173 Hujus

559 5187 731 5256 itaque
759 5186 1017 5259 unigeniti
1048 5189 1142 5246 Dei
1174 5190 1365 5247 dicitur
1410 5189 1526 5247 haec
1560 5199 1732 5247 mater
1760 5191 1909 5264 virgo
1957 5194 2144 5262 Maria,

560 5274 717 5345 digna
763 5276 932 5349 digni,
984 5280 1326 5335 immaculata
1375 5281 1569 5349 sancti,
1620 5296 1723 5336 una
1755 5281 1943 5351 unius,
1990 5285 2144 5341 ttnica

563 5372 740 5439 unici;
774 5386 873 5429 nec
898 5375 1037 5429 enim
1067 5375 1203 5430 alter
1230 5376 1534 5445 unigenitus
1560 5389 1722 5445 super
1748 5385 1940 5432 terram
1974 5379 2139 5441 venit,

562 5472 653 5516 aut
679 5462 781 5516 alia
808 5464 955 5533 virgo
981 5465 1311 5535 unigenitum
1336 5468 1535 5536 genuit.
1564 5468 1620 5523 ln
1643 5467 1725 5525 his
1751 5470 1998 5526 omnibus
2023 5486 2143 5541 qua:

564 5555 706 5610 dicta
747 5568 888 5624 sunt,
935 5561 1253 5630 desponsata
1296 5559 1488 5630 legitur
1514 5570 1683 5620 mater
1720 5562 1835 5633 ejus
1865 5563 2045 5619 Maria.
2078 5564 2144 5618 Et

567 5650 640 5703 ait
674 5668 686 5703 :
720 5648 936 5706 Inventa
962 5664 1033 5707 est
1066 5656 1117 5707 in
1151 5665 1292 5709 utero
1325 5656 1533 5711 habens.
1570 5658 1665 5713 Cui
1713 5661 1950 5725 inventa,
1994 5668 2085 5713 aut
2115 5672 2142 5712 a

568 5756 601 5797 ιι
624 5757 727 5811 quo
758 5745 967 5800 inventa
997 5748 1110 5801 est?
1158 5745 1334 5806 Primo
1378 5750 1445 5804 ab
1491 5751 1691 5820 angelis
1722 5752 2142 5809 custodientibus

2241 3283 2379 3332 erat.
2428 3274 2532 3332 Sed
2560 3276 2680 3331 ideo
2723 3276 2870 3332 illam
2903 3277 3173 3331 dimittere
3204 3275 3413 3331 volebat
3439 3268 3643 3340 quoniam
3661 3264 3731 3315 rir-

2241 3376 2405 3423 tntem
2457 3367 2695 3436 mysterii
2756 3378 2811 3423 et
2864 3376 3260 3423 sacramentum
3314 3363 3558 3436 quoddam
3598 3352 3735 3423 magni-

2243 3456 2397 3512 licnm
2431 3458 2482 3512 in
2512 3457 2701 3512 eadem
2745 3458 3122 3529 cognoscebat,
3169 3459 3260 3513 cui
3306 3454 3631 3528 approximare
3657 3456 3735 3499 sese

2242 3546 2515 3618 indignum
2544 3548 2865 3602 aestimabat.
2896 3548 3034 3619 Ergo
3063 3548 3355 3603 humilians
3391 3561 3445 3601 se
3470 3551 3576 3597 ante
3598 3544 3732 3592 taan

2241 3647 2294 3695 et
2324 3648 2429 3695 tam
2469 3638 2799 3695 ineffabilem
2833 3654 2970 3705 rem,
3015 3640 3296 3710 quaerebat
3336 3653 3394 3693 se
3432 3638 3567 3705 longe
3598 3632 3729 3683 facere.

2241 3731 2377 3785 sicut
2413 3739 2469 3784 et
2497 3728 2688 3785 beatus
2720 3730 2909 3783 Petrus
2942 3730 3169 3784 Domino
3202 3746 3263 3785 se
3294 3726 3563 3784 humilians
3585 3718 3734 3775 aiebat:

2244 3820 2436 3875 Recede
2456 3837 2487 3874 a
2508 3836 2606 3886 me,
2628 3819 2866 3885 Domine,
2887 3820 3008 3890 quia
3037 3822 3186 3874 homo
3211 3830 3441 3890 peccator
3459 3831 3554 3871 sunt
3569 3808 3735 3885 (Luat)-

2245 3912 2337 3968 Vel
2367 3914 2505 3969 sicut
2534 3912 2629 3969 ille
2659 3913 2900 3968 centurio
2923 3911 2989 3967 ad
3010 3912 3265 3968 eumdem
3291 3911 3555 3966 Dominum
3574 3904 3736 3959 mittesS.

2240 4007 2450 4064 dicebat
2477 4026 2491 4062 :
2524 4006 2644 4062 Non
2669 4023 2783 4062 sum
2812 4008 2997 4078 dignus
3024 4016 3076 4061 ut
3106 4009 3271 4063 intres
3299 4007 3390 4062 sub
3418 4013 3581 4060 tectum
3606 4006 3735 4049 mm!-

2239 4098 2361 4166 quia
2414 4112 2504 4151 nec
2552 4098 2801 4168 meipsum
2860 4095 3075 4169 dignum
3132 4096 3422 4153 existimavi
3473 4092 3532 4147 ad
3572 4098 3608 4143 te
3635 4082 3742 4137 ταιὶτι

2241 4186 2458 4259 (Matth.
2476 4189 2613 4258 vrtt).
2644 4187 2738 4242 Vel
2757 4188 2900 4243 sicut
2920 4197 3101 4244 sancta
3126 4188 3401 4244 Elisabeth
3423 4185 3483 4240 ad
3506 4184 3640 4254 ipsam
3659 4174 3740 4229 ιω-

2243 4291 2346 4334 tam
2372 4280 2547 4335 locuta
2578 4289 2661 4335 est
2693 4279 2940 4346 Mariam,
2962 4281 3146 4337 dicens
3174 4297 3186 4333 :
3224 4279 3295 4334 Et
3327 4277 3459 4334 unde
3484 4276 3565 4329 hoc
3587 4265 3742 4327 miliall

2241 4373 2409 4426 veniat
2428 4382 2601 4429 .mater
2619 4372 2827 4427 Domini
2842 4374 2940 4427 mei
2965 4373 3032 4427 ad
3052 4390 3127 4428 me
3157 4373 3342 4445 (Lucae
3366 4378 3405 4441 ι)
3424 4369 3593 4424 iSicet
3609 4353 3742 4421 1οιεμ¹²

2240 4464 2381 4533 juste
2420 4463 2706 4519 humilians
2735 4479 2856 4522 sese
2884 4466 2937 4520 in
2962 4466 3212 4522 omnibus
3260 4463 3482 4521 cavebat
3519 4467 3566 4515 et
3597 4445 3744 4545 timcbfl

2241 4556 2456 4611 sibimet
2482 4556 2635 4611 istius
2662 4564 2824 4612 tanta)
2867 4558 3171 4614 sanctitatis
3210 4555 3612 4629 conjunctioncm

2243 4643 2409 4709 bere;
2442 4653 2497 4699 et
2526 4644 2730 4700 idcirco
2769 4646 2984 4701 volebat
3020 4661 3138 4702 eam
3168 4626 3382 4704 occulte
3407 4626 3740 4701 dimitterczni'

2242 4736 2451 4792 mittam
2477 4751 2617 4803 eam,
2649 4737 2859 4805 dicens,
2891 4747 2945 4795 et
2973 4754 3003 4793 a
3027 4754 3114 4794 me
3135 4739 3297 4810 longe
3326 4737 3510 4793 faciam
3533 4742 3646 4791 eam.
3668 4728 3705 4776 el
3723 4729 3743 4766 ³

2244 4829 2548 4899 cognitione
2596 4845 2736 4886 mea.
2783 4830 2951 4901 Major
3002 4844 3085 4887 est
3123 4836 3270 4888 enim
3311 4829 3428 4902 ejus
3458 4821 3745 4907 dignitas}?-

2248 4920 2557 4987 perexcellit
2585 4919 2703 4990 ejus
2734 4922 3011 4989 sanctitas,
3050 4936 3149 4977 nec
3174 4936 3315 4978 mea:
3343 4915 3571 4989 congruit
3593 4903 3747 4971 indiﬁni'

2247 5014 2361 5065 tati.
2412 5011 2537 5067 Ideo
2567 5014 2766 5067 uolebat
2808 5029 2919 5066 eam
2966 5002 3161 5068 occulte
3189 5013 3468 5068 dimittere.
3512 5000 3748 5091 Ηαωδῗ

2245 5118 2303 5157 eo
2333 5105 2605 5175 cogitante,
2639 5104 2853 5176 angelus
2898 5105 3105 5161 Domini
3137 5120 3236 5175 per
3282 5107 3455 5161 visum
3496 5090 3746 5169 σρρσνιίισι

2249 5193 2424 5247 dicens
2447 5209 2466 5249 :
2489 5193 2626 5261 Quid
2655 5193 2889 5261 dubitas,
2906 5193 3138 5265 Ioseph?
3162 5210 3337 5266 quare
3355 5187 3668 5264 imprudenter
3687 5184 3749 5229 °°'

2251 5285 2439 5354 sitas?
2493 5300 2658 5355 quare
2710 5287 3147 5343 irrationabiliter
3193 5281 3518 5343 meditaris?
3556 5277 3668 5332 Deus
3699 5267 3751 5318 ⁸⁵⁸

2251 5378 2392 5431 enim
2421 5378 2510 5447 qui
2537 5387 2842 5449 generatur.
2899 5378 3065 5449 llujns
3102 5375 3469 5450 generationis
3496 5366 3694 5427 minism
3713 5362 3751 5407 05

2250 5481 2304 5528 et
2330 5486 2434 5527 non
2460 5472 2704 5543 largitor;
2736 5488 2940 5540 servus,
2969 5484 3022 5531 et
3044 5489 3147 5530 non
3170 5473 3464 5537 Dominus;
3486 5454 3751 5549 mancipii"?

2251 5576 2303 5622 et
2333 5581 2434 5623 non
2460 5566 2769 5637 plasmator.
2797 5567 3087 5637 Propterea
3111 5566 3377 5633 ministra,
3403 5572 3563 5623 serva,
3588 5539 3752 5609 οιιειθάίν

2253 5661 2330 5712 fer
2360 5672 2565 5718 curant.
2596 5658 2816 5714 intende
2846 5668 2901 5713 et
2928 5658 3052 5715 huic
3079 5657 3168 5729 qui
3199 5656 3442 5713 nascitur
3468 5659 3519 5706 et
3552 5642 3655 5701 huic
3675 5639 3753 5701 αυτ

2252 5764 2493 5823 generat.
2544 5752 2751 5808 Etenim
2798 5754 2841 5807 si
2885 5752 2978 5809 tibi
3010 5766 3142 5808 uxor
3169 5750 3499 5813 nominatur,
3526 5739 3564 5797 si
3590 5732 3753 5796 desp‘m‘
