3956 6342
144 300 318 369 ⁷μοις

1172 286 1635 343 llOMlLIARIUS.
1668 318 1736 325 —
1763 286 1927 341 "0M.
1972 287 2057 341 DE
2096 286 2443 343 TEMPORE.

3320 296 3448 351 illiti

183 424 303 471 sam
332 411 425 468 tibi
454 424 574 467 esse
602 408 812 470 dicitur,
865 420 969 460 non
1015 406 1201 458 tamet?
1235 403 1329 457 tibi
1362 417 1499 456 uxor
1536 413 1639 467 est,
1671 403 1761 455 sed
1795 410 1834 463 Α
1869 404 2018 471 faciet
2054 405 2297 474 populum
2330 420 2478 455 suum
2510 422 2539 455 ιι
2573 406 2787 470 peccatis
2816 421 3008 470 eorum,
3046 416 3101 460 ttt
3132 423 3255 464 vere
3286 409 3446 464 Deus.

174 506 274 560 Dei
305 501 563 573 unigeniti
593 500 763 555 electa
794 504 966 551 mater
991 505 1091 550 est.
1122 494 1428 563 Propterea,
1454 493 1668 563 Ioseph,
1692 494 1765 559 ﬁli

170 594 365 660 David,
407 592 499 662 qui
531 590 626 644 has
659 587 1040 658 promissiones
1069 585 1300 653 accepit,
1343 585 1427 641 cui
1459 585 1559 640 ista
1590 585 1765 639 ﬁdelia

172 686 301 740 data
328 692 453 739 sunt
484 689 831 745 testamenta;
864 677 1080 747 Joseplt,
1103 676 1181 745 ﬁli
1210 674 1394 744 David,
1427 690 1532 729 non
1566 684 1765 729 tantum

171 778 467 832 secundum
496 784 734 841 carnem,
779 772 873 828 sed
916 771 1208 828 secundum
1234 770 1476 840 spiritum
1507 788 1522 837 ;
1552 767 1765 839 Ioseph,

171 876 253 943 ﬁli
304 873 469 927 David
494 887 513 926 :
543 871 588 927 si
629 871 770 925 enim
803 868 941 923 ﬁlius
972 867 1160 935 David,
1189 867 1331 936 juste
1372 874 1426 920 et
1453 862 1624 917 hmres
1654 862 1769 932 ejus

176 977 433 1033 tanquam
470 962 609 1016 tilius
649 960 835 1031 patris.
869 960 994 1015 ideo
1020 959 1073 1014 in
1104 956 1467 1014 haereditatem
1498 955 1679 1024 accipe
1706 968 1767 1009 ea

170 1070 295 1123 quas
318 1054 388 1108 illi
410 1054 669 1123 promissa
691 1060 839 1121 sunt,
872 1060 1192 1107 testamenta
1221 1048 1414 1105 ﬁdelia.
1446 1046 1659 1117 Ioseph,
1693 1046 1771 1114 [ili

177 1145 367 1210 David,
396 1162 457 1199 ne
486 1145 715 1199 timueris
744 1145 975 1214 accipere
992 1142 1213 1197 Mariam
1233 1138 1772 1219 conjugemtuant.Nc

173 1236 446 1301 timueris,
468 1250 533 1291 ne
556 1236 923 1305 trepidaveris,
950 1249 1017 1290 ne
1047 1233 1404 1299 conturberis,
1429 1232 1525 1289 sed
1549 1245 1771 1287 securus

172 1338 231 1381 et
263 1327 583 1396 intrepidus,
611 1327 792 1396 accipe
812 1340 930 1382 eam
950 1325 1243 1381 secundum
1266 1324 1396 1395 legis
1421 1332 1769 1393 praeceptum,

175 1431 403 1472 uxorem
431 1417 527 1472 tibi
577 1419 927 1482 nominatam,
973 1416 1070 1472 sed
1125 1414 1418 1471 secundum
1470 1413 1773 1484 nuptiarum

173 1505 620 1562 consuetudinem
649 1516 699 1561 et
721 1505 1178 1575 coniunctionem,
1203 1506 1359 1574 longe
1383 1504 1634 1557 alienam.
1667 1505 1772 1557 Ac-

172 1599 299 1669 cipe
337 1614 466 1671 ergo
510 1614 627 1653 eam
675 1600 815 1653 sicut
855 1599 1285 1654 commendatum
1337 1596 1612 1653 ctelestem
1654 1594 1772 1649 the-

175 1706 421 1757 saurum,
449 1692 751 1746 ut-Deitatis
774 1691 1016 1756 divitias,
1039 1692 1174 1744 sicut
1194 1689 1554 1759 plenissimam
1579 1686 1775 1741 sancti-

1874 494 1965 548 Dei
1986 497 2129 549 enim
2159 504 2243 549 est
2271 496 2506 560 virtutis,
2538 509 2566 547 a
2615 497 2843 562 peccatis
2876 496 3086 551 salvare
3116 502 3193 551 vel
3233 514 3443 568 peccata

1870 584 2161 639 dimittere.
2189 585 2289 639 Iste
2312 600 2438 654 ergo
2470 586 2634 639 Filius
2658 587 2747 640 Dei
2771 587 2969 640 habens
2994 592 3243 658 populum
3267 610 3449 654 suum,

1872 674 2043 741 ipsum
2073 676 2220 729 venit
2244 676 2324 745 (ut
2350 676 2546 729 dictum
2577 678 2678 743 cst)
2717 678 2942 734 liberare
2967 694 2993 732 a
3028 684 3258 749 peccatis
3290 692 3448 755 atque

1872 766 2102 831 salvare,
2145 768 2258 823 sive
2310 782 2374 823 cx
2415 767 2634 833 Judaeis,
2682 771 2794 823 sive
2837 785 2903 825 ex
2946 774 3212 841 gentibus,
3247 776 3314 829 de
3344 794 3450 844 quo

1872 858 1987 927 ipse
2024 857 2133 927 jam
2182 872 2277 927 per
2325 860 2638 929 prophetam
2693 862 2863 916 fuerat
2906 864 3175 932 elocutus,
3222 867 3446 922 dicens:

1874 948 2121 1005 Dominus
2159 953 2287 1005 dixit
2332 954 2398 1005 ad
2444 970 2521 1006 me
2548 968 2563 1004 :
2593 952 2759 1007 Filius
2801 972 2938 1010 meus
2965 973 3014 1011 es
3055 964 3129 1021 tu,
3171 975 3262 1029 ego
3303 960 3454 1013 Itodie

1871 1042 2024 1112 genui
2053 1051 2101 1094 te
2132 1042 2302 1111 (Psal.
2335 1046 2421 1113 ll).
2469 1043 2686 1099 Postula
2716 1063 2746 1098 a
2779 1063 2878 1115 me,
2909 1058 2953 1101 et
2996 1050 3125 1102 dabo
3156 1036 3244 1103 tibi
3281 1061 3454 1117 gentes

1874 1133 2219 1187 hwreditatem
2251 1144 2411 1199 tuam.
2444 1148 2491 1190 et
2521 1138 2882 1206 possessionem
2913 1148 3051 1191 tuam
3082 1142 3322 1194 terminos
3354 1150 3457 1194 ter-

1872 1242 1963 1279 τω.
2010 1223 2129 1297 Ipse
2183 1227 2395 1281 salvabit
2444 1230 2693 1298 populum
2743 1247 2891 1283 suum
2934 1248 2965 1284 a
2994 1233 3214 1300 peccatis
3259 1248 3458 1297 eorum,

1876 1320 2135 1389 sanguine
2164 1319 2411 1375 videlicet
2439 1336 2539 1375 suo
2569 1314 2789 1377 cunctos
2834 1322 3124 1387 redimens,
3167 1334 3337 1379 morte
3359 1341 3457 1379 sua

1876 1410 1943 1465 de
1958 1412 2146 1466 mortis
2161 1425 2253 1465 eos
2273 1412 2505 1467 liberans
2528 1422 2809 1482 potestate.
2833 1415 2948 1483 Ipse
2967 1416 3213 1481 salvabit,
3230 1418 3330 1473 hoc
3347 1428 3453 1483 est,

1876 1508 2110 1561 salvator
2122 1508 2357 1562 omnium
2380 1508 2651 1563 hominum
2673 1510 2903 1565 ﬁdelium
2922 1520 3080 1581 atque
3100 1514 3455 1571 credentium.

1878 1598 1994 1653 Hoc
2012 1608 2179 1653 autem
2201 1609 2358 1654 totum
2381 1600 2574 1667 factum
2595 1611 2687 1655 cst.
2706 1602 2856 1668 Quod
2884 1612 3047 1658 totum
3066 1603 3087 1657 Τ
3106 1603 3217 1658 Hoc
3241 1603 3307 1660 de
3328 1604 3463 1659 Uni-

1879 1690 2040 1760 geniti
2069 1690 2440 1757 descensione,
2476 1690 2575 1746 hoc
2604 1691 2670 1747 de
2701 1690 2798 1746 ista
2832 1692 3040 1747 Domini
3072 1693 3461 1759 incarnatione,

178 1792 375 1850 tatem,
414 1785 548 1839 sicut
591 1784 876 1866 perlectam
928 1782 1216 1853 justitiam.
1271 1779 1465 1848 Accipe
1494 1792 1610 1833 eam
1640 1778 1777 1831 sicut
1810 1772 1852 1832 Β
1881 1784 1982 1839 hoc
2002 1782 2069 1837 de
2090 1782 2264 1853 angeli
2290 1783 2354 1837 ad
2385 1782 2656 1854 Virginem
2685 1783 3060 1849 destinatione,
3086 1784 3187 1840 hoc
3209 1785 3277 1841 de
3302 1785 3465 1854 ipsius

184 1876 454 1945 Unigcniti
481 1877 835 1941 mansionem,
855 1875 995 1930 sicut
1015 1871 1327 1927 honorabile
1346 1870 1617 1938 templum,
1639 1870 1777 1922 sicut

182 1972 405 2025 domum
445 1970 558 2035 Dei,
594 1969 730 2023 sicut
758 1965 1025 2024 Creatoris
1049 1966 1285 2022 omnium
1322 1961 1615 2032 propriam,
1642 1960 1780 2015 sicut

191 2060 540 2130 regis-sponsi
572 2059 807 2114 cmlestis
838 2058 1054 2113 domum
1088 2055 1500 2125 immaculatam.
1534 2052 1607 2105 Ita
1627 2064 1776 2119 ergo,

188 2150 413 2220 Joseph,
438 2150 513 2218 ﬁli
544 2148 729 2215 David,
763 2163 831 2204 ne
853 2147 1092 2202 timueris
1112 2146 1351 2215 accipere
1369 2159 1485 2198 eam
1511 2141 1603 2195 tibi
1635 2154 1781 2195 com-

188 2242 520 2306 mendatam,
540 2248 639 2292 tua:
663 2236 992 2307 religiositati
1012 2236 1270 2290 creditam
1289 2247 1463 2297 serva,
1479 2231 1557 2287 fer
1574 2243 1777 2293 curam,

189 2331 413 2387 attende
443 2330 653 2400 fugiens
682 2330 748 2385 ab
775 2328 1006 2394 Herode,
1040 2327 1143 2382 duc
1163 2329 1215 2381 in
1250 2326 1561 2397 Egyptum,
1586 2323 1780 2378 iterum

195 2437 449 2479 remeans
498 2431 618 2493 post
671 2420 896 2477 Herodis
938 2428 1188 2485 mortem,
1238 2419 1411 2473 deduc
1458 2418 1511 2471 in
1562 2426 1779 2471 terram.

194 2519 385 2571 Israel.
412 2515 495 2570 Ne
525 2515 751 2568 timueris
800 2513 1028 2583 accipere
1054 2509 1280 2565 Mariam
1323 2512 1591 2581 conjugem
1621 2517 1782 2561 luant.

190 2608 495 2678 Conjugem
522 2606 764 2671 audiens,
796 2620 897 2658 non
920 2617 1274 2670 espavescas,
1306 2617 1403 2657 nec
1427 2600 1786 2667 conturberis,

200 2715 309 2755 nec
340 2710 391 2755 tu
420 2714 519 2755 nec
551 2700 774 2769 quisque
804 2697 1139 2768 sequentium
1166 2709 1335 2765 usque
1365 2694 1417 2749 itt
1448 2706 1787 2748 consumma-

208 2795 409 2847 tionem
454 2792 661 2846 stcculi.
709 2789 1001 2860 Conjugem
1068 2803 1185 2844 eam
1229 2788 1350 2841 dico
1392 2797 1670 2856 propterea
1736 2792 1793 2838 ut

200 2885 420 2940 diabolo
473 2883 829 2954 virginitatem
877 2882 994 2952 ejus
1049 2880 1334 2946 occultem,
1382 2888 1436 2934 et
1484 2878 1792 2934 Judccorum

199 2978 523 3049 pravitatem
569 2975 847 3031 excludam
896 2986 1058 3043 atque
1089 2974 1361 3044 dejiciam,
1391 2982 1451 3027 ut
1481 2973 1612 3043 legis
1643 2972 1794 3028 insti-

1884 1874 2109 1945 Virginis
2132 1874 2563 1943 desponsatione,
2592 1875 2673 1931 vel
2696 1876 2959 1931 castitate.
2990 1876 3103 1935 Hoc
3129 1878 3271 1932 enim
3296 1887 3468 1933 totum

1882 1966 2073 2020 factum
2103 1975 2185 2021 est
2214 1967 2278 2020 ad
2312 1966 2473 2022 totius
2503 1966 2684 2021 mundi
2716 1966 2941 2023 salutem
2978 1987 2991 2020 :
3026 1968 3124 2023 hoc
3174 1978 3338 2024 totum
3386 1969 3467 2023 fa-

1878 2072 2025 2113 ctum
2053 2069 2152 2125 est,
2175 2070 2231 2114 ut
2260 2074 2417 2114 unum
2447 2060 2823 2129 compleretur.
2851 2070 2910 2115 ut
2936 2076 3095 2116 unum
3123 2076 3465 2117 consumma-

1824 2214 1828 2219 _
1884 2160 2050 2207 retur.
2078 2152 2213 2219 Quid
2246 2151 2417 2205 illud?
2446 2150 2597 2217 Quod
2622 2150 2771 2223 virgo
2792 2154 2995 2220 genuit,
3026 2152 3163 2221 quod
3185 2153 3332 2222 virgo
3351 2167 3467 2222 per-

1885 2242 2099 2309 mansit,
2125 2242 2265 2312 quod
2290 2251 2459 2297 mater
2481 2240 2597 2306 fuit,
2623 2250 2679 2295 et
2700 2242 2893 2297 intacta
2913 2243 3059 2312 virgo
3081 2244 3462 2312 perseveravit.

1888 2332 2018 2388 Ecce
2039 2334 2176 2406 virgo
2204 2335 2256 2387 in
2281 2344 2421 2388 utero
2451 2333 2696 2401 accipiet.
2726 2332 2919 2388 Audite
2940 2333 3081 2403 quod
3102 2334 3250 2402 dicit,
3276 2349 3464 2390 omnes

1888 2426 2010 2480 ﬁliae
2035 2424 2158 2479 Eva:
2179 2425 2406 2491 :audite,
2429 2438 2616 2480 omnes
2637 2438 2732 2479 vos
2751 2427 2839 2489 qui
2873 2424 3243 2480 haereditatem
3264 2424 3466 2479 doloris

1888 2525 1943 2571 et
1993 2517 2221 2571 tristitia:
2277 2524 2395 2585 post
2444 2517 2585 2570 illam
2633 2524 2686 2571 et
2734 2530 2795 2571 ex
2842 2516 2981 2571 illius
3025 2517 3471 2571 condemnatione

1889 2605 2194 2673 sumpsistis
2218 2623 2232 2671 ;
2255 2619 2349 2659 vos
2376 2620 2494 2675 quae
2528 2605 2579 2659 in
2613 2607 2826 2661 tristitia
2869 2608 3134 2673 generatis
3179 2608 3336 2670 filios,
3382 2608 3468 2663 vel

1891 2696 2059 2765 magis
2097 2710 2191 2750 vos
2227 2709 2347 2766 quae
2386 2696 2868 2765 concupiscentiam
2912 2699 3317 2767 corruptibilem
3360 2714 3469 2754 non

1894 2790 2162 2845 timuistis.
2192 2788 2386 2843 Audite
2406 2796 2460 2843 et
2506 2790 2783 2854 laetemini,
2815 2790 2994 2845 audite
3019 2799 3074 2846 et
3100 2790 3473 2856 consulamini,

1894 2880 2072 2935 audite
2100 2881 2238 2950 quod
2263 2881 2411 2949 virgo
2443 2880 2497 2935 in
2526 2889 2676 2935 utero
2698 2880 2941 2949 accipiet,
2969 2897 3071 2936 non
3102 2896 3169 2936 es
3203 2882 3473 2937 desiderio

1895 2982 2104 3042 partum
2138 2971 2467 3041 concipiens.
2500 2971 2680 3040 Neque
2710 2970 2979 3041 serpentis
3010 2973 3354 3041 persuasione
3384 2973 3479 3028 de-

200 3079 317 3123 tuta
360 3082 466 3122 non
514 3067 806 3133 destruam,
837 3073 892 3120 et
950 3068 1001 3119 in
1038 3066 1384 3135 sequentibus
1414 3063 1821 3119 demonstrabo.
1898 3073 2049 3134 cepta
2079 3073 2183 3130 est,
2211 3079 2383 3133 neque
2411 3063 2525 3133 ejus
2547 3063 2812 3125 altlatibus
2840 3064 3123 3119 venenosis
3148 3063 3341 3119 infecta
3372 3077 3477 3133 est,

196 3161 352 3231 quod
406 3164 505 3215 ista
533 3175 631 3215 nec
665 3169 754 3215 tua
792 3158 988 3229 conjux
1019 3160 1314 3214 secundum
1345 3158 1791 3214 consuetudinem
1822 3137 1868 3198 (ἶ
1899 3155 1995 3210 sed
2044 3155 2182 3225 virgo
2227 3154 2280 3207 in
2306 3162 2475 3207 utero
2518 3155 2777 3223 acetpiet,
2831 3154 3262 3223 praedicationem
3304 3157 3477 3226 angelt

200 3252 442 3322 conjugii
474 3251 754 3317 habeatur,
795 3265 893 3305 nec
922 3252 1022 3304 iste
1057 3250 1144 3319 qui
1170 3260 1481 3319 generatur,
1512 3259 1633 3304 tuus
1659 3249 1797 3305 ﬁlius

197 3356 327 3398 esse
355 3342 619 3399 credatur.
658 3343 810 3409 Quod
837 3342 975 3397 enim
1016 3354 1253 3396 nascetur
1282 3358 1345 3399 ex
1374 3358 1466 3410 ea,
1500 3345 1563 3397 de
1595 3344 1798 3418 Spiritu

201 3443 387 3488 sancto
419 3446 511 3499 est,
556 3436 680 3505 quia
724 3436 927 3491 scilicet
957 3444 1278 3504 c00perator
1321 3436 1479 3503 hujus
1512 3436 1799 3492 nativitatis

206 3527 446 3595 Spiritus
474 3537 687 3582 sanctus
717 3537 797 3582 est
822 3545 835 3581 :
862 3542 983 3583 nam
1011 3528 1312 3597 unigenitus
1345 3528 1532 3596 Filius,
1556 3532 1647 3599 qui
1674 3540 1802 3585 ante

204 3619 409 3672 saecuta
440 3616 778 3673 ineﬂ‘abiliter
805 3632 873 3673 ex
907 3621 1025 3674 solo
1055 3620 1208 3674 Patre
1239 3630 1394 3674 natus
1425 3629 1526 3686 est,
1552 3619 1661 3691 jatn
1693 3637 1797 3677 sac-

205 3711 319 3765 ωλι
348 3712 803 3780 appropinquante
832 3713 956 3775 line,
1000 3727 1068 3766 ex
1097 3713 1369 3767 voluntate
1399 3711 1570 3767 Patris
1602 3713 1655 3767 in
1696 3712 1797 3767 hu-

208 3817 377 3858 mano
400 3818 648 3872 corpore,
679 3812 867 3858 sancto
905 3814 1228 3873 c00perante
1264 3804 1485 3872 Spiritu,
1525 3805 1660 3860 inter
1700 3804 1797 3860 ho-

210 3896 391 3951 mines
435 3897 603 3950 venit.
652 3895 756 3950 lste
801 3907 882 3950 est
917 3895 986 3950 de
1025 3910 1131 3964 quo
1157 3895 1426 3965 Scriptura
1458 3895 1796 3965 prtenuntiat,

206 3990 403 4045 dicens
426 4005 440 4043 :
473 3987 613 4042 Puer
640 3998 786 4042 natus
814 3998 887 4042 est
913 3989 1076 4057 nobis,
1112 3999 1158 4042 et
1190 3988 1362 4043 Filius
1388 3990 1537 4044 datus
1558 4001 1630 4045 est
1660 3990 1801 4045 nobis

206 4080 371 4152 (lsai.
400 4081 497 4152 ιχ).
526 4081 700 4137 Patris
730 4083 930 4137 etenim
961 4083 1264 4153 unigenitus
1295 4082 1457 4137 Filius
1487 4098 1550 4138 ex
1590 4083 1801 4153 Virgine

206 4182 498 4245 generatus
514 4184 611 4241 est,
628 4184 683 4227 ut
702 4188 795 4244 per
808 4173 952 4229 illam
969 4173 1240 4242 Virginem
1257 4175 1489 4245 priorem
1507 4176 1669 4228 Evam
1684 4191 1799 4245 quae

200 4268 501 4336 ceciderat,
530 4268 719 4323 iterum
738 4280 1018 4323 renovaret
1045 4276 1203 4339 atque
1231 4270 1568 4338 erigeretzet
1594 4269 1680 4337 qui
1710 4283 1801 4337 per

203 4374 436 4430 pravam
457 4360 783 4415 voluntatem
797 4360 891 4414 ﬁlii
909 4361 1080 4416 effecti
1100 4361 1305 4416 fuerant
1330 4360 1548 4428 diaboli,
1568 4375 1664 4433 per
1675 4365 1801 4416 ado-

1899 3246 2219 3318 suseipiens,
2252 3246 2633 3315 prephetarum
2665 3245 2966 3302 testimonia
2989 3260 3291 3303 assumens.
3322 3247 3477 3319 Virgo

1898 3343 1951 3395 in
1981 3351 2125 3396 utero
2154 3342 2398 3411 accipiet,
2429 3348 2488 3395 ut
2517 3342 2682 3397 Deum
2725 3341 3004 3410 dignanter
3051 3343 3380 3397 incarnatum
3412 3336 3489 3395 ad

1901 3435 2081 3490 mundi
2114 3434 2282 3503 pariat
2310 3434 2556 3488 salutem.
2592 3434 2745 3499 lt‘ccc,
2779 3433 2968 3503 inquit.
3002 3431 3112 3488 Hoc
3142 3434 3312 3503 ipsum
3336 3434 3480 3503 quod

1900 3529 2047 3596 dicit,
2079 3544 2210 3597 ecce,
2243 3527 2554 3585 admirantis
2582 3539 2663 3583 est
2703 3529 2834 3582 taitti
2880 3528 3115 3600 mysterii
3161 3528 3482 3598 magnitudi-

1902 3637 2047 3687 nem,
2094 3627 2152 3675 ut
2200 3634 2388 3676 omnes
2438 3620 2581 3675 velut
2627 3637 2658 3674 e
2700 3636 2889 3676 somno
2932 3621 3216 3684 suscitans,
3269 3621 3336 3675 ad
3379 3621 3483 3675 boc

1900 3715 2099 3767 dictum
2132 3711 2402 3781 evigilent.
2436 3709 2569 3764 Ecce
2597 3712 2755 3781 virgo,
2789 3711 2947 3776 dicit,
2979 3712 3030 3763 in
3061 3720 3204 3763 utero
3230 3711 3477 3781 accipiet,

1899 3814 1949 3859 et
1976 3806 2137 3875 pariet
2163 3802 2375 3858 Filium.
2404 3803 2483 3858 Ad
2513 3803 2869 3873 colligendum
2902 3803 3047 3858 illum
3078 3804 3267 3859 fortem
3298 3819 3477 3858 arma-

1902 3910 2033 3963 tum,
2064 3895 2129 3950 ad
2152 3895 2569 3951 conculcandum
2597 3896 2860 3964 serpentis
2888 3895 3032 3962 impii
3059 3907 3239 3963 caput,
3259 3896 3325 3950 ad
3349 3910 3481 3950 con-

1903 3987 2150 4043 terendas
2194 3987 2335 4041 vires
2375 3985 2515 4055 ejus,
2558 3986 2622 4039 ad
2666 3986 2900 4054 praedam
2940 3985 3054 4054 ejus
3100 3985 3475 4054 diripiendam,

1902 4090 2063 4148 atque
2106 4076 2471 4146 captivitatem
2519 4076 2704 4147 populi
2733 4079 2813 4131 sui
2842 4077 3278 4142 convertendam,
3311 4080 3475 4145 pariet

1903 4171 2087 4239 ﬁlium,
2133 4168 2198 4223 ad
2240 4167 2417 4223 denuo
2457 4168 2811 4237 reparandum
2842 4168 3029 4233 Adam,
3064 4167 3128 4222 ad
3162 4168 3478 4224 inobedien-

1904 4264 2029 4317 tiam
2067 4263 2189 4317 Evae
2229 4278 2321 4333 per
2352 4263 2527 4319 Mariae
2569 4263 2925 4319 obedientiam
2967 4263 3374 4327 cxcludendam,
3417 4266 3481 4319 ad

1905 4354 2212 4424 erigendum
2256 4355 2544 4424 jacentium
2582 4369 2781 4424 genus,
2824 4356 2961 4425 quod
3005 4371 3098 4426 per
3132 4356 3373 4411 mulieris
3407 4365 3484 4410 te-

205 4454 452 4519 ptionem
465 4452 653 4522 gratia:
668 4452 806 4508 ﬁlios
821 4452 1597 4526 efficeretDei.Pariet,inquit,
1613 4455 1801 4523 ﬁlium,
1828 4491 1880 4551 D
1910 4446 2190 4501 merariam
2220 4446 2585 4501 credulitatem
2617 4446 2789 4501 fuerat
2816 4446 3101 4516 deiectum.
3138 4446 3204 4501 Et
3233 4448 3482 4503 vocabunt

204 4551 261 4595 et
282 4544 489 4599 vocabis
507 4561 689 4599 nomen
708 4547 820 4617 ejus
839 4545 1040 4601 Jesum.
1059 4546 1217 4617 Virgo
1237 4558 1476 4618 generat,
1504 4557 1559 4604 et
1581 4556 1635 4602 tu
1662 4550 1801 4602 hunc

203 4636 456 4703 genitum
484 4638 701 4693 vocabis
725 4638 930 4706 Jesum,
955 4638 1095 4708 quod
1122 4642 1499 4709 interpretatur
1542 4635 1798 4694 salvator;

205 4727 239 4779 1
244 4744 338 4798 pse
366 4731 497 4781 enim
520 4732 715 4785 saluum
751 4732 901 4802 faciet
929 4732 1178 4801 populum
1218 4749 1373 4787 suunt
1403 4749 1433 4786 a
1462 4733 1682 4803 peccatis
1713 4748 1799 4786 eo-

204 4818 607 4891 rum.Vocabis,
628 4826 723 4895 ait,
743 4840 935 4880 nomen
958 4826 1075 4897 ejus
1095 4827 1196 4882 hoc
1219 4829 1358 4897 quod
1383 4837 1506 4882 ante
1524 4827 1643 4893 fuit,
1661 4826 1799 4896 quod

204 4928 340 4972 ante
381 4918 574 4973 saecula
604 4925 934 4976 nominatum
963 4933 1065 4977 est.
1102 4922 1217 4978 Non
1263 4935 1317 4979 tu
1345 4924 1393 4979 ei
1423 4924 1665 4994 impones
1705 4939 1800 4979 no-

204 5022 361 5073 men,
390 5023 490 5065 ncc
513 5025 580 5065 es
616 5020 667 5068 te
688 5015 735 5067 ei
769 5014 1083 5069 vocabulum
1110 5017 1429 5085 constitues,
1457 5018 1551 5072 sed
1580 5018 1797 5072 nomina

168 5166 181 5175 I
202 5114 263 5155 et
284 5115 418 5156 voca
448 5104 769 5160 exsultando
796 5105 999 5175 Jesum,
1030 5107 1081 5162 id
1110 5118 1211 5177 est,
1241 5109 1584 5164 salvatorem.
1611 5110 1800 5164 Salva-

209 5200 391 5251 torem
419 5207 545 5249 eum
575 5210 697 5251 esse
718 5205 935 5263 testare,
967 5213 1064 5253 nec
1091 5214 1157 5253 ex
1181 5208 1417 5270 tempore
1441 5200 1669 5271 coepisse
1695 5201 1800 5255 sal-

208 5296 366 5349 vare,
392 5285 484 5339 sed
509 5286 668 5340 etiam
696 5286 1124 5359 antiquissimum
1155 5292 1496 5347 salvatorem.
1524 5291 1647 5361 Ipse
1668 5296 1800 5349 enim

208 5378 410 5430 salvum
428 5378 576 5447 faciet
594 5380 841 5449 papulum
862 5397 1010 5433 suum
1029 5398 1058 5435 a
1077 5383 1294 5452 peccatis
1313 5398 1506 5437 eorum.
1524 5383 1640 5439 Duo
1658 5384 1797 5438 cnim

213 5484 311 5539 per
337 5470 439 5524 hoc
469 5472 688 5526 verbum
724 5474 980 5542 praeclara
1007 5473 1377 5544 designantur,
1407 5475 1546 5545 quod
1576 5488 1629 5532 et
1661 5477 1800 5532 Deus

212 5561 377 5615 fuerit
399 5571 456 5616 et
477 5560 735 5618 Dominus
758 5564 905 5632 prius
929 5576 1057 5622 ante
1080 5568 1502 5624 incarnationem
1528 5570 1794 5637 Christus,

211 5661 265 5707 et
304 5654 449 5722 quod
487 5654 716 5723 populus
744 5654 861 5724 ejus
890 5656 957 5711 ab
982 5669 1048 5712 eo
1077 5658 1365 5713 salvandus
1392 5656 1502 5728 jam
1534 5669 1657 5715 tunc
1698 5674 1796 5715 au-

212 5746 563 5803 nuntiabitur.
614 5747 679 5803 Et
725 5749 846 5806 ideo
883 5750 1082 5807 dictum
1108 5760 1188 5808 est
1215 5765 1229 5803 :
1261 5750 1381 5822 Ipse
1420 5755 1552 5808 enim
1598 5756 1794 5811 salvum

1906 4554 2089 4594 nomen
2116 4539 2227 4608 ejus
2258 4536 2581 4603 Emmanuel,
2627 4540 2765 4608 quod
2809 4549 2881 4593 est
2925 4540 3333 4608 interpretatum,
3370 4541 3485 4596 No-

1905 4629 2097 4686 biscum
2124 4629 2286 4685 Deus.
2316 4628 2520 4686 Vocant
2552 4647 2745 4686 nomen
2779 4633 2924 4699 prius
2953 4632 3147 4700 angeli,
3194 4634 3486 4703 psallentes

1905 4727 1959 4782 in
1989 4724 2105 4795 ejus
2132 4723 2494 4795 generatione,
2538 4723 2674 4779 sicut
2714 4723 2877 4778 Deum
2927 4726 3167 4779 omnium
3215 4734 3269 4779 et
3307 4740 3488 4795 regem

1904 4821 2072 4891 pacis,
2105 4819 2170 4872 ad
2202 4817 2447 4873 homines
2484 4819 2805 4871 venientem.
2853 4816 3054 4872 Deinde
3080 4817 3327 4885 apostoli,
3360 4816 3488 4873 Uni-

1905 4913 2071 4982 geniti
2120 4910 2215 4965 Dei
2255 4908 2669 4966 dominationem
2725 4918 2884 4978 atque
2938 4911 3187 4964 virtutem
3242 4908 3488 4971 omnibus

1904 5003 2151 5075 gentibus
2179 5002 2549 5073 praadicantes.
2574 5001 2763 5056 Adhuc
2783 5010 2837 5056 et
2857 5000 3025 5055 sancti
3052 5008 3335 5072 martyres,
3359 5015 3489 5054 con-

1908 5107 1989 5151 tra
2036 5097 2181 5164 ignes
2228 5102 2285 5149 et
2326 5094 2530 5163 gladios
2574 5106 2739 5161 usque
2778 5094 2829 5148 in
2878 5102 3103 5148 mortem
3148 5092 3483 5147 resistentes.

1908 5187 2112 5243 Deinde
2137 5187 2315 5242 cuneti
2344 5187 2644 5252 credentes,
2675 5186 2774 5239 hoc
2802 5185 2972 5253 ipsum
3001 5200 3196 5239 nomen
3223 5199 3388 5254 usque
3416 5187 3483 5238 ad

1909 5283 2420 5340 consummationem
2459 5281 2642 5337 sazculi
2689 5290 3049 5337 memorantes
3078 5290 3237 5349 atque
3269 5280 3489 5334 laudan-

1910 5387 2008 5433 tes.
2041 5376 2107 5429 Et
2136 5376 2381 5431 vacabunt
2424 5392 2603 5430 nomen
2632 5379 2742 5447 ejus
2774 5373 3095 5441 Emmanuel,
3138 5375 3272 5442 quod
3301 5381 3374 5426 est
3400 5372 3487 5425 in-

1905 5478 2249 5541 terpretatum,
2284 5452 2566 5523 Nobiscum
2593 5468 2753 5524 Deus.
2780 5470 2881 5535 Qui
2907 5468 3188 5530 vocabunt,
3218 5467 3317 5520 nisi
3335 5464 3489 5534 justit

1902 5581 2127 5637 quorum
2163 5566 2434 5620 vocabitur
2463 5567 2514 5620 in
2546 5574 2685 5622 terra
2720 5579 2912 5619 nomen
2957 5578 3174 5627 novum,
3211 5577 3316 5614 non
3347 5560 3484 5623 sicu,

1902 5661 2050 5729 prius
2082 5661 2132 5714 in
2162 5660 2345 5732 ﬁguris
2369 5670 2423 5715 et
2450 5660 2502 5713 in
2534 5659 2869 5730 imaginibus,
2907 5659 2998 5714 sed
3029 5658 3161 5713 facie
3190 5656 3255 5709 ad
3295 5654 3484 5709 faciem

1899 5752 2290 5825 apparentem?
2352 5752 2631 5808 Nobiscum
2693 5754 2845 5808 Deus.
2913 5754 3139 5809 Abrahae
3185 5752 3319 5821 patri
3364 5761 3486 5806 crc-
