3956 6342
189 348 329 405 1169

720 452 1000 513 llOMlLIA
1045 451 1283 507 XXVIII.

751 566 817 604 DE
857 562 1034 603 ιεουειι
1076 559 1262 601 ιἐετο.

826 641 926 711 (Ex
955 638 1192 707 eodem.)

264 737 331 793 In
383 736 640 810 principio
691 744 800 787 erat
840 730 1076 794 Verbum,
1122 738 1168 783 et
1224 728 1443 783 Verbum
1484 732 1591 780 erat
1640 724 1780 795 apud

197 830 393 895 Deum,
422 837 472 882 et
500 825 641 881 Deus
669 833 778 879 erat
817 822 1030 876 Verbum
1055 819 1233 888 (Joan.
1267 818 1329 886 ι).

260 925 362 992 Qui
395 923 447 977 in
492 920 747 993 principio
775 928 910 983 erat,
967 923 1069 972 etc.
1127 914 1278 968 Hanc
1307 912 1571 967 tramittam
1604 911 1785 965 vidests

185 1017 331 1080 apud
376 1024 609 1070 sanctum
667 1012 1029 1083 Augustinum,
1091 1007 1313 1079 Operam
1363 1007 1475 1076 ejus
1526 1015 1665 1058 tomo
1719 1002 1782 1069 V,

186 1103 516 1176 Patrologite
565 1101 833 1169 XXXIX,
880 1100 977 1155 col.
1028 1097 1190 1168 9.176,
1226 1098 1308 1153 ubi
1354 1097 1663 1161 inscribitur,
1714 1112 1780 1149 ne

186 1212 314 1251 FIDE
343 1211 665 1253 CATﬂOLlCA.

742 1288 1015 1344 llOMlLlA
1058 1284 1246 1341 XXIX.

673 1399 740 1437 DE
780 1397 979 1436 SANCTO
1018 1396 1249 1435 STEPHAN
1263 1396 1312 1432 0.

190 1476 303 1544 (Ex
350 1476 491 1532 beati
530 1477 838 1544 Hieronymi
890 1476 941 1529 in
987 1475 1327 1545 Evangelium
1364 1470 1592 1528 Matthazi
1624 1485 1778 1525 com-

642 1543 1023 1602 mentariorum
1067 1543 1201 1600 libro
1230 1543 1325 1614 tv.)

262 1656 334 1693 ιη
364 1640 457 1694 illo
497 1649 724 1707 tempore
755 1639 947 1693 dicebat
999 1637 1147 1691 Jesus
1191 1638 1348 1691 turbis
1395 1636 1704 1689 Judtcorum
1737 1641 1784 1686 et

182 1732 509 1801 principibus
537 1732 879 1786 sacerdotum.
917 1729 1048 1782 Ecce
1067 1745 1159 1796 ego
1189 1729 1334 1781 mitto
1356 1728 1423 1780 ad
1451 1742 1534 1780 vos
1565 1724 1726 1794 praph
1739 1742 1787 1778 e-

1189 330 1650 392 ilOMILlARldS.
1681 361 1749 370 —
1768 326 1935 383 ῐίΟΜ.
1962 327 2049 383 DE
2093 324 2440 383 TEMPORE.

3351 324 3486 379 H70

1812 450 1859 506 Α
1891 444 2129 515 templum
2158 453 2202 497 et
2224 449 2408 498 attare.
2438 438 2835 512 Requireudum
2864 453 2957 494 cur
2988 440 3202 511 sanguis
3229 455 3469 496 omnium

1892 533 2179 603 justorum,
2211 548 2238 584 a
2282 531 2541 601 sanguine
2576 531 2702 586 Abel
2748 546 2916 600 usque
2944 532 3008 584 ad
3039 532 3350 603 sanguinem
3378 532 3481 587 Za-

1894 626 2111 687 chariae,
2142 624 2209 678 ab
2252 639 2354 679 una
2385 622 2693 679 Judteorum
2725 622 3078 691 generatione
3129 622 3483 692 requirendus

1894 716 2233 785 prazdicatur,
2259 730 2381 770 eum
2414 726 2660 770 neutrum
2692 729 2876 769 eorum
2910 722 3121 770 constet
3152 717 3219 770 ab
3249 714 3354 770 illis
3376 731 3472 771 oc-

1891 807 2080 861 eisum.
2112 805 2178 860 Et
2205 815 2349 861 certe
2389 804 2803 860 innumerabiles
2834 813 3099 876 martyres
3143 814 3251 859 tam
3297 807 3347 860 iu
3378 806 3479 861 Ve-

1894 900 1990 953 teri
2019 913 2175 969 quam
2232 899 2284 953 in
2337 896 2484 953 Novo
2518 896 2869 952 Testamento
2910 896 3182 952 exstitisse
3230 897 3479 968 legimus,

1892 1004 2024 1058 quos
2055 989 2129 1043 illi
2178 1003 2282 1043 non
2315 988 2720 1045 interfecerunt.
2762 987 2867 1043 Sed
2899 1003 3015 1045 nios
3064 998 3148 1045 est
3177 987 3481 1059 Scriptura-

1891 1095 2006 1134 rum
2036 1081 2167 1134 duas
2197 1088 2397 1135 tantum
2428 1080 2824 1150 generationes,
2873 1081 3134 1149 honorum
3190 1082 3396 1137 scilicet
3425 1092 3479 1136 et

1890 1174 2171 1241 malorum,
2204 1184 2382 1231 terere
2408 1193 2418 1227 :
2445 1174 2511 1230 de
2542 1174 2805 1230 bonorum
2841 1174 3111 1245 siquidem
3129 1175 3480 1245 generatione

1889 1267 2085 1321 dictum
2126 1276 2207 1322 est
2254 1285 2267 1321 :
2319 1266 2591 1322 Generatio
2634 1276 2887 1321 rectorum
2936 1267 3264 1322 benedicetur
3305 1266 3482 1336 (Psal.

1889 1358 2017 1427 cu).
2068 1356 2169 1424 Et,
2227 1359 2348 1414 licet:
2390 1368 2464 1412 est
2508 1361 2768 1435 generatio
2812 1358 3149 1429 quterentium
3201 1356 3479 1411 Dominum

1890 1450 2065 1521 (l’sal.
2098 1451 2272 1519 uin).
2307 1454 2375 1505 At
2404 1466 2434 1506 e
2466 1459 2652 1505 contra
2674 1450 2741 1505 de
2779 1450 3019 1519 reprobis
3043 1450 3241 1504 dicitur
3269 1467 3283 1505 :
3319 1449 3479 1503 Ueni-

1889 1544 2028 1597 mina
2067 1544 2374 1613 viperarum,
2416 1553 2489 1609 et,
2529 1544 2791 1612 generatio
2843 1558 3003 1612 prava
3050 1552 3201 1611 atque
3244 1557 3480 1612 perversa

1892 1635 2101 1705 (Matth.
2149 1638 2319 1707 xxiii).
2365 1635 2498 1691 Uuiv
2516 1635 2621 1689 crsi
2654 1649 2780 1704 ergo
2811 1634 3025 1704 reprobi
3056 1634 3142 1703 qui
3183 1632 3236 1686 in
3279 1633 3477 1687 malitia

1890 1728 2094 1785 similes
2139 1738 2283 1795 sunt,
2338 1728 2388 1783 in
2432 1744 2533 1783 una
2582 1728 2928 1799 generatione
2973 1734 3391 1795 computantur;
3426 1735 3481 1779 ct

186 1831 362 1885 tas,et
380 1823 649 1890 sapientes,
672 1832 717 1875 et
740 1820 955 1883 scribas;
980 1828 1024 1873 et
1049 1835 1110 1873 ex
1130 1819 1231 1873 illis
1261 1816 1499 1872 occidetis
1530 1824 1577 1868 et
1609 1816 1783 1869 cruci-
1822 1819 1863 1877 Β
1891 1837 2078 1877 omnes
2114 1821 2284 1876 sam-ti
2323 1836 2353 1875 θ
2381 1821 2590 1875 diverso
2616 1821 2703 1890 qui
2752 1835 2811 1874 se
2854 1818 3133 1874 virtutibus
3174 1819 3470 1878 imitantur,

183 1913 390 1981 ,‘igetis,
425 1923 470 1967 et
502 1929 566 1967 ex
588 1916 662 1968 eis
701 1913 1028 1985 ﬂagellabitis
1059 1913 1111 1966 in
1151 1910 1421 1982 synagogis
1450 1909 1647 1976 vestris,
1680 1918 1784 1962 etc.

184 2003 417 2071 (Matth.
451 2012 625 2075 mu).

268 2096 386 2150 Hoc
420 2098 562 2166 quod
605 2107 763 2153 antea
812 2097 1152 2163 dixeramus,
1200 2106 1302 2151 etc.
1358 2095 1634 2167 Sequentia
1674 2095 1789 2150 vide

180 2190 342 2256 apud
371 2198 599 2243 sumtum
632 2190 1029 2260 Hieronymum,
1079 2186 1303 2260 Operam
1340 2191 1450 2259 ejus
1479 2198 1610 2242 tomo
1656 2186 1790 2252 VH,

184 2279 513 2352 I’atralogiw
538 2280 751 2351 XXVI,
779 2282 879 2335 col.
918 2283 1035 2336 ιω.

749 2375 1025 2429 llOMlLlA
1069 2374 1238 2429 XXX.

729 2484 795 2523 ΙιΕ
853 2483 1027 2522 EODEM
1090 2483 1276 2523 FESTO.

809 2560 912 2631 (Ex
951 2560 1187 2626 llerico.)

271 2645 341 2702 In
384 2649 477 2703 illo
528 2659 751 2721 tempore
802 2652 998 2705 dicebat
1041 2651 1191 2706 Jesus
1222 2653 1380 2706 turbis
1420 2650 1720 2706 Judazorum
1748 2662 1795 2706 et

186 2742 521 2812 principibus
562 2744 883 2797 sacerdotum
921 2759 939 2797 :
993 2741 1126 2798 Ecce
1154 2760 1249 2814 ego
1279 2745 1422 2798 mitto
1468 2744 1533 2797 ad
1562 2758 1648 2798 vos
1676 2758 1796 2813 pro-

183 2832 379 2905 phetas
405 2843 453 2889 et
483 2837 758 2904 sapientes,
785 2844 892 2892 etc.
936 2836 1147 2907 (Matth.
1178 2838 1357 2906 XXIII).

272 2925 611 2997 Evangelicaz
656 2928 817 2999 hujus
865 2929 1110 2984 lectionis
1166 2929 1470 2985 intellectus
1524 2931 1788 3000 superiori

188 3023 502 3077 narrationi
544 3022 751 3078 haerere
783 3022 1008 3078 videtur.
1060 3023 1227 3091 Supra
1262 3024 1521 3092 siquidem
1561 3022 1796 3078 Redem-

192 3121 329 3182 ptor
359 3124 540 3168 noster
581 3114 786 3169 scribas
823 3125 875 3170 et
914 3114 1209 3184 pharisaeus
1241 3114 1485 3183 plurimis
1540 3116 1781 3183 increpa-

192 3204 441 3258 tionibus
503 3204 854 3275 ohjurgasse,
931 3214 1089 3274 atque
1140 3206 1280 3260 inter
1332 3216 1523 3261 caetera
1594 3178 1867 3260 dixisseCl

189 3294 521 3363 perhibetur
551 3313 563 3348 :
601 3294 691 3351 Va?
714 3296 872 3361 vobis,
896 3298 1075 3351 scriba:
1096 3308 1142 3350 et
1170 3297 1437 3366 phariswi,
1454 3297 1539 3367 qui
1559 3298 1793 3367 (edi/ica-

190 3391 273 3445 H's
314 3401 639 3446 monumenta
664 3392 1050 3462 prapltetarum,
1082 3405 1129 3447 et
1178 3394 1345 3447 dicitis
1375 3408 1393 3447 :
1426 3393 1485 3446 Si
1524 3392 1795 3463 fuissemus

194 3484 264 3535 in
297 3482 473 3537 diebus
498 3492 705 3553 patrum
731 3492 1038 3549 nostrorum,
1081 3500 1184 3538 non
1215 3500 1435 3539 essemus
1466 3485 1517 3538 in
1549 3486 1797 3555 sanguine

188 3574 573 3644 prophetarum
594 3576 714 3631 socii
740 3592 933 3631 eorum.
982 3578 1154 3644 Atque
1185 3587 1302 3646 post
1332 3591 1494 3645 pauca
1528 3593 1539 3628 :
1589 3574 1653 3629 Et
1682 3590 1793 3641 vos,

186 3670 399 3737 inquit,
432 3670 636 3740 implete
662 3686 948 3724 mensuram
971 3684 1176 3741 patrum
1196 3680 1495 3724 vestrorum.
1529 3669 1679 3735 Quod
1711 3678 1798 3724 est

188 3763 392 3818 dicere
424 3781 436 3814 :
484 3764 608 3830 Quin
659 3764 736 3818 illi
767 3763 941 3818 minus
977 3764 1235 3829 fecerunt,
1263 3776 1355 3817 vos
1398 3762 1659 3832 supplete.
1708 3760 1793 3815 Illi

188 3856 527 3913 occiderunt
572 3871 780 3922 servos,
834 3872 926 3911 vos
980 3857 1259 3911 Dominum
1307 3856 1677 3924 crueiligetis:
1722 3854 1796 3909 illi

189 3949 479 4013 homines,
528 3964 623 4002 vos
672 3948 863 4003 Deum.
924 3949 989 4000 Et
1029 3950 1177 4015 quasi
1223 3948 1286 4001 ad
1321 3949 1432 4000 haec
1466 3947 1539 4000 illi
1575 3956 1795 4017 possent

188 4040 449 4109 objicere
479 4058 491 4093 :
542 4041 655 4093 Non
692 4041 947 4096 habemus
983 4042 1142 4094 modo
1171 4041 1455 4109 prophetas
1485 4056 1617 4110 quos
1646 4040 1791 4094 occi-

192 4130 421 4196 damus,
455 4129 696 4198 ailjungit
727 4149 739 4183 :
765 4130 893 4183 Ideo
921 4148 1033 4185 ecce
1062 4148 1153 4201 ego
1183 4133 1326 4184 mitto
1354 4132 1421 4183 ad
1450 4148 1534 4185 vus
1566 4132 1795 4201 praplte-

191 4233 307 4286 tas,
331 4230 377 4273 et
402 4222 674 4289 sapientes,
695 4233 744 4275 et
770 4222 985 4288 scribas;
1018 4232 1066 4278 et
1086 4240 1147 4277 ea:
1174 4223 1278 4277 illis
1302 4224 1537 4277 occidetis
1554 4235 1599 4277 et
1630 4225 1799 4277 cruci-

193 4312 399 4381 ﬁgetis,
431 4322 577 4365 etes
622 4316 693 4366 eis
728 4314 1055 4383 ﬂagellabitis
1108 4314 1161 4367 in
1204 4316 1479 4385 synagOgis
1511 4314 1723 4387 vestris,!
1750 4326 1798 4372 et

196 4404 584 4473 persequemini
632 4404 694 4458 de
742 4407 942 4460 civitate
970 4408 1022 4460 in
1053 4407 1326 4460 civitatem.
1376 4409 1658 4477 Propheta:
1709 4410 1796 4464 hic

194 4496 437 4563 apostoli
469 4496 822 4564 appellantur,
848 4497 968 4564 quia
1002 4512 1095 4565 per
1123 4498 1319 4552 donum
1349 4498 1576 4567 Spiritus
1623 4500 1792 4554 sancti

1894 1929 1995 1967 una
2044 1911 2317 1982 generatio
2362 1928 2481 1965 esse
2546 1912 2813 1966 dicuntur.
2870 1908 3229 1977 Qttazrendum
3294 1922 3479 1962 rursus

1893 2008 2013 2075 quis
2051 2006 2122 2061 sit
2163 2006 2262 2060 iste
2293 2005 2581 2060 Zacharias
2610 2004 2701 2074 qui
2732 2004 2945 2059 occisus
2970 2003 3107 2057 inter
3135 2002 3387 2072 templum
3417 2010 3472 2056 et

1893 2100 2061 2155 altare
2088 2107 2435 2156 memoratur.
2471 2100 2533 2153 Et
2562 2099 2779 2168 quidem
2808 2096 2896 2151 alii
2924 2097 3122 2165 justum
3152 2095 3470 2149 Zachariam

1894 2191 2180 2257 Opinantur
2211 2190 2356 2245 illum
2401 2190 2572 2258 ipsum
2603 2203 2723 2243 esse
2752 2187 2841 2256 qui
2882 2187 2933 2241 in
2973 2187 3160 2241 ordine
3193 2184 3450 2254 pr0pheta

1896 2296 2011 2336 rum
2046 2281 2359 2337 undecimus
2380 2282 2613 2350 ponitur.
2637 2279 2742 2334 Sed
2771 2279 2893 2334 licet
2915 2279 2965 2333 iu
2997 2292 3061 2333 eo
3090 2278 3254 2348 patris
3285 2291 3478 2331 nomen

1896 2376 2198 2430 consentiat
2224 2416 2239 2441 ,
2270 2374 2391 2443 quia
2435 2372 2639 2427 scilicet
2670 2371 2810 2427 illius
2842 2370 3109 2426 Baracliiae
3140 2368 3482 2439 cognomina-

1899 2480 2002 2533 tur,
2034 2478 2209 2523 tamen
2239 2466 2509 2537 quomodo
2538 2466 2676 2520 inter
2712 2465 2965 2534 templum
2994 2471 3048 2519 et
3075 2462 3241 2517 altare
3267 2461 3480 2516 occisus

1897 2562 1967 2617 sit
1994 2576 2097 2617 non
2122 2569 2364 2630 apparet,
2395 2559 2688 2629 prmsertiin
2714 2572 2833 2612 curn
2860 2555 3189 2625 temporibus
3222 2553 3364 2607 illius
3390 2551 3480 2605 vix

1900 2652 2066 2708 ruina:
2098 2652 2279 2721 templi
2312 2650 2660 2706 substiterint.
2711 2649 2811 2703 Alii
2853 2650 2991 2703 hunc
3038 2646 3351 2702 Zachariam
3386 2658 3474 2712 pa-

1903 2756 2033 2802 trem
2059 2746 2278 2802 Joannis
2300 2745 2691 2808 intellexerunt,
2712 2752 3010 2799 asserentes
3032 2742 3172 2811 quod
3200 2748 3487 2810 propterea

1903 2852 1932 2891 a
1958 2837 2159 2893 Judazis
2189 2839 2396 2892 occisus
2418 2836 2505 2901 sit,
2540 2837 2660 2903 quia
2691 2835 2976 2890 adventum
3025 2832 3316 2891 Salvatoris
3346 2846 3491 2901 prte-

1903 2930 2241 2986 nuntiaverit.
2292 2929 2393 2983 Sed
2449 2928 2585 2982 hunc
2636 2942 2731 2982 nos
2781 2926 3095 2980 Zachariam
3139 2923 3491 2993 intelligimus

1901 3022 2017 3077 sine
2060 3021 2243 3087 dubio,
2277 3034 2433 3090 quem
2478 3018 2602 3073 Joas
2649 3032 2738 3072 rex
2780 3016 2928 3071 Juda:
2970 3017 3107 3070 inter
3150 3013 3409 3084 templum
3437 3022 3494 3067 et

1904 3116 2071 3171 altare
2116 3114 2400 3179 interiecit,
2437 3114 2574 3169 sicut
2619 3114 2671 3168 in
2722 3112 2922 3183 Regum
2966 3109 3183 3165 historia
3230 3110 3485 3179 scriptum

1901 3215 1985 3263 est
2017 3222 2031 3259 :
2082 3206 2148 3262 Et
2194 3220 2298 3261 non
2330 3212 2414 3260 est
2445 3204 2753 3259 recordatus
2782 3203 2931 3271 Joas,
2970 3202 3162 3273 inquit,
3214 3200 3378 3271 patris
3409 3201 3490 3253 sui

1901 3297 2128 3367 Jtiiadte,
2164 3298 2258 3353 sed
2310 3297 2577 3354 interfecit
2621 3295 2789 3350 ﬁlium
2836 3295 2954 3365 ejus
2980 3296 3067 3363 qui
3114 3308 3172 3375 se
3220 3292 3494 3362 eripuerat

1901 3393 1968 3449 de
1998 3400 2191 3455 morte,
2243 3400 2297 3446 et
2327 3392 2378 3445 in
2411 3391 2608 3460 templo
2631 3398 2835 3458 septem
2869 3387 3025 3442 annis
3052 3386 3364 3442 abscondite
3396 3400 3491 3440 nu-

1900 3485 2084 3539 trierat
2109 3481 2193 3553 (Il
2220 3480 2395 3536 Parat.
2423 3483 2628 3549 xxxw).
2664 3478 2769 3536 Sed
2798 3479 3054 3550 qumritiir
3077 3494 3169 3532 cur
3201 3478 3286 3533 hic
3327 3478 3489 3531 Bara-

1901 3575 2034 3629 chize
2063 3575 2267 3630 dicatur
2316 3574 2476 3634 ﬁlius,
2525 3588 2643 3628 cum
2698 3571 2749 3626 in
2802 3571 3017 3641 praefata
3070 3572 3293 3625 historia
3346 3570 3487 3624 filius

1900 3665 2101 3721 Joaidte
2128 3674 2420 3720 asseratur.
2446 3664 2598 3730 Quod
2626 3665 2697 3718 ita
2727 3662 2952 3717 solvitur
2988 3680 2998 3714 :
3034 3661 3317 3716 Barachias
3349 3675 3494 3714 nam-

1900 3772 2004 3825 que
2032 3756 2346 3812 benedictus
2382 3755 2591 3808 Domini
2633 3754 2855 3820 dicitur;
2882 3754 3064 3809 Joiada
3091 3754 3294 3823 justitia
3324 3754 3491 3808 inter-

1901 3855 2155 3914 pretatur.
2208 3845 2306 3911 Qui
2329 3860 2454 3916 ergo
2474 3845 2678 3915 jnstitia
2709 3844 2894 3913 plenus
2919 3853 3019 3908 est,
3042 3845 3350 3900 benedictus
3380 3843 3486 3898 Do-

1902 3938 2027 3991 mini
2060 3938 2357 3993 rectissime
2390 3946 2559 4007 potest
2590 3937 2866 4007 appellari.
2896 3937 3043 3993 Unus
3073 3951 3200 4006 ergo
3234 3937 3484 4004 idemque

1902 4028 2059 4083 homo
2100 4032 2250 4098 juxta
2295 4029 2524 4084 nominis
2567 4029 3059 4098 interpretationem
3111 4038 3163 4083 et
3203 4026 3388 4083 Joiada
3439 4036 3493 4081 et

1902 4121 2186 4176 Barachias
2219 4136 2372 4189 teque
2405 4130 2577 4191 potest
2604 4121 2849 4191 intelligi.
2887 4120 3066 4175 Potuit
3097 4118 3257 4173 etiam
3287 4118 3398 4173 ﬁeri
3432 4127 3492 4173 ut

1904 4212 2016 4281 ipse
2047 4212 2335 4267 Barachias
2370 4212 2634 4266 binomius
2675 4213 2853 4274 luerit,
2886 4221 2940 4267 et
2981 4211 3239 4266 sitaltero
3271 4210 3492 4263 nomine

1904 4305 2197 4374 appellatus
2228 4303 2440 4369 Joiada,
2472 4303 2613 4359 sicut
2642 4312 2695 4358 et
2727 4303 3011 4359 Matthacus
3041 4310 3372 4374 evangelista
3401 4316 3494 4353 vo.

1902 4409 2051 4453 catus
2083 4409 2163 4454 est
2200 4398 2349 4453 Levi.
2396 4397 2523 4453 ltem
2564 4398 2909 4467 quaerendum
2943 4412 3038 4452 cur
3069 4397 3283 4461 dixerit,
3315 4413 3345 4447 a
3377 4412 3497 4450 san-

1906 4491 2057 4561 guine
2109 4488 2234 4544 Abel
2274 4505 2431 4558 usque
2460 4489 2527 4542 ad
2569 4489 2869 4561 sanguinem
2918 4488 3187 4543 Zachariae
3226 4502 3253 4541 a
3297 4485 3498 4542 Judaeis

196 4563 829 4641 Iuturorumihahebant
870 4563 1132 4642 notitiam.
1199 4588 1302 4657 Ipsi
1352 4563 1472 4643 sunt
1524 4592 1798 4660 sapientes
1832 4563 1878 4622 θ
1908 4583 2219 4651 διιιιὸυίιιῡιῐι
2269 4583 2647 4651 ριόριιριειιυιη
2690 4583 3104 4653 equlil'elldum-
3155 4580 3430 4664 Cur‘ellim
3463 4599 3495 4633 α

196 4677 404 4742 corde,
430 4675 884 4746 quia-sermOuem
917 4679 1154 4747 proferre
1186 4689 1446 4733 noverunt
1474 4679 1524 4733 in
1557 4691 1798 4750 tempore

199 4779 543 4839 opportuno.
581 4770 681 4837 Ipsi
706 4769 923 4835 scribr,
952 4772 1070 4839 quia
1106 4772 1272 4840 legem
1308 4772 1397 4826 Dei
1426 4773 1677 4841 scriptam
1710 4776 1803 4831 ha-

201 4863 346 4916 bent
381 4876 474 4929 per
503 4861 760 4930 Spiritum
792 4872 1031 4917 sanctum
1065 4862 1117 4916 in
1149 4863 1396 4919 cordibus
1424 4866 1552 4920 suis.
1590 4868 1663 4919 Ex
1698 4866 1802 4920 illis

200 4968 345 5022 ergo
374 4953 687 5008 occiderunt
716 4954 972 5008 Jacobutn
1015 4953 1232 5009 fratrem
1262 4954 1504 5025 Joannis,
1537 4966 1591 5011 et
1627 4959 1799 5025 ipsum

200 5046 480 5099 Joannem
518 5046 842 5113 Baptistanj,
874 5046 1240 5114 lapidaverunt
1283 5047 1633 5115 Stephanum,
1677 5064 1801 5104 cru-

200 5139 508 5193 citixerunt
548 5137 785 5205 l’etrnm,
833 5138 1233 5207 ﬂagellaverunt
1265 5138 1544 5193 duodecim
1578 5150 1800 5208 apostoo

203 5232 320 5297 los,
367 5229 580 5298 quando
632 5228 780 5283 ibant
825 5228 1120 5298 gaudentes
1174 5244 1202 5282 a
1254 5240 1537 5297 conspectu
1566 5231 1799 5293 concilii,

201 5324 474 5394 quoniam
522 5322 665 5392 digni
695 5323 855 5377 habiti
886 5332 1011 5377 sunt
1042 5323 1156 5379 haec
1196 5338 1295 5392 pro
1326 5324 1539 5379 nomine
1588 5324 1799 5379 Domini

202 5418 349 5487 pati,
398 5425 452 5472 et
492 5417 753 5487 persecuti
784 5426 908 5471 sunt
937 5431 1029 5472 eos
1050 5416 1117 5472 de
1141 5417 1355 5472 civitate
1395 5417 1445 5471 in
1478 5418 1745 5473 civitatem
1787 5436 1801 5473 :

203 5519 281 5566 ut
310 5525 414 5563 non
442 5511 639 5578 recepti
664 5510 730 5565 ab
759 5512 858 5574 eis,
888 5509 1031 5579 juste
1061 5509 1123 5564 ad
1152 5519 1337 5578 gentes
1377 5509 1686 5579 migrarent.
1740 5509 1807 5564 Ut

206 5605 395 5659 veniat
446 5620 599 5673 super
627 5621 713 5660 vos
750 5606 913 5659 omnis
944 5607 1155 5675 sanguis
1187 5606 1359 5676 justus
1390 5606 1476 5674 qui
1511 5604 1704 5672 e/fusus
1731 5614 1804 5659 est

199 5711 379 5763 super
408 5706 616 5762 terram,
650 5715 680 5751 a
707 5700 950 5770 sanguine
976 5699 1101 5753 Abel
1119 5698 1248 5769 justi
1292 5684 1447 5769 usque
1486 5701 1553 5751 ad
1592 5700 1801 5769 sangui-

202 5803 339 5847 nem
380 5788 648 5845 Zacharia:
689 5792 787 5858 [illi
832 5791 1123 5857 Barttchia’,
1172 5808 1315 5859 quem
1372 5793 1627 5846 occidistis
1676 5795 1827 5847 inter-

1907 4675 2150 4743 sanguine
2180 4672 2309 4727 Abel
2331 4673 2545 4742 dixerit,
2578 4676 2767 4730 mirum
2800 4691 2905 4729 non
2930 4685 3038 4739 est;
3065 4690 3159 4730 cur
3186 4689 3311 4732 vero
3336 4691 3493 4746 usque

1910 4770 1973 4819 ad
2014 4765 2315 4837 sanguinem
2348 4764 2635 4833 Zachariae,
2666 4766 3013 4834 quaerendum
3048 4777 3152 4831 est,
3185 4780 3305 4820 cum
3345 4765 3497 4819 multi

1914 4869 2029 4928 post
2075 4873 2199 4915 eum
2228 4858 2528 4912 exstiterint
2558 4868 2840 4927 martyres.
2893 4860 2973 4910 Ad
3015 4858 3154 4927 quod
3204 4856 3489 4911 dicendum

1912 4956 2052 5023 quod
2081 4963 2178 5023 pet:
2202 4954 2299 5006 hos
2332 4953 2485 5017 duos,
2518 4968 2745 5021 quorum
2772 4951 2907 5005 alter
2930 4952 2979 5004 itt
3010 4965 3217 5018 campo,
3246 4950 3380 5004 alter
3401 4948 3498 5003 0c-

1913 5051 2053 5101 cisus
2084 5054 2169 5102 est
2197 5046 2250 5100 in
2283 5046 2499 5115 templo,
2531 5045 2637 5101 duo
2662 5045 2878 5100 ordines
2908 5059 3200 5115 martyrum
3226 5046 3497 5114 designau-

1915 5154 2014 5197 tur.
2048 5142 2147 5195 Per
2182 5140 2313 5195 Abel
2343 5139 2578 5209 quidem,
2608 5139 2694 5207 qui
2722 5139 2773 5193 iu
2802 5154 2991 5208 campo
3022 5138 3298 5205 occiditur,
3334 5138 3449 5192 laici
3483 5154 3495 5201 ;

1915 5249 2009 5303 per
2049 5225 2361 5287 Zao'bariam
2402 5246 2556 5297 vero,
2590 5231 2761 5300 quiin
2792 5232 2990 5298 templo
3021 5240 3261 5295 necatur,
3309 5230 3359 5282 hi
3407 5232 3496 5297 qui

1915 5341 1976 5380 ex
2024 5322 2347 5391 sacerdotali
2388 5322 2643 5391 dignitate
2690 5320 2754 5376 ad
2803 5321 3043 5392 martyrii
3095 5323 3331 5390 provecti
3375 5332 3499 5375 sunt

1919 5417 2172 5487 palmam,
2223 5416 2532 5484 ﬁgurantur.
2585 5414 2709 5470 Ideo
2749 5422 2925 5469 autem
2979 5415 3076 5469 hos
3121 5414 3253 5468 duos
3293 5421 3498 5469 tantum

1916 5505 2227 5564 nominatim
2280 5504 2468 5574 posuit,
2516 5506 2637 5576 quia
2679 5508 2837 5561 ambo
2889 5506 3219 5568 innocentes,
3254 5515 3307 5562 et
3354 5506 3499 5562 nulla

1909 5601 2055 5668 justo
2086 5610 2241 5651 causa
2273 5597 2533 5651 existente
2576 5597 2838 5652 interfecti
2866 5604 3012 5663 sunt,
3056 5599 3213 5653 ambo
3241 5598 3501 5653 sacerdu.

1918 5704 2015 5761 tes,
2072 5689 2227 5745 ambo
2256 5698 2519 5759 pastores,
2556 5686 2642 5743 ille
2670 5687 2869 5757 ovium,
2916 5692 3014 5744 iste
3060 5690 3379 5745 animarum.
3434 5692 3502 5748 Et

1916 5788 2053 5841 sicut
2101 5782 2189 5839 ille
2235 5780 2545 5838 interfectus
2578 5791 2658 5837 est
2687 5797 2711 5835 a
2746 5782 2907 5839 fratre
2936 5798 3030 5838 suo
3061 5782 3112 5839 iu
3146 5800 3272 5857 agro
3300 5825 3313 5854 ,
3348 5784 3416 5840 ita
3450 5795 3501 5841 ct
