3956 6342
560 333 690 387 “7|

1429 323 1631 380 PAULI
1668 317 1937 376 DIACONI
1980 315 2128 371 UI’P.
2172 313 2352 368 PARS
2390 314 2452 368 ll.
2492 346 2567 359 —-
2603 314 2965 373 ASCETICA.

3600 329 3693 388 Ili!

562 462 661 502 iste
710 462 739 499 a
790 443 1115 500 consobrino
1165 451 1219 494 ct
1264 440 1623 495 collateraneo
1674 452 1771 491 suo
1821 437 1873 489 in
1918 433 2137 500 templo.
2170 430 2567 492 Ainfirmetur,
2620 442 2737 497 ipsa
2772 436 2938 483 etiam
2991 426 3245 483 raueitate
3293 431 3417 486 vocis
3454 435 3695 503 exprimente

564 541 723 605 Quem
753 538 1028 600 occidistis,
1062 535 1251 604 inquit,
1295 534 1428 587 inter
1458 533 1698 601 templum
1727 540 1771 585 et
1801 531 1986 583 altare.
2032 526 2144 583 Duo

562 639 715 686 erant
742 627 926 683 alt‘aria
960 628 1011 681 in
1044 625 1263 694 templo,
1295 640 1457 678 unum
1489 622 1693 677 incensi
1726 620 1971 684 interius,
1998 619 2145 674 alte-

564 738 681 775 rum
716 721 1145 775 holocaustorum
1179 716 1434 784 exterius,
1477 715 1615 769 inter
1641 712 1781 784 quod
1806 722 1860 768 et
1891 711 2143 781 templum

564 810 853 867 Zacharias
900 818 981 865 est
1020 810 1402 877 interemptus;
1437 806 1517 862 vel
1548 807 1683 860 inter
1721 804 1964 875 templum
1991 813 2040 857 et
2065 803 2144 856 al-

565 916 693 969 tare,
728 899 780 956 id
806 911 905 966 est,
948 902 1085 954 inter
1126 913 1443 954 consensum
1475 897 1651 967 populi
1690 907 1743 952 et
1783 896 2144 959 sacerdotum,

567 992 915 1062 quorum'alii
947 1008 1039 1061 per
1067 991 1342 1061 templum,
1390 990 1478 1045 alii
1515 1003 1607 1058 per
1643 990 1811 1045 altare
1848 990 2145 1060 signantur.

568 1087 869 1151 Postremo,
902 1085 1026 1155 quid
1074 1093 1154 1139 est
1191 1082 1330 1153 quod
1374 1083 1423 1137 in
1455 1080 1745 1152 Evangelio
1774 1080 1856 1137 vel
1892 1080 2146 1151 Epistolis

571 1176 703 1231 Abel
731 1177 947 1243 speciali
969 1176 1271 1231 testimonio
1293 1174 1511 1245 iustitiae
1541 1174 1872 1230 honoratur?
1902 1171 2149 1228 Profecto

580 1269 701 1337 quia
744 1268 966 1324 decebat
1010 1268 1157 1322 illum
1187 1284 1250 1322 ex
1284 1266 1561 1337 privilegio
1586 1267 1815 1337 quodam
1848 1274 1995 1321 tanto
2024 1280 2149 1335 cog-

576 1360 792 1415 nomine
821 1361 1092 1425 decorari,
1130 1360 1218 1429 qui
1251 1360 1417 1415 tribus
1447 1359 1714 1430 prmelaris
1744 1358 2030 1414 virtutibus
2062 1370 2147 1429 ty-

572 1468 699 1520 pum
750 1453 943 1509 Christi
1004 1454 1056 1509 in
1110 1466 1171 1508 se
1221 1454 1668 1510 excellentissime
1724 1454 1973 1524 prmtulit.
2030 1452 2152 1506 Fuit

576 1543 719 1599 enim
770 1546 939 1614 virgo,
989 1545 1243 1601 sacerdos
1291 1555 1344 1601 et
1396 1559 1616 1616 martyr.
1663 1544 1804 1601 Inter
1842 1552 1999 1601 totet
2042 1553 2148 1599 tam

572 1637 747 1691 varias
793 1637 1072 1706 opiniones
1112 1638 1179 1692 de
1218 1636 1474 1693 Zacharia
1517 1639 1732 1707 quinam
1788 1637 1968 1704 fuerit,
2019 1651 2151 1706 quo-

570 1728 711 1781 niam
768 1730 834 1783 ad
909 1729 1169 1799 liquidum
1227 1730 1417 1785 veritas
1470 1730 1705 1785 historia;
1759 1729 1993 1784 scrutari
2045 1744 2148 1782 non

2248 518 2497 576 allectum
2527 532 2734 590 magna;
2764 521 3178 590 compassionis.
3220 521 3315 589 Qui
3339 538 3445 594 ergo
3464 527 3563 585 alibi
3582 529 3698 591 Bero-

2246 611 2370 669 dem
2401 612 2614 682 vulpem
2643 619 2797 666 vocat
2840 609 2995 682 (Luc.
3042 614 3185 679 xm),
3216 623 3345 668 recte
3385 630 3435 670 se
3465 616 3699 690 hic-gallina:

2246 705 2463 762 similat.
2502 706 2569 761 Ut
2593 706 2738 762 enim
2762 706 2949 774 vulpes
2972 706 3183 775 gallinis
3207 710 3426 767 vorandis
3446 712 3568 785 juges
3601 735 3699 789 pra-

2248 799 2415 856 tendit
2458 797 2678 854 insidias
2700 839 2716 865 ,
2743 798 2825 852 sic
2855 796 3095 853 Herodes
3123 797 3465 869 Redemptoris
3495 810 3621 863 nosni
3642 827 3700 866 ne-

2247 906 2366 950 cem
2390 890 2600 957 sitiens,
2632 889 2957 960 perennibus
2995 889 3133 945 odiis
3176 890 3454 950 insectando
3486 897 3703 956 infestabat.

2248 986 2410 1057 Cujus
2434 985 2634 1041 saevitia
2661 983 2784 1039 inde
2813 981 3150 1052 potissimum
3190 985 3375 1052 claret,
3402 989 3520 1057 quod
3536 1005 3625 1045 cum
3647 992 3704 1048 Pi-

2248 1083 2386 1138 latus
2430 1080 2496 1135 ad
2542 1078 2661 1150 ejus
2687 1077 2948 1148 judicium
2973 1075 3242 1134 Christum
3284 1079 3525 1137 Dominum
3548 1085 3708 1140 misisset

2249 1172 2402 1245 (Luc.
2433 1170 2621 1239 xxtu),
2656 1170 2744 1224 ille
2772 1183 2893 1224 eum
2920 1168 3121 1237 sprevit
3147 1183 3264 1224 cum
3290 1174 3499 1226 exercitu
3518 1186 3593 1227 suo
3610 1182 3647 1227 et
3666 1174 3707 1227 il-

2250 1266 2395 1322 lusit.
2428 1263 2539 1318 lloc
2566 1263 2726 1318 etiam
2759 1274 2929 1332 genus
2957 1259 3241 1314 animantis
3276 1262 3353 1316 cui
3380 1275 3434 1317 se
3471 1262 3703 1332 Redemptor

2251 1367 2543 1429 comparat,
2574 1354 2716 1427 quod
2758 1355 2812 1409 in
2852 1352 3065 1409 caeteris
3092 1352 3354 1408 difficilius
3382 1354 3615 1421 invenitur,
3642 1355 3705 1409 alis

2251 1466 2377 1507 suos
2404 1449 2573 1521 pullos
2600 1445 2852 1519 protegit,
2878 1452 2933 1501 et
2962 1453 3149 1499 contra
3181 1444 3391 1500 milvum
3416 1460 3468 1502 se
3488 1446 3626 1515 erigit.
3650 1445 3711 1502 Sic

2252 1551 2306 1597 et
2340 1554 2511 1598 mater
2540 1547 2743 1605 nostra,
2777 1534 2831 1591 id
2866 1543 2950 1591 est
2992 1534 3086 1592 Dei
3113 1539 3383 1608 sapientia,
3416 1552 3515 1607 qua:
3543 1536 3711 1593 Christus

2252 1648 2356 1704 est,
2383 1652 2477 1707 per
2500 1640 2679 1695 carnis
2714 1639 3109 1709 susceptionem
3140 1636 3395 1691 inﬁrmata
3427 1630 3717 1703 quodammodo

2258 1744 2353 1799 pro
2394 1730 2549 1785 nobis
2593 1730 2755 1802 (sicut
2798 1730 3088 1801 Apostolus
3115 1730 3189 1783 ait
3230 1743 3246 1781 :
3294 1725 3431 1792 Quod
3455 1724 3655 1791 inﬁrmum
3674 1731 3717 1774 est

573 1828 765 1887 potest,
794 1821 1170 1876 recurrentium
1202 1831 1284 1877 est
1311 1821 1377 1876 ad
1404 1806 1735 1891 allegoriam.
1768 1821 1863 1876 llic
1886 1821 2027 1876 enim
2068 1830 2151 1875 est
2182 1818 2227 1877 B
2259 1823 2375 1887 Dei,
2409 1824 2591 1895 fortius
2617 1833 2689 1880 est
2728 1824 3017 1879 hominibus
3044 1822 3092 1895 [1
3124 1820 3245 1877 Cor.
3273 1818 3368 1891 1]),
3408 1816 3596 1888 protegit
3624 1813 3719 1868 infir-

573 1910 758 1964 unicus
787 1912 961 1966 exitus
988 1927 1171 1967 earum
1204 1928 1381 1968 rerum
1421 1929 1539 1983 qum
1565 1915 1617 1967 in
1649 1924 1837 1969 sancto
1863 1912 2150 1983 Evangelio

570 2003 712 2056 dicta
748 2014 970 2071 tantmn,
1021 2021 1124 2059 non
1178 2018 1355 2061 autem
1400 2006 1538 2062 facta
1578 2008 1839 2077 leguntur.
1892 2008 1992 2062 Per
2018 2006 2153 2063 Abel

574 2096 920 2164 designantur
947 2112 1131 2152 omnes
1152 2098 1318 2153 sancti
1341 2099 1430 2165 qui
1462 2098 1675 2154 fuerunt
1703 2099 1769 2154 ab
1795 2100 1946 2154 initio
1969 2099 2151 2154 mundi

570 2204 744 2257 usque
794 2190 857 2243 ad
912 2191 1213 2258 passionem
1254 2191 1450 2247 Christi
1501 2202 1556 2247 et
1602 2193 2025 2263 redemptionem
2056 2194 2154 2247 hu-

575 2281 720 2333 mani
764 2283 998 2350 generis,
1051 2282 1190 2352 quod
1232 2285 1344 2353 ipsa
1389 2284 1621 2339 nominis
1652 2286 2026 2353 interpretatio
2056 2287 2151 2341 de-

575 2379 858 2425 monstrat.
894 2373 1280 2442 Interpretatur
1322 2378 1462 2430 enim
1510 2378 1703 2439 luctus,
1734 2392 1921 2447 vapor,
1948 2378 2155 2433 funicu-

570 2459 675 2527 lus,
708 2463 791 2516 vel
841 2462 1172 2529 funiculatio,
1230 2466 1538 2536 significans
1584 2481 1798 2525 sanetos
1853 2472 2152 2538 passionem

578 2555 791 2609 Domini
842 2557 1226 2623 praecedentes,
1275 2561 1364 2628 qui
1394 2561 1794 2617 considerantes
1832 2577 1891 2618 se
1917 2564 2153 2628 exsules,

577 2653 634 2699 et
658 2660 687 2699 a
717 2645 947 2715 paradisi
982 2647 1308 2704 beatitudine
1338 2650 1593 2718 dejectos,
1627 2652 1679 2707 in
1706 2652 1849 2708 luctu
1881 2662 1935 2709 et
1958 2654 2157 2710 maesti-

582 2737 654 2792 tia
682 2748 832 2792 erant
856 2780 871 2805 ,
917 2748 970 2793 ct
998 2750 1318 2808 praesentem
1348 2744 1509 2798 vitam
1541 2753 1786 2814 tanquam
1821 2744 2073 2800 fumidam
2104 2757 2157 2802 et
2186 2798 2190 2803 .

575 2830 939 2885 transitoriam
968 2842 1395 2897 contemnentes,
1439 2837 1503 2892 ad
1547 2844 1742 2893 sortem
1780 2847 1833 2893 et
1862 2839 2155 2894 funiculum

576 2938 820 2994 supernae
849 2924 1173 2982 lueredilatis
1199 2929 1512 2997 quantocius
1543 2934 1919 3001 properabant.
1959 2932 2159 2986 Zacha-

574 3015 680 3070 rias
713 3031 837 3072 vero
862 3017 1125 3087 significat
1154 3030 1368 3075 sanctos
1396 3036 1424 3074 a
1477 3024 1724 3089 passione
1754 3022 1961 3077 Domini
1992 3038 2159 3093 cstlue

574 3108 639 3162 ad
671 3108 827 3164 linem
869 3112 1069 3166 saeculi.
1124 3098 1511 3182 Interpretatur
1539 3119 1680 3171 enim
1716 3116 2004 3172 Zacharias
2042 3132 2156 3172 me-

2259 1915 2496 1970 ntitatem
2529 1926 2786 1982 nostram,
2814 1923 2869 1972 et
2897 1913 3100 1970 resistit
3125 1911 3351 1976 diabolo,
3383 1924 3442 1963 ne
3466 1922 3546 1962 nos
3567 1907 3605 1959 in
3626 1905 3715 1959 inte-

2256 2008 2414 2063 ritum
2462 2008 2654 2079 rapiat.
2706 2008 2760 2063 In
2806 2022 2907 2079 qua
2950 2018 3125 2062 tamen
3172 2004 3462 2061 defensione
3504 1998 3613 2069 quod
3654 1998 3721 2066 gal-

2255 2098 2368 2153 lina
2400 2107 2584 2153 coutra
2631 2099 2851 2154 milvum
2896 2107 3118 2153 conatur
3167 2094 3375 2160 affectu,
3414 2094 3501 2146 hoc
3525 2088 3721 2143 adversum

2258 2192 2528 2247 diabolum
2579 2191 2790 2261 perficit
2836 2200 3123 2262 potestate.
3180 2188 3239 2245 Si
3282 2194 3446 2242 autem
3488 2181 3637 2253 gallina
3668 2190 3723 2244 per

2255 2284 2696 2355 signiﬁcationem
2757 2285 2897 2342 Deus
2959 2282 3273 2351 intelligitur
3304 2322 3319 2348 ,
3373 2278 3479 2333 dure
3530 2274 3607 2327 alia
3654 2272 3726 2339 ejus

2257 2376 2463 2448 Moyses
2491 2386 2543 2431 ct
2571 2377 2747 2431 Aaron
2777 2377 2864 2446 qui
2891 2375 3186 2431 eduxerunt
3211 2371 3446 2443 populum
3469 2370 3523 2422 de
3546 2364 3725 2434 Egypto,

2257 2484 2352 2523 seu
2376 2468 2672 2524 Zorobabel
2718 2468 2803 2524 vel
2830 2466 3047 2533 Esdras,
3074 2477 3128 2522 et
3154 2464 3416 2528 Neemias,
3443 2474 3498 2515 ac
3522 2456 3620 2513 Jesu
3642 2455 3729 2507 inlitis

2257 2561 2521 2617 .Iosedech
2566 2562 2749 2627 duces,
2779 2561 2870 2631 qui
2910 2561 3213 2617 eduxerunt
3238 2570 3332 2613 eos
3352 2554 3417 2610 de
3450 2549 3673 2622 Babylone,
3697 2552 3729 2597 et

2259 2656 2359 2711 sub
2387 2654 2581 2724 quibus
2613 2654 2756 2711 idem
2787 2655 3011 2725 populus
3050 2650 3372 2709 lsraeliticus
3400 2647 3461 2703 de
3485 2641 3658 2700 diversis
3674 2652 3730 2692 ca-

2262 2748 2587 2817 ptivitatibus
2611 2757 2693 2803 est
2718 2748 2972 2828 liberatus
3001 2745 3083 2801 vel
3113 2750 3474 2814 congregatus.
3494 2734 3600 2828 Quid
3616 2740 3730 2828 auten

2263 2816 2347 2896 est
2378 2839 2520 2906 quod
2568 2838 2698 2894 dicit
2731 2857 2745 2895 :
2782 2826 2986 2906 Quoties
3027 2838 3163 2893 volui
3190 2877 3205 2899 ,
3238 2844 3284 2890 et
3313 2828 3537 2887 noluisti?
3566 2816 3733 2921 Nunquid

2264 2934 2496 2988 humana
2526 2934 2772 2989 voluntas
2812 2930 3072 2988 voluntati
3102 2930 3200 2984 Dei
3241 2926 3495 2997 praevalet,
3529 2934 3622 2975 cum
3651 2927 3733 2968 scrt-

2264 3035 2412 3097 ptusn
2443 3027 2513 3082 sit
2542 3045 2554 3080 :
2583 3026 2773 3081 Omnia
2794 3041 3103 3096 quacunque
3121 3024 3300 3090 voluit,
3325 3022 3435 3093 fecit
3454 3006 3736 3090 (Pulcrum)?

2269 3120 2346 3174 Ad
2377 3121 2476 3175 hoc
2506 3119 2788 3176 dicendum
2831 3118 2974 3187 quod
3020 3117 3249 3172 liberum
3279 3111 3534 3170 arbitrium
3554 3105 3657 3159 Deus
3677 3099 3734 3152 bo-

578 3201 746 3254 moria
798 3200 1030 3267 Domini,
1076 3204 1188 3258 sive
1235 3220 1560 3270 memorans,
1594 3206 1678 3261 vel
1727 3208 2015 3263 recordans
2056 3209 2160 3265 Do-
2186 3189 2234 3253 (ἶ
2267 3212 2398 3268 mini
2423 3212 2678 3278 contulit,
2712 3221 2931 3283 propter
2960 3210 3101 3282 quod
3135 3211 3292 3277 dicit,
3320 3204 3523 3261 noluisti.
3550 3202 3607 3255 Ac
3637 3196 3666 3249 si
3685 3192 3735 3247 dt-

576 3290 728 3354 mini,
758 3293 975 3349 eosdem
1006 3296 1312 3366 significans
1339 3309 1577 3366 sanctos,
1608 3300 1718 3369 qui,
1752 3302 2159 3358 considerantes

580 3398 639 3437 se
668 3384 751 3439 sui
783 3386 989 3441 Domini
1034 3390 1297 3456 passione,
1342 3392 1673 3460 redemptos,
1701 3408 1822 3448 eum
1863 3410 2077 3464 semper
2107 3397 2158 3449 in

582 3480 842 3533 memoria
871 3481 1067 3537 habere
1095 3497 1157 3537 ac
1179 3486 1471 3553 condignas
1499 3487 1788 3556 gratiarum
1814 3489 2053 3544 actiones
2084 3490 2161 3545 illi

577 3584 735 3639 agerc
776 3574 1011 3628 student.
1048 3574 1143 3630 llic
1173 3576 1455 3633 Zacharias
1482 3580 1690 3633 occisus
1730 3588 1811 3634 est
1853 3580 1990 3635 inter
2021 3591 2157 3636 tern~

588 3666 730 3733 plum
761 3676 813 3721 et
837 3665 1021 3723 altare.
1069 3670 1247 3725 Altare
1286 3670 1528 3741 designat
1556 3687 1703 3727 aram
1735 3673 2013 3728 dominica:
2037 3690 2159 3729 cru-

585 3761 683 3822 cis,
727 3761 780 3813 in
813 3776 917 3831 qua
958 3762 1241 3832 singularis
1266 3765 1355 3820 ille
1380 3767 1562 3835 Agnus
1594 3781 1689 3835 pro
1726 3767 1901 3822 salute
1941 3767 2158 3823 humani

580 3854 793 3923 generis
820 3853 928 3909 Dco
970 3854 1111 3910 Patri
1142 3857 1348 3912 oblatus
1376 3864 1477 3912 est.
1512 3858 1791 3929 Templum
1825 3875 1951 3915 vero
1982 3860 2161 3930 expri-

577 3948 677 4000 mit
706 3946 1002 4019 ingressum
1037 3950 1186 4021 regni
1220 3950 1473 4019 caelestis,
1517 3951 1584 4006 ad
1614 3954 1755 4023 quod
1776 3968 1965 4009 omnes
1991 3954 2162 4009 sancti

584 4041 1017 4109 peractojudicio
1047 4044 1291 4099 intraturi
1325 4053 1469 4100 sunt.
1500 4044 1641 4101 Inter
1673 4046 1926 4117 templum
1955 4062 2083 4116 ergo
2109 4056 2165 4103 et

577 4131 745 4186 altare
774 4146 962 4201 passus
993 4147 1113 4189 esse
1142 4135 1354 4202 dicitur,
1380 4137 1495 4206 qui,
1520 4146 1575 4192 ut
1598 4137 1798 4194 dictum
1825 4148 2036 4204 est,eos
2061 4140 2159 4195 tle-

578 4222 754 4292 signat
794 4223 880 4293 qui
929 4239 957 4278 a
1007 4236 1247 4295 tempore
1289 4227 1572 4283 dominica:
1602 4230 1866 4299 passionis
1897 4246 2065 4300 usque
2094 4232 2160 4287 ad

583 4314 883 4383 ingressum
943 4319 1089 4387 regni
1147 4320 1423 4385 cmlestis,
1480 4320 1562 4377 vel
1618 4324 1759 4392 passi
1817 4323 1899 4380 vel
1953 4326 2161 4393 passuri

576 4413 722 4460 sunt.
772 4405 1081 4475 Jerusalem,
1135 4409 1442 4480 Jerusalem,
1498 4428 1612 4483 qua:
1642 4415 1831 4469 occidis
1863 4417 2156 4487 prop/tetas,

583 4504 631 4547 et
657 4497 858 4565 lepidas
888 4515 970 4552 eos
993 4502 1080 4569 qui
1108 4504 1174 4555 ad
1205 4514 1250 4557 te
1276 4504 1417 4559 missi
1445 4516 1581 4560 sunt.
1618 4508 1770 4573 Quod
1804 4523 1995 4564 nomen
2028 4512 2159 4565 civi-

588 4583 711 4638 tatis
740 4583 1037 4642 Jerusalem
1075 4588 1127 4643 in
1164 4592 1587 4659 cognominando
1619 4596 1857 4665 replicat,
1889 4598 1937 4652 id
1970 4608 2053 4653 est
2076 4615 2161 4655 re-
2191 4566 2243 4629 υ

584 4676 749 4743 petit,
782 4691 889 4731 non
918 4692 1167 4735 saxorum
1200 4683 1439 4751 ruinam,
1472 4686 1564 4741 sed
1596 4688 1772 4757 populi
1807 4689 2159 4759 perditionem

580 4769 873 4840 deplangit.
902 4770 1029 4835 ρειαί
1066 4772 1275 4839 occidis,
1323 4776 1510 4847 inquit,
1541 4780 1837 4848 prophetas,
1863 4791 1919 4836 ut
1947 4782 2156 4849 Isaiam,

584 4876 741 4930 quem
779 4878 924 4919 serra
949 4865 1120 4935 lignea
1154 4868 1415 4923 viventem
1450 4888 1544 4942 per
1574 4873 1805 4929 medium
1834 4886 2156 4943 secuerunt,

580 4962 634 5007 et
659 4958 858 5023 Amos,
909 4974 1063 5027 quem
1095 4960 1339 5017 similiter
1372 4966 1683 5022 transmisso
1714 4977 1864 5023 vecte
1901 4984 1995 5039 per
2028 4979 2158 5025 tem-

582 5046 710 5113 pora
742 5048 1120 5107 nefandissime
1161 5060 1513 5125 necaverunt;
1546 5067 1599 5113 et
1644 5069 1868 5116 caeteros
1910 5078 2045 5132 quos
2082 5064 2162 5119 di-

592 5144 760 5198 versis
804 5152 859 5198 et
911 5159 1044 5213 pene
1089 5146 1562 5205 innumerabilibus
1603 5150 1906 5207 referuntur
1937 5170 2160 5212 vexasse

576 5237 873 5305 suppliciis.
923 5236 992 5291 Et
1048 5236 1252 5308 lapidas
1290 5254 1382 5294 eos
1409 5241 1497 5309 qui
1528 5240 1593 5294 ad
1642 5254 1692 5297 te
1736 5241 1881 5298 missi
1910 5253 2068 5311 sunt,
2104 5259 2160 5301 ut

576 5327 786 5384 Naboth
829 5328 1032 5398 justum
1081 5330 1250 5383 virum
1298 5337 1352 5384 et
1397 5329 1684 5387 Jeremiam
1737 5334 2050 5402 praphetam
2104 5337 2157 5389 in

580 5422 811 5491 IEgypto
830 5461 846 5487 ,
874 5421 1011 5477 sicut
1040 5422 1365 5495 Epiphanius
1395 5423 1623 5495 Cyprius
1657 5435 1901 5484 testatur.
1947 5429 2156 5497 Quoties

578 5514 716 5566 colui
748 5531 1055 5587 congregare
1079 5519 1214 5587 ﬁlios
1246 5527 1380 5585 tuos,
1412 5519 1463 5572 id
1494 5529 1594 5585 est,
1628 5535 1770 5591 saepe
1797 5521 1959 5587 volui,
1985 5540 2159 5593 quem-

580 5605 856 5660 admodum
901 5610 1094 5678 gallina
1140 5621 1408 5682 congregat
1464 5612 1628 5679 pullos
1665 5628 1784 5667 suos
1817 5613 1908 5667 sub
1955 5615 2085 5679 alas,
2114 5624 2160 5667 et

582 5698 830 5754 uoluisti?
860 5704 1013 5756 Ponit
1043 5703 1251 5773 gallinae
1282 5704 1701 5768 similitudinem,
1736 5722 1856 5777 quae
1885 5709 2026 5762 circa
2055 5708 2160 5775 pul-

584 5792 667 5854 los
697 5806 842 5868 tanta
881 5798 1157 5857 affectione
1190 5799 1421 5869 ducitur,
1467 5811 1522 5857 ut
1558 5819 1651 5874 pro
1695 5803 1772 5859 eis
1805 5803 1918 5872 ipsa
1951 5816 2160 5874 quoque

2263 3315 2413 3363 ceret
2460 3322 2475 3363 :
2521 3305 2596 3361 Ex
2627 3320 2746 3361 mea
2776 3313 2927 3375 parte
2956 3303 3122 3369 volui,
3168 3301 3266 3359 sed
3294 3310 3345 3354 tu
3383 3313 3442 3354 ex
3479 3304 3553 3349 tua
3574 3286 3735 3344 noluisti.

2270 3398 2437 3453 Aliter
2471 3414 2483 3450 :
2528 3396 2640 3467 Ego
2678 3395 2899 3465 quidem
2932 3394 3095 3459 volui,
3139 3405 3198 3449 et
3240 3392 3379 3461 quod
3409 3386 3550 3451 volui,
3575 3381 3737 3467 etiame

2265 3492 2505 3559 nolente,
2555 3466 2677 3547 feci.
2728 3489 2821 3544 Illa
2861 3503 2992 3559 ergo
3041 3487 3185 3542 filios
3223 3485 3428 3555 quidem
3465 3466 3737 3570 suos-abillo

2264 3582 2441 3651 colligi
2470 3581 2661 3647 noluit,
2688 3579 2784 3635 sed
2815 3594 2875 3636 ea
2904 3592 3115 3649 quoque
3140 3576 3378 3639 nolente,
3412 3571 3532 3626 lilios
3555 3566 3641 3635 ejus
3671 3566 3741 3625 ipse

2265 3673 2481 3743 collegit
2501 3687 2636 3741 quos
2672 3671 2861 3727 voluit.
2897 3668 3031 3724 Ecce
3052 3668 3369 3739 relinquetur
3394 3663 3516 3717 vobis
3537 3658 3737 3752 domu-39'

2267 3778 2371 3822 stra
2398 3768 2616 3823 deserta.
2669 3767 2895 3821 Domum
2925 3762 3263 3827 Iudaeorum,
3299 3758 3380 3816 vel
3423 3757 3642 3812 civitatem
3664 3743 3739 3798 llic—

2266 3860 2521 3928 rusalem,
2570 3875 2728 3929 quam
2771 3859 2921 3929 juxta
2971 3856 3357 3926 evangelistam
3404 3848 3564 3905 nidum
3588 3846 3736 3929 vocate:

2265 3962 2369 4018 rat,
2399 3952 2487 4007 vel
2533 3959 2815 4022 angustum
2872 3950 2926 4003 in
2978 3962 3042 4003 ea
3090 3946 3351 4016 templum
3397 3939 3635 4010 significat,
3656 3919 3743 4022 quod

2268 4044 2495 4113 primum
2548 4020 2760 4111 quidem
2807 4040 3001 4097 merito
3056 4035 3387 4094 inﬁdelitatis
3434 4041 3591 4087 eorum

2265 4112 2537 4191 desertum
2576 4142 2679 4201 est,
2724 4130 3084 4188 clamantibus
3135 4126 3396 4199 angelicis
3439 4112 3740 4193 potestatibus:

2265 4227 2625 4285 Transeamus
2666 4227 2733 4284 ab
2779 4225 2863 4282 his
2910 4223 3148 4281 sedibus.
3212 4219 3413 4278 Deinde
3457 4217 3508 4270 in
3548 4205 3741 4262 vindicum

2266 4323 2444 4378 crucis
2473 4321 2755 4377 dominicae
2802 4319 3058 4375 Romanis
3086 4315 3448 4378 vastantibus,
3498 4316 3544 4364 et
3579 4304 3743 4399 uotiua?

2271 4428 2501 4469 vacuum
2542 4412 2724 4469 nidum
2746 4410 3139 4481 diripientibus,
3168 4407 3379 4464 eunetis
3400 4403 3500 4460 suis
3520 4390 3740 4484 btredlii‘f'

2266 4507 2367 4563 bus
2384 4516 2468 4564 est
2491 4506 2829 4561 destitutum.
2853 4478 2982 4556 Dico
3007 4509 3188 4556 autem
3212 4500 3372 4564 vobis,
3389 4511 3483 4551 non
3511 4505 3576 4544 me
3593 4478 3745 4575 viridi“

2268 4603 2455 4655 amodo
2494 4600 2653 4652 donec
2694 4596 2911 4649 dicatis:
2937 4591 3249 4648 Benedictus
3279 4590 3369 4661 qui
3408 4585 3527 4641 venit
3548 4582 3589 4632 in
3613 4576 3744 4669 nouit“

2272 4692 2502 4749 Domini.
2536 4676 2648 4746 lldc
2676 4689 2741 4744 de
2770 4686 2949 4742 futuro
2979 4696 3228 4755 tempore
3261 4663 3746 4769 prepinquantead

2270 4785 2464 4840 dicium
2507 4782 2732 4835 Domino
2777 4778 2998 4847 dictum,
3047 4775 3267 4845 quando
3318 4772 3384 4827 ad
3424 4762 3744 4857 pradicaliuuﬂli

2273 4873 2401 4929 ΕΙίεε
2446 4882 2501 4928 et
2532 4870 2712 4927 Enoch
2754 4869 2925 4925 iudici
2972 4866 3222 4924 conversi
3260 4864 3328 4920 ad
3376 4861 3537 4921 fidem,
3562 4851 3746 4909 Christum

2271 4961 2480 5018 Domini
2523 4959 2862 5016 benedictum
2912 4974 3020 5013 non
3051 4972 3185 5013 voce
3218 4964 3441 5020 tantum,
3465 4948 3607 5005 sedet
3628 4947 3745 5005 ορθη·
3840 4978 3841 4985 ι

2272 5054 2372 5109 bus
2421 5053 2853 5123 proclamabunt.
2926 5051 3057 5106 Nam
3108 5062 3391 5121 postquam
3443 5046 3532 5099 hoc
3574 5036 3748 5127 Dominus

2269 5147 2422 5214 dixit,
2474 5163 2578 5202 non
2631 5147 2855 5216 legimus
2901 5144 3115 5200 Judzeos
3156 5136 3513 5214 hujuscemodi
3545 5127 3747 5185 confessu-
3840 5126 3841 5177 ἲ

2267 5260 2388 5301 nem
2439 5245 2491 5299 in
2544 5242 2661 5314 ejus
2698 5242 2908 5298 laudem
2964 5242 3271 5311 protulisse.
3324 5242 3501 5295 Postea
3544 5226 3654 5285 enim
3686 5218 3747 5315 hic

2266 5340 2400 5394 dixit
2444 5355 2550 5408 quo
2574 5308 2812 5408 vquando
2857 5337 3072 5391 intravit
3120 5336 3173 5390 in
3228 5334 3601 5403 templumcum
3632 5308 3746 5408 laud"
3840 5308 3841 5369 l

2266 5432 2365 5486 bus
2399 5430 2693 5495 turbarum,
2725 5429 2852 5484 dum
2894 5429 3031 5484 hunc
3066 5429 3244 5497 ipsum
3293 5420 3583 5479 versiculum
3608 5412 3648 5465 in
3680 5404 3748 5457 1³⁸·

2267 5521 2385 5576 dem
2440 5520 2636 5576 Christi
2680 5522 2765 5591 (ut
2807 5536 2965 5590 supra
3013 5529 3288 5574 narratum
3327 5516 3429 5585 εει)
3474 5502 3742 5565 decantarent.

2267 5613 2475 5668 Habent
2500 5613 2660 5682 igitur
2688 5613 2860 5668 Judaei
2905 5621 3113 5682 tempus
3144 5608 3466 5680 poenitentia:
3501 5601 3584 5657 sibi
3607 5595 3743 5687 «Elim.

2269 5719 2323 5761 ut
2347 5708 2391 5761 si
2438 5681 2705 5761 voluerint
2733 5704 2973 5760 confiteri
3003 5704 3276 5758 Christum
3316 5701 3407 5755 Dei
3449 5681 3743 5785 Patris

2267 5798 2607 5856 benedictum
2655 5797 2708 5854 in
2738 5799 2953 5854 nomine
2983 5780 3432 5859 Domini,faciem
3474 5784 3593 5843 illius
3616 5778 3743 5833 intueri
