3956 6342
280 270 410 327 1173

1238 265 1699 324 IIOMILIARIUS.
1728 297 1795 306 —
1825 264 1988 322 IIOM.
2018 265 2105 320 DE
2145 264 2488 323 TEMPORE.

3410 266 3540 321 1174

275 388 598 450 mereantur,
626 379 680 438 id
707 387 809 448 est,
843 380 1133 451 potentiam
1160 380 1451 437 divinitatis
1489 380 1606 452 ejus
1636 376 1846 434 intelle-
1882 381 1930 441 Α
1955 388 2181 433 sanctum
2212 381 2573 450 Augustinum,
2621 379 2845 450 Operam
2888 379 3000 448 ejus
3040 387 3172 435 tomo
3200 376 3321 447 III,
3352 379 3541 435 Patro-

270 479 530 537 ctualihns
558 477 731 535 oculis
756 476 1090 547 conspicere,
1139 486 1193 534 et
1236 477 1495 547 aequalem
1543 474 1685 531 Patri
1731 489 1847 530 cre-

270 572 419 627 dere.
474 570 623 625 Tunc
647 578 825 626 autem
857 568 1196 625 benedictum
1227 570 1374 625 illum
1415 569 1466 623 in
1506 566 1721 622 nomine
1752 567 1842 621 Pa-

271 664 368 719 tris
401 660 831 735 proclamahuut,
874 676 997 718 cum
1026 660 1402 731 praedicatione
1432 660 1558 715 Elia:
1585 668 1639 714 et
1667 658 1847 714 Enoch

271 762 519 824 percepta
556 754 638 824 (ut
663 752 862 810 dictum
889 755 993 823 est)
1026 754 1181 810 iidem
1222 753 1338 825 ejus
1366 754 1626 824 recipient
1653 761 1706 808 et
1734 751 1847 822 glo—

263 849 400 904 riam
442 846 830 918 praedicabunt,
861 847 1080 918 impleto
1104 846 1346 917 Apostoli
1383 843 1635 901 vaticinio
1663 860 1677 897 :
1712 842 1844 910 Quia

259 956 376 993 cum
413 940 679 1010 plenitudo
718 941 945 1011 gentium
980 940 1265 1007 intraverit,
1308 949 1426 993 tunc
1472 940 1636 994 omnis
1680 935 1848 993 Israel

258 1029 433 1085 salvus
474 1029 571 1085 erit
622 1028 796 1101 (Rom.
852 1030 951 1101 ιι).
1007 1029 1099 1086 llis
1148 1030 1217 1086 de
1264 1030 1493 1086 lectione
1539 1029 1845 1100 evangeliea

257 1132 419 1191 prout
448 1136 607 1192 posse
637 1123 752 1191 luit,
797 1124 1108 1193 praemissis,
1156 1123 1484 1189 noverimus,
1536 1123 1660 1195 quia
1704 1123 1844 1178 beati

256 1215 521 1284 Stephani
562 1215 719 1285 primi
767 1216 1024 1287 martyris
1072 1214 1346 1271 Iestivitati
1393 1231 1554 1287 quam
1594 1217 1842 1279 colimus,

257 1324 371 1361 non
398 1308 573 1362 solum
618 1307 1020 1363 venerationem
1064 1307 1339 1374 debemus,
1369 1307 1462 1364 sed
1493 1318 1547 1364 et
1587 1306 1844 1363 imitatio-

255 1415 406 1455 nem.
450 1398 603 1455 Ilunc
631 1399 773 1456 enim
818 1400 1047 1470 primum
1079 1400 1336 1456 Dominus
1362 1399 1515 1457 Iesus
1543 1409 1666 1471 post
1691 1416 1842 1455 suam

254 1490 563 1560 passionem
598 1506 693 1560 pro
713 1505 772 1547 se
792 1492 899 1561 pati
921 1491 1104 1558 voluit,
1135 1494 1285 1563 cujus
1317 1493 1657 1550 dilectionem
1681 1494 1842 1549 etiam

253 1581 406 1636 circa
448 1580 695 1637 inimicos
740 1581 1012 1649 invictam,
1063 1583 1216 1639 nobis
1256 1586 1504 1640 omnibus
1532 1584 1843 1641 imitabilem

248 1671 455 1727 sanxit.
509 1672 611 1727 Sed
660 1671 804 1729 hunc
842 1687 939 1729 cur
968 1674 1197 1744 primum
1243 1687 1533 1747 martyrem
1567 1690 1838 1742 vocamus,

1956 472 2104 543 logia:
2128 472 2281 527 XXX
2302 472 2364 541 V,
2387 473 2487 529 col.
2526 472 2684 529 1969.
2894 522 2901 529 .

2462 566 2741 623 IIOIIILIA
2782 565 3025 623 XXXVI.

2181 672 2232 711 IN
2264 673 2349 712 DIE
2379 674 2569 714 NA'I‘ALI
2603 673 2831 715 EJUSDEII
2856 672 3043 714 SANC'I'I
3074 672 3308 715 JOANI‘IB.

2267 753 2373 821 (Ex
2401 754 2538 825 Opp.
2569 770 2694 810 ven.
2722 755 2880 810 Beda'.
2907 756 3256 827 presbyteri.)

2020 844 2085 900 In
2104 845 2195 902 illo
2214 856 2438 919 tempore
2456 849 2583 904 dixit
2612 848 2764 905 Iesus
2787 849 2944 905 Petro
2968 868 2985 905 :
3018 851 3240 922 Sequere
3271 867 3373 909 me.
3409 854 3541 908 Cou-

1950 953 2120 994 uersus
2149 938 2332 995 I’etrus
2360 940 2479 995 vidit
2502 940 2648 995 illum
2670 942 2977 1012 discipulum
3002 959 3150 1012 quem
3180 944 3431 1015 deligebat
3449 944 3537 999 Ic-

1950 1045 2054 1095 stts,
2078 1041 2382 1100 sequentem,
2405 1034 2489 1103 qui
2511 1043 2558 1088 et
2576 1033 2800 1088 recubuit
2818 1035 2870 1091 in
2892 1051 3031 1090 coena
3043 1051 3194 1105 super
3208 1046 3383 1104 pectus
3400 1037 3533 1106 ejus,

1947 1130 1993 1173 et
2016 1121 2145 1175 dixit
2171 1139 2188 1175 :
2213 1122 2446 1189 Domine,
2471 1125 2581 1194 quis
2606 1133 2676 1180 est
2698 1127 2780 1195 qui
2804 1126 2964 1179 tradet
2991 1136 3037 1180 te
3085 1124 3265 1195 (Ionn.
3292 1127 3442 1195 ut)?

2017 1212 2199 1268 Lectio
2228 1215 2397 1270 sancti
2429 1215 2725 1287 Evangelii,
2748 1226 2852 1271 etc.
2885 1215 3103 1287 Reliqua
3128 1219 3239 1271 vide
3263 1219 3402 1288 apud
3426 1234 3537 1271 ven.

1945 1302 2166 1370 Bedam,
2221 1304 2448 1374 Operam
2504 1307 2614 1375 ejus
2669 1317 2804 1360 tomo
2846 1306 2910 1368 V,
2966 1306 3278 1377 Patrologia:
3334 1306 3456 1363 XCI
3476 1305 3535 1371 V,

1946 1396 2044 1448 col.
2077 1394 2144 1447 41

2461 1489 2741 1546 IIOMILIA
2776 1489 3039 1545 XXXVII.

2500 1598 2565 1636 DE
2596 1596 2997 1637 INNOCENTIBUS.

2152 1671 2249 1740 (Ex
2282 1671 2413 1741 Opp.
2440 1673 2760 1729 venerabilis
2791 1672 2947 1729 Beda:
2978 1671 3325 1743 presbyteri.)

248 1771 382 1815 ante
423 1775 580 1831 quem
624 1763 790 1817 millia
820 1735 1159 1833 parvulorum
1200 1780 1357 1835 passa
1387 1735 1563 1821 luisse
1604 1782 1699 1836 pro
1739 1735 1844 1822 Re;
1876 1735 1921 1796 Β
2021 1759 2088 1816 In
2110 1735 2203 1816 illo
2233 1735 2479 1831 tem-pore,
2511 1765 2720 1835 angelus
2752 1735 3228 1834 Domini-apparuit
3272 1735 3464 1833 Ioseph
3486 1764 3539 1817 in

245 1859 533 1929 demptore
583 1860 868 1915 novimus?
919 1861 1108 1916 Merito
1155 1871 1304 1918 certe
1356 1863 1407 1917 in
1462 1862 1610 1917 Novo
1657 1856 1844 1918 Testa-

249 1961 446 2006 mento
476 1951 679 2019 primus
708 1946 910 2024 martyr
948 1952 1167 2020 dicitur,
1212 1954 1333 2023 quia
1378 1955 1575 2023 primus
1608 1954 1842 2009 omnium

249 2051 383 2113 post
416 2042 627 2098 Domini
659 2043 1095 2113 praedicationem
1120 2086 1135 2112 ,
1166 2047 1471 2115 passionem
1504 2060 1565 2100 ac
1597 2060 1841 2101 resurre-

244 2140 511 2203 ctionem,
559 2153 654 2209 per
698 2137 1015 2195 ell'usionem
1066 2139 1341 2210 sanguinis
1380 2140 1575 2195 meruit
1615 2139 1843 2208 palmam

245 2233 517 2303 consequi
564 2247 812 2303 superna:
864 2232 1248 2297 retributionis,
1282 2242 1440 2303 atque
1474 2232 1540 2288 ad
1587 2248 1841 2290 coronam

239 2339 357 2380 suo
394 2332 448 2380 et
475 2325 683 2380 nomini
722 2333 776 2381 et
803 2325 974 2382 labori
1023 2324 1321 2381 dedicatam
1353 2326 1676 2397 pertingere,
1709 2340 1844 2395 prte-

241 2426 432 2471 stanle
453 2416 640 2472 eodem
684 2417 910 2473 Domino
941 2427 1126 2474 nostro
1157 2418 1284 2475 Iesu
1314 2418 1556 2483 Christo,
1588 2418 1679 2488 qui
1718 2432 1842 2473 cum

240 2510 414 2565 I’atre
442 2519 496 2565 et
524 2510 725 2581 Spiritu
748 2520 936 2567 sancto
959 2512 1088 2567 vivit
1116 2520 1171 2569 et
1192 2521 1382 2582 regnat
1413 2527 1509 2581 per
1541 2511 1716 2568 omnia
1741 2525 1842 2565 sae-

236 2602 373 2656 cula
398 2601 739 2658 saeculorum.
762 2603 953 2658 Amen.

788 2717 1073 2774 IIOMILIA
1112 2717 1302 2773 XXXI.

639 2825 690 2864 IN
729 2824 921 2864 NA'I‘ALI
962 2824 1147 2865 SANC'I'I
1185 2824 1458 2866 STEPHANI.

659 2900 761 2972 (Es
790 2901 928 2971 Opp.
957 2902 1099 2957 beati
1132 2901 1446 2973 Fulgentii.)

320 2993 451 3048 Ileri
502 2992 891 3049 celebravimus
939 2994 1289 3063 temporalem
1338 2994 1650 3064 sempiterni
1701 2998 1839 3066 regis

238 3087 507 3157 natalem,
532 3095 638 3143 etc.
696 3084 916 3158 Reliqua
942 3087 1126 3144 videsis
1151 3089 1286 3143 inter
1316 3087 1486 3159 Opera
1510 3092 1675 3145 sancti
1702 3089 1837 3145 Ful-
1867 3101 1914 3165 ς

236 3180 431 3250 gentii,
463 3178 777 3250 Patrologite
805 3188 942 3234 tomo
970 3179 1146 3245 LXV,
1181 3181 1278 3235 col.
1314 3180 1440 3236 729.

782 3290 1067 3346 I'IOMILIA
1106 3290 1320 3345 XXXII.

631 3399 697 3438 DE
724 3397 902 3437 ιοοειί
933 3396 1136 3436 ελδετο
1163 3396 1452 3439 ετειιιιΑκο.

555 3474 655 3545 (Ex
682 3475 820 3544 Opp.
851 3475 992 3530 beati
1016 3474 1234 3530 Maximi
1265 3475 1549 3547 episcopi.)

322 3569 513 3624 Lectio
540 3571 769 3624 Actuum
802 3568 1188 3637 apostolorum,
1223 3578 1329 3625 etc.
1377 3568 1532 3623 Hanc
1582 3571 1844 3624 homiliam

237 3665 438 3719 eidesis
477 3664 608 3717 inter
656 3663 825 3731 Opera
873 3662 1005 3716 beati
1056 3660 1296 3726 Euximi,
1351 3660 1664 3732 Patrologia:
1711 3673 1844 3718 tomo

237 3756 288 3812 ι.
308 3753 445 3823 VII,
484 3756 582 3810 col.
607 3754 732 3811 379.

776 3825 1056 3881 ιιοδιιιιλ
1086 3824 1333 3880 XXXIII.

569 3933 627 3972 IN
661 3931 1009 3972 FESTIVITATE
1039 3930 1226 3970 SANCTI
1255 3931 1536 3972 STEPHANI.

643 4009 748 4077 (Ex
775 4009 912 4079 Opp.
940 4008 1109 4063 sancti
1140 4007 1473 4077 Augustini.)

328 4100 553 4156 Fratres
609 4098 910 4155 charissimi
946 4139 960 4165 ,
1015 4098 1399 4155 celebravimus
1452 4098 1701 4156 hesterna
1758 4100 1847 4156 die

236 4195 490 4250 natalem
512 4208 616 4264 quo
634 4193 746 4248 Rex
772 4202 1091 4263 martyrum,
1119 4202 1221 4249 etc.
1252 4193 1472 4263 Reliqua
1495 4195 1678 4249 videsis
1704 4196 1845 4264 apud

233 4296 490 4342 sanctum
514 4286 874 4356 Augustinum,
900 4286 1122 4355 Operum
1143 4288 1252 4357 ejus
1274 4295 1409 4340 tomo
1442 4285 1504 4353 V,
1534 4285 1847 4359 Patrologia:

235 4375 529 4442 XXXIX,
556 4376 657 4430 col.
688 4374 850 4430 2MB.
1156 4456 1159 4461 γ

776 4467 1055 4522 HOMILIA
1088 4465 1328 4522 XXXIV.

595 4571 663 4613 DE
694 4572 975 4612 IIIIIACULIS
1001 4570 1185 4611 SANCTI
1207 4570 1483 4613 STEPHANI.

238 4651 366 4722 (Ex
412 4658 598 4706 sancto
646 4650 961 4720 Augustino,
1010 4650 1148 4704 libro
1186 4665 1307 4722 sun
1338 4649 1405 4706 de
1449 4647 1674 4705 Civitatc
1722 4650 1838 4717 Dei,

787 4735 904 4790 cap.
937 4723 991 4788 8,
1024 4736 1171 4775 num.
1206 4720 1318 4791 10.)

326 4813 411 4869 Ad
458 4814 636 4882 Aquas
684 4812 1009 4878 l‘ibilitanas,
1057 4820 1163 4867 etc.
1213 4811 1431 4880 Reliqua
1473 4812 1656 4867 videsis
1702 4814 1841 4884 apud

235 4912 486 4960 sanctum
511 4901 879 4975 Augustinum,
925 4902 1151 4971 Operum
1173 4903 1286 4973 ejus
1315 4913 1449 4957 tomo
1483 4902 1596 4957 VII
1650 4902 1839 4959 Patro-

237 4992 408 5065 logia:
430 4990 583 5062 XLI,
609 4993 710 5047 col.
745 4991 869 5048 766.
897 4990 907 4999 ’

791 5085 1072 5141 IIOMILIA
1103 5085 1296 5141 XXXV

387 5194 454 5233 DE
480 5189 681 5233 SMCTO
707 5190 905 5231 JOANNE
935 5189 1204 5231 APOSTOLO
1234 5192 1301 5230 ET
1335 5190 1715 5233 EVAIIGELIS'I'A.

232 5269 362 5342 (Ex
399 5270 567 5326 sancti
589 5268 868 5342 Augustini
887 5268 939 5342 i_n
962 5267 1179 5323 Joannis
1202 5268 1546 5340 Evangelium
1565 5271 1837 5339 Tractatu,

548 5339 702 5395 tract.
746 5339 873 5406 1:24,
902 5339 954 5394 in
992 5353 1110 5408 cap.
1151 5355 1257 5405 xxt,
1292 5339 1437 5396 num.
1474 5343 1553 5411 I.)

330 5436 398 5492 In
420 5437 513 5494 illo
535 5446 758 5505 tempore
786 5436 915 5489 dixit
945 5431 1093 5488 Jesus
1120 5432 1273 5488 Petro
1298 5451 1313 5488 :
1343 5434 1565 5501 Sequere
1589 5452 1683 5489 me.
1710 5435 1841 5490 Con-

243 5545 432 5584 versus
463 5527 674 5591 Petrus,
722 5526 844 5580 vidit
874 5527 1018 5579 illum
1058 5526 1366 5595 discipulum
1414 5543 1561 5597 quem
1599 5528 1841 5599 diligebat

240 5620 428 5685 Jesus,
458 5628 763 5689 sequentem,
792 5627 896 5672 etc.
928 5615 1104 5688 (Joan.
1140 5618 1272 5687 tm.)
1704 5680 1709 5687 χ

340 5712 447 5767 Non
502 5725 660 5781 parva
708 5710 930 5781 qumstio
980 5718 1077 5777 est,
1127 5719 1232 5765 etc.
1287 5709 1502 5782 Reliqua
1542 5712 1652 5767 vide
1705 5715 1844 5783 apud

1945 1855 2157 1921 somnis,
2200 1855 2414 1910 dicens:
2461 1855 2630 1927 Surge
2675 1867 2723 1911 et
2768 1858 2942 1925 accipe
2992 1871 3201 1923 puerum
3231 1863 3278 1909 et
3325 1864 3539 1908 matrem

1945 1946 2075 2012 eius,
2104 1954 2149 1999 et
2173 1946 2291 2017 fuge
2312 1947 2363 2000 in
2386 1945 2697 2019 zEgyptum,
2726 1956 2829 2003 etc.
2858 1945 3072 2017 (Matth.
3106 1945 3189 2016 ιι).

2018 2036 2092 2093 De
2122 2023 2294 2093 mor'te
2337 2038 2563 2107 pretiosa
2585 2048 2876 2108 martyrum
2898 2038 3094 2093 Christi
3125 2037 3490 2093 Innocentium
3516 2079 3531 2103 ,

1944 2135 2048 2183 etc.
2108 2126 2323 2199 Reliqua
2367 2127 2479 2181 vide
2527 2129 2668 2199 apud
2723 2144 2831 2183 ven.
2881 2126 3096 2195 Bedam,
3153 2128 3379 2196 Operum
3422 2131 3536 2200 ejus

1946 2228 2079 2272 tomo
2118 2217 2182 2285 V,
2210 2217 2524 2289 I’atrologiw
2572 2217 2776 2283 XCIV,
2808 2221 2907 2273 col.
2942 2217 3030 2273 50.

2448 2311 2726 2367 llOMlLlA
2752 2309 3037 2366 XXXVIII.

2231 2420 2282 2460 IN
2309 2420 2475 2461 FESTO
2514 2419 2823 2460 SANCTORUM
2867 2419 3245 2462 INNOCESTIUI.

2400 2500 2501 2573 (Ex
2533 2509 2719 2556 sancto
2748 2497 3086 2570 Severiano.)

2014 2590 2172 2647 Zelus
2202 2606 2306 2662 quo
2356 2591 2557 2660 tendat,
2589 2607 2694 2662 quo
2725 2592 2968 2662 prosiliat
3002 2591 3158 2655 livor,
3203 2590 3398 2646 invidia
3431 2605 3536 2662 quo

1943 2686 2167 2752 teratur,
2194 2684 2495 2741 Herodiana
2535 2686 2694 2744 hodie
2736 2686 2989 2756 patefecit
3038 2686 3362 2742 immanitas.
3406 2685 3537 2753 Quae

1942 2774 2067 2830 dum
2123 2776 2435 2845 temporalis
2484 2776 2633 2845 regni
2682 2777 2963 2831 aemulatur
3010 2776 3299 2845 angustias,
3348 2775 3534 2831 aeterni

1944 2868 2084 2938 regis
2139 2877 2318 2924 ortum
2376 2870 2594 2925 molitur
2648 2870 3008 2939 exstinguere.
3068 2870 3213 2923 Tunc
3271 2868 3524 2935 Herodes,

1942 2960 2136 3031 inquit,
2194 2962 2367 3016 ridens
2420 2961 2541 3031 quia
2598 2962 2780 3016 illusus
2833 2971 2905 3015 est
2948 2978 2980 3013 a
3027 2962 3212 3030 magis,
3269 2960 3417 3015 misit
3465 2960 3531 3015 ad

1944 3051 2273 3120 Bctltleltem,
2306 3061 2360 3108 et
2389 3053 2569 3107 occidit
2622 3068 2792 3108 omnes
2841 3069 3025 3122 pueros
3063 3054 3149 3123 qui
3200 3061 3342 3106 erant
3369 3053 3422 3105 in
3444 3066 3529 3114 ea,

1949 3152 1996 3199 et
2030 3145 2082 3199 in
2109 3145 2340 3200 omnibus
2369 3145 2557 3214 ﬁnibus
2603 3147 2732 3216 ejus.
2776 3145 2975 3201 Videtis
3027 3146 3149 3215 quia
3197 3146 3384 3200 illusus
3421 3153 3525 3199 est.

1951 3235 2105 3292 Dolet
2133 3235 2378 3307 impietas
2403 3252 2463 3292 se
2490 3251 2611 3293 esse
2640 3237 2873 3303 illusam,
2903 3236 3127 3291 dilatans
3156 3251 3215 3291 se
3243 3235 3535 3292 crudelitas

1950 3327 2095 3383 furit.
2132 3327 2330 3385 Fremit
2359 3328 2611 3382 dolnsitas
2639 3343 2698 3383 se
2745 3326 3046 3396 deceptam,
3094 3336 3146 3382 et
3191 3328 3245 3382 in
3294 3341 3353 3383 se
3392 3326 3535 3382 fraus

1951 3432 2166 3474 reversa
2213 3419 2504 3475 colliditur.
2559 3417 2795 3474 Herodes
2840 3419 3028 3475 stridet
3079 3419 3274 3475 cadens
3318 3419 3431 3488 ipse
3481 3420 3532 3473 iu

1953 3512 2199 3582 laqueum
2231 3525 2388 3581 quem
2420 3510 2661 3576 tetendit,
2692 3510 2815 3565 hinc
2853 3511 3181 3580 iniquitatem
3212 3526 3370 3581 quam
3400 3524 3534 3564 eon-

1951 3601 2170 3666 siderat,
2199 3601 2462 3670 evaginat.
2508 3600 2581 3655 De
2614 3600 2714 3655 ﬁde
2757 3600 2989 3670 perlidize
3035 3601 3196 3656 sumit
3222 3612 3392 3664 arma,
3427 3607 3533 3655 ter-

1955 3709 2085 3749 rcno
2111 3693 2301 3763 quaerit
2334 3692 2534 3759 furore,
2566 3708 2723 3762 quem
2756 3702 2937 3747 natum
2968 3692 3178 3748 ccelitus
3211 3707 3313 3746 non
3339 3690 3531 3746 credit.

1951 3787 2031 3843 Ad
2061 3788 2210 3842 sinus
2235 3796 2464 3840 matrum
2514 3786 2740 3841 militum
2780 3785 2921 3857 cogit
2965 3794 3159 3851 castra,
3193 3785 3330 3840 inter
3371 3782 3533 3839 ubera

1950 3892 2128 3933 arcem
2161 3877 2374 3948 pietatis
2402 3886 2689 3948 oppugnat.
2738 3876 2792 3931 In
2827 3876 3024 3932 teneris
3054 3876 3304 3932 uberibus
3336 3875 3532 3933 ferrum

1950 3970 2132 4037 durat,
2186 3971 2269 4025 lac
2324 3971 2497 4026 fundit
2544 3979 2827 4039 antequam
2883 3971 3214 4039 sanguinem,
3273 3969 3363 4022 dat
3409 3976 3534 4022 ante

1950 4075 2178 4120 mortem
2209 4065 2408 4119 sentire
2434 4078 2595 4133 quam
2626 4064 2814 4129 vitam,
2843 4064 3088 4119 tenebras
3114 4063 3304 4131 ingerit
3332 4062 3532 4115 intran-

1952 4157 2093 4212 tibus
2139 4157 2329 4214 lucem.
2368 4157 2471 4211 Sic
2516 4157 2623 4225 agit
2669 4155 2922 4224 magister
2952 4154 3099 4220 mali,
3129 4153 3371 4207 minister
3401 4151 3529 4218 doli,

1950 4248 2045 4303 ira:
2075 4249 2284 4314 artifex,
2315 4251 2560 4303 inventor
2584 4244 2827 4315 sceleris,
2859 4246 3147 4315 impietatis
3186 4253 3392 4313 auctor,
3421 4245 3531 4314 pie-

1953 4337 2074 4394 tatis
2104 4338 2306 4408 praedo,
2338 4338 2583 4393 inimicus
2611 4337 2949 4400 innocentiae,
2977 4338 3146 4392 hostis
3169 4344 3392 4401 natnrre,
3420 4335 3531 4391 suis

1874 4471 1924 4532 Β
1952 4430 2122 4500 pejor,
2152 4430 2416 4499 pessimus
2437 4428 2557 4493 sibl,
2587 4443 2741 4496 quem
2772 4426 3020 4482 Christus
3044 4442 3150 4481 non
3178 4435 3235 4481 ut
3256 4426 3528 4489 evaderet,

1946 4523 2041 4579 sed
2070 4537 2139 4578 ne
2163 4520 2456 4589 videretur,
2487 4520 2710 4590 aufugit.
2744 4520 2798 4573 lu
2828 4519 2992 4574 altum
3022 4517 3265 4582 tendens,
3298 4517 3443 4574 cadit
3463 4516 3531 4572 ab

1946 4612 2072 4668 alto.
2130 4611 2335 4668 Caelum
2396 4611 2635 4682 pulsans,
2686 4611 2846 4665 intrat
2902 4610 3240 4679 profundum,
3287 4620 3345 4665 et
3392 4611 3533 4665 inse

1946 4704 2090 4761 vadit
2114 4719 2234 4760 cum
2266 4704 2407 4759 vadit
2434 4705 2487 4759 in
2538 4703 2725 4758 Deum.
2773 4704 2842 4759 Se
2870 4702 3085 4771 occidit,
3113 4704 3201 4773 qui
3252 4703 3410 4758 vitam
3440 4717 3533 4758 co-

1948 4805 2104 4851 natur
2134 4795 2419 4850 occidere:
2450 4794 2575 4865 quia
2607 4808 2798 4860 capere
2827 4808 2929 4850 non
2962 4803 3134 4864 potest
3174 4794 3523 4863 perditionem

1945 4888 2110 4952 salus,
2160 4887 2484 4943 occisiOuem
2535 4886 2663 4950 vita,
2694 4889 2964 4940 aeternitas
3012 4886 3190 4940 linem.
3221 4885 3265 4938 O
3308 4884 3530 4939 ambitio

1949 4993 2107 5048 quam
2134 4992 2273 5033 caeca
2303 4976 2551 5047 semper!
2586 4991 2617 5030 ο
2645 4990 2799 5044 quam
2831 4975 3175 5044 praesumptio
3208 4973 3470 5043 pessima!
3500 4986 3531 5026 ο

1948 5086 2104 5141 quam
2136 5070 2309 5139 perdit
2355 5083 2628 5132 concessa,
2676 5069 2763 5136 qui
2818 5068 3124 5122 inconcessa
3156 5065 3362 5134 captat!
3418 5065 3526 5120 lle-

1951 5163 2111 5217 rodes
2140 5161 2394 5217 obsidens
2420 5171 2689 5216 terrenum
2719 5174 2962 5229 regnum,
2995 5157 3267 5229 impugnat
3286 5156 3525 5211 caeleste.

1949 5253 2201 5309 Terrenis
2232 5252 2621 5316 inhians,irruit
2643 5252 2694 5306 iu
2736 5250 2934 5317 divina,
2970 5250 3245 5318 ipsamque
3272 5247 3527 5316 pietatem

1954 5347 2259 5401 insectatur.
2308 5345 2563 5401 Audierat
2616 5353 2797 5398 natum
2848 5357 3072 5412 regem:
3120 5337 3413 5396 destinatus
3462 5339 3527 5393 ad

1951 5438 2148 5503 scelus,
2182 5436 2246 5489 ad
2295 5437 2561 5505 piaculum
2609 5445 2902 5503 promptus,
2953 5441 3166 5500 pacatus
3195 5430 3260 5484 ad
3299 5429 3523 5493 crimen,

1952 5543 2139 5584 causas
2172 5528 2489 5583 innocentiae
2539 5540 2644 5581 non
2692 5524 2931 5595 requirit,
2979 5524 3064 5591 jus
3111 5524 3358 5593 abnegat,
3389 5533 3529 5576 con-

1953 5619 2120 5673 fundit
2151 5618 2330 5687 fasque
2362 5619 2630 5686 nefasque.
2673 5618 2766 5671 Cui
2818 5617 3048 5685 nequitia
3080 5626 3161 5670 est
3190 5614 3411 5682 sodalis,
3440 5612 3525 5669 cui

1953 5713 2132 5769 odiosa
2159 5723 2239 5768 est
2268 5713 2510 5781 :equitas,
2561 5710 2807 5783 iniquitas
2841 5721 2921 5766 cst
2966 5723 3175 5779 semper
3207 5709 3397 5776 amica,
3430 5708 3521 5780 qui
