3956 6342
472 289 609 345 ms
1323 281 1526 337 mou
1566 276 1832 335 DIACONI
1874 274 2021 330 ore.
2068 274 2265 331 eius.
2310 274 2374 329 ll.
2416 305 2486 318 -
2525 273 2888 332 ascensa.
3516 282 3615 339 ms

468 401 704 456 cit-dibus
734 399 881 468 vivit,
920 397 1008 468 qui
1038 409 1097 451 se
1125 394 1295 449 munit
1332 395 1609 465 sanguine,
1640 392 1728 463 qui
1759 389 2047 447 crudehta-
2080 390 2131 449 Α
2548 464 2551 465 ν
2679 385 2959 442 IlOMlLlA
2998 382 3226 439 XXXIX.

471 492 611 546 tibus
659 491 834 553 sa:vit,
865 489 949 544 cui
1004 487 1071 543 de
1123 487 1313 541 timore
1363 495 1466 541 stat
1520 494 1709 548 totum,
1752 482 1819 536 de
1867 493 2056 535 amore
2606 494 2657 533 IN
2695 493 2889 535 NATALI
2931 490 3291 531 INNOCEITIUH.

473 583 612 637 nihil
635 588 867 638 constat.
900 578 1140 634 llerodes
1169 587 1292 630 tunc
1317 589 1491 631 caseus
1516 574 1594 627 sic
1637 572 1911 627 Christum
1946 570 2059 640 gla-

471 675 575 729 diis
602 672 812 743 quaarit,
869 670 1156 739 investigat
1192 681 1403 733 cruore,
1450 664 1762 720 crudelitate
1793 663 2061 717 rimatur:

471 778 837 820 successorem
885 762 1099 827 timens,
1153 758 1373 816 incessit
1421 757 1475 812 in
1519 767 1814 812 auctorem.
1863 753 2068 811 Premit

476 859 818 923 innocentes,
845 856 1037 912 volens
1076 851 1436 909 innocentiam
1463 850 1731 920 deperire,
1763 849 2064 905 innocentis

477 966 695 1007 causam
745 950 872 1005 facit
901 947 1210 1004 nocentium
1259 944 1486 1001 crimen.
1532 943 1723 997 Munus
1771 941 1879 996 nati
1912 949 2068 996 nato-

478 1060 596 1099 rum
648 1042 807 1097 vertit
852 1042 903 1095 in
952 1053 1192 1110 pcenam.
1248 1036 1496 1091 Auctoris
1548 1043 1725 1090 ortum
1771 1033 2056 1089 orientium

481 1136 702 1192 mandat
734 1148 1009 1190 occasum.
1059 1129 1343 1203 Negotium
1392 1126 1645 1182 salvantis
1689 1124 2061 1181 salvandorum

480 1230 635 1299 jubet
676 1241 797 1281 esse
835 1225 1150 1280 discrimen.
1199 1220 1436 1287 Quorum
1481 1218 1657 1287 lingua
1691 1218 1874 1282 tacuit,
1923 1216 2071 1271 oculi

485 1319 615 1373 nihil
656 1316 923 1379 viderunt,
959 1313 1090 1367 nihil
1137 1311 1421 1366 audierunt
1469 1322 1647 1373 aures,
1697 1320 1889 1361 manus
1939 1305 2073 1359 nihil

487 1410 746 1474 fecerunt,
797 1416 853 1462 et
902 1405 1099 1475 quibus
1151 1412 1297 1458 actus
1349 1400 1526 1455 nullus
1571 1408 1675 1463 est,
1723 1397 1862 1453 unde
1904 1397 2074 1465 culpa:

488 1507 832 1570 sumpserunt
861 1507 1112 1563 mortem,
1146 1495 1238 1565 qui
1271 1493 1452 1547 vivere
1481 1488 1834 1546 nescierunt?
1868 1488 2073 1554 Quibus

489 1593 628 1662 apud
660 1591 925 1647 llerodem
967 1570 1140 1644 solum
1184 1585 1324 1657 quod
1358 1585 1466 1639 nati
1508 1591 1654 1648 sunt,
1702 1582 1804 1636 hoc
1846 1579 1944 1634 fuit
1971 1580 2078 1634 cri-

491 1699 637 1739 men.
669 1680 854 1750 Quid?
894 1679 1137 1736 Christus
1181 1677 1478 1732 futurorum
1508 1674 1779 1745 praescius,
1827 1674 2079 1727 conscius

2573 592 2674 662 (Ex
2714 592 2873 646 beato
2912 587 3326 658 Chrysostomo.)

2242 683 2526 739 Dedicatur
2552 697 2728 737 novus
2755 682 2821 734 ab
2843 678 3137 733 infantibus
3158 692 3319 734 sermo
3339 681 3502 737 sanctis
3520 684 3637 741 laudi-

2167 777 2265 832 bus
2318 772 2537 830 Christi.
2598 773 2653 827 ln
2711 771 2939 843 gloriam
3006 769 3215 824 Domini
3274 772 3462 839 primam
3508 789 3638 832 vocem

2167 869 2412 940 aperiunt
2439 865 2783 920 innocentes.
2816 862 2974 917 Fiunt
3004 860 3185 916 diserti
3215 859 3373 929 laude,
3401 865 3471 933 qui
3495 864 3645 923 fuerunt

2170 960 2407 1030 imperiti
2434 972 2706 1013 sermone.
2736 956 2986 1012 Offerunt
3012 954 3231 1010 Domino
3252 955 3473 1024 primitias
3494 957 3645 1027 lingua,

2172 1065 2341 1107 novos
2387 1051 2497 1105 oris
2557 1049 2839 1103 immolant
2890 1046 3113 1111 fructus,
3167 1048 3423 1100 verborum
3469 1049 3649 1119 principia

2172 1145 2359 1201 libant.
2411 1142 2641 1198 Infantia
2690 1140 2855 1206 enim,
2916 1155 3034 1210 quae
3081 1154 3176 1209 per
3219 1148 3408 1194 :etatem
3443 1140 3555 1210 loqui
3580 1159 3649 1197 non

2176 1242 2405 1305 poterat,
2435 1234 2635 1304 glorias
2679 1233 2770 1288 Dei
2802 1248 2925 1288 cum
2972 1230 3165 1303 gaudio
3207 1231 3475 1285 resonabat.
3514 1231 3656 1288 Norant

2177 1328 2391 1383 laudare
2417 1325 2725 1391 Christum,
2753 1324 2843 1395 qui
2868 1323 3010 1393 loqui
3042 1338 3148 1378 non
3180 1331 3375 1377 norant.
3404 1322 3531 1377 Fiunt
3550 1328 3655 1393 periti

2176 1420 2352 1486 laude,
2387 1419 2477 1490 qui
2507 1417 2720 1475 fuerant
2770 1417 3001 1487 imperiti
3029 1429 3294 1471 sermone.
3324 1415 3661 1473 Ostendunthu-

2178 1520 2334 1576 dibus
2358 1518 2654 1583 Christum,
2687 1514 2955 1585 suﬂ'ragiis
2980 1513 3269 1584 prtedicant
3289 1513 3540 1567 Christum.
3558 1513 3662 1568 Fiunt

2181 1614 2387 1668 interea
2415 1611 2566 1681 pueri
2615 1612 2733 1664 sine
2782 1607 3036 1676 magistro
3076 1604 3281 1670 diserti,
3324 1603 3450 1658 docti
3486 1604 3575 1658 sine
3606 1604 3668 1658 do-

2504 1701 2560 1751 iti
2612 1700 2729 1751 sine
2777 1698 3071 1751 eruditore.
3112 1696 3408 1751 Agnoscunt
3449 1696 3639 1750 Christun

491 1699 637 1739 men.
669 1694 805 1750 Quid
831 1694 854 1734 ’τ
894 1694 1137 1736 υῐιτιδιυε
1181 1694 1478 1732 tuturorum
1508 1694 1779 1745 przBSCIus,
1827 1694 2079 1727 conscius

491 1783 848 1839 secretorum,
896 1770 1280 1841 cogitationum
1326 1767 1513 1837 judex,
1546 1766 1802 1821 mentium
1834 1777 2077 1833 perscru-

2223 1713 2352 1770 tore,
2404 1701 2560 1771 periti
2612 1700 2729 1756 sine
2777 1698 3071 1755 eruditore.
3112 1696 3408 1768 Agnoscunt
3449 1694 3666 1758 Christum,

2228 1797 2487 1852 rzedicant
2529 1793 2837 1859 Dominum,
2870 1806 2975 1847 non
3015 1806 3177 1862 quem
3225 1789 3475 1860 persuasio
3510 1789 3673 1844 humana

493 1876 654 1932 tator,
684 1877 850 1934 quare
892 1860 1134 1917 deseruit
1165 1874 1300 1931 quos
1344 1860 1549 1915 sciebat
1597 1856 1914 1928 quaerendos
1964 1870 2084 1911 esse

494 1969 715 2031 prepter
744 1975 824 2027 se,
857 1967 913 2014 et
939 1967 1157 2029 propter
1184 1972 1245 2013 se
1271 1963 1494 2011 noverat
1517 1952 1882 2010 occidendos?
1921 1949 2087 2005 Natus

496 2051 639 2118 Rex,
673 2058 727 2107 et
751 2049 863 2104 Rex
894 2049 1162 2113 caelestis,
1210 2063 1377 2119 quare
1407 2046 1643 2116 neglexit
1694 2044 1889 2100 milites
1936 2043 2083 2098 inno-

500 2149 694 2204 centiae
748 2162 860 2202 sua:
903 2145 929 2199 ?
981 2143 1331 2201 Coretaneunt
1394 2143 1496 2199 sibi
1554 2155 1719 2211 quare
1770 2138 2092 2206 contempsit

502 2240 841 2298 exercitum?
870 2240 1053 2307 Quare
1078 2237 1362 2293 cunabulis
1390 2236 1503 2291 suis
1533 2235 1814 2304 deputatas
1840 2231 2093 2287 excubias

501 2333 584 2387 sic
608 2331 844 2401 reliquit,
877 2340 935 2386 ut
968 2346 1145 2401 regem
1195 2329 1370 2384 solum
1417 2325 1742 2398 quaesiturus
1790 2323 1983 2388 hostis,
2016 2332 2096 2377 to-

508 2432 620 2477 tum
650 2432 988 2492 grassaretur
1034 2420 1086 2475 in
1126 2419 1395 2474 militem?
1428 2417 1665 2485 Fratres,
1717 2414 1961 2470 Christus
1987 2428 2094 2469 non

507 2515 757 2584 despexit
780 2528 909 2570 suos
933 2513 1150 2581 milites,
1174 2512 1267 2568 sed
1298 2511 1566 2583 provexit,
1594 2509 1787 2578 quibus
1807 2516 1930 2564 ante
1954 2507 2099 2563 dedit

507 2605 840 2676 triumphare
896 2620 1054 2675 quam
1110 2605 1313 2670 vivere,
1374 2616 1509 2673 quos
1564 2601 1687 2657 fecit
1741 2614 1933 2671 capere
1984 2600 2101 2654 sine

508 2697 911 2753 concertatione
942 2697 1243 2763 victoriam,
1277 2712 1409 2765 quos
1447 2694 1667 2749 donavit
1694 2692 1914 2749 coronis
1942 2701 2098 2748 ante-

512 2805 671 2861 quam
706 2790 961 2845 membris
1009 2804 1143 2859 quos
1195 2788 1357 2843 voluit
1403 2786 1690 2841 virtutibus
1727 2786 1853 2840 vitia
1887 2795 2103 2854 prteter-

512 2883 623 2949 lre,
674 2892 798 2938 ante
829 2882 1026 2938 celum
1069 2880 1349 2951 possidere
1375 2894 1533 2950 quam
1582 2887 1804 2932 terram.
1839 2874 2106 2930 Prmmisit

512 2988 641 3045 ergo
669 2973 917 3029 Christus
945 2986 1071 3028 suos
1099 2972 1317 3038 milites,
1351 2953 1455 3025 non
1505 2970 1700 3024 amisit.
1736 2967 1956 3036 Recepit
1982 2979 2106 3021 suas

516 3068 685 3130 acies,
719 3081 823 3119 non
871 3065 1108 3135 reliquit.
1162 3063 1307 3119 Beati
1336 3077 1471 3132 quos
1520 3072 1674 3116 natos
1726 3060 1985 3131 martyrio
2030 3058 2102 3112 vi-

2190 1889 2479 1956 docuerat,
2510 1886 2603 1943 sed
2634 1901 2790 1955 quem
2823 1884 3086 1940 Divinitas
3134 1880 3481 1937 innocentibus
3520 1880 3675 1948 inspira-

2191 1983 2302 2039 bat.
2332 1982 2561 2037 Cessant
2608 1981 2749 2035 enim
2783 1977 3014 2033 humana
3053 1991 3175 2031 cum
3221 1975 3392 2029 divina
3433 1982 3678 2036 tractantur,

2190 2075 2310 2146 quia
2341 2075 2572 2129 humana
2607 2073 2718 2143 ipsa
2750 2070 3008 2139 prodesse
3038 2083 3145 2125 non
3189 2076 3440 2137 poterunt,
3484 2066 3563 2120 nisi
3594 2065 3682 2120 diri-

2192 2182 2383 2223 norum
2437 2166 2630 2222 solatio
2681 2163 3012 2220 sublevetur.
3078 2161 3305 2217 Necesse
3346 2169 3423 2215 est
3455 2158 3571 2216 enim
3612 2166 3685 2212 ter-

2192 2276 2321 2316 rena
2350 2259 2725 2323 succumbere,
2770 2272 2891 2311 cum
2924 2255 3165 2311 coelestia
3213 2254 3687 2324 praedicanturmatu-

2198 2354 2329 2408 ralia
2361 2351 2543 2417 silere,
2572 2365 2692 2406 cum
2743 2348 2966 2403 virtutes
2998 2347 3305 2418 loquuntur.
3348 2343 3550 2415 Erigitur
3571 2343 3691 2411 itaque

2198 2443 2479 2499 infantium
2512 2450 2640 2495 artas
2668 2440 2720 2494 in
2773 2438 3010 2504 laudem,
3049 2451 3171 2504 quae
3216 2436 3506 2492 delictorum
3529 2448 3608 2487 non
3628 2445 3693 2484 no-

2199 2547 2349 2592 verat
2388 2534 2614 2591 crimen.
2648 2533 2845 2602 Dignus
2874 2546 2902 2585 a
2932 2530 3106 2600 dignis
3145 2530 3403 2595 laudatur,
3426 2536 3478 2583 et
3511 2525 3695 2581 innocens

2202 2626 2569 2683 innocentium
2601 2624 2912 2680 testimonio
2954 2622 3297 2692 praedicatur.
3344 2619 3584 2689 Accipiunt
3603 2614 3698 2670 enim

2202 2736 2232 2776 a
2257 2717 2470 2774 Christo
2498 2725 2553 2774 et
2574 2716 2806 2772 reddunt
2830 2732 2842 2769 :
2874 2724 3277 2784 consequuntur
3304 2721 3356 2768 et
3382 2711 3601 2767 referunt.
3623 2706 3701 2762 bno

2206 2814 2349 2869 enim
2384 2822 2626 2881 tempore
2670 2819 2724 2865 et
2751 2809 2842 2879 qui
2891 2807 3115 2864 dederat
3157 2806 3369 2875 recipit,
3407 2814 3458 2861 et
3495 2802 3568 2873 qui
3600 2813 3704 2854 aereo

2210 2915 2360 2977 perat
2387 2904 2600 2971 reddit;
2633 2918 2739 2956 uno
2768 2903 2980 2971 inquam
3029 2910 3273 2969 tempore
3314 2912 3405 2952 sua
3430 2894 3603 2949 Christo
3624 2887 3705 2943 red-

2208 3000 2427 3064 duntur,
2458 2996 2585 3051 dum
2610 2995 2727 3065 ejus
2751 2993 2933 3048 laudes
2964 2992 3041 3048 illi
3069 2993 3135 3047 ab
3161 2990 3444 3045 infantibus
3466 2987 3705 3042 referuntur.

1460 3078 1471 3166 ξ
1520 3074 1674 3167 ηθξοεξ
1714 3074 1985 3167 .maﬂy'fo
2030 3074 2102 3112 "'
2136 3131 2178 3167 ρ
2214 3090 2451 3146 Diximus
2498 3088 2565 3143 de
2616 3087 2773 3141 laude
2829 3084 3130 3154 infantium,
3181 3082 3325 3154 quod
3371 3082 3433 3136 de
3483 3074 3710 3133 lactenlillm

515 3158 702 3256 demus
732 3172 874 3258 esse,
903 3172 1025 3258 .n'ou
1056 3157 1286 3258 smul-0..
1328 3155 1471 3210 Beati
1519 3157 1609 3223 qui
1658 3153 1870 3254 labores
1923 3153 2102 3258 inpre'
2136 3131 2181 3193 Ο
2213 3184 2478 3249 laudibus,
2508 3178 2889 3251 proferemus?
2930 3131 3156 3248 quorum
3185 3131 3397 3231 Ijaudem
3428 3171 3623 3228 invenire
3643 3180 3711 3221 non

518 3245 721 3316 quiem,
755 3247 806 3300 in
839 3245 1174 3315 refrigerium
1202 3247 1438 3310 dolores,
1468 3258 1731 3299 maerores
1760 3243 1812 3296 in
1856 3241 2106 3312 gaudium

520 3344 937 3391 eommutarunt.
972 3336 1189 3400 Vivum,
1224 3335 1425 3400 vivunt,
1468 3336 1589 3404 quia
1629 3348 1757 3389 vere
1786 3334 1988 3397 vivunt,
2020 3333 2108 3402 qui

521 3441 622 3496 pro
651 3427 868 3482 Christo
898 3436 1171 3482 merentur
1196 3428 1391 3482 occidi.
1433 3427 1577 3481 Beati
1615 3436 1830 3481 ventres
1873 3427 1960 3495 qui
1990 3440 2112 3492 por-

524 3527 774 3572 taverunt
798 3517 950 3573 tales.
978 3517 1138 3572 Beata
1163 3518 1321 3572 ubera
1347 3532 1465 3585 quae
1489 3531 1546 3571 se
1574 3515 1767 3570 talibus
1789 3513 2110 3581 infuderunt.

526 3608 705 3662 Beata:
735 3608 983 3678 lacrymaa
1029 3624 1147 3678 quae
1196 3623 1292 3679 pro
1342 3609 1533 3663 talibus
1574 3608 1705 3664 fusae
1755 3608 1967 3663 ﬂetibus
1995 3622 2116 3678 gra-

528 3698 656 3752 tiam
703 3698 1038 3768 baptismatis
1083 3701 1442 3755 contulerunt.
1491 3700 1621 3755 Nam
1667 3700 1882 3755 diverso
1933 3701 2112 3766 modo,

530 3792 676 3845 dono
706 3807 831 3860 uno,
881 3794 933 3848 in
982 3794 1234 3865 lacrymis
1264 3795 1372 3848 suis
1416 3805 1682 3865 martyres
1712 3809 1809 3848 suo
1858 3794 2119 3864 sanguine

530 3881 891 3950 baptizantur,
918 3884 971 3938 in
1001 3885 1259 3956 martyrio
1290 3886 1518 3940 ﬁliorum
1549 3895 1746 3939 matres
1772 3899 1944 3955 passa:
1972 3895 2115 3938 sunt.

530 3973 663 4028 Nam
695 3975 903 4046 gladius
936 3977 1163 4033 filiorum
1207 3979 1566 4046 pertransiens
1613 3977 1875 4044 membra,
1910 3978 1975 4031 ad
2008 3990 2122 4031 ma-

533 4074 671 4121 trum
704 4069 864 4123 corda
895 4068 1131 4135 devenit,
1164 4079 1217 4124 et
1246 4070 1366 4125 ideo
1399 4083 1618 4126 necesse
1647 4077 1730 4123 est
1762 4077 1816 4121 ut
1841 4068 1949 4123 sint
1990 4082 2124 4136 prm-
2158 4128 2163 4131 μ

534 4161 629 4214 mii
658 4171 957 4227 consortes,
1001 4176 1119 4230 qua:
1169 4164 1381 4216 fuerunt
1427 4162 1587 4215 sociae
1632 4157 1914 4229 passionis.
1972 4158 2120 4211 Arri-

536 4250 697 4306 debat
736 4256 987 4321 parvulus
1027 4251 1273 4316 occisuri,
1315 4252 1493 4322 gladio
1538 4250 1896 4306 advocahatur
1944 4247 2123 4302 infan-

539 4346 702 4399 tulus.
752 4344 984 4399 Nutricis
1030 4345 1147 4399 loco
1193 4343 1501 4398 attendebat
1546 4342 1749 4396 lactens
1794 4339 2125 4410 percussoris

539 4438 841 4501 horrorem,
901 4438 1077 4491 nescia
1144 4445 1274 4490 mlas
1336 4437 1467 4490 lueis
1529 4434 1785 4489 moritura
1837 4432 2123 4503 gaudebat,

540 4530 717 4584 infans
750 4529 891 4582 filius
919 4543 1131 4583 onmem
1181 4528 1450 4582 hominem
1492 4542 1596 4582 non
1648 4527 1853 4581 hostem
1888 4524 2127 4594 reSpicit,
2164 4504 2210 4562 Ῑ)

542 4622 636 4675 sed
667 4607 960 4689 parentem.
997 4621 1212 4685 Matres,
1240 4629 1438 4675 matres
1469 4621 1701 4674 tulerunt
1730 4619 1981 4688 quidquid
2033 4632 2131 4671 an-

544 4714 690 4782 goris
722 4714 922 4767 exstitit
951 4723 1003 4765 et
1031 4712 1252 4777 doloris,
1285 4722 1338 4767 et
1366 4714 1488 4767 ideo
1517 4727 1618 4768 non
1644 4713 1897 4768 carebunt
1927 4721 2132 4781 marty-

547 4822 663 4858 rum
696 4805 912 4875 gaudio,
954 4805 1194 4875 martyrii
1239 4805 1503 4875 lacrymas
1533 4821 1651 4875 qua:
1698 4803 1971 4859 fuderunt.
2025 4803 2135 4857 lloc

550 4900 664 4951 loco
694 4896 931 4950 attendat
980 4898 1213 4965 auditor,
1270 4896 1509 4951 attendat
1562 4905 1620 4950 ut
1675 4895 1936 4963 intelligat
1989 4907 2135 4947 mar-

552 4995 752 5063 tyrium
789 5010 892 5048 non
947 5006 1195 5051 constare
1230 5011 1322 5065 per
1349 4997 1621 5060 meritum,
1673 4993 1767 5049 sed
1817 4993 2001 5047 venire
2049 5007 2143 5063 per

552 5085 800 5153 gratiam.
835 5087 888 5139 ln
924 5088 1161 5155 parvulis
1188 5105 1305 5157 qua:
1348 5087 1615 5152 voluntas,
1670 5087 1807 5155 quod
1841 5085 2141 5149 arbitrium,

553 5177 641 5231 ubi
674 5180 884 5247 captiva
931 5181 1031 5233 fuit
1079 5192 1129 5234 et
1181 5183 1292 5251 ipsa
1340 5180 1571 5234 natura?
1625 5180 1698 5234 De
1732 5177 1988 5249 martyrio
2019 5193 2147 5248 ergo

556 5272 742 5325 demus
780 5280 947 5325 tottttn
999 5273 1128 5337 Deo,
1182 5273 1319 5343 nihil
1357 5272 1529 5327 nobis.
1592 5270 1819 5326 Vincere
1849 5269 2145 5335 diabolum,

558 5376 753 5432 corpus
795 5364 1032 5429 tradere,
1076 5374 1420 5419 contemnere
1450 5363 1593 5429 vitia,
1628 5371 1889 5418 tormenta
1934 5375 2146 5430 expen—

561 5448 709 5517 dere,
746 5452 946 5505 lassare
997 5460 1271 5519 tbrtorem,
1322 5468 1512 5521 capere
1541 5455 1609 5509 tle
1661 5453 1864 5524 injuriis
1905 5453 2148 5523 gloriam,

565 5539 628 5592 de
660 5554 833 5596 morte
878 5546 1060 5607 vitam,
1104 5562 1210 5600 non
1243 5544 1450 5601 virtutis
1480 5545 1747 5614 humanae,
1778 5548 1869 5601 sed
1918 5549 2152 5603 muneris

564 5642 649 5689 est
676 5632 862 5691 divini.

2216 3288 2518 3345 possumus,
2550 3272 2654 3326 nisi
2682 3285 2775 3327 eos
2798 3272 2940 3341 ipsos
2977 3269 3065 3335 qui
3098 3266 3430 3322 laudaverint
3464 3260 3712 3318 noverimus.

2216 3364 2315 3431 Qui
2346 3363 2473 3429 sint,
2507 3363 2594 3417 ubi
2641 3361 2770 3431 sint,
2802 3376 2959 3430 quam
3000 3359 3216 3414 laudem
3265 3356 3542 3419 intulerint,
3568 3362 3715 3420 quam.

2218 3455 2309 3525 qui
2341 3452 2485 3524 loqui
2519 3468 2623 3507 non
2671 3462 2891 3508 norant.
2939 3450 3124 3520 Neque
3153 3451 3300 3506 enim
3328 3461 3449 3503 retas
3478 3446 3551 3499 illa
3574 3444 3721 3512 potent

2224 3559 2384 3614 posse
2411 3543 2554 3613 quod
2598 3552 2787 3598 natura
2833 3558 2937 3597 non
2985 3540 3230 3608 dederat,
3260 3550 3349 3595 aut
3377 3534 3603 3593 celebrari
3631 3540 3721 3585 ata-

2222 3636 2360 3691 libus
2391 3644 2617 3704 poterat,
2650 3634 2791 3704 quod
2822 3633 3087 3688 institutio
3107 3632 3425 3703 denegabat.
3452 3627 3611 3681 Dicunt
3624 3634 3722 3676 nata-

2224 3744 2325 3800 que
2358 3730 2583 3785 Domino
2626 3729 2814 3784 laudes
2864 3728 3109 3783 trucidati
3161 3729 3231 3784 ab
3274 3725 3478 3781 Herode
3519 3727 3724 3778 lactentes,

2226 3820 2511 3889 loquuntur
2553 3820 2814 3889 sanguine
2860 3816 3002 3887 quod
3037 3818 3214 3887 lingua
3250 3831 3355 3871 non
3400 3821 3611 3882 possunt.
3644 3808 3727 3861 Pas-

2227 3912 2379 3966 sione
2405 3919 2606 3965 canunt
2638 3909 2780 3978 quod
2813 3923 3064 3964 sermone
3108 3923 3216 3963 non
3251 3914 3462 3970 norunt,
3488 3899 3620 3958 occisi
3643 3910 3731 3967 prt-

2229 4002 2410 4057 dicant
2458 4000 2601 4070 quod
2650 4000 2759 4055 vivi
2816 4016 2922 4056 non
2971 4009 3237 4070 poterant.
3298 3998 3404 4053 Nee
3455 4006 3618 4050 novum
3650 3986 3733 4057 quid

2229 4094 2442 4160 dicitur,
2475 4104 2531 4149 ut
2562 4094 2822 4149 innocens
2861 4095 3082 4164 san-guis
3125 4103 3221 4147 aut
3254 4092 3363 4146 Deo
3391 4089 3568 4145 referat
3592 4081 3735 4141 laudes,

2232 4196 2323 4241 aut
2360 4199 2485 4240 suas
2513 4185 2711 4240 indicet
2739 4186 3037 4255 passiones,
3068 4199 3190 4238 cum
3226 4183 3359 4239 Abel
3387 4179 3580 4250 sanguis
3603 4175 3737 4229 clamet

2232 4279 2299 4334 ad
2327 4278 2541 4345 coelum,
2575 4286 2666 4333 aut
2692 4279 2993 4333 occisorum
3020 4278 3214 4332 animae
3241 4278 3313 4331 ab
3352 4276 3495 4330 altari
3524 4268 3740 4327 vociferett

2235 4381 2321 4426 tur
2352 4371 2418 4425 ad
2473 4372 2657 4426 Deum.
2710 4370 2951 4426 Contulit
2998 4370 3313 4441 martyrium
3366 4366 3578 4425 laudem,
3605 4359 3740 4430 quibus

2236 4474 2521 4535 negaverat
2563 4475 2751 4519 natura
2800 4477 3128 4519 sermonem.
3186 4461 3362 4516 Licuit
3409 4456 3635 4527 sanguine
3667 4448 3741 4503 cla-

2242 4574 2410 4624 mare,
2446 4559 2637 4626 quibus
2678 4572 2896 4612 narrare
2948 4572 3053 4610 non
3096 4553 3294 4609 licebat
3321 4567 3481 4607 voce:
3510 4546 3633 4602 licuit
3664 4553 3746 4594 san-

2240 4648 2403 4718 guine
2428 4648 2592 4714 loqui,
2625 4647 2819 4716 quibus
2863 4646 3038 4716 lingua
3089 4644 3231 4714 loqui
3265 4660 3372 4697 non
3404 4640 3559 4696 licuit.
3592 4633 3751 4689 Miscent

2243 4755 2367 4794 cum
2400 4737 2627 4792 Domino
2656 4737 2945 4805 colloquia,
2989 4734 3180 4806 quibus
3234 4734 3461 4788 lmmana
3491 4734 3645 4795 negata
3669 4726 3751 4773 sunt

2246 4832 2428 4887 verba.
2473 4829 2579 4887 Sed
2626 4829 2768 4883 enim
2799 4827 2990 4883 occisis
3032 4825 3409 4881 innocentibus
3439 4820 3561 4884 istis,
3596 4812 3754 4880 impleta

2247 4934 2371 4980 sum
2411 4922 2708 4993 prOphelixe
2739 4921 2900 4975 verba
2933 4918 3161 4974 dicentis
3199 4936 3210 4968 :
3257 4915 3377 4970 Vox
3400 4916 3450 4967 in
3476 4909 3616 4965 Ranta
3633 4901 3756 4956 audita

2247 5026 2323 5071 est
2360 5018 2512 5083 ﬂetus
2538 5022 2584 5068 et
2614 5011 2939 5083 ploralionis,
2974 5008 3210 5063 Bac/telis
3238 5005 3414 5076 ﬂentis
3440 5003 3565 5071 ﬁlios
3589 5010 3698 5055 suos,

2250 5080 2412 5160 nolui!
2439 5080 2717 5169 consolari,
2750 5105 2871 5173 quia
2894 5118 2993 5155 non
3016 5110 3133 5154 sunt
3162 5098 3382 5172 (Matth.
3414 5113 3481 5162 tt;
3509 5093 3603 5147 Jer.
3634 5080 3759 5143 xxx!)-

2251 5197 2539 5253 Rachelem
2574 5196 2744 5266 primo
2776 5192 3031 5249 Ecclesia:
3059 5208 3181 5247 esse
3220 5204 3522 5261 personam,
3562 5180 3763 5266 nemoest

2252 5291 2340 5359 qui
2366 5265 2587 5353 abnuat,
2609 5302 2766 5341 nemo
2790 5286 2880 5354 qui
2903 5283 3045 5339 aliud
3066 5293 3248 5338 contra
3271 5283 3540 5336 veritatem
3558 5265 3761 5359 delendat.

2262 5358 2366 5436 Sed
2394 5380 2500 5435 duo
2531 5383 2582 5433 in
2614 5379 2702 5433 illa
2732 5378 2938 5433 diversa
2978 5375 3270 5446 conspicio,
3322 5373 3476 5429 ﬂetus
3503 5378 3553 5425 et
3587 5358 3763 5419 consob-

2264 5471 2423 5525 tionis
2481 5477 2838 5538 contemptus.
2896 5467 2952 5523 Si
3006 5467 3147 5522 enim
3207 5464 3375 5531 ﬂevit,
3433 5475 3522 5516 cur
3568 5448 3765 5538 consolerI

2261 5561 2625 5631 contempsit?
2655 5563 2759 5615 Aut
2785 5576 2902 5629 qua:
2946 5557 3211 5614 consolari
3253 5551 3583 5622 contempsit,
3609 5558 3686 5600 cur

2266 5656 2363 5709 vit?
2418 5658 2524 5708 Aut
2564 5651 2832 5722 quomodo
2862 5650 3119 5720 competit
3166 5646 3431 5705 consolari
3476 5637 3767 5699 noluissepw

2264 5746 2519 5819 competit
2548 5743 2748 5802 ﬂesse?
2794 5744 2901 5801 Cur
2930 5753 3104 5800 autem
3156 5742 3282 5800 ﬂere
3327 5756 3434 5795 non
3475 5730 3652 5797 debuih
3685 5729 3767 5791 (λυε
