3956 6342
163 326 281 381 lli?

1120 318 1581 377 HOMILIARIUS.
1624 347 1693 356 -—-
1723 316 1888 371 ΙΙΟΜ.
1924 314 2011 369 DE
2052 314 2402 372 TEMPORE.

3290 319 3426 379 H78

160 433 414 491 consolari
472 431 841 501 contempsit?
894 440 986 485 ant
1042 430 1308 485 consolari
1358 429 1564 495 debuit,
1624 442 1743 496 qua:
1774 427 2146 496 Aignorantia
2190 427 2494 496 languoris,
2536 428 2825 483 secundum
2880 430 3151 487 silentium
3204 446 3283 490 est
3337 437 3427 491 de.

164 530 276 583 ﬂere
301 540 407 581 non
437 526 631 595 potuit,
662 539 784 578 cum
818 520 1154 578 manifestum
1182 520 1251 576 sit
1302 519 1459 575 ﬂetus
1488 519 1734 574 consola-

165 619 293 672 tione
325 615 502 682 tergi?
555 612 647 668 Vel
698 622 846 668 certe
874 627 969 667 cur
998 610 1225 680 indignit
1272 609 1425 676 ﬂere,
1466 624 1588 677 qua:
1629 622 1733 662 non

164 709 375 779 indignit
417 703 802 761 consolationis
846 702 1139 758 sermone?
1186 701 1293 756 Sed
1348 701 1533 764 noluit,
1569 700 1739 767 inquit

162 806 449 873 Scriptura,
500 800 780 865 consolari,
827 799 951 868 quia
987 815 1090 851 non
1132 806 1273 862 sunt,
1321 795 1373 850 id
1412 804 1515 861 est,
1567 792 1742 848 noluit

162 894 421 951 consolari
476 893 597 961 quia
626 901 771 946 sunt.
813 890 871 947 Si
906 890 1103 944 idcirco
1135 889 1305 943 noluit
1329 885 1593 941 consolari
1620 884 1740 952 quia

162 997 294 1051 sunt,
327 984 597 1056 quomodo
625 984 797 1038 voluit
826 982 953 1037 ﬂere
992 980 1141 1050 quasi
1174 978 1293 1035 illos
1319 978 1406 1047 qui
1435 992 1540 1031 non
1572 975 1742 1030 sunt?

165 1079 261 1135 Sed
287 1089 342 1132 ut
371 1076 692 1147 compendio
713 1075 823 1144 jam
864 1074 1230 1129 diversitatem
1260 1085 1418 1125 causa
1464 1068 1738 1131 reddatur,

162 1169 386 1227 conditio
416 1184 445 1224 a
473 1179 643 1223 matre
671 1166 917 1231 deﬂetur,
958 1164 1051 1219 sed
1084 1179 1179 1233 spe
1209 1163 1397 1233 gloriae
1440 1158 1739 1215 consolatio

166 1266 389 1317 humana
440 1259 819 1315 contemnitur.
880 1257 1096 1329 Pietatis
1144 1255 1370 1309 allectus
1418 1252 1471 1306 in
1526 1250 1744 1305 ﬂetibus

163 1351 488 1415 declaratur,
520 1348 615 1403 sed
655 1349 951 1403 occisorum
982 1346 1148 1415 gloria
1188 1342 1467 1414 repudium
1496 1340 1745 1396 consola-

166 1444 294 1499 tioni
326 1441 535 1496 indicit.
571 1439 817 1509 Pugnant
838 1436 978 1493 enim
1008 1438 1060 1492 in
1084 1444 1250 1490 matre
1271 1432 1493 1489 aﬂ'ectus
1514 1442 1569 1487 et
1591 1431 1746 1496 lides,

167 1534 462 1589 humanitas
488 1546 611 1587 cum
632 1532 917 1585 devotione
940 1535 1253 1591 concertat;
1289 1527 1486 1596 plangit
1504 1524 1746 1590 allectus,

167 1626 256 1682 sed
296 1625 427 1679 ﬁdes
475 1624 755 1688 exsultat;
803 1620 965 1676 deﬂet
1013 1619 1337 1682 humanitas,
1390 1616 1485 1671 sed
1532 1615 1749 1670 devorio

165 1721 491 1774 consolatur.
548 1716 727 1771 Licuit
759 1715 901 1769 enim
934 1713 1087 1768 matri
1131 1711 1438 1766 humanitus
1484 1707 1638 1773 ﬂere,
1668 1705 1751 1762 cui

1836 520 2078 586 speratio
2117 520 2444 585 curationis,
2494 520 2710 575 tertium
2762 522 3030 577 silentium
3077 534 3163 581 est
3210 526 3423 597 adeptio

1838 610 2101 665 sanitatis.
2139 611 2381 666 Primum
2413 611 2686 666 silentium
2719 612 2818 667 fuit
2848 624 2972 670 ante
3002 615 3202 685 legem,
3236 633 3429 675 secun-

1840 704 1963 759 dum
1998 705 2134 759 inter
2166 705 2338 774 legem
2371 716 2424 760 et
2453 707 2714 774 gratiam,
2749 708 2964 762 tertium
2995 708 3098 764 erit
3136 722 3258 779 post
3288 711 3424 769 hanc

1838 796 2025 852 vitam.
2080 798 2316 852 Primum
2374 812 2504 868 ergo
2540 799 2812 853 silentium
2870 802 3082 870 quando
3119 803 3280 857 homo
3320 821 3424 860 non

1842 890 2060 958 agnovit
2089 892 2332 947 morbum
2362 907 2522 948 suum
2542 934 2557 958 ,
2586 902 2643 949 et
2674 895 2794 950 ideo
2821 898 2996 963 siluit,
3028 914 3124 953 nec
3154 900 3427 969 quaerebat

1843 980 2163 1035 remedium.
2205 982 2311 1038 Sed
2353 993 2631 1055 postquam
2676 986 2759 1040 lex
2819 987 3136 1042 subintravit
3174 997 3228 1043 et
3256 1000 3433 1043 osten~

1844 1072 1922 1127 dit
1961 1073 2223 1143 languidis
2263 1076 2483 1132 vulnera
2525 1091 2656 1143 sua,
2686 1079 2867 1133 statim
2908 1093 3120 1149 ruptum
3154 1090 3240 1137 est
3269 1082 3434 1137 silen-

1847 1168 2012 1233 tium,
2046 1176 2100 1221 et
2129 1181 2416 1237 creperum
2457 1187 2579 1225 mox
2611 1172 2740 1240 :egri
2773 1171 3001 1227 salutem
3035 1189 3298 1243 quaerere.
3331 1175 3435 1228 Sed
3518 1238 3521 1241 _

1847 1258 1969 1327 quia
2000 1273 2096 1327 per
2124 1274 2288 1326 Opera
2325 1261 2461 1330 legis
2494 1263 2580 1316 ubi
2616 1265 2758 1316 salus
2789 1277 2894 1317 non
2928 1273 3080 1329 erat,
3114 1265 3306 1319 salvari
3340 1282 3436 1319 vo-

1849 1348 2059 1415 lebant,
2112 1352 2251 1420 quod
2300 1353 2619 1421 quaerebant
2677 1354 2915 1410 invenire
2970 1371 3077 1410 non
3134 1367 3436 1425 potuerunt.

1848 1440 2087 1495 Tandem
2126 1441 2282 1511 igitur
2319 1444 2675 1500 considerans
2716 1447 2875 1501 homo
2915 1462 3008 1514 per
3056 1447 3228 1517 legem
3268 1451 3439 1504 nemi-

1852 1546 1974 1585 nem
1997 1529 2284 1600 justilicari
2321 1548 2484 1602 posse
2505 1574 2522 1598 ,
2555 1536 2706 1603 quasi
2743 1551 2837 1606 per
2868 1538 3153 1593 diuturnos
3182 1540 3440 1596 clamores

1854 1622 2137 1692 fatigatus,
2170 1632 2225 1678 et
2251 1624 2362 1693 jam
2404 1624 2735 1695 desperans,
2769 1643 2953 1683 rursus
2994 1631 3136 1699 loqui
3179 1633 3440 1698 cessavit,

1857 1723 1912 1767 et
1950 1713 2295 1769 subsecutum
2336 1726 2418 1769 est
2457 1718 2756 1772 secundum
2796 1719 3086 1774 silentium.
3128 1720 3276 1778 Tunc
3314 1738 3441 1795 ergo

167 1826 269 1867 nou
296 1810 444 1865 licuit
471 1809 846 1865 consolatione
895 1806 1203 1861 humanitus
1249 1804 1511 1874 indigere.
1545 1802 1668 1857 Ideo
1695 1811 1750 1856 et
1784 1787 1826 1845 Β
1858 1810 2195 1877 omnipotens
2227 1809 2460 1865 Verbum
2492 1812 2582 1866 Dei
2606 1812 2775 1868 Patris
2805 1814 2854 1867 in
2883 1829 3043 1870 carne
3066 1816 3309 1882 veniens,
3340 1787 3432 1873 ru-

168 1899 421 1956 Dominus
451 1899 694 1954 Christus
739 1898 794 1953 in
834 1898 1038 1952 Lazaro
1082 1896 1247 1962 ﬂevit,
1288 1909 1387 1950 nec
1430 1904 1610 1949 tamen
1643 1894 1754 1962 ipse

167 2011 373 2066 quoque
418 1994 730 2063 cujusquam
782 1991 1150 2048 consolatione
1195 1987 1443 2059 indiguit,
1496 1989 1621 2055 quia
1660 1984 1755 2039 ho-

168 2087 324 2143 minis
351 2086 450 2142 l’nit
496 2087 637 2155 quod
677 2085 844 2151 ﬂevit,
896 2100 1018 2141 cum
1050 2081 1335 2139 manifeste
1368 2081 1510 2137 Deus
1553 2081 1623 2135 sit
1664 2079 1754 2149 qui

169 2182 421 2237 Lazarum
466 2180 767 2236 suscitavit.
822 2177 927 2235 Sed
956 2194 989 2233 ο
1017 2179 1169 2234 beata
1203 2176 1511 2231 lactentium
1542 2173 1708 2243 gloria
1740 2175 1752 2225 ε

170 2275 356 2343 quibus
385 2288 482 2344 pro
528 2272 744 2327 Christo
786 2271 1010 2340 contigit
1039 2269 1291 2325 dedicare
1344 2267 1622 2338 martyria.
1656 2265 1757 2318 Εε-

169 2351 409 2435 pungunt
440 2374 684 2432 tempore
713 2378 817 2419 uno
849 2362 1180 2417 nativitatem
1201 2370 1255 2415 et
1282 2372 1530 2425 mortem,
1557 2359 1760 2426 ingres-

173 2472 287 2511 sum
320 2465 371 2509 et
396 2456 620 2523 exitum,
651 2454 966 2524 principium
995 2460 1048 2507 et
1076 2465 1349 2515 occasum,
1386 2459 1443 2504 ut
1474 2448 1601 2517 ipsis
1632 2462 1758 2517 pos-

171 2558 257 2605 set
289 2559 532 2618 tempore
562 2562 689 2613 uno,
723 2555 778 2601 ut
825 2544 955 2608 dixi,
1005 2545 1336 2614 contingere,
1388 2552 1440 2597 et
1493 2537 1761 2594 nascendo

169 2641 375 2713 ingredi
404 2639 682 2705 mundum,
714 2648 769 2694 et
800 2638 1052 2693 dedicare
1080 2635 1339 2707 martyrio
1382 2633 1599 2688 coelum.
1633 2630 1760 2684 Pro-

170 2736 262 2787 bat
282 2748 449 2787 novos
481 2733 749 2788 exercitus
776 2730 1044 2795 Christus,
1072 2729 1234 2783 rudes
1275 2725 1474 2780 milites
1500 2722 1762 2788 designat,

168 2825 408 2894 legiones
442 2825 697 2891 lactentes
721 2823 943 2878 victoria
975 2829 1277 2892 perpetrata
1304 2828 1549 2874 coronat.
1601 2816 1764 2870 Fiunt

168 2933 267 2987 pro
294 2918 509 2972 Christo
540 2917 791 2982 victores,
825 2917 913 2986 qui
956 2924 1114 2969 aetate
1162 2913 1380 2968 fuerunt
1422 2910 1761 2980 coazquales;

168 3012 330 3076 ﬂnnt,
363 3009 605 3079 inquam,
650 3009 883 3063 inlantes
914 3008 1032 3063 sine
1079 3006 1374 3062 certamine
1422 3003 1607 3071 fortes,
1652 3002 1767 3055 sine

168 3117 349 3172 pugna
396 3102 650 3155 victores.
711 3100 917 3155 Noruut
963 3100 1199 3162 vincere,
1233 3099 1323 3166 qui
1380 3109 1616 3164 pugnare
1660 3107 1763 3146 non

168 3201 385 3246 norant.
453 3192 703 3246 Existunt
761 3192 1000 3245 victoria:
1055 3197 1355 3259 compotes,
1414 3188 1503 3255 qui
1560 3186 1769 3239 fuerant

171 3292 339 3338 aetate
363 3283 630 3338 imbelles.
667 3283 968 3356 llercantur
995 3296 1149 3351 pmua
1182 3281 1517 3351 martyrium,
1543 3277 1769 3347 gloriam

168 3377 440 3446 sanguine
461 3386 798 3444 comparant,
830 3387 1088 3430 aztcrnam
1114 3373 1271 3427 vitam
1298 3371 1574 3442 temporali
1599 3380 1773 3424 morte

168 3477 536 3524 commutant.
576 3468 685 3524 Nec
717 3469 894 3523 timuit
923 3479 1053 3522 aetas
1081 3468 1175 3522 illa
1215 3478 1467 3532 mortem,
1514 3478 1611 3519 nec
1642 3464 1770 3518 hor—

169 3563 309 3617 ruit.
346 3561 561 3617 Timere
592 3562 736 3616 enim
771 3577 875 3615 non
905 3563 1076 3629 potuit
1106 3576 1224 3629 qua:
1256 3558 1444 3613 timere
1471 3573 1575 3611 non
1600 3554 1772 3609 novit.

168 3655 517 3709 Transmittit
544 3653 773 3709 infantes
795 3652 969 3707 infans
991 3652 1234 3706 Christus
1257 3650 1323 3704 ad
1369 3652 1586 3713 crelurn,
1619 3646 1776 3701 oﬂ'ert

169 3761 317 3802 nova
366 3748 519 3801 xenia
551 3746 717 3810 Patri,
750 3745 1015 3813 primitias
1063 3744 1329 3797 fructuum
1358 3739 1578 3795 exhibet
1607 3737 1773 3793 Geni-

173 3842 307 3896 tori.
340 3840 585 3895 OStendit
614 3838 844 3894 futuram
888 3836 1320 3892 fecundissimam
1364 3846 1617 3895 messem,
1650 3830 1776 3884 dum

168 3933 229 3987 il)
288 3930 497 3985 semine
548 3939 749 3982 tantum
799 3927 1020 3983 exhibet
1069 3926 1387 3979 ubertatem.
1451 3918 1648 3973 Derisit
1695 3932 1777 3985 se,

168 4026 375 4083 derisit
407 4026 611 4081 hostilis
638 4023 962 4083 immanitas,
997 4035 1114 4089 qua:
1145 4016 1348 4087 putavit
1379 4015 1597 4069 turbare
1620 4025 1779 4081 posse

170 4120 474 4175 consilium
509 4117 622 4184 Dei,
647 4116 872 4183 gloriam
902 4112 1122 4176 Christi,
1152 4114 1377 4165 salutem
1424 4104 1779 4162 necessariam

171 4213 410 4269 mundo.
448 4211 556 4266 Sed
607 4209 834 4264 contulit
882 4205 1171 4262 infantibus
1211 4204 1394 4257 multis
1441 4197 1779 4269 martyrium,

165 4308 311 4360 dum
369 4302 625 4358 infantem
678 4301 873 4371 (ιιιιινὶι
903 4297 1149 4354 occidere
1204 4294 1501 4349 Christum.
1559 4291 1786 4345 Praestat

167 4398 359 4453 hostis
401 4395 527 4450 dum
582 4403 758 4463 nocet,
793 4392 1110 4447 beuelicium
1161 4389 1346 4443 tribuit
1388 4402 1508 4441 cum
1540 4386 1779 4451 occidit;

1859 1905 1936 1973 pit
1972 1904 2275 1971 silentium,
2321 1905 2554 1960 locutum
2596 1916 2678 1961 est
2724 1922 2941 1975 pacem,
2982 1908 3131 1963 dedit
3180 1910 3401 1978 gratiam
3428 1957 3440 1977 ,

1859 1998 2139 2067 proposuit
2184 1997 2606 2053 misericordiam
2631 2041 2644 2061 ,
2690 2000 2932 2067 promisit
2968 2001 3175 2055 veniam
3198 2041 3212 2063 ,
3246 2010 3298 2056 et
3334 2019 3445 2057 coe'

1861 2098 2064 2160 perunt
2100 2091 2226 2159 aegri
2267 2105 2487 2146 currere
2520 2090 2586 2144 ad
2630 2091 2931 2158 medicum,
2962 2101 3016 2147 et
3053 2095 3202 2161 quasi
3242 2097 3448 2163 magnis

1860 2180 2191 2236 clamoribus
2213 2223 2229 2247 ,
2263 2183 2340 2236 sic
2374 2196 2503 2249 pura
2534 2180 2638 2236 llde
2667 2183 2851 2237 cordis
2876 2193 2930 2238 et
2958 2198 3082 2238 vera
3112 2184 3448 2239 confess-ioue

1861 2273 1971 2327 oris
2011 2273 2250 2343 ﬂagitare
2288 2273 2605 2327 remedium.
2650 2273 2760 2329 lloc
2800 2274 2977 2343 itaque
3017 2287 3160 2329 nunc
3211 2276 3260 2329 in
3312 2292 3450 2343 pnu-

1863 2364 2001 2419 senti
2033 2363 2139 2417 vita
2170 2364 2367 2433 agitur,
2400 2373 2459 2417 ut
2487 2364 2649 2418 homo
2679 2378 2772 2432 per
2797 2364 3022 2432 gratiam
3052 2363 3144 2417 Dei
3172 2365 3451 2419 sanitatem

1864 2456 2110 2524 recipiat.
2152 2455 2259 2510 Sed
2300 2471 2421 2510 cum
2465 2456 2676 2526 plenam
2719 2458 3001 2511 sanitatem
3056 2460 3349 2525 receperit,
3401 2470 3453 2511 et

1866 2547 1932 2601 ad
1967 2548 2113 2601 illam
2146 2546 2459 2621 felicitatem
2495 2546 2916 2601 immortalitatis
2948 2547 3231 2614 perductus
3264 2548 3455 2610 fuerit,

1874 2655 1980 2695 non
2014 2641 2115 2694 erit
2149 2640 2379 2709 amplius
2412 2640 2553 2709 quod
2587 2649 2751 2709 petat.
2794 2640 2857 2694 Et
2896 2651 3021 2693 tunc
3058 2649 3308 2708 sequetur
3347 2652 3455 2693 ter-

1869 2732 2000 2785 tium
2044 2730 2178 2785 illud
2212 2731 2432 2785 beatum
2466 2731 2735 2786 silentium
2768 2730 2907 2799 quod
2940 2745 3209 2799 nunquam
3243 2729 3457 2784 habebit

1870 2823 2050 2878 ﬁnem.
2086 2824 2231 2878 lnter
2262 2821 2490 2892 primum
2521 2834 2575 2878 et
2608 2822 2840 2877 medium
2873 2822 3142 2876 silentium
3175 2822 3339 2875 multa
3371 2836 3457 2876 so-

1875 2922 2111 2969 nuerunt
2140 2913 2303 2968 verba
2327 2954 2341 2977 ,
2374 2914 2468 2968 sed
2504 2914 2643 2967 inter
2675 2913 2907 2967 medium
2940 2923 2992 2967 et
3020 2913 3265 2966 ultimum
3298 2913 3457 2965 silen—

1872 3008 2004 3062 tium
2043 3016 2203 3061 sonat
2259 3022 2419 3061 unum
2477 3008 2723 3062 verbum.
2779 3004 2937 3059 Multa
2990 3004 3152 3059 verba
3206 3003 3459 3069 fuerunt,

1874 3101 2192 3171 multiplicia
2226 3100 2364 3171 legis
2395 3100 2643 3155 mandata
2674 3115 2792 3168 qua:
2823 3114 2916 3169 per
2949 3098 3168 3170 Moysen
3199 3097 3321 3151 data
3353 3107 3456 3151 est.

1880 3193 2054 3249 Unum
2091 3194 2321 3249 Verbum
2350 3201 2433 3248 est
2464 3194 2628 3264 gratia
2659 3190 2788 3257 Dei,
2822 3206 2939 3261 qua:
2970 3206 3065 3261 per
3098 3191 3278 3246 Jesum
3308 3187 3461 3243 Chri-

1872 3294 2014 3341 stum
2051 3284 2188 3340 facta
2220 3294 2339 3350 est,
2371 3285 2458 3340 vel
2502 3285 2677 3354 potius
2704 3283 2859 3339 Jesus
2888 3284 3136 3339 Christus
3165 3294 3268 3339 est.
3303 3282 3453 3355 Moy-

1879 3392 1966 3433 ses
1999 3376 2232 3431 famulus
2265 3377 2358 3431 Dei
2389 3377 2554 3431 multa
2583 3376 2775 3443 verba,
2808 3377 3002 3431 multos
3032 3390 3305 3431 sermones
3334 3388 3459 3443 pro-

1876 3471 2034 3537 tulit;
2072 3470 2210 3524 Deus
2253 3469 2409 3524 Pater
2448 3484 2610 3524 unum
2648 3468 2914 3534 Verbum,
2948 3482 3112 3522 unum
3160 3479 3465 3521 sermonem

1877 3566 2043 3619 misit.
2095 3565 2202 3620 Sed
2249 3577 2530 3620 sermones
2574 3562 2741 3633 Moysi
2788 3562 3181 3631 omnipotentes
3211 3574 3317 3614 non
3354 3558 3466 3612 fue-

1878 3666 2038 3722 runt,
2071 3656 2195 3725 quia
2223 3657 2363 3726 quod
2393 3655 2675 3721 dicebant,
2711 3655 2890 3710 facere
2921 3670 3025 3709 non
3060 3660 3383 3723 potuerunt:
3416 3659 3468 3704 et

1879 3748 1999 3803 ideo
2027 3749 2237 3803 tandem
2267 3752 2480 3817 quando
2509 3751 2559 3802 in
2590 3749 2945 3818 promissione
2972 3747 3267 3803 deﬁciendo
3295 3746 3458 3799 silue-

1881 3850 2036 3905 runt,
2082 3849 2209 3895 tunc
2256 3840 2601 3910 omnipotens
2632 3839 2863 3894 Verbum
2917 3839 3098 3904 venit,
3147 3853 3325 3893 sermo
3374 3837 3468 3890 Dei

1882 3935 1974 4002 qui
2023 3947 2132 3988 non
2187 3935 2360 3988 solum
2408 3933 2575 3999 dixit,
2610 3932 2701 3988 sed
2748 3946 3079 4001 quaecunque
3112 3930 3277 3985 voluit
3321 3928 3468 3985 fecit.

1888 4026 1995 4080 lste
2025 4040 2207 4080 sermo
2228 4065 2243 4093 ,
2277 4026 2416 4080 istud
2456 4025 2686 4080 Verbum
2719 4025 2893 4080 adhuc
2938 4023 3193 4093 loquitur,
3240 4019 3471 4091 quandin

1887 4118 1940 4173 in
1975 4116 2222 4172 ﬁdelibus
2250 4116 2360 4171 suis
2391 4116 2774 4186 promissiones
2817 4129 2942 4169 suas
2982 4123 3253 4182 operatur.
3299 4113 3473 4179 Atque

1889 4228 2013 4268 cum
2046 4214 2308 4281 promissa
2338 4209 2669 4279 impleverit,
2703 4209 2854 4277 quasi
2885 4217 3008 4261 tunc
3034 4205 3176 4275 loqui
3208 4203 3471 4259 cessabit:

1892 4324 2014 4364 cum
2051 4317 2227 4363 autem
2262 4307 2521 4376 promissa
2556 4304 2771 4373 impleta
2818 4303 3045 4366 fuerint,
3077 4304 3197 4372 Quia
3245 4299 3475 4370 amplius

1900 4400 2041 4470 quod
2093 4408 2304 4469 petatur
2346 4413 2452 4451 non
2482 4398 2618 4462 erit,
2652 4395 2774 4450 felix
2809 4396 2860 4449 in
2894 4394 3276 4462 sempiternum
3309 4392 3473 4445 silen-

164 4487 464 4544 invideret
514 4486 656 4539 cnim
709 4500 892 4540 eorum
938 4484 1123 4552 gloria:
1161 4482 1206 4536 si
1257 4489 1482 4535 amaret.
1526 4480 1631 4535 Sed
1663 4479 1761 4533 alia

1896 4493 2025 4547 tium
2054 4492 2177 4547 erit.
2210 4490 2343 4545 Dum
2372 4503 2500 4558 ergo
2533 4488 2763 4542 medium
2796 4485 3063 4541 silentium
3095 4491 3339 4539 tenerent
3363 4497 3478 4535 om-

164 4590 311 4635 snnt
364 4588 653 4633 terrestres
700 4591 911 4648 pugna),
963 4576 1083 4629 aliae
1131 4576 1380 4631 caelestes
1426 4573 1681 4628 victoritn.
1733 4573 1787 4627 In

160 4670 382 4740 praelia
431 4667 627 4722 Chrisri
662 4667 942 4721 moriendo
994 4667 1207 4732 vivitur,
1249 4664 1490 4721 cadendo
1533 4666 1785 4736 surgitur,

156 4760 417 4817 victoria
449 4774 544 4829 per
571 4759 847 4814 interitum
880 4766 1241 4827 comparatur.

786 4850 1064 4905 llOMlLlA
1107 4849 1221 4904 XL.

482 4959 533 4998 IN
564 4959 756 4998 NA'l‘ALI
784 4958 1099 4997 SANCTDRUM
1124 4956 1504 4996 INNOCEN'I'IUII.

582 5037 683 5105 (Ex
708 5037 847 5106 Opp.
877 5034 1047 5091 sancti
1085 5033 1414 5105 Augustini.)

246 5132 462 5196 Hodie,
508 5130 701 5185 fratres
747 5128 1072 5194 cbarissimi,
1102 5137 1208 5183 etc.
1261 5126 1480 5196 Reliqua
1516 5129 1626 5181 vide
1654 5129 1791 5197 apud

142 5238 429 5284 sanctum
485 5225 844 5294 Augustinum,
897 5220 1131 5289 Operam
1175 5222 1289 5291 ejus
1329 5230 1466 5274 tomo
1496 5220 1561 5286 V,
1610 5220 1795 5272 Patro-

141 5320 341 5392 lagiw
370 5312 648 5383 XXXIX,
677 5316 777 5369 col.
808 5312 971 5368 2152.

774 5406 1053 5461 llOMlLlA
1084 5405 1220 5461 XLI.

717 5516 891 5556 εειωο
930 5517 997 5555 DE
1033 5513 1295 5557 SILENTIO.

427 5596 777 5664 (Anonymus
818 5594 870 5648 in
911 5592 1224 5648 llomiliario
1261 5589 1597 5658 exhibetur.)

243 5690 418 5746 Cum
474 5686 707 5742 medium
764 5685 1036 5741 silentium
1096 5693 1340 5740 tenerent
1390 5683 1567 5737 omnia
1627 5680 1798 5749 (Sap.

142 5797 326 5842 xvm
357 5785 409 5849 ).
468 5780 591 5836 Tria
643 5789 766 5836 sunt
812 5780 1046 5837 silentia.
1099 5778 1342 5836 Primum
1396 5775 1666 5835 silentium
1718 5781 1804 5831 est

1898 4585 1983 4638 nia
2009 4601 2023 4649 ;
2058 4584 2194 4638 bene
2223 4584 2401 4636 omnia
2425 4623 2439 4649 ,
2474 4582 2572 4634 hoc
2602 4590 2714 4646 est,
2751 4595 2855 4633 non
2885 4577 3055 4633 solum
3088 4576 3160 4631 illi
3189 4576 3276 4645 qui
3307 4575 3357 4629 in
3391 4588 3480 4643 pc-

1898 4676 2086 4730 titione
2128 4673 2523 4745 deSperabant,
2556 4670 2651 4727 sed
2680 4680 2733 4727 et
2766 4670 2842 4725 illi
2891 4669 2981 4739 qui
3029 4669 3079 4723 in
3129 4667 3481 4737 promissione

1896 4766 2242 4833 defecerant,
2275 4774 2328 4819 et
2358 4779 2462 4819 nox
2495 4764 2546 4817 in
2577 4778 2674 4818 suo
2703 4778 2863 4817 cursu
2893 4762 3127 4817 medium
3171 4760 3271 4813 iter
3311 4758 3479 4811 habe-

1897 4866 1998 4912 ret.
2035 4856 2148 4911 Nox
2190 4857 2386 4910 etenim
2438 4855 2490 4909 in
2535 4869 2687 4910 sacra
2736 4856 3010 4923 Scriptura
3057 4850 3340 4919 aliquando
3387 4865 3481 4915 pro

1900 4949 2142 5013 diabolo,
2190 4947 2475 5018 aliquando
2520 4962 2619 5017 pro
2662 4946 2916 5001 membris
2946 4944 3095 5015 ejus,
3130 4942 3180 4996 id
3212 4950 3325 5008 est,
3360 4955 3483 5008 pec—

1901 5042 2177 5097 catoribus
2222 5050 2278 5096 et
2316 5040 2539 5108 iniquis,
2588 5037 2875 5108 aliquando
2922 5051 3018 5105 pro
3066 5035 3182 5103 ipso
3232 5046 3482 5103 peccaro,

1902 5134 2188 5204 aliquando
2219 5149 2317 5203 pro
2348 5133 2600 5202 praesenti
2645 5134 2749 5188 vita
2799 5130 3079 5199 accipitur.
3132 5127 3232 5183 Per
3276 5136 3485 5183 noctem

1904 5243 2033 5297 ergo
2062 5227 2113 5282 in
2144 5226 2246 5281 hoc
2275 5228 2392 5281 loco
2423 5226 2665 5280 mortalis
2694 5224 2850 5294 hujus
2875 5224 2994 5277 vitae
3027 5222 3202 5278 ﬂuxus
3227 5219 3484 5294 signatur,

1911 5319 2053 5373 sicut
2082 5332 2173 5386 per
2199 5316 2341 5371 diem
2372 5316 2495 5371 alibi
2526 5315 2741 5370 claritas
2767 5313 2891 5367 vita:
2919 5322 3210 5382 perpetrm.
3242 5311 3487 5366 Prmsens

1902 5409 2061 5479 igitur
2105 5408 2210 5462 vita
2257 5421 2360 5461 nox
2390 5416 2505 5473 est,
2537 5407 2642 5461 vita
2675 5419 2803 5459 vero
2833 5404 3006 5459 futura
3037 5406 3174 5459 dies.
3221 5403 3331 5459 Nox
3388 5403 3486 5457 ista

1905 5501 2068 5556 habet
2115 5516 2431 5569 vesperam,
2480 5499 2596 5555 dies
2644 5500 2731 5553 illa
2763 5498 2927 5553 habet
2954 5512 3223 5552 auroram.
3259 5496 3487 5564 Vespera

1907 5608 2034 5648 vero
2066 5593 2346 5663 praesentis
2375 5593 2549 5647 noctis
2580 5591 2679 5645 fuit
2710 5591 2986 5647 inclinatio
3018 5590 3175 5659 hujus
3207 5589 3315 5645 diei
3343 5606 3358 5656 ;
3389 5604 3487 5642 au-

1909 5698 2031 5739 rora
2084 5699 2215 5739 vero
2262 5683 2407 5737 illius
2455 5682 2596 5746 diei,
2646 5682 2923 5737 inclinatio
2968 5680 3245 5750 prwsenlis
3286 5678 3467 5733 saeculi

1915 5775 2141 5845 Vespera
2173 5786 2385 5843 quoque
2415 5771 2572 5841 hujus
2602 5775 2777 5829 noctis
2808 5772 2903 5828 fuit
2936 5788 2996 5828 ex
3029 5787 3135 5839 quo
3166 5770 3337 5827 Adam
3372 5782 3486 5837 pec-
