3956 6342
599 294 741 353 “79

1486 285 1688 344 PAULI
1727 282 2001 340 DIACONI
2039 278 2195 335 OPP.
2238 278 2412 335 PARS
2451 282 2512 339 ll.
2555 313 2623 326 —
2663 284 3016 344 ASCETICA.

3632 308 3721 368 lilii)

599 408 774 472 cavit,
834 404 1004 461 donec
1054 411 1272 472 accepta
1324 402 1511 456 mortis
1555 409 1821 457 sententia
1866 414 1895 453 a
1940 396 2189 469 paradiso
2216 393 2267 453 Α
2293 407 2444 451 erant
2487 399 2538 452 in
2571 400 2788 470 regione
2818 401 2902 456 illa
2935 402 3241 473 vigilantes,
3270 412 3316 459 et
3342 404 3616 473 observantes
3636 424 3720 494 τίεί-

604 499 897 569 expulsus,
951 497 1004 551 in
1056 495 1306 551 tenebras
1358 494 1516 563 hujus
1563 493 1746 548 mundi
1790 492 1941 548 exiit.
1978 496 2182 546 Aurora

598 588 875 659 sequentis
913 587 1019 643 diei
1059 596 1143 642 est
1183 600 1213 639 a
1249 585 1647 642 resurrectione
1685 582 1884 640 Christi
1915 597 2087 650 usque
2116 582 2183 635 ad

599 683 760 736 linem
788 678 1008 737 surculi:
1040 694 1170 750 ergo
1201 679 1303 733 ista
1334 680 1439 734 vita
1484 692 1590 735 nox
1629 688 1732 734 est.
1780 676 1892 734 Sed
1935 676 2058 747 quis
2104 685 2187 732 est

598 786 790 828 cursus
819 772 940 828 vitae
970 771 1166 827 istius?
1199 769 1489 826 Videamus
1518 785 1623 840 quo
1652 780 1855 826 currat.
1900 770 2000 824 Per
2039 784 2185 824 mor-

600 865 861 919 talitatem
905 865 1073 919 currit
1112 863 1178 919 ad
1220 872 1485 930 mortem,
1519 878 1615 935 per
1642 872 1870 919 mortem
1911 861 2080 917 currit
2119 860 2187 916 ad

600 958 1020 1012 damnationem.
1069 956 1237 1027 Igitur
1272 957 1381 1011 vita
1411 956 1653 1012 mortalis
1689 956 1943 1011 deorsum
1981 953 2186 1019 currit,

600 1051 742 1106 sicut
765 1051 871 1105 vita
899 1049 1219 1106 immortalis
1243 1065 1479 1107 sursum.
1511 1049 1616 1106 lter
1641 1065 1852 1105 sursum
1880 1060 1963 1104 est
1991 1048 2043 1103 in
2075 1062 2189 1104 cm-

602 1138 690 1203 lis,
720 1138 822 1194 iter
846 1138 1098 1193 deorsum
1124 1146 1208 1194 est
1234 1140 1286 1192 in
1316 1137 1524 1206 inferis,
1560 1140 1661 1195 iter
1690 1138 1926 1194 medium
1956 1138 2186 1193 stadium

603 1229 725 1283 vitae
767 1229 1078 1298 praesentis,
1119 1229 1261 1298 quod
1302 1229 1574 1285 nascendo
1619 1231 1915 1295 intramus,
1960 1231 2190 1286 vivendo

604 1319 989 1386 percurrimus,
1021 1320 1303 1375 moriendo
1330 1321 1560 1376 eximus.
1592 1321 1817 1389 Quando
1843 1336 1971 1392 ergo
1999 1339 2103 1377 nox
2135 1325 2191 1377 in

603 1426 701 1466 suo
722 1426 882 1467 cursu
909 1412 1142 1468 medium
1171 1414 1273 1469 iter
1295 1413 1513 1479 habuit,
1539 1412 1639 1469 nisi
1664 1413 1879 1483 quando
1903 1429 2048 1469 mors
2077 1414 2193 1469 uni-

606 1517 793 1558 versos
822 1518 956 1573 quos
985 1503 1039 1559 in
1071 1503 1246 1560 stadio
1278 1504 1398 1560 vita:
1431 1507 1708 1575 praesentis
1739 1508 1939 1576 reperit
1962 1547 1977 1571 ,
2010 1522 2194 1563 secum

605 1594 672 1650 ad
702 1594 902 1651 inferos
936 1594 1135 1663 traxit,
1165 1604 1237 1663 et,
1252 1612 1412 1653 nemo
1439 1597 1616 1652 adhuc
1655 1599 1962 1655 mortalium
2002 1601 2067 1654 ad
2109 1600 2193 1654 vi-

610 1696 717 1741 tam
751 1688 1139 1743 immortalium
1166 1690 1462 1745 ascendere
1491 1691 1705 1760 potuit?
1737 1690 1831 1746 γει
1863 1707 1956 1761 per
1982 1701 2193 1749 noctem

2287 492 2383 547 lias
2421 495 2592 550 noctis
2632 512 2794 567 super
2837 513 3053 568 gregem
3095 513 3263 555 suum.
3299 501 3432 557 Venit
3468 512 3633 578 angelus
3663 492 3726 570 sub

2288 584 2404 652 ipsa
2436 586 2565 642 hora
2598 589 2897 644 nativitatis
2926 590 3056 646 Jesu
3081 631 3096 656 ,
3128 600 3181 646 et
3210 592 3279 646 ait
3306 597 3363 647 ad
3398 611 3507 651 eos:
3543 603 3726 659 Annuntiu

2288 677 2426 732 vobis
2478 681 2723 750 gaudium
2772 698 3051 754 magnum,
3113 684 3181 739 ite
3224 693 3273 739 et.
3312 686 3530 743 invenietis
3565 693 3731 761 infantem

2289 769 2572 824 involutum
2602 772 2791 842 pannis
2813 816 2827 839 ,
2862 784 2908 826 et
2937 775 3154 843 pcsitum
3191 776 3240 829 in
3281 781 3492 846 prresepio
3529 781 3728 855 (Lean).

2288 859 2525 916 Necdum
2555 864 2777 934 angelus
2804 866 2962 921 verba
2989 868 3215 934 finierat,
3239 884 3354 925 ecce
3380 874 3608 930 multitudo
3628 882 3732 935 uteie-

2289 953 2388 1006 stis
2417 953 2685 1009 exercitus
2712 956 2928 1013 laudare
2954 967 3009 1013 et
3036 958 3337 1016 benedicere
3360 964 3497 1032 ctepit
3522 965 3730 1023 numinum.

2290 1043 2421 1098 Cum
2455 1047 2555 1100 hoc
2587 1058 2831 1115 pastores
2863 1050 3052 1120 trepidi
3087 1052 3489 1121 perSpexissent,
3519 1068 3564 1111 et
3593 1062 3735 1128 angelus

2293 1136 2608 1193 recessisset
2655 1140 2725 1194 ab
2775 1142 2890 1208 eis,
2945 1143 3195 1199 dixerunt
3239 1146 3300 1199 ad
3352 1146 3577 1203 invicem:
3614 1151 3736 1206 Eamus

2295 1243 2455 1298 usque
2492 1228 2785 1296 Bethleem,
2828 1242 2876 1287 et
2906 1234 3176 1295 rideamus
3215 1234 3391 1304 factum
3424 1244 3539 1307 quod
3572 1239 3738 1296 Dominus

2294 1318 2516 1372 ostendit
2546 1319 2688 1373 nobis
2718 1319 2935 1392 (Ibid.).
2975 1324 3236 1379 Venerunt
3265 1335 3311 1379 et
3346 1329 3595 1382 invenerunt
3618 1346 3738 1399 parvu-

2297 1408 2429 1465 lum.
2462 1408 2597 1464 Tam
2630 1410 2706 1466 illi
2737 1428 2897 1483 quam
2931 1424 3177 1484 parentes
3220 1432 3331 1487 qua:
3359 1417 3477 1473 facta
3503 1419 3657 1475 fuerant
3680 1422 3740 1475 mi-

2297 1500 2552 1555 rabantur
2582 1520 2593 1555 :
2642 1517 2807 1573 super
2835 1504 2937 1561 hoc
2965 1515 3020 1561 et
3049 1506 3117 1562 de
3144 1506 3389 1563 Simeone
3426 1510 3629 1564 scribitur
3658 1516 3744 1580 quod

2297 1605 2569 1646 rumorem
2600 1594 2810 1649 auxerit
2838 1603 2893 1651 et
2934 1596 3212 1663 miraculi,
3243 1597 3322 1651 vel
3361 1613 3524 1667 magna
3558 1614 3649 1667 pars
3678 1600 3746 1654 lue-

2298 1682 2386 1737 rit.
2438 1682 2633 1739 Tenuit
2679 1687 2823 1741 enim
2874 1701 3099 1756 puerum
3143 1690 3198 1742 in
3238 1689 3453 1744 brachiis
3487 1691 3746 1755 suis,etait:

605 1782 852 1850 accipere
880 1795 1168 1849 possumus
1202 1792 1511 1854 peccatum,
1543 1794 1599 1840 et
1641 1801 1760 1855 qua:
1801 1787 2048 1842 videlicet
2078 1802 2186 1842 ηοχ
2216 1772 2263 1832 Β
2297 1773 2451 1829 Nunc
2490 1777 2737 1843 dimittis,
2770 1777 3019 1845 Domine,
3048 1795 3250 1835 servum
3290 1790 3423 1833 tuum
3450 1782 3495 1834 in
3521 1797 3616 1849 pace
3636 1797 3748 1833 secun-

605 1873 675 1929 ab
703 1874 952 1945 originali
984 1885 1205 1946 peccato
1244 1877 1445 1945 cmpit,
1487 1886 1546 1933 et
1585 1893 1684 1949 per
1729 1880 1963 1935 actualia-
2001 1882 2187 1936 currit.

602 1966 829 2033 Quando
857 1982 984 2037 ergo
1025 1977 1147 2037 post
1170 1968 1483 2040 originalem
1516 1972 2044 2041 praevaricationem,
2088 1973 2195 2043 pri-

608 2073 753 2111 mum
790 2058 1231 2124 przevaricatione
1260 2061 1520 2117 naturalis
1549 2062 1712 2132 legis,
1744 2076 1807 2120 ac
1835 2064 2029 2120 deinde
2057 2065 2195 2120 scri-

613 2157 716 2215 pta:
749 2147 881 2218 legis
912 2148 1353 2218 przevaricatione
1397 2152 1758 2217 succedente,
1807 2166 2084 2224 peceatum
2127 2156 2195 2211 ad

592 2242 878 2292 'sutnmum
928 2240 1316 2296 incrementum
1364 2251 1619 2310 venerat,
1664 2244 1814 2314 quasi
1856 2261 1964 2300 nox
2006 2248 2058 2300 in
2099 2262 2200 2302 suo

611 2344 770 2383 cursu
827 2330 1061 2386 medium
1094 2332 1194 2388 iter
1223 2332 1472 2389 habebat.
1504 2332 1610 2389 Sed
1643 2334 1743 2388 ista
1790 2350 1896 2390 nox
1923 2351 2048 2391 vera
2081 2337 2199 2393 luce

616 2433 944 2489 apparente,
980 2440 1105 2477 mox
1151 2424 1402 2479 deorsum
1452 2440 1674 2495 vergere
1718 2426 1915 2497 coepit,
1960 2438 2015 2482 et
2061 2443 2201 2484 nunc

611 2515 764 2583 quasi
793 2515 1019 2585 quadam
1048 2521 1251 2571 alterna
1277 2518 1572 2573 mutatione
1604 2518 1853 2587 paulatim
1880 2521 2201 2577 decrescens

617 2609 922 2678 elongatur,
955 2624 1232 2679 quousque
1263 2609 1351 2663 lux
1382 2612 1673 2665 crescendo
1705 2612 1771 2666 ad
1805 2613 2016 2681 plenam
2057 2614 2199 2669 diem

621 2699 920 2766 perveniat.
954 2700 1087 2755 Vide
1116 2716 1246 2771 ergo
1286 2702 1643 2757 ornatissimae
1685 2703 1885 2758 divina:
1926 2704 2202 2773 dispensa-

609 2790 771 2845 tionis
802 2792 1109 2846 consilium.
1142 2790 1370 2859 Quando
1397 2794 1572 2848 omnis
1603 2796 1988 2865 recuperanda:
2015 2796 2202 2852 salutis

607 2900 732 2954 spes
764 2886 1034 2955 perierat,
1063 2896 1117 2943 et
1144 2902 1288 2943 mors
1316 2890 1496 2945 omnia
1527 2905 1709 2947 secum
1739 2891 1990 2948 deorsum
2021 2895 2201 2964 rapie-

612 2978 703 3033 hat
725 3019 739 3043 ,
770 2990 1048 3048 peccatum
1082 2981 1148 3035 ad
1180 2997 1450 3039 summum
1483 2995 1738 3051 venerat,
1791 2994 1917 3041 tunc
1957 2988 2203 3057 omnipo-

614 3079 731 3125 tens
777 3071 969 3127 Sermo
1015 3072 1302 3129 liberandis
1347 3076 1597 3147 mittitur,
1641 3086 1700 3132 ut
1738 3078 1967 3148 amplius
2007 3079 2201 3135 divina:

2297 1867 2419 1920 dum
2452 1867 2655 1922 uerbum
2694 1880 2836 1923 tuum
2857 1909 2871 1936 ,
2904 1871 3025 1939 quia
3062 1870 3296 1925 viderunt
3335 1871 3457 1925 oculi
3491 1873 3570 1925 mei
3602 1871 3747 1923 salutare

2298 1971 2459 2015 tuum.
2507 1961 2799 2031 Fastigium
2830 1971 2881 2017 et
2914 1971 2972 2017 ut
3012 1965 3083 2017 ita
3126 1964 3298 2019 dicam
3344 1965 3531 2019 culmen
3563 1976 3681 2030 suter
3706 1961 3751 2014 his

2298 2065 2418 2120 quae
2462 2051 2801 2121 iactabantur
2844 2052 2910 2108 de
2941 2053 3102 2122 Jesu,
3151 2064 3206 2110 et
3247 2065 3390 2123 pater
3430 2063 3477 2109 et
3513 2064 3646 2108 mater
3672 2053 3753 2105 illius

2301 2141 2654 2211 mirabantur,
2685 2157 2865 2199 sermo
2895 2145 3163 2202 Simeonis
3196 2146 3309 2201 fuit.
3350 2145 3453 2200 Non
3488 2145 3602 2200 enim
3632 2143 3752 2198 sulﬁeit

2299 2230 2349 2286 ei
2387 2242 2569 2289 tenere
2601 2236 2878 2303 parvulum
2902 2277 2917 2305 ,
2951 2246 3006 2291 et
3033 2252 3096 2293 ea
3126 2253 3248 2306 qua:
3276 2237 3341 2293 de
3368 2236 3613 2307 semetipso
3634 2234 3757 2302 scripta

2306 2336 2433 2382 sunt
2478 2328 2758 2400 proloqui,
2792 2331 2888 2386 sed
2937 2331 3216 2387 benedixit
3248 2333 3374 2401 patri
3413 2331 3539 2385 illius
3561 2339 3602 2384 et
3631 2326 3755 2381 matri:

2302 2431 2357 2476 et
2386 2422 2453 2476 de
2483 2423 2599 2491 ipso
2632 2439 2843 2493 quoque
2873 2425 3213 2494 prophetavit
3241 2425 3463 2489 infante,
3489 2424 3661 2479 dicens:
3684 2418 3761 2472 Errc

2302 2515 2497 2585 positus
2528 2525 2600 2570 est
2631 2518 2712 2569 hic
2745 2517 2797 2569 in
2823 2517 3026 2570 ruinam
3066 2526 3114 2571 et
3155 2517 3212 2572 in
3251 2516 3620 2570 resurrectionem
3642 2510 3757 2562 multo-

2303 2624 2418 2661 rum
2463 2625 2516 2663 ιη
2567 2608 2767 2677 Israel,
2813 2621 2860 2665 et
2902 2612 2955 2665 in
2999 2612 3207 2681 signum
3252 2611 3334 2664 cui
3376 2607 3696 2663 contradieetur.
3726 2599 3763 2652 Et

2303 2710 2446 2754 tuam
2486 2716 2699 2771 quoque
2741 2702 2903 2773 ipsius
2945 2703 3174 2756 animam
3208 2696 3709 2772 pertransibitgladiss,
3733 2701 3763 2740 It

2303 2794 2583 2848 revelantur
2632 2811 2694 2850 es;
2737 2796 2909 2849 ntultis
2957 2795 3199 2849 cordibus
3229 2794 3555 2866 cogitationes.
3580 2785 3677 2856 Quid
3707 2781 3766 2837 sibi

2305 2887 2417 2943 vult
2448 2886 2551 2942 hoc
2578 2887 2721 2957 quod
2753 2888 2827 2942 ait
2857 2905 2871 2943 :
2901 2886 3036 2942 Ecce
3065 2889 3273 2955 positus
3303 2896 3372 2942 est
3399 2886 3475 2938 Iu‘c
3499 2885 3544 2938 in
3575 2884 3715 2934 ruinam
3740 2888 3766 2928 ει

2303 2976 2357 3030 in
2391 2979 2817 3032 resurrectionem
2848 2978 3130 3032 multorum
3160 2980 3216 3032 in
3250 2976 3456 3032 Israel?
3492 2974 3601 3030 liuic
3622 2969 3706 3041 quid
3727 2968 3768 3019 sia

2308 3067 2436 3122 mile
2466 3066 2518 3121 in
2552 3067 2841 3138 Evangelio
2869 3069 3167 3124 secundum
3201 3058 3454 3125 Joannem
3493 3069 3687 3135 scriptum
3718 3076 3767 3113 re-

610 3164 796 3231 gratize
844 3177 1038 3219 munus
1080 3166 1511 3223 commendetur.
1563 3141 1753 3236 \ienit,
1802 3141 1992 3238 inquit.
2035 3169 2200 3237 Quis?

2309 3158 2418 3228 peri
2449 3174 2461 3209 :
2494 3157 2563 3211 In
2583 3159 2843 3228 judicium
2873 3175 2967 3232 ego
2993 3160 3045 3213 in
3079 3161 3331 3214 nitendum
3371 3160 3515 3216 istum
3536 3157 3645 3221 veni,
3668 3150 3769 3218 uitii

616 3254 809 3310 Unde?
840 3257 1000 3322 Quo?
1032 3255 1222 3314 Sermo
1252 3261 1510 3316 Altissitui
1530 3302 1545 3327 ,
1578 3261 1810 3318 Verbum
1846 3263 1980 3329 Dei,
2015 3265 2203 3320 unicus

611 3344 787 3400 Patris
834 3361 927 3402 rex
975 3348 1115 3403 filius
1159 3350 1319 3420 regis.
1368 3351 1443 3407 De
1469 3367 1730 3409 consensu
1763 3354 1935 3411 Patris
1963 3357 2030 3410 ad
2064 3357 2200 3414 tole-

608 3438 838 3492 rantiam
874 3440 1158 3509 passionis.
1192 3442 1267 3498 De
1296 3445 1602 3512 mqualitate
1634 3444 1965 3515 majestatis,
2001 3447 2067 3501 ad
2104 3463 2198 3517 pa-

612 3528 839 3584 tibulum
873 3532 1066 3585 crucis.
1098 3531 1171 3588 De
1198 3533 1327 3591 sede
1354 3536 1555 3604 regali,
1583 3538 1649 3592 ad
1678 3538 1949 3594 oilicinam
1980 3541 2198 3609 peccati.

612 3620 692 3675 De
719 3622 919 3677 lumine
949 3624 1071 3679 caeli
1101 3639 1269 3694 usque
1298 3626 1365 3680 ad
1399 3628 1648 3684 tenebras
1677 3628 1895 3685 inferni.
1927 3631 2033 3686 Sed
2067 3647 2204 3685 nun-

610 3711 740 3782 quid
773 3712 894 3768 ideo
926 3730 1149 3785 regnum
1183 3718 1454 3787 perdidit?
1483 3719 1594 3776 lmo
1623 3735 1718 3776 eos
1749 3723 1837 3789 qui
1868 3723 2007 3777 servi
2049 3733 2206 3778 erant

613 3804 818 3871 peccati
853 3804 1118 3875 liberans,
1153 3826 1322 3879 usque
1348 3811 1413 3865 ad
1442 3814 1882 3883 conreguandum
1906 3814 2007 3870 sibi
2037 3815 2205 3871 subli-

610 3893 801 3950 mavit.
851 3893 919 3949 Et
966 3896 1087 3953 ideo
1132 3897 1373 3956 fortassis
1402 3917 1432 3957 a
1463 3904 1731 3973 regalibus
1776 3906 1995 3962 sedibus
2025 3907 2202 3973 venit,

608 3987 735 4053 quia
790 3987 843 4041 in
900 3989 1061 4046 domo
1111 3992 1286 4048 Patris
1331 3995 1447 4064 ejus
1492 3998 1804 4053 mansiones
1857 3999 2038 4055 multas
2081 4010 2208 4057 sunt

611 4075 812 4147 (Joan.
846 4081 1022 4153 xiv),
1066 4092 1121 4138 et
1152 4085 1448 4153 regnabant
1497 4103 1621 4143 cum
1672 4088 1766 4144 illo
1808 4089 1862 4145 in
1907 4100 2202 4160 aeternum,

608 4183 737 4223 eum
768 4172 1078 4243 acceperint
1107 4190 1331 4245 regnum
1380 4178 1522 4246 quod
1568 4187 1811 4248 paratum
1843 4189 1927 4236 est
1955 4181 2024 4235 ab
2053 4181 2206 4236 initio

613 4263 821 4318 steculi.
860 4264 1060 4320 Unicus
1089 4268 1232 4321 enim
1275 4268 1418 4338 regis
1461 4279 1612 4339 erat,
1652 4270 1798 4326 solus
1838 4287 2060 4341 regnum
2105 4271 2202 4326 ha-

613 4352 752 4408 buit.
774 4353 877 4410 Sed
903 4356 1023 4424 quia
1047 4355 1112 4410 ad
1142 4359 1575 4429 conregnandum
1600 4362 1700 4418 sibi
1728 4363 1922 4421 fratres
1948 4366 2209 4435 adoptare

619 4443 797 4509 venit,
820 4443 929 4512 jam
956 4460 1061 4500 non
1086 4460 1116 4500 a
1144 4448 1273 4503 sede
1303 4450 1505 4519 regali,
1531 4451 1627 4509 sed
1650 4467 1677 4507 a
1703 4453 1919 4510 sedibus
1941 4457 2208 4526 regalibus

2304 3266 2404 3304 non
2433 3250 2604 3303 vident
2632 3251 2835 3305 videant
2855 3292 2869 3317 ,
2902 3260 2947 3306 et
2974 3252 3062 3324 qui
3093 3253 3265 3308 vident
3292 3254 3409 3308 eieci
3434 3254 3543 3321 ﬁant
3568 3247 3694 3319 (Joan.
3713 3240 3768 3307 ιι)-

2304 3341 2585 3409 Quomodo
2610 3356 2739 3413 ergo
2765 3343 2818 3396 iu
2845 3341 3103 3412 judicium
3131 3345 3313 3409 venit,
3341 3352 3395 3399 ut
3420 3358 3514 3398 non
3542 3339 3717 3393 videntes
3733 3329 3771 3382 dc

2306 3431 2613 3487 nationibus
2644 3432 2917 3501 viderent,
2967 3443 3021 3489 et
3048 3436 3138 3504 qui
3176 3435 3324 3502 prius
3347 3430 3635 3488 videbantde
3652 3421 3770 3481 Israel.
3854 3432 3855 3485 Τ

2306 3524 2434 3579 caeci
2469 3523 2703 3581 ﬁerent?
2731 3525 2811 3580 sic
2840 3528 2988 3581 venit
3018 3528 3072 3582 in
3102 3528 3320 3584 ruinam
3364 3536 3416 3583 et
3450 3527 3499 3580 in
3536 3516 3771 3579 resurrectie

2312 3629 2435 3670 nem
2470 3615 2786 3671 multorum.
2823 3616 2879 3671 In
2909 3617 3142 3673 adventu
3178 3620 3326 3674 enim
3360 3617 3550 3673 Domini
3581 3605 3773 3669 Salvatoris

2310 3705 2401 3773 qui
2437 3707 2586 3775 prius
2615 3716 2913 3774 steterant,
2947 3721 3308 3776 corruerunt,
3341 3718 3393 3765 et
3427 3708 3508 3777 qui
3545 3703 3775 3762 ceciderant.

2308 3808 2682 3852 surrexerunt.
2721 3796 2834 3853 Una
2867 3809 2950 3855 eSt
2982 3798 3497 3871 baec.interpretatio
3534 3796 3590 3850 de
3618 3806 3665 3847 eo
3690 3784 3774 3857 quod

2308 3887 2509 3943 dictum
2540 3900 2623 3945 est
2654 3908 2665 3945 :
2702 3890 2834 3945 Ecce
2865 3895 2960 3947 iste
2988 3894 3192 3964 positus
3223 3902 3300 3948 est
3331 3894 3382 3947 in
3410 3892 3588 3946 ruinam
3610 3893 3647 3940 et
3673 3884 3708 3935 in
3731 3893 3775 3930 τε·

2308 3982 2676 4036 surrectionem
2707 3982 2985 4037 multorum
3016 3985 3070 4038 in
3100 3982 3297 4039 Israel.
3330 3984 3422 4039 Est
3449 3992 3601 4037 autem
3624 3985 3663 4031 et
3681 3970 3776 4061 altius

2310 4072 2436 4140 quid
2491 4071 2898 4142 intelligendum
2956 4075 3219 4132 adversus
3266 4091 3362 4131 eos
3404 4076 3484 4131 vel
3522 4068 3697 4127 maxime
3725 4074 3777 4155 qut

2309 4173 2493 4219 contra
2537 4162 2884 4220 Conditorem
2927 4166 3157 4232 latrant,
3202 4178 3261 4224 et
3301 4167 3422 4222 hinc
3460 4163 3567 4219 inde
3596 4160 3647 4214 de
3671 4157 3777 4207 Vm"

2311 4261 2662 4317 Testamento
2694 4261 3000 4317 testimonia
3028 4277 3148 4333 qua:
3182 4278 3296 4318 non
3338 4259 3613 4331 intelligunt
3635 4258 3778 4351 ωηιξη·

2310 4362 2533 4423 gautes,
2566 4353 2890 4423 simplicium
2938 4354 3099 4409 corda
3150 4354 3452 4424 decipiunt.
3498 4349 3777 4440 Aiuutneutnt:

2316 4446 2457 4503 Ecce
2488 4447 2626 4502 Deus
2657 4447 2793 4519 legis
2822 4455 2879 4503 et
2908 4447 3299 4518 prophetarum
3324 4489 3341 4518 ,
3375 4447 3537 4502 videte
3560 4437 3689 4511 qualis
3714 4437 3780 4486 sit:

619 4508 802 4589 venire
820 4508 1010 4590 debuit
1029 4576 1045 4602 ,
1081 4538 1205 4606 quia
1237 4508 1461 4609 regnum
1489 4508 1560 4597 ad
1591 4544 1735 4613 quod
1764 4508 2030 4603 vocantu:
2046 4549 2201 4605 electi

2314 4538 2430 4611 Ego
2448 4582 2463 4607 ,
2497 4540 2672 4609 inquit
2691 4508 2973 4605 ,voccida-m
3001 4508 3048 4595 et
3077 4508 3385 4611 vivificaba,
3416 4508 3653 4609 percutiam
3672 4534 3705 4579 et
3729 4532 3781 4616 (to

620 4624 754 4696 Dei,
788 4640 1146 4698 praeparatum
1178 4640 1262 4685 est
1288 4634 1355 4689 ab
1384 4633 1538 4689 initio
1567 4636 1772 4693 steculi.

1162 4745 1439 4804 IIOMILIA
1487 4746 1646 4804 XLII.

750 4853 802 4892 IN
832 4852 1081 4895 DONINICA
1114 4855 1273 4896 INTBA
1303 4857 1551 4897 οοτλγυί
1582 4859 1810 4898 Μτλιιε
1840 4859 2069 4899 CHRISTI.

1198 4934 1217 5001 (
1240 4933 1317 4987 Ex
1346 4933 1634 5005 Origene.)

696 5021 759 5076 lu
784 5023 875 5076 illo
906 5033 1133 5093 tempore
1153 5038 1293 5080 erant
1314 5025 1507 5096 Ioseph
1528 5037 1575 5081 et
1603 5027 1777 5082 Maria
1799 5037 1957 5081 mater
1969 5026 2093 5082 Jesu
2118 5046 2207 5083 mt-

620 5105 789 5147 rantes
808 5111 962 5164 super
982 5096 1063 5149 his
1084 5113 1198 5167 (μιαί
1224 5098 1519 5153 dicebantur
1566 5101 1628 5153 de
1654 5099 1765 5162 illo,
1794 5109 1900 5154 etc.
1925 5099 2075 5169 (Luc.
2106 5100 2205 5170 xl).

690 5185 1091 5256 Congregemus
1123 5188 1177 5242 in
1209 5204 1371 5243 unum
1413 5204 1476 5244 ea
1507 5204 1627 5259 quae
1658 5190 1711 5244 iu
1741 5198 1860 5244 ortu
1901 5187 2028 5245 Jesu
2066 5191 2207 5247 dicta

618 5275 923 5345 scriptaque
959 5287 1087 5333 sunt
1115 5279 1182 5333 de
1216 5295 1314 5346 eo,
1347 5289 1403 5336 et
1433 5289 1559 5336 tunc
1588 5280 1729 5343 scire
1768 5282 2063 5349 poterimus
2094 5284 2208 5338 sin-

616 5366 738 5433 gula
773 5382 998 5439 quaeque
1026 5371 1184 5441 digna
1224 5386 1348 5428 esse
1387 5373 1668 5429 miraculo.
1711 5374 2069 5441 Quamobrem
2108 5377 2208 5430 mi-

618 5457 839 5515 rabatur
877 5468 932 5516 et
975 5471 1124 5532 pater
1166 5465 1288 5535 (sic
1327 5466 1471 5521 enim
1510 5466 1808 5537 appellatus
1847 5476 1933 5524 est
1970 5467 2166 5539 Joseph
2190 5509 2204 5535 ,

620 5552 743 5618 quia
776 5552 1029 5609 nutritius
1060 5555 1234 5627 luit),
1270 5556 1563 5613 mirabatur
1592 5566 1647 5614 et
1687 5566 1858 5614 mater
1900 5574 2061 5629 super
2091 5576 2206 5615 om-

621 5641 781 5697 nibus
831 5660 950 5715 quas
998 5645 1312 5703 dicebantur
1364 5648 1429 5704 de
1476 5664 1559 5705 eo.
1608 5650 1865 5718 Quaenam
1913 5667 2040 5721 ergo
2083 5662 2208 5707 sunt

618 5748 743 5808 qua:
787 5736 853 5793 de
900 5740 1120 5809 parvulo
1169 5740 1297 5799 Jesu
1346 5742 1481 5798 fututa
1532 5743 1902 5814 disperserat?
1952 5743 2204 5801 Pastores

2310 4631 2539 4697 sanabo,
2587 4640 2637 4686 et
2681 4646 2783 4685 non
2833 4639 2908 4684 est
2950 4632 3037 4699 qui
3086 4646 3141 4685 se
3192 4640 3343 4686 eruat
3388 4630 3449 4684 de
3499 4621 3683 4680 manibus

2313 4722 2491 4793 (Deut.
2528 4723 2735 4790 xxxu).
2768 4721 3009 4777 Audiunt
3035 4721 3307 4791 occidam,
3338 4730 3393 4777 et
3433 4734 3529 4775 non
3562 4710 3723 4769 audiunt
3741 4717 3783 4752 ιε·

2312 4814 2569 4883 eiﬁcabo;
2612 4813 2837 4868 audiunt
2882 4814 3193 4881 percutiam,
3239 4821 3297 4868 et
3338 4812 3515 4868 audire
3545 4798 3783 4863 contemnunt

2310 4918 2360 4962 et
2407 4923 2502 4979 ego
2548 4906 2764 4961 sanabo.
2820 4906 3121 4962 Istiusmodi
3171 4904 3541 4962 occasionibus
3579 4896 3783 4953 Creawrw

2312 4999 2730 5055 calumniantur.
2794 4997 2960 5067 igitur
3012 5006 3313 5067 antequam
3374 4996 3653 5063 interpreter
3690 4985 3784 5048 (im

2311 5104 2530 5146 sensum
2563 5088 2828 5156 habeant,
2874 5104 2966 5161 ego
3006 5090 3323 5158 interﬁciam
3362 5097 3409 5143 et
3448 5077 3690 5152 siriﬁcalo.
3719 5079 3787 5134 μετ’

2314 5188 2508 5239 cuttam
2536 5193 2585 5238 et
2627 5184 2850 5248 sonabo,
2879 5197 3146 5252 Opponam
3188 5182 3273 5237 eis
3314 5174 3640 5236 testimonium
3673 5161 3782 5261 Εγξιν

2310 5277 2438 5350 gelii
2458 5318 2473 5341 ,
2505 5277 2786 5347 dicamque
2816 5250 3097 5332 adversum
3130 5275 3438 5332 haereticos.
3470 5250 3784 5350 Innumeﬂbfl‘i

2315 5342 2513 5441 auippe
2561 5342 2795 5425 haereses
2843 5376 2970 5424 sunt
3022 5383 3139 5438 quae
3198 5363 3539 5438 Evangeliqu
3585 5342 3786 5411 secundum

2315 5464 2512 5520 Lucam
2547 5462 2837 5532 recipiunt.
2867 5462 2923 5517 Si
2969 5468 3259 5533 pr0pterea
3305 5464 3546 5515 cruentus
3582 5456 3626 5503 et
3652 5442 3786 5533 tam?“

2312 5556 2474 5626 iudex
2497 5600 2511 5622 ,
2542 5563 2597 5610 ct
2622 5530 2857 5611 crudelis
2885 5563 2968 5608 est
2997 5530 3285 5619 Conditor,
3318 5551 3438 5620 quia
3466 5542 3583 5603 dicit
3607 5557 3617 5592 ε
3645 5530 3788 5626 Εςοβῗ

2314 5612 2559 5715 iet-ﬁcium
2588 5655 2634 5700 et
2664 5645 2958 5713 eiviﬁcabo,
2992 5643 3281 5713 percutiam
3311 5653 3360 5697 et
3399 5636 3573 5695 sonabo
3592 5671 3606 5696 ,
3644 5612 3787 5715 mallit"

2314 5711 2607 5799 stissimum
2639 5711 2802 5798 estet
2834 5711 3015 5797 desum
3047 5736 3215 5809 ipsius
3262 5751 3383 5795 esse
3430 5730 3617 5791 Filium.
3656 5711 3785 5775 Εθάω
