3956 6342
226 345 351 404 “8!

1207 338 1669 397 HOMILIARIUS.
1702 370 1771 379 -—-
1814 336 1978 394 ΙΙΟΜ.
2014 339 2100 392 DE
2143 336 2489 392 TEMPORE.

3365 335 3501 393 “8'3

224 462 484 531 siquidem
516 459 584 514 de
610 474 675 513 eo
704 459 903 525 scripta
934 463 1057 510 sunt
1092 476 1102 508 :
1139 455 1271 510 Ecce
1298 456 1498 525 positus
1537 463 1611 508 est
1638 454 1720 507 hic
1755 454 1808 506 in
1837 463 1886 519 Α
1918 463 2043 508 ante
2073 460 2383 517 corruerat,
2418 464 2645 520 surgens
2678 448 2861 505 stabit.
2899 449 3127 505 Interior
3158 450 3320 505 homo
3350 465 3502 505 meus

223 554 421 607 ruinam
454 559 502 605 et
538 550 593 603 in
629 551 1046 603 resurrectionem
1075 546 1351 601 multorum
1383 548 1437 600 in
1470 544 1659 600 Israel.
1689 545 1806 600 Non

225 648 276 702 in
324 642 780 700 resurrectionem
827 648 1071 703 tantum,
1120 638 1215 693 sed
1262 649 1319 694 et
1365 638 1420 692 iu
1466 638 1700 692 ruinam.
1750 636 1804 692 Si

224 739 422 793 malum
453 744 535 789 est
566 732 901 802 interﬁcere,
936 732 1137 786 malum
1178 732 1248 785 sit
1287 740 1341 785 et
1385 730 1437 785 in
1480 731 1686 784 ruinam
1718 744 1807 785 ve-

224 827 357 882 nire.
386 823 529 893 Quid
561 822 1001 881 resoondebunt?
1036 818 1295 877 Utrumne
1322 820 1577 876 recedent
1603 836 1632 874 a
1664 820 1807 874 cultu

221 920 376 991 ejus,
405 935 473 974 an
505 927 750 989 quaerent
780 918 1013 988 aliquam
1063 916 1559 985 interpretationem
1582 957 1598 981 ,
1644 924 1697 971 et
1742 916 1809 970 ad

225 1012 553 1081 tropologias
581 1009 923 1079 confugient,
955 1017 1014 1062 ut
1042 1007 1184 1077 quod
1217 1007 1272 1062 in
1319 1007 1527 1062 ruinam
1571 1006 1807 1069 venerit,

221 1105 606 1174 benignitatem
657 1102 827 1172 magis
874 1110 1030 1156 sonet
1074 1116 1233 1170 quam
1276 1098 1692 1155 austeritatem?
1744 1098 1810 1152 Et

218 1196 494 1265 quomodo
538 1196 740 1263 justum
794 1195 927 1259 erit,
981 1191 1195 1261 quando
1246 1190 1369 1261 quid
1415 1191 1468 1245 in
1518 1189 1809 1260 Evangelia

219 1288 495 1356 reperitur
528 1285 667 1350 tale,
700 1283 765 1339 ad
808 1283 1094 1352 allegorias
1132 1291 1185 1337 et
1226 1297 1391 1337 novas
1430 1282 1810 1351 intelligendas

216 1379 514 1450 confugere
542 1396 556 1444 ;
588 1378 801 1448 quando
831 1392 958 1432 vero
988 1376 1039 1430 in
1072 1376 1253 1431 Veteri
1286 1374 1633 1432 Testamento
1652 1416 1668 1442 ,
1702 1385 1807 1431 sta-

219 1473 317 1527 tim
368 1486 662 1541 accusare,
712 1481 766 1527 et
810 1472 1012 1526 nullam
1059 1472 1529 1541 explanationem,
1562 1472 1808 1541 quamvis

213 1564 518 1633 probabilis
546 1565 657 1630 sit,
689 1563 973 1633 recipere?
1000 1562 1103 1619 Sed
1137 1571 1191 1618 et
1221 1563 1323 1617 hoc
1351 1562 1488 1631 quod
1521 1562 1763 1635 sequitur
1792 1582 1803 1616 :

210 1656 281 1711 In
315 1658 577 1729 judicium
625 1672 715 1726 ego
757 1658 871 1711 veni
912 1657 966 1710 in
1007 1656 1259 1710 mundum
1286 1658 1473 1724 istum,
1506 1666 1691 1711 utnon
1722 1659 1809 1711 vi-

208 1750 394 1803 dentes
434 1749 669 1812 videant,
717 1757 766 1801 et
809 1750 896 1817 qui
940 1748 1148 1817 vident,
1193 1749 1316 1803 ca'ci
1358 1749 1520 1817 ﬁant,
1566 1752 1807 1818 quamvis

1910 547 2181 616 quondam
2213 546 2427 617 iacebat
2453 546 2617 600 elisus
2641 588 2657 613 ,
2690 553 2745 600 et
2774 543 3014 600 exterior
3040 544 3219 598 stabat
3259 554 3500 599 erectus.

1909 638 2209 708 Antequam
2240 637 2517 692 crederem
2546 635 2600 690 iu
2629 636 2811 691 Jesum
2834 676 2848 700 ,
2882 635 3079 689 bonum
3124 634 3176 688 in
3224 650 3310 689 me
3350 636 3500 704 jace-

1912 730 2003 785 bat
2024 770 2039 795 ,
2072 730 2273 785 malum
2305 728 2501 783 stabat.
2534 728 2827 797 Postquam
2855 727 2947 782 ille
2977 734 3126 781 venit
3149 766 3165 791 ,
3196 735 3322 781 tunc
3362 726 3502 795 quod

1910 821 1962 874 in
1993 835 2081 875 me
2108 820 2308 874 malum
2338 821 2513 875 fuerat
2536 820 2776 885 corruit,
2805 829 2857 874 et
2896 818 3169 889 expletum
3211 827 3292 872 est
3334 818 3458 873 illud
3485 835 3501 872 :

1911 910 2125 977 Semper
2152 909 2593 977 mortiﬁcationem
2617 908 2743 964 Jesu
2767 910 2821 963 in
2847 924 3058 976 corpore
3082 917 3266 964 vestro
3286 909 3502 961 circum-

1910 1005 2128 1071 ferentes
2158 1002 2179 1070 (
2206 998 2267 1054 Il
2299 1000 2419 1056 Cor.
2452 1016 2507 1055 iv
2532 1000 2575 1072 ).
2611 1001 2677 1056 Et
2710 1000 2839 1055 illud
2872 1019 2885 1054 ε
2919 1000 3235 1070 Mortiﬁcate
3277 1002 3503 1054 membra

1910 1102 2074 1146 vestra
2101 1108 2217 1161 qua
2243 1101 2362 1145 sunt
2391 1108 2546 1161 super
2576 1101 2765 1146 terram
2784 1133 2799 1158 ,
2831 1093 3222 1162 fornicationem
3242 1132 3257 1158 ,
3286 1093 3503 1145 immun-

1912 1183 2121 1248 ditiam,
2156 1183 2454 1248 luxuriam,
2494 1182 2839 1236 idololatriam
2863 1223 2878 1248 ,
2920 1183 3193 1249 veneﬁcia,
3228 1191 3332 1236 etc.
3364 1180 3500 1250 (Col.

1913 1272 2028 1343 ιιι).
2060 1271 2261 1326 llorum
2293 1273 2536 1327 omnium
2566 1273 2708 1327 utilis
2738 1272 2887 1327 ruina
2917 1273 3050 1325 facta
3081 1282 3182 1327 est.
3214 1272 3273 1326 Et
3307 1273 3374 1326 de
3404 1273 3503 1326 hac

1916 1366 2066 1418 ruina
2100 1364 2299 1420 dicitur
2324 1382 2337 1417 :
2373 1364 2673 1435 Ubicunque
2700 1366 2851 1435 fuerit
2882 1366 3121 1430 cadaver,
3150 1365 3257 1418 illic
3286 1381 3494 1435 congreo

1911 1455 2171 1526 gabuntur
2217 1456 2410 1526 aquilae
2458 1455 2620 1528 (Job.
2656 1457 2900 1527 xxxix).
2951 1457 3194 1513 Cadaver
3236 1458 3430 1527 quippe
3473 1476 3500 1512 a

1912 1560 2042 1602 casu
2094 1561 2290 1601 nomen
2320 1549 2548 1616 accepit.
2583 1548 2728 1603 Bona
2760 1558 2846 1603 est
2876 1549 2990 1603 hinc
3021 1550 3211 1615 ruina,
3244 1551 3307 1602 ad
3342 1565 3501 1618 quam

1915 1636 2146 1706 primum
2182 1638 2324 1692 venit
2349 1637 2539 1705 Jesus,
2576 1654 2674 1695 nec
2718 1648 2896 1709 potest
2926 1640 3103 1695 facere
3145 1630 3499 1697 resurrectio-

1915 1748 2070 1798 nem,
2119 1732 2217 1788 nisi
2265 1733 2417 1788 ruina
2465 1736 2822 1804 praecesserit.
2858 1736 3013 1790 Venit
3055 1747 3179 1791 ante
3222 1737 3504 1793 destruere

208 1847 466 1910 quaerant
498 1850 554 1895 ut
588 1839 924 1907 edisserant,
961 1840 1188 1908 implere
1234 1854 1338 1894 non
1384 1850 1652 1908 poterunt.
1698 1841 1804 1909 Ego

1912 1826 2052 1894 quod
2084 1826 2136 1880 in
2167 1841 2254 1881 me
2284 1827 2481 1881 malum
2514 1827 2641 1894 fuit,
2672 1839 2759 1895 ut,
2788 1828 2873 1883 illo
2902 1829 3174 1885 destructo
3199 1841 3254 1885 et
3283 1832 3503 1886 mortifi-

207 1947 347 1987 vero
379 1934 468 2001 qui
499 1940 625 2001 opto
654 1946 775 1987 esse
818 1931 1249 1996 ecclesiasticus,
1281 1939 1335 1985 et
1377 1945 1479 1984 non
1522 1931 1590 1984 ab
1633 1930 1806 1984 luere-

202 2021 428 2077 siarcha
473 2022 684 2091 aliquo,
728 2022 821 2076 sed
864 2036 892 2076 a
932 2021 1132 2076 Christi
1175 2020 1433 2076 vocabulo
1475 2021 1803 2089 nuncupari,

201 2124 259 2169 et
296 2114 499 2169 habere
528 2128 721 2168 nomen
750 2112 889 2182 quod
918 2112 1267 2168 benedicetur
1291 2126 1452 2180 super
1480 2120 1715 2177 terram,
1754 2122 1809 2166 et

200 2203 374 2270 cupio
404 2211 511 2256 tam
540 2217 704 2272 opere
729 2217 890 2272 quam
920 2216 1082 2257 sensu
1112 2210 1167 2257 et
1192 2217 1309 2256 esse
1338 2212 1391 2258 et
1419 2202 1519 2255 dici
1548 2202 1804 2255 Christia.

199 2308 349 2359 nus,
397 2296 654 2363 aequalem
698 2305 751 2349 et
794 2296 848 2349 in
902 2294 1068 2350 veteri
1099 2294 1233 2350 etin
1282 2309 1416 2349 nova
1462 2295 1579 2365 lege
1625 2311 1807 2363 quer

201 2385 503 2438 rationem.
540 2384 800 2454 Loquitur
830 2384 1008 2439 Deus:
1045 2385 1158 2454 Ego
1185 2386 1523 2441 interliciam.
1558 2386 1810 2442 Libenter

208 2478 397 2532 habeo
424 2489 480 2531 ut
506 2476 819 2532 interficiar.
846 2478 1067 2543 Quando
1094 2479 1235 2533 enim
1268 2486 1419 2534 vetus
1448 2478 1499 2533 in
1527 2493 1611 2531 me
1642 2478 1804 2533 homo

198 2578 289 2625 est
312 2613 332 2636 ,
366 2578 421 2624 et
445 2571 565 2624 vivo
594 2568 770 2624 adhuc
800 2570 951 2639 quasi
981 2568 1143 2623 homo
1165 2612 1177 2635 ,
1208 2572 1366 2638 cupio
1410 2578 1468 2624 ut
1506 2569 1715 2624 occidat
1755 2570 1808 2624 iu

198 2679 293 2720 me
336 2664 475 2718 Deus
503 2672 737 2718 veterem
772 2664 1074 2728 hominem,
1101 2673 1154 2717 et
1183 2663 1416 2718 vivilicet
1456 2678 1541 2717 me
1568 2678 1631 2717 ex
1661 2678 1810 2717 mor-

199 2756 343 2810 tuis.
380 2752 590 2808 Primus
618 2755 759 2809 enim
781 2796 795 2819 ,
826 2753 934 2821 ait,
968 2754 1121 2807 homo
1148 2755 1210 2807 de
1237 2765 1393 2819 terra,
1430 2764 1657 2809 terrenus
1684 2770 1703 2820 ;
1728 2771 1808 2809 se-

195 2847 416 2901 cundus
438 2847 594 2899 homo
619 2846 682 2900 de
710 2845 868 2913 caelo,
898 2846 1133 2900 caelestis.
1160 2846 1305 2901 Sicut
1334 2848 1644 2914 portavimus
1673 2848 1805 2901 ima-

195 2940 383 3011 ginem
424 2939 642 3005 terreni,
685 2948 939 3011 portemus
975 2950 1021 2993 et
1061 2940 1331 3010 imaginem
1371 2942 1585 2995 caelestis
1616 2939 1669 3011 (1
1688 2940 1807 2995 Cor.

196 3046 311 3095 xv,
342 3029 519 3085 47-49
544 3031 584 3099 ).
623 3030 925 3086 Secundum
970 3031 1111 3087 hunc
1148 3046 1365 3087 sensum
1412 3031 1727 3102 intelligitur
1753 3042 1808 3087 et

194 3123 345 3178 illud
372 3140 385 3175 :
421 3121 769 3190 Injudicium
798 3139 888 3191 ego
919 3125 1030 3177 veni
1060 3126 1111 3176 in
1141 3124 1387 3176 mundum
1416 3124 1600 3187 istum,
1634 3135 1687 3177 ut
1718 3124 1806 3190 qui

1910 1927 2062 1982 Cato,
2109 1927 2392 1988 consurgat
2439 1918 2490 1973 in
2541 1934 2660 1985 me,
2707 1928 2761 1974 et
2809 1920 3105 1975 vivificetur
3134 1921 3185 1975 id
3216 1922 3357 1990 quod
3404 1921 3499 1975 bo-

1911 2028 2037 2067 num
2077 2023 2193 2077 est,
2240 2021 2298 2067 ut
2332 2028 2722 2082 consequamur
2764 2014 2814 2068 iu
2858 2029 2923 2070 eo
2965 2028 3186 2084 regnum
3217 2016 3497 2070 ctelorum.

1910 2101 2081 2158 Lucas
2111 2101 2326 2172 scripsit
2354 2120 2366 2155 :
2402 2103 2628 2172 Spiritus
2657 2113 2864 2158 sanctus
2892 2106 3208 2174 superveniet
3237 2106 3292 2158 in
3335 2114 3411 2171 te,
3455 2115 3504 2158 et

1910 2196 2071 2250 virtus
2114 2197 2370 2250 Altissimi
2399 2197 2717 2252 obumbrabit
2747 2199 2836 2252 tibi
2864 2213 2884 2252 :
2917 2209 3124 2268 propter
3153 2200 3248 2252 hoc
3279 2209 3326 2252 et
3365 2200 3503 2266 quod

1912 2296 2092 2341 natum
2123 2288 2276 2355 fuerit
2309 2298 2570 2356 sanctum,
2604 2291 2867 2343 vocabitur
2898 2288 3071 2344 Filius
3106 2289 3201 2343 Dei
3230 2290 3395 2363 (Luc.
3428 2289 3502 2360 ι).

1913 2380 1984 2433 Et
2034 2381 2125 2448 qui
2178 2381 2460 2436 manifeste
2521 2382 2674 2436 nobis
2742 2382 2901 2437 tradit
2968 2384 3218 2454 quoniam
3269 2384 3505 2453 Virginis

1917 2470 2061 2524 filius
2089 2470 2187 2525 fuit
2214 2470 2401 2537 Jesus,
2434 2487 2532 2527 nec
2564 2473 2631 2528 de
2673 2473 2908 2530 humano
2948 2486 3238 2543 conceptus
3282 2486 3366 2531 est
3407 2490 3496 2531 se-

1920 2562 2093 2627 mine,
2126 2563 2227 2618 iste
2257 2574 2460 2631 patrem
2508 2563 2626 2634 ejus
2682 2566 2732 2619 in
2759 2564 3057 2621 Jerusalem
3097 2568 3297 2634 Joseph
3331 2577 3495 2622 testa-

1914 2660 1999 2707 tus
2044 2662 2157 2720 est,
2205 2652 2394 2710 dicens
2425 2673 2437 2707 :
2488 2654 2556 2708 Et
2603 2666 2707 2711 erat
2752 2667 2895 2725 pater
2922 2659 3032 2726 ejus
3059 2668 3108 2712 et
3140 2668 3300 2711 mater
3328 2660 3498 2711 admi—

1911 2755 2082 2802 rantes
2125 2763 2274 2817 super
2317 2748 2396 2800 his
2438 2764 2551 2817 qua:
2593 2749 2893 2803 dicebantur
2936 2752 2998 2805 de
3042 2767 3122 2805 eo.
3170 2752 3298 2817 Quae
3344 2751 3506 2820 igitur

1912 2850 2071 2892 causa
2119 2838 2329 2892 exstitit
2378 2848 2434 2893 ut
2479 2854 2601 2894 eum
2646 2840 2737 2908 qui
2785 2849 2935 2908 pater
2979 2857 3082 2894 non
3130 2841 3262 2906 fuit,
3298 2851 3501 2909 patrem

1912 2944 2033 2986 esse
2068 2934 2436 2987 memoraret?
2462 2933 2561 2998 Qui
2591 2933 2820 3002 simplici
2851 2934 3190 3002 expositione
3216 2944 3499 2988 contentus

1911 3030 2035 3085 est,
2066 3023 2242 3079 dicit:
2292 3024 2587 3080 llonorarit
2634 3041 2754 3080 eum
2801 3025 3030 3096 Spiritus
3074 3035 3291 3082 sanctus
3338 3027 3502 3095 patris

1914 3116 2207 3183 vocabulo,
2243 3117 2364 3185 quia
2397 3118 2656 3173 nutrierat
2682 3116 3042 3173 Salvatorem.
3074 3118 3173 3183 Qui
3208 3127 3386 3172 autem
3418 3118 3494 3171 al-

193 3229 313 3268 uon
348 3213 521 3268 vident
549 3214 783 3280 videant,
818 3225 863 3268 et
892 3214 981 3284 qui
1007 3214 1177 3267 vident
1206 3214 1326 3268 ι·ωεὶ
1352 3215 1503 3282 ﬁant.
1532 3215 1804 3270 Habemus

1918 3207 2023 3261 tius
2048 3208 2246 3277 aliquid
2266 3184 2513 3277 inquirit,
2541 3219 2717 3279 potest
2743 3210 2953 3264 dicere:
2983 3211 3247 3276 Quoniam
3276 3224 3494 3278 genera-

192 3304 253 3359 in
290 3304 459 3359 nobis
489 3318 678 3359 omnes
718 3304 965 3359 homines
993 3312 1048 3359 ct
1074 3316 1348 3373 aspectum
1391 3313 1446 3360 et
1482 3307 1803 3360 caecitatem.

187 3396 383 3452 Adam
427 3395 672 3463 videbat,
706 3406 759 3450 et
800 3410 907 3450 non
950 3395 1183 3451 videbat.
1234 3396 1342 3449 Eva
1391 3411 1605 3465 quoque
1654 3405 1801 3451 ante-

184 3505 374 3561 quam
421 3490 757 3558 aperirentur
808 3489 948 3544 oculi
1001 3490 1150 3557 ejus,
1200 3488 1399 3544 vidisse
1448 3489 1797 3544 describitur.

192 3580 394 3645 Vidit,
430 3579 633 3648 inquit,
678 3580 870 3634 mulier
914 3580 1115 3649 lignum
1160 3582 1279 3649 quia
1328 3580 1525 3634 bonum
1569 3589 1686 3635 erat
1730 3582 1794 3633 ad

186 3670 647 3736 comedendum,
697 3678 752 3724 et
802 3671 1061 3740 optimum
1110 3670 1280 3726 oculis
1323 3671 1389 3726 ad
1439 3674 1801 3737 vescendum,

183 3772 250 3818 et
320 3763 520 3819 tollens
572 3763 639 3817 de
678 3763 855 3817 fructu
904 3763 1031 3831 ligni
1075 3763 1340 3831 comedit,
1388 3771 1443 3817 et
1486 3763 1633 3818 dedit
1689 3764 1804 3817 viro

180 3870 302 3909 suo
331 3893 352 3921 ,
400 3862 456 3908 et
499 3853 850 3909 comederunt
894 3852 1071 3924 (Gen.
1118 3856 1234 3923 ιιι).
1268 3854 1430 3922 Igitur
1480 3869 1585 3908 non
1640 3862 1795 3907 erant

179 3943 345 4000 crci
368 3984 383 4008 ,
412 3943 508 3999 sed
538 3943 814 3999 videbant.
842 3943 1044 3999 Deinde
1074 3943 1315 4013 sequitur
1341 3961 1352 3997 :
1385 3944 1452 3998 Et
1480 3946 1650 4014 aperti
1679 3952 1804 3997 sunt

176 4035 357 4091 oculi
399 4049 623 4104 eorum,
663 4050 793 4105 ergo
836 4037 964 4091 caeci
1007 4036 1251 4100 fuerant,
1281 4045 1470 4091 etnon
1513 4036 1799 4103 videbant,

176 4142 444 4199 quorum
473 4128 613 4184 oculi
643 4136 827 4197 postea
856 4139 981 4182 sunt
1011 4128 1180 4197 aperti
1206 4129 1227 4181 fl
1254 4129 1362 4184 Sed
1393 4129 1480 4197 qui
1512 4129 1649 4183 bene
1678 4137 1804 4184 aute

182 4221 505 4286 viderant,
550 4229 832 4289 postquam
872 4220 1183 4275 mandatum
1226 4220 1442 4276 Domini
1484 4220 1801 4289 transgressi

175 4321 340 4371 sunt
361 4352 376 4379 ,
407 4321 690 4382 ceperunt
717 4312 903 4367 videre
930 4313 1100 4381 male,
1131 4318 1187 4368 et
1225 4322 1500 4382 aspectum
1541 4310 1799 4367 obedien-

178 4408 294 4462 tia:
331 4405 676 4475 subripiente
705 4406 935 4473 delicto,
971 4416 1149 4475 postea
1185 4405 1551 4475 perdiderunt.
1586 4406 1696 4476 Ego
1724 4406 1803 4461 sic

175 4498 459 4568 intelligo
485 4507 540 4554 et
571 4498 701 4553 illud
724 4500 865 4568 quod
892 4497 1022 4553 dicit
1050 4499 1307 4553 Dominus
1332 4516 1344 4552 :
1383 4498 1507 4565 Quis
1536 4497 1662 4553 fecit
1688 4514 1802 4551 mu-

170 4605 313 4648 tum
352 4600 403 4646 et
433 4592 650 4646 surdum
669 4632 685 4656 ,
716 4594 968 4647 videntem
998 4601 1044 4646 et
1074 4592 1314 4646 crucum?
1344 4591 1532 4646 Nonne
1559 4606 1653 4659 ego
1698 4592 1801 4646 Do-

170 4687 397 4743 minus
427 4683 571 4738 Deus
599 4685 618 4754 (
646 4682 819 4739 Exod.
850 4698 904 4739 tv
929 4682 989 4754 )2
1034 4682 1129 4738 Est
1156 4683 1345 4738 oculus
1377 4683 1651 4751 corporis,
1685 4696 1805 4736 cum

169 4795 313 4850 quo
358 4786 568 4832 terrena
598 4777 698 4833 ista
728 4778 1110 4847 conspicimus,
1139 4777 1329 4831 oculus
1357 4776 1650 4831 secundum
1685 4790 1808 4830 scn-

165 4885 326 4924 sum
365 4868 567 4923 carnis.
598 4867 673 4923 De
698 4884 805 4938 quo
833 4868 991 4924 oculo
1021 4870 1099 4922 ait
1130 4868 1406 4936 Scriptura
1431 4886 1443 4922 :
1479 4865 1703 4921 Frustra
1731 4868 1812 4923 in-

166 4962 414 5017 cedens
435 4997 451 5023 ,
481 4968 531 5013 et
560 4960 775 5029 inﬂatus
804 4975 954 5013 sensu
983 4960 1154 5013 carnis
1188 4961 1207 5029 (
1233 4958 1349 5014 Col.
1380 4974 1415 5013 ιι
1440 4958 1481 5030 ).
1513 4959 1610 5013 Cui
1641 4959 1805 5014 habe-

164 5065 333 5107 mus
378 5052 546 5106 alium
589 5053 955 5123 contrarium,
988 5061 1042 5109 et
1071 5053 1345 5108 meliorem
1377 5052 1560 5108 divina
1589 5054 1806 5121 sapien-

166 5155 315 5199 tem
344 5180 360 5206 ,
407 5143 532 5212 quia
576 5143 667 5213 qui
706 5157 883 5198 caecus
929 5143 983 5198 in
1024 5143 1178 5198 nobis
1205 5152 1357 5210 erat,
1388 5147 1532 5199 venit
1564 5143 1720 5200 Jesus
1751 5152 1809 5199 ut

162 5235 421 5291 faceret
451 5248 575 5289 eum
606 5234 823 5300 videre,
862 5244 918 5289 ut
957 5236 1046 5305 qui
1088 5252 1194 5290 nou
1236 5236 1493 5291 videbant
1522 5238 1804 5306 viderent,

160 5335 237 5381 et.
276 5322 388 5393 qui
417 5323 672 5379 videbant
711 5324 840 5380 caeci
880 5326 1091 5381 fierent.
1132 5325 1289 5381 Juxta
1334 5326 1474 5381 hunc
1513 5342 1642 5396 ergo
1682 5342 1808 5383 seu-

162 5428 332 5471 sum
363 5453 377 5477 ,
403 5422 459 5469 et
481 5414 585 5470 hoc
615 5416 757 5487 quod
788 5430 931 5472 nunc
959 5418 1013 5472 in
1044 5418 1294 5473 manibus
1324 5418 1611 5486 habemus,
1647 5419 1804 5476 intel-

166 5503 489 5575 ligendum
533 5514 658 5562 est:
692 5506 826 5562 Ecce
863 5508 956 5561 iste
991 5510 1184 5576 positus
1224 5517 1295 5562 est
1334 5510 1388 5562 in
1428 5510 1629 5563 ruinam
1670 5520 1717 5565 et
1755 5512 1808 5565 in

162 5596 644 5652 resurrectionem
673 5598 953 5653 multorum
982 5600 1034 5653 in
1064 5598 1255 5654 Israel.
1289 5599 1471 5655 llabeo
1513 5603 1712 5671 aliquid
1756 5605 1806 5659 in

164 5703 291 5746 me
334 5688 480 5753 quod
514 5689 654 5746 male
682 5698 789 5745 stat
813 5700 869 5747 et
891 5691 1094 5760 peccati
1120 5693 1370 5761 superbia
1400 5706 1459 5747 se
1485 5694 1680 5763 erigit?
1710 5695 1809 5751 hoc

162 5780 419 5845 cadat,
467 5781 569 5838 hoc
613 5783 915 5841 subruatur.
965 5784 1117 5853 Quod
1164 5783 1210 5841 si
1253 5766 1503 5843 ceciderit
1569 5786 1622 5843 id
1666 5790 1809 5858 quod

1915 3300 2076 3354 tionis
2104 3299 2241 3355 ordo
2269 3316 2296 3355 a
2331 3300 2497 3355 David
2529 3301 2595 3355 ad
2626 3300 2827 3372 Josepli
2874 3317 3044 3371 usque
3087 3302 3391 3369 deducitur,
3430 3317 3499 3357 ne

1911 3391 2184 3447 videretur
2227 3391 2427 3461 Joseph
2471 3392 2665 3448 frustra
2712 3394 3004 3459 nominari,
3047 3396 3169 3464 quia
3214 3406 3362 3464 pater
3392 3409 3499 3452 non

1913 3481 2011 3536 fuit
2038 3482 2352 3548 Salvatoris,
2385 3491 2442 3539 ut
2469 3485 2830 3553 generationis
2862 3486 2995 3539 ordo
3026 3486 3250 3542 haberet
3281 3488 3456 3543 locum
3478 3529 3493 3554 ,

1913 3586 2062 3645 pater
2103 3579 2403 3646 appellatus
2452 3588 2536 3633 est
2582 3579 2813 3634 Domini.
2866 3580 3282 3635 Admirabantur
3335 3581 3495 3651 igitur

1912 3678 2062 3737 pater
2105 3669 2250 3725 illius
2300 3680 2354 3724 et
2400 3682 2571 3725 mater
2617 3686 2778 3740 super
2807 3671 2889 3726 his
2922 3687 3041 3741 qua:
3072 3673 3386 3727 dicebantur
3430 3674 3498 3728 de

1910 3776 1977 3816 eo
2008 3771 2113 3816 tam
2144 3763 2212 3816 ab
2243 3763 2431 3831 angelo
2461 3778 2618 3833 quam
2649 3778 2677 3817 a
2711 3764 3047 3820 multitudine
3078 3766 3313 3821 caelestis
3343 3780 3497 3821 exer-

1908 3855 2066 3921 citus,
2095 3870 2297 3910 necnon
2326 3866 2380 3910 et
2407 3871 2435 3907 a
2470 3856 2789 3926 pastoribus.
2813 3856 3002 3912 Omnia
3031 3858 3229 3928 quippe
3257 3859 3371 3914 haec
3400 3874 3497 3913 au-

1909 3945 2137 4010 dientes,
2166 3946 2643 4002 vehementissime
2669 3947 3093 4003 admirabantur.
3124 3948 3327 4003 Deinde
3351 3948 3496 4004 Scri-

1911 4046 2063 4106 ptura
2094 4037 2169 4091 ait
2198 4054 2210 4089 :
2244 4035 2517 4092 Benedixit
2546 4039 2618 4093 eis
2648 4039 2859 4094 Simeon
2881 4082 2896 4107 ,
2929 4049 2975 4095 et
3006 4042 3137 4095 dixit
3168 4042 3237 4095 ad
3270 4040 3494 4096 Mariam

1907 4139 2123 4181 matrem
2152 4130 2264 4197 ejus
2288 4144 2307 4182 :
2339 4127 2471 4184 Ecce
2498 4135 2591 4183 iste
2630 4129 2827 4202 positus
2870 4141 2944 4185 est
2994 4132 3046 4185 in
3090 4133 3295 4187 ruinam
3345 4142 3394 4187 et
3442 4134 3497 4186 iu

1909 4219 2327 4273 resurrectionem
2357 4218 2635 4275 multorum
2666 4224 2719 4276 in
2749 4220 2954 4290 Israel,
2988 4233 3035 4278 et
3064 4224 3116 4277 in
3159 4241 3362 4296 signum
3410 4228 3495 4279 cui

1908 4311 2306 4366 contradicetur.
2367 4312 2433 4367 Et
2486 4324 2628 4368 tuam
2682 4316 2845 4384 ipsius
2894 4318 3121 4371 animam
3168 4318 3497 4388 pertransibit

1911 4402 2121 4473 gladius
2138 4444 2153 4470 ,
2181 4412 2235 4457 ut
2264 4406 2545 4459 revelentur
2569 4422 2636 4461 ea:
2666 4408 2839 4462 multis
2867 4409 3106 4465 cordibus
3132 4413 3489 4481 cogitationes.

1908 4494 2187 4562 Quomodo
2201 4494 2442 4551 Salvator
2460 4496 2512 4553 in
2529 4497 2734 4553 ruinam
2748 4499 2864 4555 etin
2890 4502 3335 4558 resurrectionem
3350 4503 3487 4558 mul-

1912 4594 2084 4641 torum
2110 4586 2337 4653 venerit,
2354 4590 2845 4658 contemplandum.
2871 4591 2969 4658 Qui
2988 4592 3304 4663 simpliciter
3333 4609 3499 4664 expo-

1914 4678 2011 4743 nit,
2038 4686 2212 4747 potest
2241 4678 2418 4733 dicere
2448 4678 2501 4733 iu
2532 4680 2743 4734 ruinam
2770 4696 2893 4736 eum
2938 4682 3150 4739 venisse
3181 4684 3494 4752 infidelium,

1913 4777 1969 4823 et
1995 4767 2047 4823 in
2078 4769 2529 4825 resurrectionem
2570 4772 2923 4829 credentium.
2953 4776 3053 4842 Qui
3096 4792 3224 4831 vero
3253 4778 3500 4832 curiosus

1916 4862 2186 4931 interpres
2214 4870 2329 4926 est,
2363 4862 2494 4917 dicit
2524 4879 2862 4934 nequaquam
2894 4883 3017 4922 eum
3048 4869 3243 4923 cadere
3264 4870 3352 4937 qui
3374 4878 3503 4924 aute

1917 4966 2022 5007 non
2054 4954 2289 5007 steterit.
2327 4953 2398 5008 Da
2431 4954 2561 5009 milii
2594 4956 2754 5025 igitur
2782 4956 2872 5025 qui
2906 4956 3064 5014 fuerit
3094 4959 3185 5013 ille
3216 4959 3305 5027 qui
3335 4967 3501 5013 stete-

1923 5046 2032 5108 rit,
2074 5054 2128 5099 et
2157 5043 2210 5098 in
2240 5045 2394 5115 cujus
2425 5047 2634 5101 ruinam
2667 5048 2913 5105 Salvator
2940 5050 3257 5115 advenerit,
3293 5066 3502 5108 necnon

1918 5147 1973 5193 et
2000 5153 2121 5192 eum
2151 5140 2240 5208 qui
2270 5142 2566 5211 consurgit.
2599 5141 2730 5197 Nam
2766 5145 2855 5199 ille
2884 5145 3071 5215 utique
3098 5146 3377 5216 consurgit
3405 5149 3495 5216 qui

1917 5238 2041 5285 ante
2066 5240 2367 5287 corruerat.
2399 5233 2698 5290 Videndum
2728 5245 2811 5292 est
2840 5238 3018 5307 itaque
3050 5254 3116 5293 ne
3147 5238 3283 5293 forte
3315 5238 3501 5296 Salva-

1916 5334 2021 5395 tor,
2055 5340 2158 5381 non
2204 5327 2323 5384 aliis
2350 5336 2511 5399 atque
2538 5330 2657 5385 aliis
2703 5341 2758 5386 et
2802 5333 2852 5385 in
2905 5333 3111 5387 ruinam
3161 5334 3401 5399 venerit,
3448 5342 3503 5387 et

1912 5417 1970 5474 iu
1999 5423 2474 5490 resurrectionem,
2507 5424 2600 5479 sed
2631 5425 2830 5481 eisdem
2870 5437 2923 5480 et
2965 5425 3017 5481 iu
3063 5428 3269 5481 ruinam
3323 5437 3374 5482 et
3420 5441 3505 5481 re-

1913 5510 2303 5567 surrectionem
2336 5515 2564 5569 venerit.
2600 5513 2666 5569 In
2684 5516 2944 5587 judicium
2964 5557 2981 5583 ,
3013 5520 3118 5583 ait,
3149 5533 3241 5588 ego
3268 5521 3412 5583 veni,
3450 5530 3505 5571 ut

1910 5604 1998 5673 qui
2027 5621 2129 5658 non
2160 5605 2395 5660 videbant
2424 5606 2667 5676 videant,
2700 5619 2749 5662 et
2789 5611 2874 5679 qui
2920 5611 3152 5664 videbant
3198 5614 3319 5664 caeci
3368 5611 3501 5679 [iant

1914 5698 2099 5769 (Joan.
2134 5699 2247 5771 ix).
2284 5700 2379 5756 Est
2409 5701 2552 5757 enim
2599 5702 2740 5758 aliud
2790 5704 2841 5759 in
2888 5706 3042 5759 nobis
3091 5705 3231 5773 quod
3285 5703 3504 5757 videbat

1916 5792 2062 5863 prius
2106 5800 2161 5851 et
2206 5803 2393 5862 postea
2439 5794 2621 5855 videre
2654 5797 2873 5866 desivit,
2918 5808 2969 5854 et
3013 5798 3153 5854 aliud
3199 5795 3339 5865 quod
3385 5808 3493 5850 non
