3956 6342
576 328 711 387 “83

1472 320 1669 377 PAULI
1711 319 1979 375 DIACOM
2019 318 2170 375 OPI’.
2214 318 2386 374 PARS
2428 320 2487 374 il.
2531 351 2599 361 —
2638 320 2995 378 ASCETICA.
3617 339 3711 400 μω

572 442 787 499 videbat
834 448 889 495 et
933 445 1115 508 postea
1149 434 1329 491 videre
1362 434 1543 503 coepit.
1578 433 1736 489 Verbi
1765 432 1933 502 gratia
1963 448 1975 484 :
2014 429 2149 486 Nolo
2184 431 2227 488 Α
2258 446 2389 483 mam
2430 434 2755 502 pertransibit
2797 433 3026 503 gladius.
3066 432 3215 487 Nulla
3249 434 3390 492 docet
3425 440 3600 500 historia
3630 448 3717 505 bes.

573 534 759 589 videre
790 533 896 588 illis
931 531 1100 586 oculis
1128 527 1321 597 quibus
1362 536 1486 581 ante
1517 540 1623 579 non
1651 524 1935 590 videbam,
1965 532 2021 578 et
2060 523 2151 592 qui

578 628 711 683 mihi
743 635 925 697 postea
952 623 1173 678 reserati
1219 630 1379 684 sunt,
1410 618 1659 688 quoniam
1693 626 1811 686 post
1836 615 2151 671 iuobedien-

573 719 702 775 tiam
733 716 903 773 Adam
934 726 985 770 et
1020 714 1145 767 Evse
1177 712 1312 767 oculi
1343 720 1467 765 sunt
1497 710 1699 777 aperti,
1740 707 1807 761 de
1837 706 2030 776 quibus
2063 720 2155 759 su-

574 810 778 882 periuri
808 825 1057 867 sermone
1087 806 1454 861 tractavimus.
1487 803 1639 857 Nunc
1671 811 1848 855 autem
1882 801 2153 867 interpre-

575 905 795 959 tandum
826 902 957 971 quid
988 900 1091 954 sibi
1122 898 1379 953 velit'hoc
1410 896 1552 963 quod
1583 895 1657 947 ait
1689 910 1700 944 :
1738 890 1869 944 Ecce
1898 891 1980 942 life
2010 890 2150 958 posi-

581 1007 664 1050 tus
695 1004 765 1048 est
794 995 847 1046 in
878 991 1078 1045 ruinam
1099 1033 1113 1056 ,
1144 999 1194 1042 et
1233 987 1285 1039 in
1324 984 1748 1039 resurrectionem
1790 980 2070 1032 multorum
2104 979 2156 1031 in

578 1085 764 1141 Israel.
800 1083 881 1138 Me
911 1087 1123 1150 oportet
1150 1078 1377 1148 primum
1410 1075 1624 1139 cadere,
1656 1081 1709 1126 et
1738 1086 1860 1124 cum
1891 1067 2156 1134 cecidero,

578 1186 761 1246 postea
794 1174 930 1228 bene
957 1185 1206 1240 surgere,
1253 1184 1319 1222 ne
1364 1168 1610 1224 Salvator
1657 1164 1785 1219 mihi
1819 1162 1976 1216 fuerit
2002 1174 2160 1215 causa

578 1272 733 1325 malm
763 1268 951 1323 ruinte.
982 1265 1089 1320 Sed
1121 1273 1401 1333 pr0pterea
1446 1260 1642 1315 cadere
1684 1274 1768 1312 me
1798 1256 1917 1311 fecit
1953 1264 2009 1309 ut
2034 1268 2161 1307 con-

574 1374 827 1428 surgam,
858 1366 913 1410 et
941 1355 1111 1409 multo
1158 1353 1288 1407 mihi
1334 1351 1486 1404 ruina
1537 1350 1715 1403 utilior
1757 1345 1949 1410 fuerit,
2000 1357 2159 1412 quam

573 1451 704 1506 illud
738 1459 945 1517 tempus
973 1461 1081 1517 quo
1112 1455 1236 1501 ante
1266 1444 1485 1498 videbar
1530 1454 1696 1497 stare.
1747 1441 1967 1496 Staham
2014 1440 2158 1492 enim

573 1542 628 1596 in
660 1549 880 1610 peccato
901 1579 917 1605 ,
954 1549 1199 1607 tempore
1229 1552 1336 1605 quo
1366 1542 1586 1603 peccato
1619 1532 1885 1585 vivebam.
1934 1530 1996 1582 Et
2036 1528 2160 1598 quia

573 1642 791 1704 peccato
820 1630 1027 1685 stabam
1061 1630 1208 1698 prius
1228 1668 1245 1696 ,
1277 1628 1406 1681 mihi
1440 1626 1641 1681 utilitas
1673 1624 1769 1678 fuit
1798 1632 1854 1677 ut
1879 1620 2157 1686 caderem,

571 1732 629 1781 et
680 1736 900 1794 peccato
950 1737 1211 1777 morerer.
1268 1720 1506 1789 Denique
1553 1728 1607 1772 et
1658 1716 1831 1770 sancti
1886 1713 2162 1783 prophetae

2263 534 2367 578 tam
2400 525 2616 579 Mariam
2649 541 2711 580 ex
2747 528 2845 580 hac
2893 528 2999 580 vita
3038 527 3198 596 gladii
3237 529 3476 587 occisione
3508 536 3718 609 migrasse,

2268 619 2563 684 przesertim
2601 633 2719 671 cum
2752 633 2856 671 non
2891 619 3066 671 anima
3092 660 3105 683 ,
3140 618 3229 673 sed
3259 634 3438 689 corpus
3467 626 3603 681 soleat
3624 630 3722 685 ferro

2226 756 2229 759 γ
2261 708 2505 762 interlici.
2555 707 2704 763 Unde
2747 718 2911 762 restat
2953 709 3172 778 intelligi
3202 710 3413 779 gladium
3442 714 3563 769 illum
3587 719 3635 774 de
3654 737 3723 790 quo

2263 800 2457 855 dicitur
2487 819 2498 853 :
2535 800 2599 854 Et
2632 800 2835 872 gladius
2867 813 2939 855 est
2972 805 3022 854 in
3052 803 3199 856 labiis
3231 820 3394 857 eorum
3420 805 3564 876 (Psal.
3590 824 3724 883 LVIII),

2264 890 2367 946 huc
2396 902 2504 957 est,
2539 892 2781 947 dolorem
2829 893 3116 948 dominica:
3161 895 3409 969 passionis
3435 898 3534 968 ejus
3565 905 3725 958 animam

2270 985 2631 1053 pertransisse
2652 1030 2666 1055 ,
2700 1001 2817 1055 qua:
2850 987 2951 1040 etsi
2981 984 3252 1040 Christum
3296 996 3461 1055 utpote
3495 988 3569 1043 Dei
3600 991 3725 1046 Filium

2264 1090 2454 1145 sponte
2495 1082 2705 1147 prepria
2747 1079 2880 1132 mori
2905 1117 2921 1143 ,
2963 1090 3298 1147 mortemque
3335 1080 3485 1149 ipsam
3517 1098 3601 1136 non
3630 1084 3729 1138 dulii-

2267 1178 2401 1224 taret
2428 1184 2547 1224 esse
2575 1170 2933 1237 devictorum,
2969 1181 3025 1225 ut
3057 1187 3153 1225 sua
3198 1183 3363 1227 tamen
3391 1187 3531 1228 carne
3554 1190 3729 1243 procrea-

2269 1271 2408 1326 tum,
2439 1276 2541 1315 non
2575 1262 2694 1316 sine
2723 1261 2927 1317 doloris
2960 1261 3156 1316 aliectu
3189 1264 3350 1330 potuit
3373 1264 3536 1320 videre
3553 1267 3730 1336 cruciﬁgi.

2266 1348 2398 1403 Nam
2440 1360 2492 1402 ct
2534 1352 2730 1404 ferrum
2773 1352 2913 1417 quod
2954 1352 3188 1404 animam
3238 1350 3427 1420 Joseph
3472 1358 3732 1421 pertransisse

2266 1442 2498 1505 canitur,
2533 1443 2603 1495 nil
2643 1443 2838 1497 melius
2867 1457 3026 1511 quam
3059 1444 3194 1498 dura
3227 1445 3486 1499 tribulatio
3520 1447 3668 1502 mentis
3686 1449 3734 1501 in-

2270 1532 2548 1601 telligitur.
2594 1531 2663 1586 Ut
2706 1532 2989 1587 revelentur
3018 1549 3083 1587 ea:
3112 1536 3285 1587 multis
3315 1536 3526 1590 cordibus
3549 1540 3735 1606 coyitatio-

2270 1640 2376 1677 nes.
2430 1622 2795 1693 Cogitationes
2844 1634 2999 1679 erant
3047 1626 3203 1681 mala:
3253 1627 3301 1680 in
3350 1626 3627 1693 hominibus,
3661 1644 3736 1698 qua

2271 1727 2552 1784 prepterea
2582 1717 2833 1772 revelata!
2860 1726 3013 1783 sunt,
3037 1727 3094 1771 ut
3117 1720 3333 1786 prolata:
3357 1721 3403 1773 iu
3428 1720 3642 1786 medium,
3660 1735 3736 1789 per-

570 1792 782 1887 quando
830 1817 1108 1887 augustius
1154 1813 1356 1884 aliquid
1409 1810 1946 1879 contemplabantur,
2001 1805 2155 1860 cade-
2198 1792 2245 1852 Β
2275 1806 2552 1871 derentur,
2585 1815 2639 1860 et
2679 1806 2973 1862 interfecta:
3007 1817 3167 1878 atque
3198 1819 3440 1864 emortua:
3474 1825 3573 1865 esse
3594 1812 3736 1866 desine

584 1912 713 1964 bant
743 1911 794 1963 in
827 1908 1020 1963 faciem
1052 1922 1225 1962 suam.
1281 1906 1567 1973 PrOpterea
1609 1911 1785 1955 autem
1813 1899 2073 1954 cadebant
2109 1905 2166 1951 nt

583 2012 796 2072 peccata
830 2002 1037 2072 plenius
1067 2016 1163 2072 per
1194 2001 1401 2055 ruinam
1435 2004 1809 2066 pnrgarentur.
1845 1993 1955 2047 lloe
1985 1992 2163 2059 ipsum

579 2107 635 2151 et
663 2095 913 2151 Salvator
946 2095 1037 2148 tibi
1074 2093 1303 2163 primum
1334 2088 1583 2145 concedit
1615 2097 1671 2141 ut
1700 2098 1941 2139 corrnas.
1977 2079 2163 2136 Ethni-

577 2203 674 2243 cus
703 2188 867 2242 eras?
908 2185 1063 2241 cadat
1110 2185 1162 2238 in
1211 2194 1261 2237 te
1310 2181 1578 2237 ethnicus.
1630 2176 1897 2245 Diligebas
1941 2171 2163 2227 scorta?

578 2280 809 2348 primum
847 2280 900 2333 in
938 2287 988 2333 te
1020 2284 1286 2331 scortator
1316 2275 1565 2328 intereat.
1598 2271 1854 2325 Peccator
1883 2264 2048 2320 eras?
2075 2277 2165 2317 ca-

574 2371 667 2425 dat
697 2371 751 2425 in
780 2380 831 2424 te
862 2377 1131 2437 peccator,
1163 2376 1218 2420 ut
1254 2364 1426 2434 possis
1455 2362 1646 2418 dehinc
1675 2372 1956 2427 resurgere
1988 2364 2040 2409 et
2079 2353 2162 2408 di-

573 2476 736 2516 cere:
797 2459 857 2515 Si
912 2459 1211 2513 commortui
1257 2473 1461 2521 sumus,
1513 2463 1559 2508 et
1608 2452 1967 2506 convivemus:
2017 2457 2072 2501 et
2117 2447 2163 2501 si

580 2550 889 2606 conformes
922 2550 1049 2603 facti
1084 2563 1269 2603 sumus
1299 2546 1488 2601 mortis
1511 2588 1526 2610 ,
1559 2543 1863 2599 conformes
1893 2551 1946 2597 et
1986 2555 2165 2596 resur—

582 2643 836 2698 rectionis
863 2643 1063 2697 erimus
1092 2639 1179 2711 (ΙΙ
1214 2640 1346 2694 Tim.
1376 2654 1410 2693 tt
1436 2657 1451 2705 ;
1477 2636 1630 2691 Rom.
1657 2636 1754 2703 vt).
1787 2633 1894 2689 Iste
1923 2634 2084 2704 igitur
2111 2633 2165 2685 in

581 2734 788 2787 ruinam
823 2743 868 2786 ct
907 2735 960 2786 in
989 2733 1405 2787 resurrectionem
1432 2731 1710 2783 multorum
1756 2730 1951 2797 positus
1996 2735 2068 2778 est
2113 2727 2165 2777 in

586 2822 772 2889 Israel,
802 2824 901 2879 hoc
923 2834 1025 2889 est,
1048 2826 1095 2878 iu
1124 2824 1206 2878 his
1228 2825 1316 2894 qui
1342 2824 1492 2893 plena
1517 2831 1737 2892 possunt
1757 2820 1869 2876 acie
1891 2829 1943 2874 et
1962 2818 2166 2873 ratione

587 2915 919 2985 conspicere.
954 2914 1019 2971 Et
1048 2918 1099 2969 in
1127 2918 1327 2988 signum
1357 2918 1437 2969 cui
1478 2914 1874 2969 contradicetur.
1907 2909 2167 2966 Omnibus

576 3030 696 3084 quae
748 3023 930 3069 narrat
985 3014 1209 3067 historia
1260 3013 1328 3068 de
1380 3013 1701 3075 Salvatore,
1754 3005 2161 3065 contradicitur.

583 3105 741 3175 Virgo
771 3115 942 3159 mater
972 3115 1054 3158 est
1076 3146 1089 3169 ,
1121 3107 1330 3174 signum
1364 3113 1447 3158 est
1472 3103 1558 3157 cui
1592 3101 1997 3157 contradicitur.
2032 3098 2166 3153 Maro

578 3197 823 3250 cienistre
850 3196 1229 3251 contradicunt
1264 3196 1387 3248 huic
1432 3196 1616 3264 signo,
1658 3204 1710 3249 et
1757 3194 1908 3247 aiunt
1953 3192 2167 3262 penitus

581 3302 705 3341 cum
734 3287 800 3341 de
832 3287 1055 3340 muliere
1110 3301 1213 3340 non
1246 3302 1366 3341 esse
1415 3297 1616 3341 natum.
1664 3286 1920 3339 libionitae
1950 3292 2166 3338 contra-

580 3380 766 3434 dicunt
795 3382 983 3449 signo,
1018 3380 1258 3435 dicentes
1304 3396 1423 3435 eum
1467 3396 1532 3434 ex
1579 3380 1693 3433 viro
1738 3388 1793 3433 et
1835 3378 2055 3431 muliere
2097 3376 2167 3430 ita

579 3478 761 3523 natum
792 3484 913 3523 esse
956 3480 1008 3523 ut
1043 3485 1139 3523 nos
1168 3486 1378 3540 quoque
1408 3472 1697 3524 nascimur.
1750 3468 1946 3521 llabnit
1974 3482 2167 3534 corpus

583 3558 915 3625 humanum,
969 3570 1023 3614 et
1076 3564 1175 3614 hoc
1229 3570 1309 3615 est
1362 3562 1570 3628 signum
1625 3560 1710 3613 cui
1763 3558 2165 3612 contradicitur.

584 3650 690 3705 Alii
737 3653 877 3705 enim
926 3651 1111 3706 dicunt
1156 3668 1279 3705 eum
1329 3652 1539 3705 venisse
1585 3652 1650 3707 de
1697 3651 1882 3714 caelis,
1929 3648 2018 3703 alii
2064 3648 2167 3702 tale

585 3742 744 3812 quale
792 3759 890 3797 nos
938 3759 1134 3813 corpus
1184 3745 1466 3809 habuisse,
1516 3754 1575 3799 ut
1622 3760 1717 3813 per
1759 3742 2164 3798 similitudinem

583 3835 851 3902 corporis,
886 3836 1048 3890 etiam
1079 3851 1305 3905 corpora
1353 3845 1532 3890 nostra
1580 3835 1868 3889 redimeret
1909 3850 1938 3886 a
1981 3846 2168 3902 pecca-

585 3931 684 3994 tis,
734 3937 787 3983 et
838 3927 989 3982 daret
1048 3929 1201 3983 nobis
1246 3944 1393 3996 spem
1432 3927 1860 3982 resurrectionis.
1904 3926 2167 3979 llesurre-

588 4019 666 4073 xit
693 4021 833 4073 enim
865 4036 891 4072 a
924 4020 1151 4073 mortuis
1172 4059 1185 4083 ,
1219 4029 1271 4074 et
1308 4020 1408 4073 hoc
1437 4020 1643 4088 signum
1673 4028 1755 4073 est
1780 4017 1864 4073 cui
1893 4015 2165 4072 contradi-

587 4111 744 4164 citur.
779 4110 1060 4177 Quomodo
1096 4112 1434 4166 resurrexit?
1465 4123 1640 4166 utium
1668 4113 1783 4180 ipse
1810 4122 1862 4164 et
1895 4113 2011 4165 talis
2038 4125 2167 4180 qua-

584 4200 653 4255 lis
697 4212 940 4254 mortuus
989 4211 1105 4268 est,
1159 4217 1224 4255 an
1271 4217 1419 4256 certe
1466 4203 1517 4257 in
1570 4203 1805 4257 melioris
1854 4202 2165 4256 substantiae

588 4305 783 4360 corpus
815 4293 1143 4347 resurrexit?
1175 4293 1237 4346 lit
1265 4306 1349 4348 est
1376 4294 1582 4347 inlinita
1615 4293 1906 4357 contentio,
1940 4292 2057 4346 aliis
2089 4291 2167 4345 di-

584 4387 867 4440 centibus:
903 4386 1124 4441 Thomm
1157 4389 1471 4440 monstravit
1519 4388 1569 4441 in
1615 4387 1858 4441 manibus
1887 4385 1999 4441 suis
2032 4386 2168 4439 ﬁxu-

2270 1908 2422 1964 rent,
2466 1907 2521 1952 et
2554 1900 2825 1954 occideret
2862 1914 2954 1954 eas
2994 1901 3081 1956 ille
3132 1903 3222 1970 qui
3271 1918 3362 1971 pro
3403 1904 3533 1958 nobis
3573 1914 3735 1958 mortuus

2271 2002 2375 2046 est.
2420 1992 2666 2058 Quandiu
2708 1993 2851 2046 enim
2893 1994 3223 2049 abscondita:
3260 2006 3403 2050 erant
3447 1996 3734 2067 cogitationes,

2274 2098 2373 2136 nec
2409 2083 2629 2148 prolatae
2664 2086 2714 2137 in
2747 2084 3016 2150 medium,
3052 2086 3378 2155 impossibile
3406 2099 3506 2142 erat
3536 2103 3608 2142 cas
3637 2090 3733 2155 peni-

2275 2184 2359 2228 tus
2392 2174 2643 2231 iutcrlici.
2678 2176 2829 2233 Unde
2856 2187 2911 2232 et
2944 2194 3041 2234 nos
3071 2180 3115 2233 si
3150 2182 3539 2250 peccaverimus,
3565 2183 3738 2237 tit‘bClll'lS

2269 2268 2449 2321 dicere
2482 2285 2494 2319 :
2530 2267 2808 2323 Peccatum
2841 2286 3006 2322 meum
3040 2282 3223 2325 notum
3268 2273 3356 2326 tibi
3395 2274 3509 2342 feci,
3541 2284 3578 2327 et
3598 2275 3735 2342 illjllill-

2268 2359 2391 2412 tiam
2420 2375 2582 2413 meam
2615 2377 2715 2413 non
2762 2362 3024 2417 abscondi.
3069 2362 3230 2431 Dixi,
3278 2365 3572 2419 annuntiabo
3602 2366 3740 2433 injusti-

2270 2451 2393 2503 tiam
2425 2468 2585 2505 nteant
2618 2450 2841 2506 Domino
2872 2452 3049 2522 (Psal.
3083 2472 3222 2511 uxr
3242 2458 3279 2526 ).
3313 2459 3368 2512 Si
3395 2458 3521 2513 enim
3548 2457 3625 2511 hoc
3647 2457 3737 2510 lece-

2268 2543 2467 2608 rimus,
2517 2553 2571 2597 et
2616 2546 3031 2601 revelaverimns
3078 2560 3293 2616 peccata
3339 2559 3499 2604 nostra
3525 2564 3607 2603 non
3629 2547 3741 2601 solum

2271 2635 2409 2700 Deo,
2443 2636 2538 2689 sed
2570 2646 2624 2691 et
2657 2637 2736 2690 his
2768 2638 2857 2706 qni
2890 2650 3118 2707 possunt
3162 2641 3366 2696 mederi
3404 2641 3657 2696 vulneribus
3678 2655 3738 2691 no‘

2267 2732 2393 2787 stris
2459 2742 2618 2802 atque
2678 2735 2906 2803 peccatis
2939 2774 2955 2801 ,
3014 2736 3337 2791 delebuutur
3392 2744 3575 2805 peccata
3623 2742 3739 2787 nostra

2268 2828 2337 2884 ab
2371 2841 2439 2883 eo
2468 2828 2556 2899 qui
2587 2828 2718 2883 dixit
2748 2846 2759 2881 :
2798 2829 2935 2884 Ecce
2965 2843 3064 2897 ego
3090 2830 3284 2885 delebo
3315 2841 3365 2884 ut
3393 2832 3553 2884 nubem
3574 2826 3740 2896 iniquita-

2270 2931 2342 2975 tes
2372 2930 2515 2986 tuas,
2551 2928 2603 2974 et
2631 2922 2769 2974 sicut
2797 2920 3076 2989 caliginem
3109 2931 3318 2992 peccata
3346 2936 3428 2975 tua
3453 2923 3471 2989 (
3494 2917 3585 2973 lia.
3612 2932 3697 2971 xw
3716 2914 3741 2981 ).

2273 3012 2398 3068 Post
2449 3012 2713 3068 Simeonis
2765 3014 3127 3083 prophetiam,
3182 3017 3306 3083 quia
3362 3028 3555 3068 necesse
3596 3017 3744 3065 eratut

2275 3104 2524 3159 mulieres
2545 3106 2704 3159 etiam
2730 3105 3078 3171 salvarentur,
3104 3107 3255 3161 venit
3282 3107 3579 3175 pr0phetissa
3604 3102 3743 3157 mulier.

2272 3198 2339 3251 de
2394 3211 2494 3263 qua
2547 3196 2845 3252 scribitur:
2887 3194 2955 3250 Et
3003 3208 3112 3251 erat
3166 3199 3315 3251 Anna
3370 3197 3638 3267 praplietissa
3676 3192 3745 3259 ﬁlia

2273 3288 2516 3343 Phanuel
2543 3289 2607 3341 de
2637 3291 2769 3343 tribu
2803 3284 2948 3344 Aser.
2980 3289 3148 3357 Quam
3182 3291 3399 3363 pulcher
3424 3288 3562 3343 ordo!
3591 3299 3666 3338 non
3686 3295 3741 3333 ve-

2271 3380 2349 3433 nit
2377 3388 2500 3434 ante
2529 3378 2698 3432 virum
2730 3380 2947 3443 mulier,
2982 3378 3075 3432 sed
3126 3379 3277 3446 prius
3306 3380 3444 3432 venit
3470 3369 3744 3436 δίπυροι]λυὶ

2270 3470 2623 3539 apprehendit
2665 3470 2949 3537 infantem,
2997 3478 3051 3525 et
3095 3469 3271 3525 tenuit
3313 3472 3361 3524 in
3413 3467 3608 3522 brachiis
3644 3462 3741 3516 sitis:

2270 3561 2463 3616 deinde
2502 3562 2717 3626 mulier,
2759 3560 2913 3631 cujus
2954 3576 3059 3615 non
3102 3570 3231 3616 sunt
3271 3561 3472 3630 quidem
3500 3559 3629 3613 verba
3651 3552 3745 3621 digec

2270 3660 2387 3716 sta,
2435 3650 2528 3704 scd
2576 3650 2899 3719 generaliter
2945 3650 3141 3705 dictutn
3191 3660 3275 3704 est
3322 3650 3453 3718 quod
3491 3645 3674 3701 confessa
3703 3642 3747 3691 sit

2273 3742 2501 3797 Domino
2521 3783 2535 3806 ,
2568 3752 2623 3795 et
2653 3742 2828 3797 locuta
2858 3742 2925 3796 de
2954 3758 3019 3797 eo
3050 3742 3301 3796 omnibus
3342 3740 3428 3810 qui
3469 3734 3746 3807 exspectabant

2270 3832 2695 3902 redemptionem
2731 3832 2909 3888 Israel.
2945 3834 3010 3887 Et
3047 3833 3195 3903 juste
3237 3844 3417 3888 sancta
3458 3830 3616 3884 mulier
3647 3823 3743 3891 spiri-

2271 3925 2426 3978 ritum
2462 3924 2813 3993 prophetandi
2846 3926 3038 3978 meruit
3077 3926 3361 3995 accipere,
3392 3923 3503 3993 quia
3546 3921 3661 3986 longa
3689 3927 3744 3967 ra-

2270 4014 2453 4069 stitate
2484 4015 2765 4084 longisque
2791 4015 3014 4085 jejuniis
3044 4016 3108 4071 ad
3144 4018 3247 4072 hoc
3278 4017 3479 4071 culmen
3504 4008 3743 4067 ascenderat.

2272 4106 2460 4160 Videte
2484 4147 2498 4172 ,
2535 4107 2785 4163 mulieres
2811 4152 2824 4173 ,
2861 4109 3225 4163 tesrimonium
3257 4110 3454 4175 Annae,
3485 4114 3533 4161 et
3556 4095 3747 4159 imitamini

2275 4200 2511 4263 illud,.si
2543 4199 2759 4269 quando
2804 4200 2958 4255 vobis
3004 4202 3244 4255 evenerit
3295 4210 3355 4255 ut
3400 4198 3603 4270 perdatis
3639 4190 3744 4244 viros.

2273 4289 2621 4345 Considerate
2654 4290 2781 4360 quid
2810 4290 2877 4346 de
2906 4305 2966 4345 ea
3000 4292 3261 4358 scriptum
3293 4291 3362 4346 sit
3391 4309 3404 4345 ε
3449 4288 3623 4356 Septem
3653 4279 3748 4332 annis

2271 4384 2394 4437 vixit
2424 4401 2455 4437 a
2483 4384 2775 4455 uirginitate
2803 4400 2896 4437 sua
2928 4401 3042 4437 cum
3072 4386 3181 4439 viro
3214 4401 3342 4450 sua,
3373 4392 3422 4439 et
3453 4380 3641 4448 reliqua.
3666 4371 3747 4425 Pro-

587 4491 700 4530 ram
733 4477 1006 4531 clavorum
1036 4495 1050 4543 ;
1084 4478 1202 4531 aliis
1229 4493 1258 4531 e
1288 4479 1507 4547 regione
1537 4477 1915 4545 tractantibus,
1946 4478 1989 4531 si
2020 4477 2158 4532 idem
2197 4515 2243 4574 ο
2275 4484 2451 4542 pterea
2494 4475 2831 4544 prophetissa
2881 4475 2996 4530 fuit.
3040 4476 3221 4545 Neque
3249 4476 3390 4531 enim
3420 4484 3474 4529 ut
3500 4472 3606 4527 libet
3626 4477 3663 4520 et
3683 4462 3748 4516 lor-

586 4581 782 4633 corpus
809 4566 988 4621 habuit
1009 4610 1024 4635 ,
1051 4570 1318 4637 quomodo
1345 4569 1539 4625 clausis
1567 4570 1837 4638 ingressus
1863 4579 1945 4624 est.
1967 4568 2120 4623 ostiis
2142 4610 2156 4635 ,

585 4668 639 4712 et
682 4659 874 4712 stetit?
908 4658 1067 4713 Vides
1110 4661 1269 4729 igitur
1315 4669 1369 4715 ut
1413 4661 1747 4730 argumentis
1790 4662 1953 4714 variis
1996 4650 2158 4715 etiam

584 4750 969 4805 resurrectioni
1011 4750 1127 4819 ejus
1166 4752 1388 4820 quaistio
1429 4752 1747 4816 concitetur,
1790 4760 1846 4805 et
1884 4752 1953 4803 sit
1995 4751 2046 4805 in
2086 4754 2161 4804 si-

585 4854 745 4911 gnum
776 4840 859 4893 cui
892 4840 1295 4894 contradicitur.
1334 4841 1441 4909 ligo
1473 4851 1524 4894 et
1555 4841 1654 4894 hoc
1684 4840 1824 4908 quod
1856 4850 2162 4894 sanctorum

583 4930 962 4999 prophetarum
995 4946 1088 4986 ore
1116 4932 1422 5000 praedictum
1464 4940 1575 4998 est,
1621 4939 1748 4999 puto
1790 4932 1998 5000 signum
2042 4947 2166 4987 esse

585 5020 673 5075 cui
717 5021 1117 5076 contradicitur.
1169 5023 1304 5077 Sunt
1346 5023 1489 5077 enim
1533 5024 1712 5092 plures
1756 5023 2025 5090 hazretici,
2071 5026 2163 5093 qui

587 5122 835 5169 asserunt
861 5130 980 5169 eum
1012 5116 1076 5168 ab
1106 5114 1236 5185 ipsis
1269 5114 1468 5169 sanctis
1499 5116 1773 5186 prophetis
1805 5116 2014 5181 penitus
2056 5133 2161 5173 non

584 5207 748 5260 fuisse
780 5206 1114 5274 praedictum.
1145 5208 1208 5260 Et
1233 5206 1357 5277 quid
1382 5223 1467 5262 me
1492 5222 1713 5263 necesse
1738 5217 1820 5261 est
1848 5209 2010 5262 multa
2042 5225 2165 5279 per-

585 5300 771 5367 sequi?
794 5300 983 5355 Omnia
1013 5315 1134 5370 qua:
1162 5301 1229 5357 de
1260 5317 1324 5356 eo
1356 5311 1536 5355 narrat
1564 5301 1806 5367 historia,
1838 5302 2047 5372 signum
2079 5314 2162 5359 est

587 5388 672 5443 eui
711 5391 1116 5457 contradicitur,
1163 5407 1267 5446 non
1300 5393 1385 5447 cui
1416 5392 1787 5448 contradicunt
1825 5395 1876 5448 hi
1913 5397 1998 5463 qui
2039 5411 2159 5451 cre-

586 5480 719 5534 dunt
758 5482 809 5535 in
849 5498 991 5538 eum.
1030 5483 1140 5538 Nos
1180 5484 1378 5553 quippe
1416 5484 1614 5540 scimus
1650 5485 1828 5540 omnia
1868 5500 1986 5541 esse
2040 5502 2161 5541 vera

587 5587 703 5638 qua:
742 5574 939 5642 scripta
978 5585 1131 5640 sunt,
1174 5576 1267 5630 sed
1322 5578 1442 5644 quia
1497 5578 1633 5647 apud
1692 5578 1995 5635 incredulos
2046 5583 2159 5635 uni~

588 5674 739 5714 versa
772 5679 889 5729 quae
920 5665 985 5720 de
1013 5682 1078 5720 eo
1108 5668 1309 5736 scripta
1340 5676 1492 5735 sunt,
1526 5670 1735 5739 signum
1767 5670 1874 5725 sint
1902 5671 1987 5726 cui
2030 5687 2162 5726 cou-

587 5754 879 5812 tradicitur.
928 5758 1125 5817 Deinde
1157 5760 1371 5818 Simcon
1404 5762 1473 5818 ait
1509 5782 1518 5817 :
1566 5763 1631 5819 Et
1675 5776 1811 5820 tuam
1849 5766 2006 5838 ipsius
2044 5767 2159 5821 ani-

2271 4567 2401 4621 tuito
2439 4566 2670 4636 Spiritus
2705 4575 2923 4622 sanctus
2950 4566 3210 4624 habitavit
3242 4566 3294 4621 in
3325 4583 3409 4621 ea.
3440 4563 3614 4619 Bonum
3638 4562 3693 4608 est
3713 4558 3746 4600 ut

2272 4662 2535 4730 primum,
2585 4660 2629 4715 si
2677 4675 2779 4729 qua
2829 4670 3005 4729 potest
3051 4660 3374 4730 virginitatis
3416 4656 3607 4728 gratiam
3640 4644 3751 4717 possi-

2272 4752 2436 4818 dere;
2468 4753 2512 4807 si
2546 4762 2726 4807 autem
2758 4752 2862 4808 hoc
2892 4768 2997 4808 non
3030 4754 3262 4823 potuerit
3282 4794 3298 4820 ,
3331 4752 3420 4807 sed
3449 4742 3646 4805 evenerit
3666 4738 3698 4793 ei
3718 4745 3749 4786 ut

2276 4847 2464 4915 perdat
2493 4848 2699 4914 virum,
2730 4846 2889 4903 vidua
2931 4857 3257 4917 perseveret.
3304 4844 3449 4915 Quod
3485 4839 3656 4912 quidem
3685 4842 3749 4882 που

2274 4940 2446 4995 solum
2480 4950 2600 5009 post
2632 4950 2858 4995 mortem
2891 4941 3023 5007 viri,
3056 4940 3150 4995 sed
3190 4943 3351 4995 etiam
3393 4939 3508 4992 dum
3543 4928 3644 4985 vivit
3672 4922 3747 4977 ille,

2270 5031 2432 5088 debet
2480 5032 2680 5089 habere
2724 5034 2777 5087 in
2827 5032 3043 5100 animo,
3075 5042 3132 5087 ut
3171 5034 3334 5090 etiam
3364 5032 3407 5086 si
3436 5044 3529 5084 non
3563 5012 3749 5081 evenerit.

2273 5122 2515 5177 voluntas
2558 5124 2728 5193 ipsius
2757 5132 2811 5180 et
2843 5125 3175 5194 propositum
3207 5139 3235 5177 a
3270 5123 3486 5178 Domino
3523 5114 3747 5170 coronetur.

2270 5227 2325 5272 et
2354 5216 2498 5272 dicat
2526 5234 2541 5271 :
2573 5217 2688 5273 lloc
2715 5232 2887 5272 voveo
2914 5226 3075 5285 atque
3107 5217 3397 5287 promitto,
3428 5213 3467 5267 si
3493 5206 3600 5264 mihi
3626 5203 3751 5287 humi-

2271 5323 2396 5361 num
2427 5308 2626 5378 aliquid
2662 5308 2837 5378 (quod
2868 5322 2972 5362 non
2990 5278 3167 5377 Iopto)
3200 5278 3504 5374 contigerit,
3533 5291 3638 5351 nihil
3658 5278 3751 5340 aliud

2266 5395 2461 5452 faciam
2493 5413 2649 5469 quam
2680 5407 2735 5452 ut
2765 5399 3177 5453 ineontaminata
3207 5407 3259 5451 et
3289 5395 3439 5449 vidua
3477 5385 3747 5459 perseverem'

2272 5490 2338 5544 El
2366 5500 2422 5545 ut
2452 5493 2775 5561 perfecerunt
2804 5492 2974 5544 omnia
3002 5491 3279 5545 secundum
3307 5490 3459 5557 legem
3486 5474 3680 5535 Domini.
3701 5476 3751 5561 ff'

2271 5586 2398 5637 versi
2436 5594 2551 5639 sunt
2592 5586 2646 5638 in
2686 5583 2951 5639 Galilrcam
2976 5628 2989 5652 ,
3024 5584 3077 5637 in
3110 5584 3362 5636 cititatem
3389 5591 3521 5633 suam
3550 5552 3751 5654 Ναωΐεῑξο

2272 5676 2621 5732 Ρτίειεηηίεἱι
2666 5677 2767 5731 hoc
2815 5676 2933 5731 loco
2980 5676 3150 5731 Lucas
3192 5690 3309 5744 quae
3348 5688 3376 5725 a
3422 5665 3634 5724 Mattiaco
3661 5656 3748 5706 εδιεε

2271 5767 2510 5838 cvposita
2557 5778 2814 5837 noverat,
2852 5766 3135 5824 Dominum
3180 5764 3419 5822 videlicet
3458 5763 3561 5830 post
3594 5749 3677 5805 hac
3705 5747 3751 5793 με
