3956 6342
184 301 296 356 1185

1093 290 1552 350 HOMILIAIIIUS.
1596 320 1665 329 ——
1698 288 1860 343 IIOM.
1899 288 1984 341 DE
2024 288 2364 350 TEMPORE.

3285 289 3423 348 “86

178 413 233 465 ab
258 410 453 467 llerode
483 409 752 464 necandus
780 407 1133 478 inveniretur,
1163 408 1453 479 Egyptum
1481 421 1510 459 a
1542 419 1731 474 paren-
1763 407 1808 464 A
1845 405 1997 459 teat?
2027 402 2273 473 Nunquid
2306 412 2521 459 sanctus
2549 404 2766 460 Achab?
2796 403 3040 473 Nunquid
3068 404 3239 460 sancti
3269 421 3423 474 pseu<

182 503 451 569 tibuspesse
480 501 710 556 delatum
732 540 748 567 ,
778 500 1139 570 defunctoque
1170 500 1381 555 Herode
1411 498 1489 553 sic
1517 499 1731 552 demum

184 594 437 649 Galilaeam
468 608 742 647 reversum
761 632 777 659 ,
807 593 1071 646 Nazareth
1102 593 1374 646 civitatem
1405 603 1556 644 suam
1584 588 1736 643 inha-

175 687 323 740 bitare
346 684 598 753 coepisse.
631 685 817 739 Solent
855 685 1000 739 enim
1042 685 1386 755 evangelista:
1427 681 1623 752 singuli
1660 681 1738 736 sic

175 780 399 836 omittere
429 779 670 850 quaedam
701 794 823 847 qua:
853 778 937 833 vel
969 778 1035 832 ab
1066 778 1185 831 aliis
1214 786 1629 832 commemorata
1662 774 1738 828 vi-

174 878 369 944 derint,
402 875 488 930 vel
520 874 589 928 ab
617 873 736 928 aliis
765 872 1239 928 commemoranda
1272 872 1323 926 in
1357 872 1547 941 spiritu
1593 887 1736 941 pra:-

177 970 415 1034 viderint,
454 978 512 1022 ut
542 966 855 1023 c0utinuata
886 982 999 1020 sua:
1030 965 1352 1020 narrationis
1380 965 1521 1019 serie
1541 1004 1556 1029 ,
1587 964 1741 1034 quasi

178 1060 306 1116 nulla
337 1056 748 1129 praetermisisse
780 1056 1083 1119 videamur,
1127 1071 1245 1125 quae
1293 1066 1472 1109 tamen
1516 1054 1740 1108 alterius

178 1153 499 1222 evangelista:
528 1150 864 1205 considerata
893 1150 1166 1217 Scriptura
1189 1190 1204 1213 ,
1236 1163 1342 1217 quo
1393 1148 1511 1202 loco
1551 1149 1742 1201 transi-

176 1246 260 1297 lita
300 1242 521 1309 fuerint,
568 1240 800 1321 diligens
843 1241 1012 1296 lector
1085 1240 1339 1295 inveniat.
1389 1238 1530 1293 Puer
1570 1249 1740 1292 autem

172 1336 405 1389 crescebat
434 1343 483 1389 et
511 1334 919 1404 confortabatur,
965 1334 1145 1402 plenus
1197 1333 1492 1403 sapientia;
1535 1342 1583 1385 et
1623 1348 1744 1402 gra-

169 1428 237 1481 tia
262 1425 349 1481 Dei
377 1435 485 1481 erat
514 1426 568 1479 in
592 1440 675 1481 eo.
706 1424 948 1478 Notanda
980 1423 1254 1477 diSIinctio
1282 1422 1591 1486 verborum,
1621 1422 1743 1492 quia

172 1521 410 1575 Dominus
454 1518 614 1574 Iesus
657 1517 904 1572 Christus
945 1517 997 1570 in
1046 1530 1111 1570 eo
1153 1515 1292 1585 quod
1339 1530 1471 1584 puer
1510 1523 1663 1578 erat,
1693 1516 1743 1568 id

168 1620 271 1677 est,
302 1610 531 1665 habitum
564 1609 815 1663 humanae
842 1606 1149 1677 fragilitatis
1178 1606 1460 1674 induerat,
1493 1621 1744 1663 crescere

170 1715 223 1758 ct
248 1705 529 1759 conlortari
564 1703 796 1760 habebat
827 1721 839 1756 :
872 1703 925 1758 in
955 1718 1022 1757 eo
1047 1711 1221 1759 autem
1252 1702 1393 1771 quod
1423 1704 1582 1756 etiam
1612 1702 1741 1757 Ver-

167 1798 285 1849 bum
314 1796 442 1860 Dei,
475 1805 529 1849 et
560 1796 698 1849 Deus
730 1805 965 1850 aeternus
992 1805 1140 1860 erat,
1188 1808 1289 1848 nec
1330 1794 1618 1848 confortari
1663 1795 1742 1848 in-

170 1888 405 1958 digebat,
437 1901 535 1941 nec
565 1887 793 1940 habebat
822 1887 1025 1956 augeri.
1056 1886 1207 1942 Unde
1235 1887 1533 1951 rectissime
1559 1887 1745 1955 plenus

170 1978 419 2047 sapientia
474 1977 783 2047 perhibetur
823 1988 876 2032 et
934 1978 1125 2048 gratia.
1175 1979 1448 2049 Sapientia
1492 1980 1743 2051 quidem,

168 2071 282 2138 quia
313 2070 363 2123 in
393 2070 509 2139 ipso
541 2068 744 2123 habitat
785 2071 973 2131 omnis
993 2069 1267 2139 plenitudo
1297 2070 1590 2126 divinitatis
1627 2086 1747 2126 coro

170 2162 435 2231 poralitcr.
467 2159 648 2215 Gratia
680 2169 882 2223 autem,
919 2164 1039 2229 quia
1066 2162 1239 2216 cidem
1265 2163 1543 2217 mediatori
1573 2163 1666 2218 Dei
1695 2172 1749 2217 et

173 2254 438 2305 hominum
463 2291 478 2318 ,
513 2250 715 2305 homini
746 2251 872 2307 Jesu
910 2252 1123 2307 Christo
1152 2267 1341 2323 magna
1370 2254 1541 2324 gratia
1581 2254 1748 2308 dona-

176 2356 282 2399 tum
316 2355 432 2411 est,
464 2352 522 2399 ut
550 2359 615 2399 ex
646 2360 753 2414 quo
796 2345 957 2400 homo
998 2344 1112 2400 fieri
1153 2347 1437 2416 coepisset,
1482 2346 1748 2415 perfectus

171 2447 311 2494 esset
338 2447 392 2492 et
424 2439 588 2493 Deus.
630 2436 725 2493 Cui
756 2438 931 2493 simile
960 2447 1043 2493 est
1068 2440 1212 2509 quod
1242 2439 1478 2495 Joannes
1508 2439 1753 2495 scribens

169 2546 287 2585 eum
323 2530 535 2598 plenum
567 2531 736 2600 gratia
766 2539 821 2585 et
851 2529 1112 2595 veritate,
1143 2529 1389 2585 eamdem
1419 2531 1534 2599 ipse
1560 2529 1752 2585 divini-

171 2626 292 2679 tatis
320 2626 731 2692 excellentiam,
766 2624 1032 2691 veritatis,
1064 2641 1221 2694 quam
1252 2624 1422 2679 Lucas
1451 2625 1749 2695 sapientizn,

175 2716 387 2772 nomine
414 2717 778 2772 commendat.
812 2715 891 2770 Tu
918 2725 1118 2771 autem.

699 2825 979 2880 IIOMILIA
1027 2825 1208 2880 XLIII.

588 2913 635 2951 IN
674 2911 1078 2952 ςιιιευιιειειοιιε
1116 2912 1322 2952 ΒΟἊΙΝΙ.

379 2985 503 3055 (Ex
545 2986 684 3056 Opp.
731 2987 872 3042 beati
912 2988 1184 3043 Ambrosii
1224 2989 1534 3061 episcopi.)

243 3074 656 3131 Circumciditur
683 3078 861 3148 itaque
891 3094 1040 3148 puer.
1070 3080 1202 3148 Quis
1227 3090 1309 3136 est
1333 3080 1431 3137 iste
1461 3096 1616 3151 puer,

172 3164 267 3222 ille
312 3166 383 3223 de
427 3183 533 3236 quo
574 3169 828 3239 scriptum
874 3170 1161 3227 est:Puer
1204 3182 1355 3227 natus
1383 3182 1454 3228 est
1509 3174 1673 3241 nobis,
1704 3185 1752 3230 et

174 3258 319 3327 ﬁlius
347 3260 496 3315 datus
526 3271 597 3315 est
625 3262 769 3317 nobis
804 3264 821 3334 (
846 3260 960 3318 Isa.
984 3279 1033 3318 ix
1057 3264 1122 3334 )?
1152 3263 1345 3320 Factus
1374 3276 1457 3322 est
1484 3270 1625 3323 enim
1668 3270 1757 3324 sub

177 3353 310 3419 lege,
340 3361 394 3403 ut
421 3367 506 3405 eos
532 3354 616 3423 qui
644 3355 736 3407 sub
764 3356 872 3423 lege
897 3366 1059 3409 essent
1086 3355 1411 3425 lucrifaceret
1439 3357 1495 3426 (1
1516 3357 1634 3413 Cor.
1654 3358 1753 3432 ts).

166 3438 399 3494 Sistitur
441 3452 619 3497 autem
659 3444 709 3497 in
746 3443 1068 3500 Jerusalem.
1121 3446 1257 3513 Quid
1286 3448 1356 3502 sit
1384 3456 1561 3503 autem
1587 3450 1638 3503 in
1679 3450 1762 3505 Je-

173 3532 417 3584 rusalem
451 3532 563 3587 sisti
598 3533 855 3599 Domino,
887 3535 1118 3590 dicerem
1140 3579 1154 3602 ,
1189 3536 1290 3593 nisi
1334 3538 1387 3592 in
1430 3538 1581 3594 Isaiae
1606 3555 1759 3595 com-

177 3624 385 3679 utentis
430 3633 553 3681 ante
583 3626 860 3682 dixissem.
893 3626 1241 3685 Circumcisis
1270 3632 1413 3686 enim
1442 3632 1588 3687 vitiis
1608 3673 1623 3696 ,
1658 3634 1763 3688 Do-

172 3716 384 3770 minico
411 3717 598 3786 dignus
620 3718 960 3787 judicabatur
987 3723 1174 3776 obtutu
1196 3764 1212 3789 ,
1240 3724 1360 3793 quia
1386 3724 1523 3777 oculi
1549 3723 1762 3779 Domini

157 3826 329 3878 super
352 3812 522 3880 justas
550 3810 567 3881 (
592 3810 742 3867 Psal.
772 3829 958 3867 xxxv"
984 3814 1025 3882 ).
1062 3813 1223 3869 Vides
1251 3831 1467 3870 onmem
1498 3814 1633 3885 legis
1664 3831 1760 3871 ve-

155 3902 303 3956 teris
345 3902 541 3956 seriem
576 3904 737 3958 fuisse
767 3914 948 3973 typum
981 3905 1173 3960 futura:
1198 3947 1212 3971 ,
1248 3921 1369 3961 nam
1399 3915 1454 3963 et
1483 3907 1764 3963 circumci-

153 3992 250 4047 sio
299 3993 677 4062 purgationem
707 3996 973 4065 signilicat
1002 3996 1340 4053 delictorum.
1375 3998 1478 4055 Sed
1513 4001 1764 4069 quoniam

156 4097 349 4151 prono
383 4086 609 4153 quadam
641 4086 938 4156 cupiditate
970 4088 1259 4157 peccandi,
1305 4089 1553 4145 humanae
1584 4092 1763 4145 carnis

151 4183 217 4229 et
253 4176 459 4230 mentis
491 4176 749 4247 fragilitas
776 4178 1233 4235 inextricabilibus
1258 4180 1402 4237 vitiis
1433 4181 1762 4249 implicatur,

147 4282 225 4321 eo
279 4282 382 4335 per
427 4278 672 4323 octavam
719 4270 1146 4327 circumcisionis
1194 4273 1335 4327 diem
1383 4273 1553 4343 culpa:
1600 4274 1766 4329 totius

148 4360 355 4412 futura
390 4362 633 4431 purgatio
656 4403 672 4429 ,
707 4364 1117 4419 resurrectionis
1161 4375 1345 4420 octava
1395 4366 1766 4436 prmﬁguratur

1838 496 2213 566 doprOphetze,
2246 512 2380 564 quos
2406 497 2471 552 ad
2519 496 2647 551 Elia:
2678 511 2861 565 preces
2891 496 3031 551 ultor
3060 497 3296 553 etnlcstis
3337 514 3420 553 tn-

1828 586 2001 654 jurite
2054 588 2190 657 ignis
2231 586 2566 656 absumpsit?
2609 587 2713 643 Sed
2769 587 2860 642 ille
2906 597 3144 653 sanctus,
3186 604 3341 658 quem
3372 591 3422 643 in

1841 678 2006 747 figura
2056 678 2291 733 ctelestis
2340 680 2604 749 mysterii,
2636 680 2719 748 pia
2742 679 2935 734 divinae
2960 680 3090 748 legis
3138 681 3425 751 signabant

1841 770 2173 839 praescripta,
2216 785 2281 825 eo
2319 771 2458 839 quod
2492 770 2641 824 solus
2683 780 2881 824 sanctze
2916 769 3169 825 Ecclesiae
3210 772 3427 840 virginis

1840 861 1905 912 ad
1936 860 2271 925 generandos
2304 861 2527 930 populos
2557 859 2651 915 Dei
2692 862 3048 915 immaculata:
3090 859 3427 916 fecunditatis

1842 949 2078 1017 aperiret
2127 949 2359 1019 genitale
2407 960 2697 1004 secretum.
2749 950 2842 1004 llic
2881 966 3008 1020 ergo
3040 950 3184 1004 solus
3214 951 3426 1019 aperuit

1842 1039 1941 1093 sibi
1985 1040 2222 1094 vulvam.
2254 1041 2362 1096 Nec
2399 1043 2624 1105 mirum;
2657 1043 2746 1111 qui
2782 1042 2924 1096 enim
2956 1042 3162 1095 dixerat
3201 1041 3265 1093 ad
3302 1056 3426 1109 pro-

1845 1130 2056 1199 phetam
2085 1147 2098 1183 :
2134 1130 2444 1201 Priusquam
2475 1144 2519 1185 te
2553 1134 2828 1203 formarem
2856 1135 2909 1185 in
2941 1143 3104 1199 utero,
3137 1134 3251 1185 novi
3282 1143 3349 1195 te,
3378 1142 3427 1185 et

1843 1220 1897 1272 in
1928 1222 2075 1274 vulva
2107 1224 2282 1276 matris
2315 1225 2631 1293 sanctiﬁcavi
2671 1235 2717 1277 te
2750 1225 2880 1294 (Jer.
2912 1224 2971 1293 I).
3021 1224 3120 1289 Qui
3150 1238 3277 1299 ergo
3307 1223 3427 1276 vul-

1846 1328 1966 1365 vam
1996 1312 2351 1368 sanctificavit
2390 1316 2617 1369 alienam
2663 1324 2720 1369 ut
2769 1324 3079 1368 nasceretur
3128 1315 3385 1383 prepheta
3412 1355 3428 1380 ,

1847 1404 1932 1457 hic
1962 1414 2039 1458 est
2074 1407 2160 1474 qui
2190 1408 2400 1475 aperuit
2430 1409 2614 1462 matris
2645 1423 2754 1463 sua:
2778 1407 3013 1472 vulvam,
3044 1415 3101 1460 ut
3126 1407 3429 1460 immacula-

1847 1504 1931 1549 tus
1960 1506 2156 1552 exuret.
2194 1497 2271 1551 Tu
2299 1508 2499 1553 autem.

2398 1589 2677 1647 IIOMILIA
2718 1590 2898 1645 XLIV.

2402 1702 2466 1740 DE
2491 1701 2665 1740 EODEH
2709 1701 2900 1739 FESTO.

2116 1778 2219 1845 (Ex
2257 1777 2411 1831 beato
2444 1776 2769 1846 Ilieroaymo
2804 1776 3162 1848 presbytero.)

1920 1870 2183 1925 Mcmores
2230 1878 2421 1932 estote,
2466 1878 2571 1922 etc.
2625 1866 2837 1937 Reliqua
2874 1869 3057 1921 videsis
3102 1869 3231 1921 inter
3266 1867 3433 1937 Opera

1822 1964 1980 2017 'bcati
2011 1960 2334 2031 Hieronymi,
2366 1957 2674 2026 Patrologia:
2702 1971 2834 2010 tonio
2870 1955 2960 2010 XX
2980 1956 3073 2011 VI.

2403 2071 2684 2126 IIOMILIA
2726 2071 2884 2125 XLV.

2331 2160 2410 2197 DE
2461 2158 2676 2196 Εουιῐιι
2728 2158 2954 2195 FESTO.

2150 2216 2249 2286 (Ει
2278 2215 2415 2283 Opp.
2450 2229 2569 2266 ven.
2605 2213 2757 2265 [ledae
2788 2215 3134 2284 presbyteri.)

1925 2309 1990 2364 In
2031 2309 2119 2362 illo
2162 2298 2387 2377 tempore
2424 2322 2535 2359 cum
2576 2307 2912 2370 consummati
2949 2316 3110 2359 essent
3145 2308 3251 2361 dies
3282 2316 3436 2377 facta,

1854 2376 2370 2435 utcircumcideretur
2398 2392 2539 2446 puer,
2573 2387 2802 2429 vocatum
2826 2386 2897 2429 est
2926 2394 3107 2431 nomen
3135 2380 3244 2447 eius
3263 2376 3437 2432 Iesus.

1854 2454 2009 2523 (Luc.
2041 2453 2121 2520 ll).

1927 2545 2177 2602 Sanctam
2208 2542 2696 2609 venerandamque,
2727 2550 2830 2596 etc.
2891 2541 3107 2612 Reliqua
3148 2542 3262 2595 vide
3299 2542 3440 2607 apud

1855 2654 1967 2693 ven.
2002 2635 2213 2703 Bedam,
2247 2634 2470 2705 Operam
2498 2635 2607 2703 ejus
2637 2643 2773 2687 (omo
2799 2633 2858 2700 V,
2892 2635 3209 2706 Petreioque
3236 2632 3439 2697 XCIV,

1858 2729 1958 2783 col.
1988 2726 2081 2782 55.

2390 2794 2667 2850 IIOMILIA
2713 2794 2896 2849 XLVI.

2424 2882 2618 2923 \‘IGILIA
2668 2881 2985 2921 I~LPIPIIANI£.

2416 2938 2520 3007 (lix
2551 2937 2872 3007 Ilaymone.)

2325 2883 2376 2922 IN

1928 3034 1994 3087 In
2022 3031 2114 3087 illo
2144 3041 2364 3101 tempore
2392 3030 2635 3101 defunle
2671 3027 2898 3101 Herode,
2937 3043 3050 3101 ecce
3077 3027 3287 3101 angelus
3332 3028 3442 3083 Do-

1644 3083 1748 3140 ηίδί
1778 3110 1825 3175 C
1854 3083 2350 3175 appar'uitiin
2381 3083 2570 3175 somnis
2597 3098 2820 3169 Ioseph,
2849 3083 2903 3153 in
2945 3083 3197 3168 .ﬂgyptb,
3226 3083 3397 3154 dicens
3426 3113 3444 3153 :

1864 3171 2051 3246 Surge,
2078 3171 2183 3229 etc.
2214 3172 2429 3245 (Matth.
2458 3171 2552 3240 ιι).

1932 3265 2064 3331 Quia
2097 3280 2201 3319 non
2235 3264 2368 3317 dixit
2396 3261 2699 3325 defunctus,
2731 3260 2827 3315 sed
2853 3259 3112 3327 defuncti,
3143 3275 3207 3316 ex
3239 3260 3322 3317 his
3352 3275 3449 3317 an-

1860 3356 1967 3427 geli
1996 3354 2173 3411 verbis
2214 3353 2560 3423 intelligimns
2607 3352 2803 3407 multos
2845 3352 3108 3421 principes
3137 3349 3446 3407 Iudaeorum

1862 3462 1982 3504 eum
2014 3447 2230 3502 Herode
2260 3448 2311 3501 in
2343 3460 2527 3500 necem
2560 3444 2767 3498 Domini
2798 3444 3159 3498 consensisse.
3206 3442 3440 3510 Ideoque

1864 3540 2042 3595 divina
2073 3539 2272 3593 ultione
2300 3536 2494 3592 factum
2544 3546 2628 3591 est
2679 3544 2736 3589 ut
2786 3535 2936 3589 multi
2988 3548 3052 3589 ex
3087 3534 3169 3590 his
3198 3548 3320 3589 cum
3351 3532 3443 3589 illo

1867 3630 2110 3700 perirent
2139 3644 2259 3684 cum
2293 3644 2400 3697 quo
2449 3627 2501 3681 in
2552 3641 2735 3682 necem
2785 3626 2992 3681 Domini
3042 3631 3448 3680 consenserant.

1864 3721 2227 3791 Spiritualiter
2256 3729 2434 3773 autem
2466 3718 2645 3773 obitus
2673 3717 2901 3772 Herodis
2932 3717 3213 3771 terminum
3242 3716 3449 3787 signifi-

1866 3821 1952 3868 cat
1982 3813 2257 3867 invidiosze
2286 3812 2667 3876 contentionis,
2693 3824 2794 3879 qua
2828 3824 2968 3864 nunc
2999 3810 3237 3865 Ecclesia
3261 3818 3451 3864 contra

1867 3904 2105 3960 Judzeam
2137 3905 2308 3959 saevit.
2362 3902 2461 3968 Qui
2507 3918 2839 3971 consurgens,
2889 3902 3087 3969 accepit
3135 3916 3349 3969 puerum
3396 3908 3451 3954 et

1868 4007 2080 4051 ututrem
2126 3999 2259 4064 ejus,
2305 4004 2349 4048 et
2398 3995 2532 4048 venit
2578 3995 2630 4046 in
2680 4005 2866 4047 terram
2898 3991 3085 4047 Israel.
3138 3992 3294 4058 Quod
3334 4001 3454 4058 post

1869 4088 2073 4143 obitum
2101 4087 2324 4141 Herodis
2353 4102 2481 4154 puer
2507 4086 2663 4141 Jesus
2691 4086 2757 4139 ad
2790 4094 2985 4140 terram
3018 4083 3175 4139 Israel
3206 4097 3457 4139 reversus

1871 4189 1982 4246 est,
2012 4180 2273 4249 significat
2303 4181 2428 4249 quia
2455 4179 2597 4233 circa
2630 4179 2790 4233 finem
2823 4178 3005 4233 saeculi
3039 4179 3090 4230 in
3121 4191 3445 4248 synagogam

1872 4281 1955 4329 est
1976 4286 2307 4336 reversurus,
2328 4287 2447 4325 cum
2474 4287 2565 4340 per
2590 4271 3023 4339 prmdicationcm
3053 4270 3232 4324 Enoch
3254 4279 3306 4324 et
3329 4269 3455 4325 Elia:

1875 4366 1926 4419 in
1955 4380 2076 4419 eum
2106 4364 2453 4420 crediderint.
2504 4363 2658 4418 Unde
2688 4379 2809 4418 eum
2840 4364 2890 4416 in
2920 4361 3212 4433 Aigyptum
3244 4361 3459 4418 deferre

150 4459 362 4504 astate.
399 4449 510 4505 lIoc
540 4460 623 4506 est
649 4453 792 4507 enim
841 4454 967 4508 illud
995 4472 1008 4508 :
1058 4454 1192 4520 Quia
1234 4472 1382 4510 omne
1424 4457 1765 4511 masculinum
1796 4471 1848 4532 ι)
1869 4454 2109 4525 jubetur,
2134 4464 2187 4510 et
2215 4453 2398 4524 fugere
2426 4455 2521 4509 hac
2550 4455 2602 4507 in
2630 4461 2787 4508 nocte
2814 4452 3139 4521 praecipitur.
3170 4451 3303 4507 Cum
3329 4465 3458 4508 vero

141 4542 483 4612 adaperiens
511 4543 713 4597 vulvam
740 4555 972 4599 sanctum
1000 4545 1226 4600 Domino
1254 4547 1516 4601 vocabitur
1548 4548 1565 4619 (
1593 4547 1761 4604 Exod.

148 4647 373 4697 xxxiv,
402 4641 450 4686 et
500 4631 629 4687 Luc.
660 4635 759 4703 ιι).
796 4635 985 4691 Verbis
1013 4635 1152 4691 enim
1186 4638 1315 4707 legis
1356 4639 1767 4706 promittebatur

137 4723 399 4790 virginis
429 4731 642 4792 partus,
671 4736 727 4779 et
756 4740 880 4781 vere
908 4737 1162 4793 sanctus,
1197 4731 1320 4796 quia
1355 4730 1762 4787 immaculatus.

133 4812 422 4880 Denique
456 4814 626 4883 ipsum
660 4830 779 4869 esse
809 4817 899 4885 qui
933 4817 1050 4886 lege
1075 4818 1398 4887 signaretur,
1434 4819 1486 4873 in
1518 4821 1767 4877 eumdem

129 4903 399 4957 modum
454 4906 519 4958 ab
565 4905 756 4976 angelo
799 4908 1029 4977 repetita
1079 4910 1240 4964 verba
1287 4909 1562 4966 declarant
1592 4932 1606 4967 :
1635 4913 1767 4979 Quia

128 4997 311 5067 quod
353 5012 416 5050 ea:
444 5007 491 5050 te
531 5008 789 5066 nascetur,
835 5001 1034 5069 inquit,
1079 5010 1344 5069 sanctum,
1376 5004 1639 5057 vocabitur
1670 4992 1766 5057 Fi-

130 5092 265 5141 lius
330 5086 451 5141 Dei.
499 5088 619 5143 Non
665 5090 807 5145 enim
857 5092 1028 5147 virilis
1073 5094 1245 5148 coitus
1289 5096 1464 5149 vulvae
1493 5095 1770 5164 virginalis

143 5187 405 5234 secreta
433 5184 723 5247 reseravit,
754 5183 847 5237 sed
893 5185 1290 5239 immaculatum
1326 5200 1512 5241 semen
1554 5186 1776 5241 inviola-

142 5272 272 5326 bili
302 5264 468 5327 utero
490 5274 719 5343 Spiritus
750 5277 1194 5333 sanctusinfudit.
1219 5278 1374 5334 Solus
1404 5289 1487 5335 est
1516 5281 1657 5335 enim
1684 5296 1777 5349 per

135 5363 373 5419 omnia
403 5379 466 5417 ex
500 5367 637 5421 natis
667 5369 734 5422 de
766 5368 980 5434 femina,
1021 5380 1235 5425 sanctus
1279 5370 1539 5426 Dominus
1583 5371 1738 5429 Jesus
1759 5414 1774 5438 ,

128 5458 255 5526 qui
299 5465 539 5514 terrena:
567 5462 809 5531 contagia
857 5464 1177 5533 corruptela:
1223 5464 1546 5520 immaculati
1596 5474 1779 5533 partus

132 5549 430 5604 novitate
459 5566 563 5606 non
594 5554 846 5619 senserit,
880 5564 934 5609 et
962 5554 1165 5611 coelesti
1193 5554 1472 5624 majestate
1499 5556 1779 5625 depulerit.

134 5640 315 5695 Nam
358 5642 405 5695 si
431 5641 662 5699 litteram
692 5658 1001 5716 sequamur,
1031 5646 1300 5717 quomodo
1327 5657 1571 5703 sanctum
1604 5649 1778 5704 onmis

128 5734 484 5794 masculus.
517 5751 636 5794 cum
666 5738 863 5797 multos
893 5739 1336 5798 sceleratissimos
1379 5740 1543 5799 fuisse
1572 5756 1676 5799 non
1708 5742 1781 5798 la-

1876 4550 1942 4605 ad
1975 4558 2171 4605 terram
2203 4548 2369 4604 Israel
2416 4548 2725 4613 revertitur,
2777 4560 2875 4602 nec
2924 4546 3096 4601 noctis
3123 4546 3181 4599 lit
3210 4547 3413 4600 mentio
3440 4562 3455 4600 :

1878 4640 2002 4710 quia
2048 4654 2182 4710 quos
2228 4653 2367 4693 nunc
2396 4648 2614 4708 propter
2643 4636 3069 4693 incredulitatem
3119 4636 3172 4691 in
3223 4635 3463 4692 tenebris

1879 4732 2123 4802 perfidia:
2150 4730 2381 4797 deserit,
2411 4732 2551 4785 circa
2585 4729 2743 4785 linem
2774 4729 2955 4786 saeculi
2984 4728 3265 4783 credentes
3295 4728 3348 4782 in
3381 4727 3464 4781 Iu-

1878 4840 1995 4881 cem
2044 4826 2166 4881 fidei
2217 4825 2459 4893 recipiet.
2511 4825 2737 4878 Audiens
2784 4833 2951 4878 autem
2996 4822 3133 4891 quod
3179 4820 3463 4873 Archelaus

1878 4926 2113 4988 regnaret
2157 4916 2209 4969 in
2247 4914 2432 4971 Jua’aza
2462 4932 2554 4985 pro
2585 4914 2794 4971 Herode
2836 4928 2978 4985 patre
3016 4930 3134 4977 suo,
3177 4913 3345 4966 timuit
3374 4912 3465 4965 illo

1880 5012 1976 5064 ire.
2002 5009 2293 5064 Archelaus
2317 5018 2496 5064 autem
2524 5023 2660 5063 unus
2683 5008 2780 5062 fuit
2800 5008 2865 5062 de
2887 5005 3112 5061 Herodis
3137 5005 3279 5068 filiis,
3302 5016 3463 5073 quem

1882 5113 2002 5174 post
2030 5118 2091 5159 se
2120 5102 2184 5157 ad
2218 5102 2544 5173 regnandum
2575 5102 2626 5156 in
2655 5100 2838 5156 Iudaea
2868 5098 3106 5154 Herodes
3137 5097 3459 5160 instituerat,

1883 5194 1976 5248 sed
2008 5201 2191 5261 postea
2224 5192 2562 5248 insolentiam
2608 5190 2724 5260 ejus
2754 5189 3130 5245 accusantibus
3158 5187 3376 5251 Judaeis,
3411 5195 3466 5241 et

1881 5285 2082 5354 judicio
2138 5293 2354 5339 senatus
2393 5283 2533 5353 apud
2574 5282 2779 5337 Menam
2811 5277 3141 5356 [Viennam],
3171 5294 3293 5351 quae
3332 5277 3465 5333 Gal-

1889 5376 2078 5431 liarum
2129 5385 2213 5432 est
2264 5375 2434 5442 urbs,
2491 5374 2683 5430 exsilio
2735 5374 3002 5441 relegatus
3052 5374 3213 5426 vitam
3270 5370 3464 5424 ﬁnivit.

1885 5466 2181 5522 Archelaus
2234 5473 2412 5520 autem
2443 5506 2457 5529 ,
2512 5464 2604 5535 qui
2654 5463 2873 5519 vincens
2926 5465 3009 5518 leo
3061 5462 3465 5528 interpretatur,

1887 5559 2275 5614 Antichristum
2326 5556 2632 5628 significat,
2682 5560 2769 5625 qui
2818 5556 2884 5611 ad
2932 5566 3138 5625 tempus
3177 5556 3229 5608 in
3262 5551 3462 5608 sanctis
3543 5580 3548 5587 -

1886 5651 2161 5707 victoriam
2193 5648 2435 5715 habebit,
2485 5657 2539 5705 et
2580 5649 2734 5719 quasi
2765 5650 2847 5703 leo
2880 5647 3134 5703 terribilis
3162 5641 3467 5713 apparebit.

1890 5746 1944 5801 In
1967 5745 2111 5801 illam
2135 5758 2264 5814 ergo
2287 5753 2489 5815 partem
2518 5745 2571 5799 in
2601 5759 2702 5817 qua
2731 5743 2987 5815 regnabat
3007 5740 3322 5805 Archelaus,
3344 5752 3465 5794 cum
