3956 6342
580 287 710 358 iis?

1454 283 1656 341 PAULI
1696 279 1967 337 DIACONI
2005 278 2154 336 OPP.
2197 275 2371 332 PARS
2410 274 2471 331 11.
2515 304 2583 316 σ-
2622 274 2983 333 ASCETICA.
3606 291 3698 349 n33

572 432 740 493 puero
767 416 848 472 ire
876 412 1075 483 Joseph
1106 409 1316 475 noluit,
1363 404 1485 477 quia
1536 404 1682 461 illam
1723 412 1929 472 partem
1971 399 2155 493 poptni
2185 399 2235 459 Α
2264 402 2487 493 sternim
2517 405 2623 447 non
2656 390 2831 493 potuit
2864 390 2994 493 illuc
3023 389 3302 493 divertere,
3328 391 3431 461 quia
3453 395 3524 462 qui
3543 405 3704 460 meum.

571 492 874 568 Judteorum
905 521 1024 577 quae
1054 501 1386 559 Antichristo
1432 506 1515 553 est
1560 495 1867 559 creditura.
1913 492 2157 547 Christus

573 619 680 660 non
708 598 1041 659 inhabitabat
1066 611 1163 666 per
1184 594 1363 648 Iidem.
1398 592 1525 647 Post
1547 604 1732 645 necem
1757 597 1935 642 autem
1962 584 2162 641 Arche-

574 699 666 763 lai,
695 694 943 751 Christus
974 689 1040 743 ad
1072 698 1271 743 terram
1299 682 1464 740 Israel
1515 682 1820 745 revertitur,
1872 679 1995 748 quia
2043 684 2161 746 post

570 785 999 842 interfectionem
1026 775 1341 835 Antichristi
1368 788 1636 847 synagoga
1665 774 1718 827 in
1742 786 1864 827 eum
1892 770 2160 847 creditura

719 883 777 931 ut
816 876 891 929 ait
920 869 1213 942 Apostolus
1238 886 1249 921 :
1280 840 1415 921 Cum
1443 840 1708 930 plenitudo
1737 863 1961 933 gentium
1991 840 2160 916 intra-

572 967 740 1034 verit,
787 974 913 1019 tunc
942 962 1105 1016 omnis
1139 958 1305 1013 Israel
1348 959 1519 1012 salvus
1566 958 1669 1012 erit
1696 955 1875 1027 (llam.
1905 956 2005 1021 ιι).
2053 953 2159 1008 Sed

573 1061 694 1129 quia
742 1059 794 1112 in
846 1056 1081 1111 Ecclesia
1132 1059 1314 1107 manet
1363 1059 1419 1105 et
1464 1048 1731 1112 manebit,
1760 1046 2044 1102 audiamus
2071 1044 2160 1098 ubi

575 1151 918 1205 habitaverit.
952 1146 1021 1202 Et
1049 1146 1341 1201 admonitus
1370 1145 1422 1197 in
1450 1143 1663 1206 somnis,
1691 1140 1893 1195 secessit
1917 1140 1971 1191 in
1993 1146 2162 1208 partes

574 1241 806 1295 Galilwa:
831 1255 850 1293 :
887 1248 933 1294 et
964 1239 1187 1302 veniens,
1219 1235 1463 1290 habitavit
1492 1236 1545 1287 in
1572 1234 1771 1287 civitate
1804 1247 1919 1298 qua:
1955 1239 2164 1283 vocatur

577 1335 856 1389 Nasareth.
911 1334 1041 1403 Quia
1083 1334 1226 1388 enim
1258 1329 1525 1387 Nazareth
1571 1329 1671 1384 llos
1717 1329 1830 1385 sive
1876 1327 2161 1396 virgultum

576 1429 982 1495 interpretatur,
1013 1423 1280 1495 signiﬁcat
1314 1421 1605 1476 Ecclesiam
1630 1459 1649 1487 ,
1698 1435 1816 1489 quae
1864 1427 1919 1475 ct
1969 1420 2161 1473 ﬂorem

576 1519 736 1573 habet
766 1517 1044 1573 munditiae
1073 1526 1129 1572 et
1158 1514 1445 1584 virgultum
1492 1512 1741 1583 justitize,
1773 1512 1924 1580 cujus
1948 1509 2163 1579 virgulti

577 1611 1023 1680 pulchritudinem
1080 1609 1447 1663 admirabatur
1495 1618 1765 1675 sponsus,
1819 1604 1871 1658 in
1925 1602 2159 1658 Canticis

575 1704 905 1757 canticorum
938 1702 1165 1757 dicens:
1202 1700 1331 1767 Quae
1375 1707 1447 1753 est
1489 1698 1587 1751 ista
1631 1712 1747 1766 quis
1796 1695 2025 1749 ascendit
2072 1709 2163 1763 per

2261 483 2328 537 de
2357 481 2612 553 Egypto,
2656 482 2758 535 hoc
2798 490 2883 537 est
2921 482 2990 535 de
3030 480 3261 536 tenebris
3300 493 3607 555 peccatorum,
3640 510 3707 551 non

2264 583 2440 643 potest
2487 575 2635 643 prius
2683 574 2761 628 ire
2811 571 2864 626 in
2910 571 3176 637 Judteatn,
3224 570 3273 626 id
3312 583 3385 627 est
3406 577 3708 650 conlessionem,

2263 680 2436 736 neque
2456 666 2507 719 in
2526 663 2862 733 Bethlehem,
2888 662 2990 718 hoc
3011 672 3094 718 est
3112 663 3316 717 domum
3337 664 3483 735 panis,
3500 683 3591 738 qua
3606 674 3711 742 signi.

2265 760 2388 814 licat
2415 759 2729 822 Ecclesiam,
2758 771 2858 812 nec
2898 756 2953 811 in
2979 755 3292 825 Jerusalem,
3339 757 3426 813 hoc
3450 768 3516 814 est
3536 762 3712 822 visionem

2265 849 2432 917 pacis,
2485 848 2588 904 nisi
2635 851 2787 919 prius
2831 858 2921 903 eat
2971 848 3024 902 in
3064 847 3347 913 Galilzam,
3395 861 3443 905 ut
3483 854 3652 925 emigret
3681 871 3715 913 et

2265 940 2557 997 transvolet
2583 940 2650 995 de
2680 941 2822 994 malo
2868 939 2934 994 ad
2981 941 3199 1005 bonum,
3229 941 3292 995 de
3314 942 3440 998 vitiis
3470 945 3523 998 ad
3548 948 3716 1016 virtutes,

2265 1041 2320 1087 et
2349 1031 2474 1086 inde
2501 1040 2739 1086 transeat
2772 1031 2825 1085 in
2857 1030 3159 1099 Nazaretb,
3204 1038 3259 1083 ut
3289 1031 3433 1087 faciat
3457 1036 3574 1103 prius
3596 1038 3716 1093 ﬂorem

2266 1131 2324 1179 et
2354 1122 2674 1178 munditiam
2708 1123 2970 1177 bonorum
3000 1136 3255 1192 operum,
3298 1131 3349 1178 et
3386 1124 3454 1178 sic
3480 1136 3619 1191 postea
3638 1142 3720 1181 eon-

2263 1214 2488 1269 scendat
2514 1214 2754 1269 Judazam
2783 1213 2955 1285 (prius
2984 1212 3126 1268 enim
3159 1214 3216 1266 lit
3241 1212 3349 1277 llos,
3377 1224 3531 1282 postea
3552 1217 3720 1286 tractus).

2267 1304 2392 1358 inde
2432 1318 2527 1372 per
2556 1302 2803 1359 ordinem
2835 1304 3161 1358 conscendat
3191 1302 3497 1368 Bethlehem,
3525 1306 3723 1360 novissime

2268 1394 2584 1460 Jerusalem,
2616 1395 2667 1449 id
2710 1403 2795 1450 est
2845 1396 3107 1450 visionem
3156 1393 3317 1461 pacis.
3358 1394 3417 1448 Et
3438 1397 3537 1449 ideo
3558 1396 3723 1450 admod-

2273 1497 2359 1543 tus
2388 1497 2473 1545 est
2502 1488 2700 1557 Ioseph
2732 1488 2785 1542 in
2815 1490 3019 1543 somnis
3047 1487 3116 1543 ab
3142 1488 3344 1558 angelo.
3375 1502 3434 1542 ne
3459 1488 3616 1543 rediret
3635 1491 3725 1556 prius

2269 1581 2322 1636 in
2352 1580 2618 1636 Judzeam.
2668 1579 2965 1635 Archelaus
2994 1588 3213 1644 autem,
3259 1579 3343 1649 qui
3384 1578 3457 1633 leo
3496 1579 3726 1649 investigatis

2269 1673 2674 1741 interpretatur,
2725 1672 2867 1727 sicut
2907 1671 3294 1726 Antichristum
3318 1712 3333 1737 ,
3378 1668 3457 1739 qui
3500 1679 3640 1741 regnat
3672 1684 3729 1736 pro

576 1797 831 1850 desertunt
868 1795 998 1848 sicut
1027 1793 1227 1863 virgula
1266 1793 1395 1861 fumi
1425 1807 1487 1875 ea:
1516 1789 1827 1844 aromatibtts
1858 1790 2080 1857 myrrha:
2114 1803 2138 1840 e

2194 1768 2240 1827 Β
2273 1762 2485 1819 Herode
2513 1771 2664 1831 patre
2690 1776 2806 1818 suo.
2849 1761 2942 1819 Sic
2970 1773 3285 1833 regnaturus
3310 1772 3385 1817 est
3403 1761 3679 1816 Antichristus
3696 1761 3726 1814 in

2273 1854 2373 1875 η---
2406 1853 2586 1875 “Mn
2623 1869 2714 1875 ,η
2750 1854 2848 1875 ε-.-
2883 1853 3090 1875 μμ-.-
3140 1855 3224 1875 ---ε
3272 1869 3396 1875 μω,
3433 1854 3598 1875 .--μμ

580 1886 765 1951 thuris,
816 1893 861 1938 et
910 1884 1130 1938 universi
1178 1881 1397 1953 pulveris
1444 1880 1768 1952 pigmentarii
1814 1878 1985 1944 (Cant.
2044 1878 2167 1946 tu)?

578 1979 675 2030 (Sui
718 1977 908 2030 iterum
938 1989 1070 2031 voce
1118 1974 1300 2043 sponsi
1344 1972 1581 2029 dicitur:
1619 1971 1728 2041 Ego
1754 1971 1852 2039 ﬂos
1880 1970 2069 2040 campi,
2119 1967 2193 2025 et'

578 2068 742 2120 tilium
768 2066 1077 2120 convallium
1102 2064 1269 2137 (Cant.
1305 2065 1384 2127 ιι).
1419 2063 1485 2117 Ει
1509 2063 1631 2129 quia
1663 2059 1903 2115 Ecclesia
1930 2060 1997 2115 de
2026 2075 2165 2129 prm-

578 2162 746 2217 sentis
773 2162 893 2215 vitae
932 2174 1115 2215 amore
1164 2159 1228 2212 ad
1278 2158 1501 2214 cteleste
1549 2154 1875 2211 desiderium
1927 2155 2162 2219 transit,

581 2263 727 2310 recte
771 2252 1033 2308 Nazaretlt
1064 2252 1298 2306 Galilaate
1332 2251 1548 2315 dicitur,
1597 2264 1717 2318 quae
1761 2247 2165 2315 transmigratio

581 2346 983 2413 interpretatur.
1016 2343 1170 2410 Quod
1198 2350 1376 2397 autem
1406 2341 1676 2396 subdidit:
1705 2339 1772 2394 Ut
1799 2338 2167 2407 adimpleretur

581 2437 719 2505 quod
748 2437 942 2487 dictum
969 2444 1040 2488 est
1079 2452 1169 2505 per
1199 2432 1497 2502 praphetas,
1528 2439 1573 2485 et
1604 2431 1845 2501 quoniam
1880 2428 2164 2484 Nasartvus

581 2527 864 2594 vocabitur,
895 2525 995 2579 hoc
1029 2514 1391 2580 testimonium
1424 2524 1476 2578 in
1508 2523 1854 2592 Septuaginta
1898 2522 2161 2591 interpre-

584 2620 726 2673 tibus
754 2633 859 2674 non
893 2619 1136 2673 habetur.
1168 2617 1421 2672 Nonnulli
1450 2618 1591 2672 enim
1618 2616 1686 2671 de
1713 2616 1862 2670 Isaiae
1890 2616 2167 2685 propheta!

585 2710 720 2763 libro
750 2717 1020 2779 sumptum
1052 2722 1178 2764 esse
1205 2708 1409 2773 volunt,
1443 2708 1532 2762 ubi
1564 2708 1822 2777 scriptum
1853 2716 1972 2761 est:
2013 2705 2168 2761 Exiet

583 2803 729 2872 virga
771 2800 835 2853 de
880 2799 1054 2853 radice
1088 2798 1269 2864 Iesse,
1316 2807 1364 2852 et
1406 2799 1692 2852 Nazarteus
1737 2798 1799 2851 de
1842 2798 2013 2851 radice
2055 2800 2168 2869 ejus

582 2892 822 2946 ascendet
854 2889 987 2960 (Isa.
1024 2889 1122 2960 xi).
1172 2889 1281 2945 Nos
1309 2899 1484 2944 autem
1517 2890 1744 2943 dicimus
1773 2888 1895 2957 quia
1927 2889 1970 2942 si
2005 2888 2165 2944 ﬁxum

585 2981 655 3037 de
694 2976 997 3050 'Scripturis
1050 2978 1322 3049 posuisset
1374 2979 1709 3047 Evangelista
1762 2975 2165 3045 testimonium,

583 3087 693 3126 non
744 3071 967 3125 dixisset
1019 3084 1113 3137 per
1163 3070 1485 3139 prophetas,
1537 3068 1632 3123 sed
1685 3084 1779 3137 per
1826 3069 2165 3139 prophetam.

586 3164 787 3218 Omnes
816 3163 956 3217 enim
990 3161 1267 3230 propheta:
1297 3160 1579 3215 Dominum
1608 3160 1919 3214 Nazaracum
1948 3171 2164 3229 vocant,

588 3257 709 3325 quia
741 3254 1034 3310 secundum
1074 3268 1194 3308 eum
1248 3254 1563 3322 praedicant.
1619 3254 1733 3322 Ipse
1780 3256 1921 3309 enim
1972 3266 2055 3311 est
2101 3257 2169 3313 de

589 3363 698 3414 quo
754 3362 847 3416 per
905 3346 1177 3401 Danielem
1231 3346 1469 3400 dicitur:
1526 3346 1654 3400 Cum
1703 3349 1889 3401 venerit
1950 3348 2170 3404 Sanctus

591 3448 905 3503 sanctorum,
937 3439 1150 3492 cessabit
1180 3440 1351 3492 unctio
1382 3438 1541 3509 (Dan.
1574 3440 1671 3509 Ix).
1722 3442 1786 3494 Et
1815 3440 2016 3496 David:
2048 3442 2172 3498 Non

591 3533 738 3587 dabis
765 3532 1013 3589 Sanctum
1052 3542 1193 3585 tuum
1237 3531 1408 3586 videre
1450 3534 1822 3600 corruptionem
1854 3533 2022 3603 (Psal.
2052 3536 2170 3607 xv),

597 3624 663 3678 Et
688 3624 877 3678 iterum
906 3641 919 3677 :
953 3623 1146 3679 Scitote
1174 3625 1416 3691 quoniam
1446 3625 1733 3691 miri/ienuit
1755 3624 2007 3680 Dominus
2032 3626 2171 3682 San-

592 3724 730 3768 ctum
755 3731 904 3769 suum
926 3714 1096 3782 (Psal.
1118 3715 1213 3785 tv).
1250 3714 1509 3769 Defuncto
1534 3726 1709 3769 autem
1739 3716 1965 3783 Ilerode,
1988 3718 2037 3772 id
2063 3729 2169 3786 est,

598 3817 805 3861 mortua
850 3807 967 3875 lege
1013 3806 1224 3873 littera},
1258 3808 1341 3862 vel
1382 3821 1609 3863 excusso
1636 3807 1848 3862 diabolo
1894 3796 1962 3864 de
2006 3812 2171 3868 corde

594 3898 898 3954 Iudaeorum
935 3899 1079 3953 circa
1108 3900 1267 3954 linem
1317 3899 1500 3954 mundi
1527 3915 1543 3953 :
1574 3900 1695 3969 quia
1726 3900 1848 3954 dum
1881 3901 2051 3956 Judaei
2083 3918 2171 3958 su-

592 3990 948 4060 perstitiosam
974 3990 1147 4059 legem
1169 3991 1457 4045 observant
1481 3991 1688 4057 litterae,
1715 4003 1903 4061 regnat
1931 3994 2173 4052 diabolus

595 4082 649 4135 in
682 4080 811 4145 illis,
840 4090 1001 4136 etest
1028 4081 1275 4135 Christus
1306 4082 1443 4136 inter
1469 4092 1674 4152 gentes.
1723 4082 2008 4154 Postquam
2043 4100 2174 4142 vero

592 4175 889 4243 abjecerint
919 4174 1030 4227 haec
1057 4175 1234 4229 omnia
1286 4190 1313 4227 a
1363 4190 1451 4243 se,
1504 4183 1631 4231 tunc
1678 4188 1979 4231 revertetur
2010 4179 2174 4233 Filius

596 4266 689 4321 Dei
720 4267 804 4322 vel
839 4266 969 4321 lides
998 4266 1062 4319 ad
1093 4281 1207 4321 eos.
1259 4264 1391 4319 Ecce
1433 4267 1642 4338 angelus
1681 4268 1889 4323 Domini
1932 4271 2174 4340 apparuit

590 4359 647 4411 in
673 4360 864 4412 somnis
891 4340 1108 4425 Joseﬁh.
1158 4359 1257 4425 Qui
1302 4358 1570 4413 Christum
1617 4361 1788 4415 credit
1828 4376 1950 4417 esse
1982 4361 2173 4418 Filium

594 4448 715 4511 Dei,
743 4458 797 4502 et
825 4464 948 4503 eum
980 4457 1156 4517 portat
1198 4450 1250 4504 in
1298 4450 1460 4505 corde
1489 4467 1608 4520 suo,
1642 4462 1789 4509 recte
1827 4455 2046 4524 angelus
2092 4456 2169 4510 illi
2203 4477 2249 4537 υ

595 4547 819 4606 apparet
845 4556 858 4590 :
893 4538 1063 4608 Surge
1087 4551 1135 4592 et
1161 4543 1335 4611 accipe
1362 4557 1598 4608 puerum.
1630 4542 1803 4612 Surge
1833 4560 1860 4598 a
1894 4555 2059 4611 terra,
2085 4547 2174 4617 qui

596 4637 809 4685 terrena
844 4631 1117 4700 relinquis.
1171 4633 1324 4687 Prius
1354 4648 1597 4702 puerum,
1640 4646 1692 4690 et
1735 4648 1915 4705 postea
1950 4649 2197 4695 matrem.

588 4722 745 4791 jubet
775 4721 1056 4791 accipere:
1106 4724 1251 4792 prius
1285 4725 1489 4791 Deum,
1540 4736 1594 4781 et
1643 4737 1826 4797 postea
1875 4730 2173 4796 proximum

592 4816 836 4883 diligere.
876 4814 941 4868 Et
969 4818 1095 4870 vade
1119 4817 1173 4869 in
1202 4826 1390 4870 terram
1416 4816 1604 4886 Israel,
1639 4821 1740 4874 hoc
1766 4830 1868 4887 est,
1895 4822 2171 4877 cmlestem

594 4906 842 4974 patriam.
900 4904 1009 4960 Nisi
1043 4915 1220 4976 portet
1246 4908 1515 4963 Christum
1540 4949 1556 4975 ,
1604 4917 1659 4964 et
1705 4909 1888 4980 diligat
1919 4910 2086 4966 Deum
2114 4922 2174 4968 et

596 4997 921 5066 proximum,
955 5011 1059 5051 non
1103 4998 1304 5066 poterit
1333 4996 1552 5054 intrare.
1600 4998 1839 5068 Defuncti
1879 5012 1995 5054 sunt
2035 5003 2171 5056 enim

588 5090 677 5159 qui
705 5088 998 5157 quwrebant
1027 5090 1250 5142 animam
1284 5092 1447 5157 pueri.
1496 5090 1686 5145 Tutum
1718 5091 1846 5145 dicit
1873 5106 1973 5160 pro
2002 5103 2173 5162 parte.

595 5184 686 5240 Sic
714 5184 764 5237 in
797 5182 901 5238 line
930 5183 1112 5238 mundi
1144 5182 1393 5239 defuncta
1430 5185 1536 5240 erit
1578 5184 1661 5240 lex
1692 5183 1903 5240 litterae.
1947 5188 2176 5241 Audiens

592 5283 762 5328 autem
789 5274 926 5341 quod
954 5273 1234 5345 Archelaus
1262 5283 1495 5345 regnaret
1534 5276 1586 5328 in
1610 5273 1828 5339 ludam,
1871 5276 2037 5328 timuit
2084 5276 2176 5330 illo

594 5370 690 5422 ire.
735 5365 845 5420 Cur
874 5366 951 5420 ire
979 5366 1147 5419 noluit
1178 5368 1229 5421 in
1259 5367 1543 5422 Iuda-am?
1588 5369 1693 5422 (iur
1719 5382 1823 5422 non
1856 5368 1965 5423 ibat
1994 5369 2046 5423 in
2077 5368 2175 5424 Ju-

591 5462 788 5529 daeum,
816 5460 904 5514 ubi
938 5459 1195 5514 habitavit
1220 5459 1387 5531 prius,
1416 5461 1497 5516 vel
1522 5460 1804 5528 Nazaretb,
1830 5475 1935 5529 qua
1962 5462 2177 5531 pmprie

597 5552 911 5606 habitabat?
962 5552 1094 5617 Quia
1128 5552 1347 5620 putabat
1372 5553 1514 5623 quod
1546 5555 1768 5623 angelus
1802 5568 1926 5608 eum
1961 5562 2178 5623 pr0pter

589 5644 850 5719 templum
891 5649 946 5697 et
983 5644 1253 5698 orationes
1282 5659 1399 5713 qua:
1427 5655 1581 5700 erant
1615 5645 1665 5698 in
1693 5645 1876 5702 Judma
1903 5686 1920 5713 ,
1968 5645 2178 5713 juberct

592 5738 810 5813 proprie
851 5739 1172 5794 commorari
1218 5740 1268 5795 in
1320 5740 1635 5799 Jerusalem.
1683 5741 1784 5798 Sed
1818 5750 2037 5811 propter
2066 5756 2177 5810 my-

2273 1854 2377 1910 line
2406 1853 2591 1909 mundi
2623 1869 2719 1923 pro
2748 1854 2853 1909 isto
2878 1853 3095 1909 diabolo
3134 1855 3227 1924 qui
3270 1869 3400 1909 nunc
3424 1854 3599 1909 Judaos
3628 1853 3728 1921 regit.

2271 1948 2425 2017 Apud
2457 1961 2557 2002 nos
2588 1956 2768 2002 autem
2800 1956 2989 2017 regnat
3015 1946 3275 2003 Dominus
3304 1955 3467 2001 noster
3494 1946 3617 2003 Jcsus
3636 1944 3731 1999 Chri-

2268 2047 2403 2105 stus,
2436 2036 2591 2106 cujus
2618 2052 2840 2107 regnum
2872 2045 2927 2092 et
2955 2035 3239 2107 imperium
3270 2047 3520 2106 permanet
3545 2037 3585 2090 in
3606 2034 3731 2090 saecula

2265 2130 2610 2188 saeculorum.
2646 2130 2841 2184 Amen.

2795 2222 2937 2279 HOM
2947 2221 3077 2277 ILIA
3116 2221 3324 2277 XLVII.

2730 2330 2783 2370 IN
2849 2329 3127 2369 EPIPIIANIA
3191 2326 3387 2367 DOIINI.

2600 2406 2705 2479 (Ex
2734 2407 2872 2476 Opp.
2902 2406 3073 2461 sancti
3107 2405 3303 2460 Leonis
3331 2405 3506 2473 papa.)

2339 2496 2621 2555 Cclebrato
2651 2498 2905 2568 proxima:
2932 2497 3235 2552 lcstivitatis
3258 2497 3362 2561 die,
3377 2507 3471 2551 etc.
3489 2493 3654 2563 Reliqua
3668 2491 3737 2544 ride

2273 2591 2415 2659 apud
2441 2600 2673 2645 sanctum
2695 2588 2917 2645 Leonem
2940 2588 3214 2659 Magnum,
3246 2588 3459 2657 Operam
3483 2586 3575 2658 ejus
3596 2595 3690 2638 tonio
3706 2578 3737 2643 l,

2271 2682 2590 2754 PatrOIOgia:
2621 2680 2776 2746 LIV,
2807 2679 2909 2734 col.
2940 2678 3067 2735 255.

2719 2771 3073 2828 IIOMILIA
3131 2770 3400 2827 XLVIII.

2808 2881 2873 2918 DE
2912 2879 3090 2919 Εουειι
3129 2880 3317 2919 γεετο.

2482 2960 2582 3029 (Ex
2613 2959 2752 3029 Opp.
2785 2958 2923 3013 beati
2953 2956 3204 3029 Gregorii
3233 2958 3400 3028 Magni
3437 2953 3602 3027 papa.)

2344 3052 2473 3107 Cum
2503 3063 2654 3106 natus
2684 3060 2810 3105 esset
2834 3051 2987 3105 Jesus
3020 3052 3073 3103 in
3101 3048 3391 3103 Bethlehem
3415 3047 3551 3102 Juda:
3570 3048 3609 3098 in
3631 3042 3741 3096 diem

2279 3147 2522 3213 Herodis,
2583 3162 2695 3201 ecce
2740 3145 2877 3215 magi
2920 3153 3163 3199 venerunt
3213 3143 3278 3197 ab
3328 3143 3512 3198 Oriente
3562 3136 3742 3202 ἐσθίοις-

2274 3256 2436 3304 mam,
2462 3248 2566 3295 etc.
2592 3237 2809 3309 (Matth.
2841 3236 2924 3308 ιι).

2344 3332 2492 3386 Sicut
2536 3332 2589 3385 in
2636 3332 2866 3386 lectione
2893 3332 3226 3401 evangelica,
3259 3340 3364 3387 etc.
3412 3328 3545 3383 Hanc
3565 3320 3744 3377 hominem

2272 3423 2453 3480 videsis
2477 3421 2617 3491 apud
2640 3432 2873 3476 sanctum
2893 3420 3228 3493 Gregorium,
3244 3423 3459 3491 Operam
3478 3423 3570 3491 ejus
3587 3409 3744 3473 terualli

2278 3516 2589 3587 Patrologia:
2616 3513 2766 3569 LXX
2784 3513 2880 3580 Vl,
2910 3516 3010 3568 col.
3038 3514 3201 3570 IIIO.

2746 3605 3111 3660 IIOMILIA
3174 3604 3395 3660 XLIX.

2813 3711 2880 3750 DE
2919 3712 3093 3751 EODEM
3133 3712 3326 3753 FESTO.

2570 3789 2672 3861 (Ex
2699 3788 2838 3858 Opp.
2870 3789 3011 3844 beati
3038 3790 3255 3844 Maximi
3286 3784 3549 3858 episcopi.)

2348 3882 2403 3936 In
2427 3880 2546 3947 hac,
2570 3880 2922 3945 dilectissimi,
2943 3892 3050 3935 etc.
3087 3880 3306 3950 Reliqua
3326 3881 3499 3934 videsis
3519 3878 3624 3930 inter
3641 3867 3748 3935 Ορσι

2277 3972 2438 4026 sancti
2468 3970 2708 4037 Maximi,
2739 3969 3057 4042 Patrologiae
3086 3981 3227 4026 tomo
3255 3968 3438 4036 LVII,
3467 3969 3553 4022 col.
3578 3964 3643 4016 7i.

2885 4065 3162 4121 IIUMILIA
3206 4067 3269 4121 L.

2673 4171 2758 4210 INF
2768 4172 2836 4212 BA
2876 4172 3120 4211 OCTAVA!
3165 4173 3475 4213 ΕΡΙΡΗΔΝΙΕ.

2577 4247 2684 4317 (Ex
2714 4250 2849 4318 Opp.
2881 4263 3003 4304 ven.
3036 4250 3191 4305 Deda:
3224 4246 3550 4321 presbyteri.)

2353 4339 2418 4393 In
2450 4340 2543 4393 illo
2574 4352 2795 4408 tempore
2839 4340 2965 4394 vidit
3011 4338 3244 4396 Joannes
3270 4342 3447 4397 Iesum
3489 4324 3753 4394 ιεεηέεπιεηαά

2278 4447 2352 4498 se,
2378 4440 2483 4486 etc.
2510 4427 2692 4502 (Joan.
2726 4431 2791 4501 t).

2351 4524 2586 4579 Joannes
2630 4525 2866 4592 Baptista
2915 4534 2970 4579 et
3019 4538 3327 4594 przecursor
3368 4521 3556 4580 Domini
3594 4515 3753 4574 Saan

2282 4618 2377 4683 ris,
2404 4628 2509 4672 etc.
2546 4614 2767 4682 Reliqua
2793 4616 2906 4669 vide
2931 4616 3071 4687 apud
3097 4633 3211 4671 ven.
3243 4617 3461 4685 Bedam,
3490 4614 3669 4686 Operam
3686 4603 3755 4672 ej"

2281 4722 2416 4766 tomo
2442 4709 2508 4777 V,
2540 4709 2859 4778 Patrologitr
2883 4707 3086 4777 XCIV,
3119 4713 3223 4765 col.
3252 4713 3343 4765 74.

2879 4801 3160 4856 HOMILIA
3186 4803 3273 4859 LI.

2763 4909 2815 4950 IN
2840 4908 3053 4949 OCTAVA
3081 4911 3402 4952 EPIPIIANIS.

2352 4991 2420 5044 In
2445 4991 2535 5045 illo
2567 5002 2789 5063 tempore
2812 4988 2943 5045 venit
2978 4990 3131 5046 Jesus
3162 5008 3195 5044 a
3222 4993 3445 5047 Galilaea
3488 4990 3535 5043 in
3566 4978 3759 5039 latim“

2283 5086 2351 5136 ad
2379 5082 2657 5153 Joannem,
2684 5096 2739 5139 ut
2770 5088 3107 5158 baptizaretur
3134 5089 3195 5140 ab
3227 5103 3306 5141 eo.
3347 5083 3547 5155 (Matth.
3572 5077 3649 5144 tu).
3740 5154 3745 5162 ι

2334 5170 2541 5233 Lectio
2568 5181 2739 5235 sancti
2768 5179 3063 5250 Evangelii,
3086 5190 3191 5236 etc.
3217 5179 3372 5234 Hanc
3393 5162 3761 5230 homiliamtidﬁl‘

2282 5276 2420 5343 apud
2447 5274 2774 5328 venerabilem
2800 5272 3017 5341 Bedam,
3043 5273 3266 5346 Operum
3287 5274 3396 5344 ejus
3418 5280 3541 5326 tomo
3572 5256 3761 5327 V,Palt0'

2279 5368 2427 5437 (agite
2454 5366 2574 5420 XCI
2593 5366 2657 5433 V,
2688 5367 2788 5419 col.
2820 5366 2909 5420 58.

2871 5456 3150 5513 IIOMILIA
3181 5455 3295 5510 LII.

2282 5540 2527 5611 conlatas
2555 5566 2712 5606 “th
2730 5565 2857 5609 POST
2876 5566 3221 5617 EPIPIIANIAII,
3239 5565 3292 5603 tn
3310 5561 3402 5601 csr
3420 5556 3560 5599 turns
3575 5534 3760 5593 om“!

2776 5644 2874 5715 (Ex
2906 5644 3044 5715 Opp.
3076 5643 3369 5713 ejusdem.)

2357 5739 2418 5794 In
2451 5740 2538 5794 illo
2588 5749 2830 5809 tempore,
2865 5756 2978 5792 cum
3033 5740 3190 5809 factus
3231 5745 3360 5793 esset
3407 5734 3541 5789 Jesus
3587 5722 3762 5781 αηηοηνι
