3956 6342
166 337 284 391 1189

1152 318 1607 380 HOMILIARIUS.
1633 347 1700 357 ——
1726 314 1890 371 llOM.
1934 314 2021 368 DE
2064 312 2410 370 TEMPORE.

3283 310 3422 369 H90

158 451 409 507 duodecim
437 492 449 516 ,
528 442 912 501 ascendentibus
974 440 1079 495 illis
1161 438 1538 507 Jerosolymttm
1563 474 1578 501 ,
1625 441 1728 487 etc.
1760 434 1809 490 Δ
1838 438 1891 482 et
1915 428 2192 484 Dominum
2224 445 2347 485 eum
2380 430 2930 495 invocans.adorabat
2968 449 3111 491 eum.
3140 436 3229 495 Sic
3257 448 3312 496 et
3339 440 3420 495 illi

256 558 296 597 ε.
324 558 403 597 Ill.

256 558 296 597 e.
345 559 356 594 I
390 580 403 594 .

158 540 413 702 (Lipeera
444 640 527 686 est
556 629 852 692 nobis,etc.
892 624 1015 679 Vide
1038 622 1179 694 apud
1206 637 1320 675 ven.
1350 618 1568 685 Bedmn,
1602 627 1727 670 tom.

156 736 210 780 ut
235 741 406 794 supra,
433 724 535 778 col.
569 722 660 777 65.

728 811 1004 870 IIOMILIA
1027 807 1163 867 Lill.

465 923 515 962 LV
542 920 790 963 DOHINICA
826 920 863 958 11
892 918 1019 958 Ροετ
1069 911 1412 955 ΕΡΙΡΙΙΑΝΙᾹΜ.

753 994 851 1067 (Ex
893 992 1134 1060 eodem.)

228 1094 289 1149 In
320 1093 410 1147 illo
432 1100 659 1157 tempore
686 1064 880 1155 nuptiae
911 1085 1058 1154 facite
1079 1089 1197 1135 sunt
1224 1079 1278 1134 in
1321 1076 1464 1134 Cana
1485 1064 1733 1141 Galilwte,

158 1200 203 1244 et
220 1197 319 1243 erat
346 1195 509 1239 mater
538 1180 663 1234 Jrsu
695 1180 785 1245 ibi,
810 1186 915 1232 etc.
951 1175 1129 1244 (Joan.
1162 1172 1243 1241 ιι).

228 1279 377 1347 Quod
411 1276 664 1330 Dominus
695 1281 1020 1339 noster,etc.
1057 1268 1270 1335 Reliqua
1296 1264 1408 1319 vide
1436 1263 1577 1333 apud
1601 1276 1740 1316 eum-

158 1373 270 1424 dem
294 1369 509 1430 Bedam,
536 1376 660 1421 tant.
695 1374 748 1417 nt
777 1378 956 1429 supra,
1000 1358 1101 1413 col.
1133 1358 1224 1413 68.

730 1475 1005 1535 llOMlLIA
1036 1476 1167 1531 LIV.

477 1594 525 1633 IN
558 1590 805 1632 DOMiNlCA
840 1588 893 1625 Ill
932 1585 1060 1625 POST
1086 1582 1423 1623 EPIPHA‘NIAII.

749 1665 850 1737 (Ex
873 1661 1152 1731 Origene.)

231 1764 404 1820 Initio
437 1773 679 1833 tempore,
711 1773 824 1812 cum
868 1752 1207 1809 descendisset
1254 1749 1405 1803 Jesus
1456 1746 1517 1800 de
1559 1753 1747 1813 monte,

158 1868 341 1915 secuta:
365 1865 480 1911 sunt
508 1868 624 1909 eum
648 1851 809 1904 turba:
838 1846 1033 1901 multm.
1059 1844 1123 1897 Et
1157 1858 1268 1897 ecce
1289 1842 1517 1912 leprosus
1546 1840 1747 1893 veniens

160 1950 365 2021 rogabat
386 1944 754 2009 eum,dicens:
786 1939 1021 2003 Domine,
1065 1936 1108 1991 si
1157 1934 1252 1999 vis,
1282 1945 1422 2002 potes
1470 1946 1549 1985 me
1596 1946 1747 1983 mun-

162 2042 302 2105 dare,
334 2048 439 2092 etc.
471 2034 683 2106 (Matth.
711 2032 853 2101 vin).

240 2133 474 2186 Docente
504 2128 556 2181 in
581 2133 764 2179 monte
790 2122 1038 2186 Domino,
1073 2116 1324 2186 discipuli
1368 2121 1631 2169 venerunt
1683 2111 1748 2165 ad

163 2242 283 2282 eum
329 2225 468 2279 sicut
525 2220 757 2284 alacres,
788 2216 928 2271 sicut
970 2209 1277 2276 domestici,
1310 2208 1449 2262 sicut
1500 2203 1750 2275 proximi,

165 2320 302 2373 sicut
324 2315 478 2369 amici
508 2311 595 2367 vel
626 2310 841 2365 fratres.
880 2306 1003 2361 ldeo
1026 2305 1100 2358 ait
1128 2311 1183 2358 et
1208 2300 1468 2356 Dominus
1496 2298 1561 2352 ad
1608 2311 1702 2352 eos
1734 2312 1746 2348 :

174 2407 276 2461 Vos
293 2406 409 2460 estis
438 2405 516 2458 sal
542 2411 712 2470 teme,
740 2409 813 2466 et,
837 2413 922 2452 vos
950 2396 1068 2451 estis
1091 2396 1184 2448 tua:
1213 2391 1396 2445 mundi
1426 2388 1773 2461 (Matth.'v).-

165 2498 315 2553 Nunc
342 2511 468 2552 vero
497 2491 861 2549 descendente
889 2502 955 2544 eo
979 2486 1047 2542 de
1094 2493 1298 2551 monte,
1332 2484 1503 2537 turbae
1552 2489 1753 2536 secutae

169 2602 293 2647 sunt
314 2605 458 2654 eum,
478 2602 600 2659 quae
629 2588 680 2639 in
712 2595 949 2641 montem
975 2581 1270 2637 ascendere
1304 2592 1409 2632 non
1436 2582 1749 2646 potuerunt,

170 2698 228 2740 ut
256 2684 385 2754 pigri
415 2680 617 2752 populi,
655 2688 712 2733 ut.
760 2674 1112 2745 negligentes,
1147 2681 1204 2726 ut
1243 2667 1570 2738 imperfecti.
1600 2666 1672 2721 Ita
1701 2674 1756 2721 et

167 2777 261 2831 lilii
301 2774 466 2830 lsrael
506 2772 752 2843 primitus
789 2770 841 2824 in
876 2777 1111 2822 montem
1160 2764 1457 2819 ascendere
1502 2775 1610 2815 non
1664 2773 1756 2813 va-

168 2870 406 2935 luerunt,
439 2866 505 2920 ad
528 2862 853 2919 obviandum
907 2861 1017 2914 Deo
1060 2871 1283 2928 pergere
1315 2870 1421 2909 non
1473 2859 1761 2923 potuerunt

168 2970 389 3030 propter
439 2973 592 3013 suam
643 2954 1099 3024 irreligiositatem
1155 2959 1208 3005 et
1257 2949 1619 3017 impietatem,
1663 2942 1758 2999 sed

168 3054 321 3109 solus
368 3051 578 3121 Moyses
602 3048 864 3111 ascendit,
896 3053 949 3100 et
995 3042 1148 3113 pauci
1197 3056 1318 3096 cum
1372 3054 1438 3095 eo
1486 3037 1758 3094 seniorum

1838 522 1977 576 beati
2012 523 2148 592 magi
2182 526 2327 592 prius
2355 526 2696 593 procidentes
2722 528 3081 585 adoraverunt
3105 547 3250 601 eum,
3273 543 3328 591 et
3348 535 3421 591 ita

1836 611 2050 668 demum
2099 613 2150 669 ei
2200 629 2421 670 munera
2476 617 2783 674 obtulerunt
2830 620 3041 689 (Matth.
3075 625 3159 692 ιι).
3218 625 3419 682 Eodem

1839 705 1997 760 modo
2018 714 2073 760 et
2095 720 2237 761 nunc
2263 707 2582 768 iste-cadens
2606 710 2884 778 adorabat,
2912 722 2968 768 et
3004 715 3083 769 sic
3121 717 3420 786 supplicem

1834 795 2032 851 obtulit
2058 799 2474 866 postulationem
2510 818 2521 852 :
2555 801 2798 868 Domine,
2830 804 3036 872 dicens,
3068 814 3121 859 tu
3151 808 3238 876 qui
3263 807 3425 879 digne

1837 888 2097 956 adoraris,
2129 891 2216 961 qui
2275 894 2465 947 merito
2519 893 2736 959 coleris,
2797 904 2848 951 te
2892 912 2991 967 ego
3036 908 3095 953 ut
3141 899 3425 957 Dominum

1839 981 2024 1047 adoro,
2058 981 2283 1053 ideoque
2306 991 2358 1038 et
2381 983 2663 1039 Dominum
2688 986 2829 1040 dico.
2880 990 3053 1058 Opera
3108 989 3254 1059 prius
3296 1008 3429 1048 con-

1841 1081 2065 1135 testans,
2086 1083 2137 1127 et
2163 1076 2242 1129 sic
2270 1074 2434 1130 verba
2460 1077 2705 1147 loquens.
2731 1077 2834 1133 Per
2858 1088 2908 1135 te
2925 1084 3065 1135 enim
3085 1083 3262 1137 omnia
3288 1084 3426 1139 facta

1841 1173 1995 1219 sunt:
2023 1173 2075 1219 tu
2106 1179 2253 1235 ergo,
2286 1166 2527 1234 Domine,
2552 1169 2595 1222 si
2629 1171 2727 1237 vis,
2745 1179 2897 1239 potes
2919 1187 3005 1228 me
3026 1175 3307 1233 mundare.
3328 1177 3431 1233 Vo-

1844 1261 2018 1312 luntas
2045 1267 2129 1311 tua
2156 1272 2291 1327 opus
2321 1267 2434 1325 est,
2467 1260 2587 1315 ideo
2610 1264 2655 1316 si
2689 1264 2785 1329 vis,
2811 1275 2962 1333 potes
3011 1282 3098 1322 me
3145 1271 3427 1326 mundare.

1849 1349 2067 1404 Voluisti
2099 1360 2154 1403 ut
2185 1351 2301 1406 hate
2328 1353 2750 1410 immundissima
2795 1358 2943 1426 lepra
2975 1372 3137 1429 super
3166 1376 3251 1416 me
3282 1365 3429 1418 veni-

1847 1448 1949 1507 ret,
1966 1438 2080 1495 sive
2111 1448 2331 1509 propter
2359 1456 2477 1497 mea
2508 1454 2748 1512 peccata,
2774 1458 2830 1500 ut
2855 1459 3131 1519 correptus
3154 1452 3437 1519 ptenituis-

1847 1545 1990 1596 sem;
2048 1535 2161 1588 sive
2190 1542 2409 1604 propter
2441 1544 2581 1590 tuam
2616 1538 2951 1606 prudentiam
2975 1582 2991 1606 ,
3022 1551 3081 1597 ut
3121 1522 3455 1602 mirabiliter.

1850 1637 1936 1677 me
1966 1623 2229 1679 mund-sus
2290 1628 2666 1696 rnagniticeris.
2724 1632 2913 1687 Omnia
2960 1632 3333 1704 dispensanter
3384 1650 3439 1693 et

1855 1716 2199 1782 providenter
2237 1716 2392 1784 facis,
2423 1733 2477 1774 et
2502 1722 2727 1777 salutem
2784 1724 2999 1795 largiter
3051 1727 3257 1784 tribuis.
3315 1711 3441 1787 Sive

1856 1822 1985 1877 ergo
2014 1809 2149 1863 hanc
2178 1810 2377 1879 lepram
2410 1823 2629 1882 prepter
2676 1830 2792 1871 mea
2837 1830 3051 1886 peccata
3106 1821 3331 1889 portavi,
3360 1823 3442 1877 di-

1854 1902 2069 1958 mittens
2098 1905 2284 1973 culpas
2306 1906 2487 1972 meas,
2509 1910 2699 1963 munda
2726 1925 2811 1965 me
2836 1930 2847 1964 :
2876 1911 2990 1968 sive
3014 1929 3234 1985 propter
3259 1917 3441 1986 provi-

1852 1992 2090 2047 dentiam
2118 2003 2259 2048 tuam
2298 2011 2384 2051 me
2408 1998 2721 2054 mirabiliter
2747 2003 2964 2067 munda,
2993 2015 3051 2058 ut
3092 2005 3160 2060 ab
3191 2009 3439 2065 omnibus

1854 2085 2230 2154 magniﬁceris.
2282 2088 2523 2154 Domine,
2569 2094 2614 2146 si
2666 2095 2766 2161 vis,
2821 2107 2971 2161 potes
3021 2114 3107 2154 me
3156 2103 3439 2159 mundare.

1861 2178 2117 2233 Voluntas
2147 2189 2234 2235 tua
2265 2196 2399 2252 Opus
2426 2194 2528 2249 est,
2558 2187 2680 2255 quia
2724 2197 2778 2241 et
2815 2205 2978 2259 opera
3035 2195 3289 2251 voluntati
3339 2207 3443 2254 tuae

1855 2268 2129 2336 obediunt,
2159 2272 2402 2342 ideoque,
2435 2276 2479 2329 si
2530 2279 2629 2340 vis,
2658 2289 2806 2346 potes
2850 2298 2938 2337 me
2989 2286 3270 2343 mundare.
3321 2290 3437 2345 Non

1856 2362 2064 2431 dubito,
2089 2380 2194 2420 non
2219 2366 2397 2433 fallor,
2418 2384 2524 2422 non
2551 2373 2671 2426 dico
2694 2376 2830 2429 sicut
2861 2377 2950 2433 ille
2976 2379 3065 2449 qui
3092 2381 3182 2436 lilii
3213 2384 3440 2439 salutem

1857 2453 2264 2524 deprecabatur,
2295 2459 2349 2513 Si
2381 2461 2505 2530 quid
2539 2472 2726 2532 potes,
2758 2467 2947 2534 adjuva
2994 2484 3121 2536 nos;
3182 2474 3276 2527 sed
3333 2478 3446 2532 scio

1857 2546 1981 2614 quia
2014 2549 2193 2601 omnia
2225 2558 2398 2618 potes,
2428 2552 2656 2624 ideoque
2688 2571 2791 2610 non
2825 2560 3118 2628 potentiam
3168 2573 3311 2632 peto,
3337 2583 3444 2624 non

1861 2635 2224 2696 fortitudinem
2251 2659 2454 2711 quzero,
2481 2646 2577 2700 has
2600 2650 2741 2703 enim
2767 2652 2878 2706 scio
2908 2668 3027 2708 esse
3058 2656 3449 2728 indelicientes,

1860 2733 1954 2787 sed
1989 2743 2190 2788 tantum
2226 2738 2552 2793 voluntatem
2587 2750 2729 2795 tuam
2779 2745 3058 2814 deprecor,
3109 2759 3162 2804 ct
3214 2764 3448 2821 sequens

1861 2826 2027 2930 virtus
2048 2828 2230 2881 statim
2262 2829 2399 2885 hanc
2421 2832 2647 2900 gratiam
2671 2835 2983 2905 adimplebit
3033 2858 3044 2892 :
3107 2839 3355 2908 Domine,
3398 2844 3445 2899 si

1866 2924 1967 2985 vis,
1998 2928 2150 2990 potes
2182 2937 2266 2975 me
2295 2924 2572 2980 mundare.
2604 2926 2728 2981 Mihi
2757 2929 2822 2981 ad
2850 2928 3169 2985 beneﬁcium
3194 2975 3209 3000 ,
3239 2933 3328 2987 tibi
3380 2935 3446 2989 ad

1862 3011 2094 3080 laudem,
2130 3014 2436 3068 videntibus
2464 3025 2642 3071 autem
2672 3019 2737 3072 ad
2783 3018 3123 3088 miraculum,
3167 3023 3447 3092 proﬁcien-

169 3141 333 3197 lsrael
363 3160 375 3195 ε
412 3104 482 3194 ita
510 3149 562 3194 et
590 3153 710 3193 cum
742 3136 969 3189 Domino
999 3131 1247 3199 discipuli
1277 3129 1378 3185 soli
1421 3130 1473 3184 in
1521 3135 1756 3183 montem

1866 3104 2005 3207 tibus
2034 3106 2099 3160 ad
2137 3107 2434 3161 doctrinam
2464 3107 2551 3179 [et
2590 3108 2900 3178 proliciendi
2938 3112 3168 3186 deum].
3202 3115 3453 3187 Domine,

166 3233 555 3296 ascenderunt,
583 3238 639 3285 et
662 3228 924 3283 tardiores
955 3225 1207 3280 deorsum
1253 3229 1545 3278 steterunt.
1593 3220 1682 3275 Sic
1709 3229 1763 3273 et

167 3325 334 3380 modo
384 3323 663 3392 vigilantes
708 3328 761 3375 et
800 3320 1005 3373 alacres
1036 3326 1088 3372 et
1119 3316 1305 3371 ﬁdeles
1333 3314 1549 3382 animre,
1593 3311 1759 3366 Deum

169 3418 429 3471 timentes
455 3424 510 3469 et
534 3413 815 3467 Dominum
841 3411 1147 3479 diligentes,
1181 3421 1344 3478 regna
1385 3402 1623 3460 etelestia
1668 3401 1762 3456 de-

168 3509 496 3569 siderantes,
533 3507 813 3560 Dominum
846 3516 1059 3573 semper
1090 3510 1398 3570 sequentes,
1432 3506 1552 3567 post
1576 3494 1760 3549 Domi-

166 3619 301 3660 ιιιιιῐι
331 3605 383 3657 in
416 3604 561 3657 illum
593 3602 869 3656 emlestem
900 3606 1137 3653 montem
1163 3596 1461 3651 ascendunt
1483 3593 1763 3647 audientes

165 3695 494 3767 Apostolum
523 3692 785 3747 dicentem
818 3709 831 3744 :
869 3689 997 3757 Quae
1018 3704 1220 3743 sursum
1258 3696 1374 3740 sunt
1400 3685 1629 3756 quierite,
1652 3698 1765 3753 qua:

169 3804 383 3843 sursum
411 3795 526 3839 sunt
556 3787 739 3854 sapite,
773 3783 856 3836 ubi
889 3782 1118 3836 Christus
1144 3789 1214 3833 est
1243 3780 1294 3832 in
1326 3780 1534 3830 dextera
1566 3774 1657 3827 Dei
1686 3790 1764 3827 se-

162 3882 302 3936 dens
334 3877 569 3950 (Coloss.
619 3875 733 3944 ιιι).
770 3872 1139 3929 Descendente
1197 3884 1338 3924 nunc
1386 3868 1634 3931 Domino,
1664 3865 1764 3920 hoc

160 3983 277 4041 est,
311 3974 607 4028 inclinante
651 3984 710 4025 se
752 3970 817 4023 ad
871 3966 1233 4021 inﬁrmitatem
1288 3972 1343 4018 et
1394 3960 1763 4030 impotentiam

153 4079 524 4128 cmterorum,
548 4063 801 4118 misertus
834 4057 1228 4129 imper-lectioni
1261 4069 1447 4111 eorum
1494 4052 1578 4107 vel
1610 4050 1762 4106 inﬁr-

152 4159 373 4221 mitati,
406 4166 605 4211 secuta:
629 4161 757 4207 sunt
784 4165 903 4206 eum
930 4150 1101 4204 turbae
1124 4148 1328 4212 multae,
1355 4146 1611 4215 aliquanti
1647 4158 1767 4212 pro-

151 4263 291 4322 pter
306 4248 653 4310 charitatem,
667 4243 922 4314 aliquanti
945 4252 1159 4312 propter
1176 4240 1497 4307 doctrinam,
1513 4236 1765 4306 aliquanti

151 4354 396 4413 propter
423 4337 831 4394 admirationem
862 4345 914 4391 et
943 4333 1277 4389 curationem
1307 4348 1320 4383 :
1370 4338 1425 4385 et
1452 4344 1576 4384 ecce
1606 4327 1766 4381 homo

151 4439 429 4505 leprosus
460 4446 595 4487 unus
624 4445 688 4484 ex
721 4430 826 4483 illis
855 4428 942 4496 qui
968 4441 1151 4479 curam
1183 4423 1527 4494 quaerebant,
1558 4418 1648 4489 qui
1692 4420 1766 4473 le-

1866 3200 1912 3253 si
1931 3200 2025 3265 vis,
2043 3209 2186 3270 potes
2210 3216 2287 3253 me
2311 3202 2580 3257 mundare.
2605 3202 2682 3257 Tu
2707 3203 2849 3272 prius
2884 3203 3119 3260 Naaman
3154 3208 3450 3278 principem

1865 3289 2037 3361 Syria:
2064 3304 2157 3359 per
2177 3290 2410 3346 Eliseum
2430 3292 2481 3345 in
2504 3292 2737 3348 .lordane
2768 3294 2977 3363 ﬁngens
3005 3296 3149 3365 lepra
3182 3300 3453 3356 mundasti

1867 3380 1917 3454 (I
1937 3381 1972 3434 V
2004 3382 2128 3452 Reg.
2145 3381 2236 3452 v);
2269 3392 2323 3437 tu
2354 3385 2606 3449 etmodo,
2626 3385 2671 3439 si
2692 3386 2785 3454 vis,
2802 3396 2945 3456 potes
2969 3405 3046 3442 me
3070 3392 3338 3448 mundare.
3358 3392 3454 3449 Cui

1864 3478 2197 3546 respondens
2221 3477 2497 3543 Dominus,
2515 3479 2588 3534 ait
2608 3496 2619 3532 ε
2639 3479 2920 3534 Conliteris
2949 3482 3069 3550 quia
3096 3497 3196 3553 ego
3215 3498 3453 3552 possum,

1866 3568 2134 3639 proﬁteris
2150 3570 2273 3638 quia
2291 3570 2335 3623 si
2359 3584 2458 3639 ego
2478 3571 2616 3637 volo,
2638 3572 2724 3624 lit:
2752 3570 2874 3626 ideo
2898 3574 3041 3641 volo,
3060 3575 3348 3641 mundare;
3372 3593 3453 3631 vo-

1867 3662 2125 3718 luntatem
2156 3663 2410 3731 precaris,
2426 3666 2718 3731 potentiam
2742 3664 3032 3720 confiteris.
3074 3664 3458 3732 Volo,muuda-

1867 3770 1939 3807 re.
1960 3754 2234 3822 Magniﬁce
2251 3754 2447 3820 credis,
2465 3754 2745 3824 magniﬁce
2762 3766 2815 3809 et
2833 3757 3124 3811 mundaris.
3142 3758 3459 3815 Plenissime

1870 3847 2163 3913 conﬁteris,
2189 3846 2503 3917 plenissime
2531 3853 2585 3899 et
2616 3846 2925 3901 laetiﬁcaris.
2977 3847 3109 3902 Volo
3129 3889 3143 3914 ,
3175 3852 3457 3906 mundare.

1869 3940 1985 3995 Non
2016 3938 2271 3993 dubitasti
2299 3938 2542 4005 credere,
2574 3951 2679 3990 non
2715 3940 2867 3991 tardo
2897 3954 3109 3993 sanare.
3136 3940 3251 3995 Non
3278 3941 3456 3996 distu-

1869 4034 1976 4088 listi
2002 4033 2415 4096 confessionem,
2452 4046 2557 4086 non
2590 4030 2833 4086 diﬁ‘eram
2876 4040 2927 4086 te
2971 4033 3250 4089 nmndare.
3306 4035 3464 4106 Volo,

1871 4126 2138 4180 mundare.
2173 4125 2240 4180 Ut
2266 4134 2322 4180 et
2350 4139 2598 4194 magnam
2629 4124 2854 4195 gratiam
2890 4124 2982 4180 tibi
3007 4126 3311 4195 ostendam,
3345 4144 3459 4183 ma-

1873 4234 1997 4272 num
2026 4218 2091 4271 ad
2128 4227 2177 4272 te
2210 4218 2444 4286 porrigo.
2478 4216 2794 4271 Extendens
2827 4218 3006 4287 itaque
3034 4219 3190 4273 Jesus
3219 4236 3463 4289 manum,

1873 4308 2041 4379 tetigit
2069 4324 2215 4374 eum,
2246 4308 2430 4362 dicens
2459 4325 2471 4361 :
2516 4307 2664 4373 Volo,
2694 4310 2966 4363 mundare.
3004 4311 3067 4364 Et
3092 4325 3257 4380 quare
3290 4312 3466 4381 tetigit

1874 4416 1993 4456 eum
2021 4400 2303 4465 Dominus,
2337 4414 2457 4454 cum
2490 4401 2572 4454 lex
2618 4401 2982 4468 prohibuisset
3031 4402 3296 4472 leprosum
3348 4413 3467 4458 tan-

148 4542 371 4581 vamen
396 4520 797 4579 desiderabant.
835 4518 899 4571 Et
925 4534 1036 4573 ecce
1060 4516 1293 4587 leprosus
1316 4515 1542 4580 ueniens,
1574 4511 1761 4566 adora-

1874 4492 2037 4562 gere?
2068 4492 2292 4561 Propter
2316 4492 2417 4548 hoc
2445 4492 2638 4562 tetigit,
2672 4502 2729 4546 ut
2754 4492 3081 4549 05tendisset
3108 4495 3229 4564 quia
3283 4498 3467 4553 omnia

148 4623 251 4674 bat
275 4634 421 4683 eum,
448 4614 623 4668 dicens
665 4628 685 4666 :
730 4610 970 4675 Domine,
998 4610 1039 4663 si
1067 4610 1171 4675 vis,
1206 4615 1345 4674 potes
1375 4622 1453 4659 me
1498 4604 1766 4657 mundare.

154 4715 444 4768 Deorsum
475 4721 701 4763 currens
728 4719 903 4774 rogas,
932 4718 965 4758 ο
995 4702 1175 4767 homo,
1206 4710 1259 4754 et
1306 4699 1356 4752 in
1406 4707 1587 4752 monte
1640 4695 1768 4749 nihil

151 4803 356 4860 dicis?
382 4802 560 4869 Quare
583 4799 704 4853 sic?
730 4795 862 4863 Quia
896 4808 1107 4863 tempus
1135 4805 1191 4848 et
1221 4801 1467 4860 tempora
1494 4786 1641 4843 omni
1693 4786 1768 4839 rei

152 4898 276 4952 sub
299 4896 469 4961 caelo,
495 4904 704 4961 tempus
726 4888 1009 4953 doctrinas,
1038 4892 1095 4939 et
1125 4895 1336 4952 tempus
1365 4878 1679 4934 curationis.
1714 4876 1769 4930 In

155 4998 370 5047 monte
414 4985 627 5051 docuit,
658 4978 1006 5046 illuminavit,
1036 4976 1263 5041 monuit,
1294 4973 1502 5028 animas
1544 4969 1771 5035 curavit,

152 5084 350 5140 corda
380 5081 608 5137 sanavit.
635 5077 928 5147 Propterea
959 5087 1088 5143 ergo
1117 5086 1216 5141 ego
1239 5069 1327 5123 illa
1348 5064 1549 5137 majora
1570 5071 1773 5119 tentare

155 5175 361 5240 nolui,
385 5173 474 5229 illa
504 5185 713 5227 summa
746 5167 959 5222 tardare
980 5178 1169 5235 passus
1199 5176 1340 5216 sum.
1369 5159 1501 5230 Ipsis
1530 5171 1659 5225 ergo
1709 5155 1775 5208 ab

156 5268 271 5322 illo
295 5258 603 5334 completis,
638 5262 890 5317 deorsum
915 5272 980 5314 eo
1028 5256 1094 5312 de
1142 5262 1326 5310 monte
1368 5250 1434 5306 ad
1480 5248 1771 5305 curandum

158 5356 572 5422 descendente,
593 5352 749 5409 sicuti
789 5352 858 5407 de
915 5349 1075 5415 caelo,
1135 5344 1296 5403 sicuti
1341 5344 1409 5400 de
1462 5339 1775 5399 coelestibus

163 5448 465 5505 montibus
489 5446 556 5502 ad
582 5444 868 5501 salvandos
890 5442 1138 5499 carnales
1187 5437 1566 5495 descendente.
1620 5432 1780 5489 Venit

164 5558 317 5613 ergo
348 5541 415 5596 ad
436 5554 561 5596 eum
582 5539 745 5594 homo
771 5537 1040 5606 leprosos,
1058 5533 1289 5589 adorans
1309 5545 1455 5588 eum.
1482 5533 1780 5598 Antequam

169 5645 421 5704 peteret,
454 5635 679 5690 adorare
708 5633 872 5701 coepit
899 5652 909 5686 :
942 5641 1225 5701 antequam
1255 5637 1490 5699 rogaret,
1513 5626 1779 5681 culturam

167 5729 450 5786 ostendit.
475 5726 732 5782 Adoravit
761 5735 934 5781 autem
976 5740 1116 5780 cum.
1169 5723 1271 5779 Pro
1303 5722 1403 5776 hoc
1454 5721 1567 5779 ipso
1617 5720 1780 5774 Deum

1876 4585 2071 4638 munda
2104 4585 2339 4651 mundis,
2369 4585 2493 4653 quia
2524 4584 2749 4639 aliorum
2778 4586 2904 4643 aliis
2931 4601 3035 4640 non
3078 4588 3354 4644 adliterent
3384 4591 3466 4645 in-

1874 4676 2243 4745 quinamenta,
2271 4676 2395 4744 quia
2426 4682 2682 4730 extranea
2708 4676 3071 4732 immundities
3093 4678 3464 4736 immaculatos

1878 4786 1980 4823 non
2014 4769 2338 4837 coinquinat.
2369 4768 2473 4824 Sed
2506 4768 2679 4825 adhuc
2711 4782 2926 4842 pmpter
2962 4773 3089 4843 quid
3137 4775 3344 4843 tetigit?
3396 4775 3463 4831 Ut

1879 4867 2232 4923 humilitatem
2290 4867 2706 4934 demonstraret,
2742 4877 2796 4922 ut
2840 4883 2936 4923 nos
2990 4865 3209 4923 doceret
3257 4867 3460 4923 nullum

1876 4976 2163 5032 spernere,
2198 4961 2399 5016 nullum
2459 4962 2699 5025 horrere,
2750 4962 2950 5016 nullum
3002 4960 3463 5030 contemptibilem

1872 5055 2067 5109 ducere
2089 5062 2303 5124 promer
2324 5054 2564 5123 corporis
2588 5053 2884 5120 la'sionem,
2919 5062 3010 5108 aut
3049 5054 3457 5108 maculationem

1873 5166 1990 5221 quae
2017 5166 2045 5202 a
2076 5148 2302 5205 Domino
2326 5149 2707 5213 immittuntur,
2736 5162 2833 5215 pro
2861 5162 2958 5216 qua
2992 5149 3106 5216 ipse
3152 5147 3255 5202 scit
3282 5147 3460 5201 ratio-

1875 5261 2019 5299 nem.
2080 5241 2388 5297 Extendens
2441 5255 2569 5310 ergo
2616 5255 2828 5293 manum
2878 5240 3071 5306 Jesus,
3102 5238 3271 5309 tetigit
3317 5255 3464 5295 eum.

1881 5339 2134 5403 Medicus,
2166 5336 2260 5403 ait,
2289 5351 2404 5391 sum
2433 5336 2705 5403 caelestis,
2732 5349 2954 5403 corpora
2986 5349 3106 5388 cum
3138 5334 3331 5389 animis
3372 5349 3465 5389 cu-

1884 5444 2003 5484 rare
2036 5440 2275 5498 possum,
2308 5438 2590 5496 propterea
2620 5441 2806 5479 omnes
2841 5434 3030 5494 tango,
3058 5441 3162 5480 non
3211 5435 3268 5479 ut
3322 5424 3463 5479 inﬁr-

1887 5523 2042 5578 mitas
2065 5523 2193 5577 mihi
2224 5522 2517 5584 adhmreat,
2543 5521 2636 5573 sed
2662 5520 2782 5575 ideo
2808 5529 2865 5575 ut
2902 5521 2968 5574 ab
2999 5521 3080 5575 his
3111 5519 3198 5589 qui
3223 5534 3341 5573 eam
3371 5518 3468 5572 lia-

1889 5616 2014 5671 bent
2035 5616 2321 5686 expellam.
2349 5613 2443 5669 Sol
2472 5628 2587 5667 sum
2613 5613 2778 5675 enim,
2804 5613 2899 5678 ait,
2950 5612 3389 5679 incorruptibilis,
3411 5616 3474 5667 et

1891 5715 2009 5767 luna
2032 5710 2268 5777 Ῑιιειιιῑω,
2298 5707 2525 5775 ideoque
2554 5707 2805 5760 omnibus
2839 5704 3128 5776 appmpio,
3179 5716 3230 5759 et
3279 5714 3472 5758 omnes
