3956 6342
544 302 674 359 unt
1423 290 1632 355 PAULI
1674 286 1946 343 omnem
1984 283 2136 341 ore.
2181 281 2355 337 rans
2396 280 2460 335 ιι.
2508 308 2575 322 -.
2614 281 2973 340 ASCETICA.
3620 297 3714 354 me

542 418 676 475 meis
700 411 1079 486 splendoribus
1102 409 1168 467 ad
1192 408 1418 463 salutem
1445 407 1663 472 trradio,
1686 405 1801 475 ipsc
1833 416 1959 457 vero
1984 411 2120 455 Sicut
2153 414 2196 470 Α
2224 406 2433 450 ostende
2458 404 2505 450 te
2532 398 2808 451 sacerdoti.
2857 392 3127 449 Sacerdoti
3166 404 3213 448 te
3255 398 3461 467 ostende,
3497 413 3526 455 a
3563 417 3717 460 summo

541 510 614 565 fui
640 520 955 579 permaneo,
991 505 1047 559 in
1070 502 1329 571 singulari
1362 516 1494 555 mete
1544 496 1842 554 sanctitatis
1892 494 2129 565 pulchri-

544 601 747 656 tudine.
810 598 878 651 Et
933 594 1233 651 extendens
1291 607 1529 657 manum,
1588 590 1761 660 tetigit
1812 603 1958 643 eum.
2017 586 2133 641 Non

540 704 739 760 sperno
795 687 988 756 legem,
1034 685 1127 739 sed
1176 697 1307 738 curo
1349 683 1558 737 vulnus.
1591 680 1705 736 Non
1737 680 1958 736 destruo
1982 692 2136 741 man-

540 784 766 845 datum,
814 779 910 834 sed
976 777 1099 848 fugo
1153 787 1313 845 atque
1364 774 1567 829 mundo
1620 776 1845 843 lepram.
1901 772 2137 841 Ideoque

541 886 666 926 cum
719 867 952 925 extendo
1008 881 1260 931 manum,
1310 880 1436 920 mox
1487 862 1671 933 effugit
1718 864 1835 916 hinc
1878 860 2138 916 contami-

542 958 725 1025 natio;
778 972 911 1013 meae
964 958 1143 1012 virtuti
1200 958 1536 1026 proximare,
1566 954 1649 1009 vel
1703 953 1953 1009 resistere
2002 966 2138 1008 meae

542 1050 798 1121 potentiae
827 1065 929 1106 non
961 1050 1174 1120 poterit.
1207 1048 1352 1117 Dico,
1400 1046 1681 1111 Miindare,
1711 1055 1767 1101 et
1794 1061 2013 1102 manum
2070 1045 2141 1100 ad

543 1144 869 1214 tangendum
901 1140 1218 1205 extendens,
1251 1138 1433 1209 effugit
1459 1138 1602 1192 illico
1638 1138 1801 1203 lepra.
1833 1136 1899 1190 Et
1923 1136 2142 1192 inventa

543 1245 626 1289 est
655 1248 845 1288 manus
874 1230 1084 1285 Domini
1114 1244 1220 1284 non
1253 1227 1589 1298 lepram,sed
1615 1227 1870 1282 mundum
1904 1227 2145 1295 tetigisse

545 1341 760 1395 corpus.
779 1324 1191 1378 Consideremus
1213 1330 1266 1376 et
1292 1335 1390 1375 nos
1413 1334 1577 1384 nunc,
1598 1318 1789 1375 fratres
1811 1317 2113 1373 charissimi
2128 1358 2143 1382 ,

549 1429 605 1473 ut
636 1418 809 1472 nullus
840 1416 1041 1485 peccati
1092 1416 1291 1484 lepram
1336 1414 1391 1468 in
1439 1427 1534 1468 sua
1592 1412 1785 1468 habeat
1828 1411 2028 1475 anima,
2078 1417 2137 1465 ut

550 1509 726 1564 nullus
766 1505 1248 1562 contaminationcs
1296 1504 1614 1559 delictorum
1666 1503 1721 1557 in
1764 1518 1862 1558 suo
1910 1503 2151 1558 retineat

549 1600 728 1656 corde.
762 1599 828 1654 Et
865 1599 909 1652 si
942 1597 1119 1661 habet,
1144 1597 1412 1650 instanter
1437 1594 1667 1649 adorans
1708 1593 2018 1661 Dominum,
2052 1593 2146 1648 di-

548 1703 634 1750 cat
657 1691 727 1748 ad
764 1706 885 1747 eum
932 1708 947 1746 :
997 1688 1235 1755 Domine,
1264 1690 1306 1742 si
1337 1690 1431 1756 vis,
1459 1701 1601 1756 potes
1627 1703 1705 1741 me
1734 1693 2013 1741 mundare.
2065 1684 2147 1741 Tu

2236 490 2527 546 Sacerdote
2569 490 2788 545 missus.
2846 487 3112 544 Sacerdoti
3152 497 3197 542 te
3239 492 3451 555 ostende,
3497 507 3520 546 a
3563 509 3719 555 summo

2235 564 2628 636 sacerdoteDei
2663 579 2838 634 Patris
2866 578 3181 642 mundatus,
3211 578 3300 633 sed
3346 596 3440 633 non
3478 583 3658 639 videaris
3685 591 3719 642 in

2236 681 2525 743 conspectu
2581 671 2790 725 Domini
2854 668 3052 723 inanis.
3100 668 3213 723 Non
3272 670 3479 725 videaris
3523 680 3721 734 sacerdoti

2239 784 2396 823 manu
2424 780 2587 821 vacua
2605 765 2671 819 ad
2693 780 2815 821 eum
2845 764 3056 828 venire,
3087 778 3190 818 non
3220 764 3392 819 venies
3417 765 3462 819 in
3504 781 3721 837 conspectu

2240 860 2408 916 sancti
2434 858 2615 927 templi
2642 856 3031 922 infructuosus,
3063 855 3157 910 sed
3179 854 3364 910 offeres
3413 872 3576 913 niunus
3606 870 3722 916 tuum.

2242 951 2324 1007 Ad
2353 951 2499 1005 illum
2530 950 2672 1004 enim
2700 958 2827 1003 tunc
2848 951 2948 1002 hoc
2975 946 3178 1001 dictum
3202 960 3297 1002 nos
3322 947 3545 1005 admonet
3564 966 3722 1017 omnes;

2242 1043 2308 1098 ad
2332 1043 2476 1096 illum
2503 1041 2748 1110 loquens,
2767 1038 2923 1093 nobis
2950 1038 3198 1094 omnibus
3224 1036 3366 1103 dicit,
3391 1048 3442 1091 ut
3461 1048 3508 1093 et
3531 1054 3610 1095 nos
3631 1042 3724 1095 dona

2243 1144 2299 1193 et
2326 1148 2547 1189 munera
2580 1141 2765 1188 nostra
2796 1147 2903 1188 non
2934 1140 3212 1186 teneamus
3239 1133 3378 1200 apud
3399 1147 3507 1200 nos,
3535 1134 3609 1188 sed
3647 1139 3727 1190 red-

2245 1230 2433 1283 damus
2466 1227 2596 1293 Deo,
2630 1225 2864 1281 maxime
2884 1238 3004 1279 cum
3035 1224 3102 1278 de
3126 1224 3302 1293 aliqua
3331 1224 3583 1280 liberamur
3614 1227 3728 1282 tribu-

2249 1323 2463 1377 latione.
2513 1320 2658 1389 Oﬁer
2689 1362 2706 1387 ,
2762 1320 2968 1389 inquit,
3026 1334 3216 1373 munus
3278 1329 3435 1373 tuum.
3484 1320 3649 1387 Quare?
3688 1323 3731 1377 L't

2248 1428 2440 1469 omnes
2468 1412 2559 1481 qui
2584 1421 2635 1466 te
2656 1410 2845 1467 vident
2872 1419 2925 1465 et
2946 1420 3162 1479 portare
3184 1418 3236 1463 et
3260 1408 3468 1477 oﬁerre,
3489 1412 3661 1466 credant
3678 1413 3731 1468 his

2250 1502 2600 1564 mirabilibus,
2627 1510 2679 1557 et
2714 1500 3055 1570 magniﬁcent
3097 1500 3263 1555 Deum
3314 1502 3400 1571 qui
3449 1503 3651 1558 misertus
3679 1516 3731 1558 est

2253 1595 2347 1660 tui,
2379 1604 2433 1650 et
2455 1593 2755 1649 inﬁdelibus
2785 1608 2880 1663 per
2912 1595 3011 1648 hoc
3034 1594 3331 1663 increpatio
3374 1604 3425 1649 et
3463 1596 3732 1651 testimonium

2252 1685 2459 1739 duritiae
2488 1684 2668 1739 cordis
2698 1684 2935 1753 ipsorum
2962 1685 3074 1738 ﬁet.
3101 1684 3190 1739 Sic
3210 1692 3266 1739 et
3308 1685 3449 1739 illum
3496 1688 3662 1757 triginta
3697 1698 3733 1743 et

550 1784 700 1839 illum
730 1783 879 1854 prius
926 1781 1091 1836 multa
1154 1780 1350 1834 delicta
1399 1779 1819 1835 committentem
1874 1774 2138 1831 mandasti
2170 1783 2218 1842 Β
2258 1775 3733 1851 octoannisjacentcmininfirmitate,erigensalanguore,

550 1876 811 1940 Naaman,
838 1881 894 1928 tu
924 1872 1043 1927 aliis
1074 1872 1554 1927 innumerabilibus
1577 1887 1607 1925 a
1637 1871 1838 1926 saeculo
1864 1868 2145 1939 peccanti-

551 1968 651 2022 bus
681 1966 931 2019 misertus
956 1978 1036 2029 es,
1072 1972 1129 2018 tu
1158 1977 1309 2033 ergo,
1342 1964 1386 2017 si
1431 1964 1525 2026 vis,
1557 1972 1697 2032 potes
1739 1978 1819 2015 me
1869 1961 2146 2015 mundare.

555 2059 626 2114 Et
655 2056 912 2112 Dominus
960 2070 1089 2111 mox
1145 2055 1527 2111 misericordia:
1578 2056 1856 2125 porrigens
1904 2068 2147 2123 manum,

557 2151 727 2207 dicit:
766 2149 922 2215 Volo,
960 2149 1231 2202 inundare.
1264 2149 1332 2203 Et
1369 2148 1526 2204 .lesus
1569 2148 1643 2201 ait
1686 2148 1760 2201 illi
1809 2147 2067 2201 mundato
2119 2159 2150 2201 a

555 2247 724 2313 lepra,
759 2241 884 2296 huic
913 2242 998 2296 cui
1030 2242 1282 2297 misertus
1314 2248 1430 2308 est,
1456 2240 1581 2294 huic
1612 2238 1853 2293 credenti
1901 2238 2149 2304 Domino,

554 2336 647 2406 qui
667 2335 905 2391 conﬁsus
933 2344 1018 2390 est
1048 2336 1099 2388 in
1123 2335 1320 2389 virtute
1347 2332 1624 2403 ejus,huic
1644 2346 1772 2400 ergo
1798 2330 1938 2385 dixit
1958 2329 2147 2387 Jesus:

557 2427 866 2491 Credidisti,
891 2440 1052 2482 sanus
1075 2440 1171 2491 es;
1203 2425 1452 2494 sperasti,
1477 2422 1708 2478 mundus
1734 2424 1902 2477 factus
1923 2437 2003 2478 es.
2034 2422 2152 2478 Noli

559 2518 802 2573 oblivisci
837 2518 1008 2588 qualis
1034 2516 1290 2582 fueris,et
1316 2515 1487 2586 qualis
1510 2514 1684 2571 factus
1705 2516 1799 2570 sis.
1826 2514 1942 2570 Non
1971 2529 2153 2572 cesses

565 2609 763 2679 gratias
790 2623 971 2678 agere,
997 2624 1103 2662 non
1128 2616 1305 2663 taceas
1331 2607 1596 2663 conﬁteri.
1631 2607 1742 2662 lloc
1780 2615 1835 2661 et
1865 2621 1962 2663 nos
1991 2607 2154 2663 debe-

565 2716 683 2757 mus
714 2701 909 2766 facere,
937 2716 970 2755 o
999 2699 1321 2766 charissimi,
1350 2700 1564 2769 quando
1610 2714 1640 2753 a
1694 2699 1916 2755 Domino
1966 2708 2153 2754 nostro

560 2795 629 2851 de
657 2795 836 2864 aliquo
869 2793 1104 2864 periculo
1130 2794 1442 2860 liberamur,
1468 2794 1681 2863 quando
1708 2795 1776 2848 ab
1823 2794 1999 2863 aliquo
2046 2794 2153 2848 do-

562 2886 679 2941 lore
708 2887 1011 2951 salvamur,
1042 2887 1157 2940 sive
1204 2884 1551 2951 inﬁrmitatis,
1581 2887 1697 2940 sive
1748 2886 2009 2953 vulneris,
2040 2885 2153 2941 sive

561 2980 629 3035 de
656 2980 897 3051 qualibet
927 2980 1266 3036 necessitate.
1297 2979 1412 3035 Non
1443 2979 1742 3035 efﬁciamur
1781 2980 2011 3050 ingrati,
2044 2993 2151 3034 non

562 3073 930 3142 relinquamus
988 3071 1403 3141 Redemptorem
1460 3081 1726 3139 nostrum,
1757 3072 1852 3127 sed
1904 3071 2151 3127 alacriter

2246 1868 2404 1937 jussit
2422 1876 2637 1937 portare
2656 1867 2940 1937 grabatum
2970 1884 3148 1933 suum,
3174 1878 3230 1924 et
3251 1869 3329 1925 ire
3355 1870 3405 1925 in
3433 1873 3613 1925 domum
3636 1888 3735 1926 suam

2255 1959 2443 2031 (Joan.
2478 1962 2554 2029 v),
2582 1969 2641 2015 ut
2670 1961 2809 2016 hunc
2832 1959 3008 2029 ipsum
3034 1961 3231 2016 lectum
3266 1972 3515 2031 portatum
3542 1965 3595 2019 ab
3617 1979 3738 2034 eoper

2253 2053 2486 2108 mediam
2520 2052 2786 2108 civitatem
2816 2053 3122 2118 clamasset,
3147 2055 3435 2111 salvantem
3456 2072 3508 2112 se
3528 2059 3739 2113 invocanda

2254 2155 2307 2201 et
2337 2146 2623 2201 laudando.
2653 2146 2743 2202 Sic
2766 2156 2820 2202 et
2850 2146 2998 2202 illum
3053 2162 3258 2204 ciccum
3291 2150 3341 2204 in
3388 2153 3650 2205 natatoriam
3682 2151 3739 2205 Si-

2254 2237 2397 2293 loam
2424 2239 2571 2293 misit
2593 2235 2775 2307 (Joau.
2806 2240 2907 2308 Ix),
2926 2247 2983 2294 ut
3008 2240 3256 2295 videntes
3277 2256 3393 2296 eum
3417 2242 3644 2296 ambulare
3660 2242 3740 2296 illuc

2252 2327 2499 2383 eumdem
2549 2342 2773 2394 caecum,
2821 2340 2874 2384 et
2924 2330 3115 2386 iterum
3168 2331 3674 2397 remeantem,ntirati
3707 2341 3741 2387 et

2254 2420 2635 2489 obstupentes,
2660 2421 2945 2476 crederent
2975 2424 3100 2478 huic
3147 2426 3273 2480 talia
3313 2425 3545 2480 miracula
3578 2426 3741 2478 facienti.

2254 2512 2382 2566 Post
2413 2511 2526 2565 haec
2554 2527 2673 2582 qua:
2702 2513 2949 2582 superius
2994 2514 3135 2569 dicta
3194 2526 3338 2585 sunt,
3391 2517 3504 2569 Cum
3544 2517 3737 2569 introiit“!

2254 2603 2616 2672 Capharnaum
2641 2606 2892 2660 civitatem
2922 2606 3173 2663 Galilwre.
3217 2610 3307 2666 Sic
3334 2611 3651 2680 cognominata
3686 2619 3738 2663 est

2253 2696 2652 2767 Capharnaum,
2687 2699 2738 2753 in
2768 2714 2870 2769 qua
2918 2700 3184 2757 Dominus
3226 2704 3417 2772 saepius
3468 2701 3639 2755 virtutis
3670 2712 3743 2754 sua

2256 2789 2707 2861 magniﬁcentiam
2740 2794 3076 2848 monstravit.
3111 2795 3442 2865 Ingrediente
3491 2809 3548 2849 eo
3583 2792 3744 2861 Caphar-

2255 2897 2437 2937 naum.
2458 2883 2567 2937 Cur
2589 2883 2662 2937 ibi
2705 2885 2980 2953 ingressus
3021 2888 3145 2941 est?
3205 2887 3423 2955 Propter
3460 2884 3549 2940 hoc
3584 2883 3685 2952 quod
3711 2888 3745 2935 et

2257 2975 2483 3042 invenit,
2514 2986 2567 3031 et
2592 2976 2773 3031 statim
2805 2977 3149 3033 manifestum
3193 2989 3297 3035 est.
3350 2979 3553 3034 Accessit
3588 2980 3639 3031 ad
3670 2990 3743 3030 eum

2256 3069 2507 3122 centurio.
2543 3067 2790 3124 Accessit
2812 3085 2963 3137 vere,
2988 3086 3093 3125 non
3118 3070 3391 3139 dimidius,
3423 3071 3509 3127 sed
3532 3079 3655 3125 totus.
3670 3066 3743 3121 Non

562 3162 853 3232 gratiarum
876 3162 1116 3217 actiones
1138 3163 1189 3217 ei
1212 3162 1519 3228 reddamus,
1545 3162 1639 3217 sed
1681 3170 1736 3217 et
1763 3162 2011 3231 [munera
2065 3177 2148 3217 se-
2181 3143 2228 3209 ο
2258 3165 2479 3229 aspectu
2511 3160 2759 3230 corporis
2794 3170 3031 3229 tantum,
3062 3162 3157 3217 sed
3185 3172 3242 3219 et
3269 3163 3453 3219 animre
3487 3159 3744 3232 plenitudine.

566 3255 803 3309 cundum
868 3254 1220 3309 substantiam
1276 3262 1516 3308 nostram
1569 3254 1637 3308 ad
1689 3253 2150 3308 honoriﬁcandum

568 3360 692 3400 eum
716 3344 1088 3400 exbibeamus.
1124 3344 1236 3399 Hoc
1260 3345 1401 3399 enim
1433 3354 1488 3398 et
1527 3343 1600 3398 illi
1655 3343 1926 3397 mandavit
1976 3343 2155 3397 Domi-

566 3451 683 3490 nus.
726 3433 885 3501 Vade,
908 3434 1001 3499 ait,
1028 3435 1096 3487 ad
1119 3436 1453 3500 sacerdotem,
1486 3443 1533 3488 et
1580 3433 1706 3501 oﬂ'er
1752 3451 1935 3490 munus
1982 3445 2153 3489 tuum.

567 3527 713 3582 Dixit
740 3542 867 3598 ergo
894 3529 942 3583 ei
974 3528 1130 3583 Jesus
1163 3543 1177 3582 :
1219 3527 1365 3592 Vide,
1395 3528 1585 3582 nemini
1607 3528 1819 3583 dixeris.
1853 3529 1922 3587 Et,
1966 3542 2153 3596 quare,

568 3633 600 3673 ο
645 3617 957 3674 dulcissime
1006 3618 1254 3685 Domine,
1314 3634 1455 3674 nunc
1485 3619 1644 3689 dicis,
1675 3620 1881 3675 Nemini
1926 3620 2159 3674 dixeris?

568 3709 794 3779 Propter
818 3726 1015 3780 meam,
1043 3713 1147 3779 ait,
1174 3712 1562 3781 humilitatem,
1592 3722 1806 3782 propter
1835 3728 2010 3767 meam
2040 3710 2158 3764 dul-

570 3804 849 3871 cedinem,
881 3813 1016 3860 utet
1044 3821 1139 3860 vos
1180 3805 1479 3861 doceamini
1529 3805 1743 3875 quando
1794 3803 1993 3875 aliquid
2036 3804 2158 3858 boni

572 3894 793 3959 facitis,
857 3910 962 3949 non
1018 3896 1268 3965 gloriari,
1344 3911 1450 3951 non
1523 3897 1745 3964 extolli,
1816 3912 1922 3950 non
1985 3896 2157 3950 inani—

573 3994 653 4040 ter
706 3985 919 4055 placere
958 3987 1095 4041 velle
1165 3987 1217 4041 in
1286 3998 1576 4057 conspectu
1633 3987 1947 4052 hominum,
2024 3988 2162 4041 sicut

572 4075 905 4131 consuetudo
957 4085 1041 4132 est
1095 4077 1396 4144 aliquantis,
1436 4079 1551 4133 sive
1615 4094 1735 4132 cum
1784 4076 1982 4146 aliquid
2037 4076 2162 4131 boni

571 4168 834 4234 fecerint,
892 4171 1008 4226 sive
1046 4186 1167 4224 cum
1208 4171 1570 4240 jejunaverint
1608 4212 1623 4237 ,
1686 4172 1798 4226 sive
1852 4172 1904 4226 in
1964 4185 2163 4240 paupe-

572 4276 685 4315 rum
740 4262 1097 4332 eleemosynis
1150 4272 1202 4317 et
1275 4263 1606 4332 largitatibus
1638 4305 1653 4331 ,
1717 4264 1831 4318 sive
1875 4264 1927 4318 in
1980 4260 2164 4316 altaris

572 4351 796 4417 honore,
826 4355 942 4407 sive
995 4353 1047 4406 in
1100 4364 1408 4409 sanctorum
1467 4353 1891 4410 honorificentia.
1955 4355 2160 4408 Etenim

571 4445 669 4513 ipsi
697 4457 822 4499 ante
845 4446 1090 4501 homines
1118 4449 1303 4503 volunt
1328 4449 1641 4517 gloriﬁcari,
1667 4458 1722 4503 et
1771 4449 1876 4504 sibi
1929 4448 2158 4518 placere,

2259 3251 2372 3306 Non
2398 3249 2536 3307 facie
2568 3262 2792 3318 tantum,
2819 3252 2914 3308 sed
2935 3262 2987 3309 et
3011 3255 3360 3311 immaculato
3382 3256 3546 3311 corde.
3582 3250 3745 3307 Accessit

2259 3340 2505 3396 centurio
2532 3384 2547 3410 ,
2601 3344 2899 3414 alienigena
2946 3348 3300 3414 generatione
3325 3391 3341 3416 ,
3395 3346 3481 3401 sed
3517 3342 3747 3398 domesticus

2260 3431 2450 3497 corde;
2503 3432 2714 3488 alienus
2767 3436 3016 3500 natione,
3075 3438 3172 3491 sed
3220 3438 3397 3492 alacer
3451 3435 3558 3490 ﬁde.
3598 3433 3745 3487 Militum

2261 3523 2528 3594 princeps,
2561 3525 2655 3580 sed
2682 3526 2802 3594 plus
2832 3526 3143 3597 angelorum
3188 3530 3455 3600 gaudium.
3504 3525 3676 3581 Accessit
3707 3521 3748 3574 ad

2260 3634 2374 3672 eum
2412 3622 2639 3675 centurio
2665 3661 2679 3686 ,
2729 3622 3023 3690 increpatio
3071 3622 3288 3679 illorum
3332 3624 3418 3695 qui
3467 3621 3676 3692 quondam
3705 3616 3746 3668 ad

2262 3710 2429 3764 Eliam
2463 3711 2515 3765 in
2550 3712 2798 3769 Carmelo
2826 3716 3186 3771 ascendentes
3236 3712 3648 3787 quinquagenarii.
3670 3722 3748 3762 ωθι

2264 3802 2315 3855 in
2354 3803 2672 3859 inﬁdelitate
2696 3822 2789 3860 sua
2822 3807 2945 3877 igne
2976 3808 3248 3863 combusti
3280 3818 3399 3862 sunt
3427 3806 3521 3877 (IV
3546 3801 3748 3873 [ἡφιλία

2268 3894 2371 3949 iste
2404 3897 2452 3949 in
2484 3896 2585 3953 fide
2604 3914 2725 3953 mox
2757 3899 2808 3952 in
2831 3901 2951 3954 sinu
2982 3901 3272 3971 deputatus
3301 3912 3381 3957 est
3403 3900 3614 3957 Abrahze.
3634 3898 3748 3951 Arcti-

2263 3985 2328 4037 sit
2357 3985 2424 4038 ad
2448 4002 2562 4039 eum
2599 3990 2852 4057 centurio,
2873 4006 3060 4061 rogans
3087 4007 3207 4045 eum
3243 4002 3289 4047 et
3320 3987 3483 4046 dicens
3529 4006 3546 4045 :
3590 3984 3746 4043 Domine,

2264 4093 2390 4146 puer
2416 4093 2557 4131 meus
2572 4079 2713 4149 jacet
2742 4081 2795 4133 in
2819 4081 2969 4137 domo
2992 4085 3335 4154 paralyticus,
3357 4092 3402 4138 et
3425 4084 3543 4136 male
3556 4085 3748 4149 ιογῳιτωνο

2265 4166 2419 4222 Multi
2448 4169 2499 4221 in
2524 4170 2617 4224 illo
2641 4181 2880 4240 tempore
2912 4190 3010 4244 pro
3036 4175 3263 4232 diversis
3296 4179 3533 4248 rogabant
3557 4169 3748 4229 infirmita-

2271 4258 2432 4325 tibus,
2460 4259 2599 4315 alius
2632 4277 2732 4331 pro
2763 4264 2892 4329 ﬁlio,
2918 4267 3053 4321 alius
3082 4282 3181 4337 pro
3208 4268 3385 4339 aliquo
3412 4267 3524 4331 alio,
3551 4262 3621 4318 sed
3638 4256 3750 4313 nullus

2270 4366 2366 4420 pro
2389 4366 2567 4419 servo,
2595 4354 2704 4408 nisi
2734 4356 2834 4410 iste
2859 4358 3031 4425 solus,
3058 4368 3114 4413 et
3159 4359 3263 4415 hoc
3305 4362 3353 4415 ei
3402 4348 3475 4413 ad.
3508 4358 3750 4423 augmenlmtl

2272 4442 2637 4512 beatitudinis,
2667 4445 2734 4500 ad
2759 4461 3013 4501 coronam
3046 4450 3233 4519 gloria:
3254 4458 3390 4506 erat.
3413 4449 3536 4521 Quid
3557 4443 3663 4502 enim
3694 4450 3751 4492 ro-

573 4545 695 4589 ante
752 4536 1037 4592 Dominum
1089 4541 1393 4595 mercedem
1441 4541 1747 4610 perdentes.
1786 4510 1945 4606 Vide,
1973 4542 2161 4595 ncntini
2195 4510 2246 4569 Β
2270 4539 2475 4608 gitabat
2504 4540 2607 4596 iste
2638 4542 2868 4597 beatus?
2923 4510 3074 4611 Quid
3108 4510 3545 4601 mstimabatwiste
3586 4535 3751 4594 omnibus

575 4627 786 4680 dixeris.
819 4628 895 4683 'l‘e
923 4630 1065 4683 enim
1098 4634 1307 4685 tucente
1363 4631 1463 4687 hoc
1516 4633 1832 4686 mirabiliter
1880 4633 2161 4697 clamabit;

576 4729 629 4775 te
651 4719 791 4773 enim
821 4734 881 4773 os
911 4735 1017 4773 non
1049 4724 1353 4788 aperiente,
1399 4722 1572 4776 omnis
1624 4725 1697 4776 tui
1753 4722 1993 4791 corporis
2040 4723 2167 4775 sub-

576 4813 768 4867 stantia
824 4812 1092 4882 jubilabit.
1163 4814 1423 4870 llesterno
1485 4815 1831 4880 immundus,
1889 4824 1943 4869 et
2002 4813 2163 4870 hodie

576 4907 806 4961 mundus
836 4922 850 4960 :
884 4915 1008 4960 ante
1053 4907 1302 4976 pusillum
1338 4907 1627 4973 horribilis,
1651 4915 1704 4960 et
1733 4920 1875 4960 nunc
1901 4904 2149 4959 decorus.

585 4998 716 5053 Vide
738 5014 887 5069 ergo,
913 4997 1125 5053 Nemini
1157 5000 1369 5065 dixeris,
1397 5002 1483 5053 sed
1515 5002 1662 5065 vade,
1688 5000 1893 5054 ostende
1924 5009 1969 5052 te
2002 5015 2169 5053 sacer-

578 5094 701 5147 doti.
738 5094 1113 5148 Ambulantem
1138 5104 1189 5149 te
1215 5103 1281 5148 au
1331 5095 1586 5163 templum
1618 5095 1859 5149 videntes
1892 5094 2170 5148 mirabun-

578 5195 684 5250 tur,
717 5196 771 5242 et
797 5186 1053 5242 sacerdos
1084 5187 1271 5242 videns
1300 5198 1646 5257 expavescet,
1689 5186 1940 5256 quoniam
1964 5202 2167 5241 secun-

578 5279 705 5332 dum
740 5279 913 5347 legem
938 5280 1004 5333 ab
1028 5293 1093 5333 eo
1123 5280 1289 5335 semel
1322 5278 1402 5334 vel
1429 5279 1509 5334 bis
1527 5279 1763 5343 ablutus,
1796 5287 1850 5332 et
1875 5277 2167 5334 ostendens

579 5378 631 5424 te
655 5371 778 5438 ipsi,
803 5370 1047 5425 mandari
1079 5387 1183 5423 non
1216 5372 1455 5440 potuisti.
1508 5370 1653 5424 Vade
1680 5385 1828 5439 ergo,
1861 5371 2070 5425 ostende
2121 5380 2166 5425 te

578 5462 850 5528 sacerdoti,
882 5473 937 5517 et
984 5464 1174 5518 videns
1221 5474 1510 5533 cognoscat
1559 5467 1683 5532 quia
1734 5480 1838 5518 non
1892 5479 1987 5533 per
2036 5466 2168 5536 legis

580 5556 1025 5613 consuetudinem
1059 5560 1343 5613 mundatus
1373 5573 1453 5623 es,
1474 5559 1565 5611 sed
1588 5574 1680 5627 per
1700 5561 1883 5629 gratiae
1900 5560 2167 5629 operatio-

581 5665 727 5717 nem,
754 5668 857 5706 non
889 5667 981 5721 per
1010 5663 1340 5708 terrenorum
1369 5652 1703 5706 sacerdotum
1739 5651 2047 5721 imaginem,
2072 5652 2165 5706 sed

583 5756 679 5810 per
721 5742 993 5800 caelestem
1034 5744 1227 5799 summi
1261 5743 1568 5800 Sacerdotis
1596 5743 1958 5813 splendorem.
1996 5742 2163 5803 Vade.

2269 4631 2421 4689 bonis
2462 4634 2651 4705 plenus
2680 4638 2963 4693 centurio?
3012 4639 3117 4695 Iste
3147 4640 3365 4695 aiebat:
3398 4636 3511 4694 Mihi
3531 4631 3751 4690 servusesl.

2268 4740 2319 4784 et
2350 4746 2448 4800 ego
2480 4746 2665 4787 servus
2694 4729 2966 4789 Creatoris
3023 4749 3163 4789 sum.
3214 4734 3319 4790 Iste
3373 4748 3454 4789 me
3498 4730 3626 4784 habet
3653 4730 3754 4786 sui“

2269 4830 2465 4877 terram
2509 4823 2805 4890 dominum,
2853 4835 2908 4881 et
2968 4842 3069 4896 ego
3136 4827 3280 4882 hunc
3319 4838 3547 4895 magnum
3584 4819 3625 4875 in
3659 4808 3754 4867 6015

2271 4917 2443 4972 habeo
2468 4917 2773 4974 Dominum.
2801 4918 2857 4975 Si
2887 4935 3016 4991 ergo
3042 4921 3092 4975 ei
3122 4935 3229 4976 non
3280 4920 3543 4978 misereor,
3567 4899 3753 4982 quomodo

2271 5009 2401 5063 mihi
2434 5008 2524 5065 ille
2556 5010 2936 5065 miserebitur?
2987 5012 3042 5066 Si
3101 5028 3199 5079 ego
3248 5012 3373 5067 huic
3421 5022 3517 5065 non
3557 4992 3753 5087 subvenit).

2269 5098 2545 5169 quomodo
2571 5101 2702 5155 mihi
2733 5100 2823 5155 ille
2848 5101 3166 5158 subveniet?
3218 5103 3311 5158 Sic
3338 5101 3520 5157 debent
3542 5100 3683 5150 omnes
3698 5094 3753 5177 ηιξ·

2269 5190 2498 5245 famulos
2523 5190 2721 5247 habent
2762 5201 2816 5246 et
2860 5192 3104 5257 famulas,
3139 5195 3397 5265 cogitare,
3449 5190 3519 5245 sic
3566 5182 3758 5251 miserm,

2266 5283 2344 5337 sic
2371 5281 2663 5338 condolere
2690 5284 2788 5349 eis,
2817 5285 2897 5338 sic
2940 5285 3265 5355 supplicare,
3298 5289 3376 5340 sic
3419 5293 3579 5338 curam
3624 5267 3756 5324 bibe“

2275 5374 2342 5429 de
2364 5374 2542 5429 servis
2569 5375 2701 5440 suis,
2727 5375 2811 5429 vel
2839 5375 2906 5430 de
2932 5376 3139 5431 ancillis
3169 5378 3298 5443 suis,
3316 5377 3446 5430 sicut
3472 5379 3520 5428 et
3537 5367 3609 5423 ille
3632 5361 3755 5457 begins

2274 5465 2522 5520 centurio
2547 5465 2689 5520 fecit.
2711 5466 2849 5522 Puer
2874 5482 3052 5535 meus,
3079 5467 3269 5537 inquit,
3291 5467 3427 5535 jacet
3454 5464 3503 5517 in
3525 5460 3666 5513 domo.
3682 5445 3753 5538 Nan

2277 5562 2329 5615 in
2371 5576 2473 5615 una
2509 5575 2567 5615 re
2601 5570 2808 5615 tantum
2855 5561 3178 5616 miserabilis
3214 5558 3353 5629 quod
3400 5558 3546 5626 jacet,
3566 5543 3637 5602 sed
3666 5545 3702 5592 et
3724 5544 3754 5580 In

2275 5653 2374 5707 alia
2419 5652 2561 5722 quod
2613 5653 2953 5724 paralyticus,
2986 5654 3141 5707 tertia
3192 5651 3334 5722 quod
3382 5649 3509 5703 male
3540 5639 3752 5724 torquetur.

2272 5720 2460 5799 Omnia
2482 5720 2623 5800 enim
2649 5744 2746 5799 ista
2762 5720 2958 5801 Vdolore
2980 5720 3387 5816 congeminavit,
3413 5748 3463 5796 et
3480 5720 3748 5808 iacentiuml
