3956 6342
197 344 309 403 ιιθδ
770 350 777 353 ι
1114 336 1571 397 ilmlllJAtttUs.
1601 324 1670 381 '—
1700 336 1931 394 nomL.
1974 336 2058 391 oe
2098 335 2442 393 Teneone.
3262 334 3395 391 nos

194 470 241 517 et
262 455 606 528 paralyticum,
637 463 691 508 et
720 451 853 507 dure
883 451 1178 507 detentum.
1236 451 1359 506 ldeo
1408 460 1465 504 ut
1512 458 1568 504 et
1614 464 1724 504 sua:
1756 456 1802 513 Α
1832 458 1934 514 tur,
1949 456 2004 503 et
2030 458 2082 501 tu
2106 450 2184 503 sic
2210 446 2480 501 existimes
2501 452 2749 514 tanquam
2772 442 3053 498 Dominum
3075 442 3394 514 suscipiens.

193 555 352 606 anima:
380 548 652 617 angustias
677 544 1066 600 demonstraret
1086 552 1139 598 et
1170 542 1448 598 Dominum
1489 555 1728 595 commo-
1835 541 1897 594 Et
1925 539 2089 603 aliud,
2107 539 2319 609 quando
2345 546 2585 594 sanctum
2612 535 2779 591 sumis
2802 536 3003 601 cibum,
3029 536 3241 605 quando
3266 534 3395 590 illud

191 652 334 705 reret.
354 649 611 710 quatenus
632 644 686 692 et
712 624 852 691 illius
896 637 1187 690 cruciatum
1234 634 1644 699 demonstraret,
1677 642 1732 685 et
1833 629 2195 697 incorruptum
2225 628 2419 695 accipis
2446 627 2681 696 epulum,
2728 626 2941 696 quando
2978 625 3096 678 vita:
3151 637 3285 695 pane
3344 626 3398 679 et

190 734 365 788 Domini
391 728 811 785 benevolentiam
867 726 1133 782 invitaret.
1184 723 1322 779 Puer
1350 740 1487 777 meus
1510 725 1648 793 jacet
1679 723 1732 775 in
1832 716 2020 788 poculo
2052 720 2264 785 frueris,
2290 719 2502 787 quando
2531 718 2817 772 manducas
2846 725 2901 771 et
2941 713 3074 771 bibis
3103 731 3316 771 carnem
3347 726 3404 771 et

190 825 337 876 domo.
366 820 551 875 Ethuc
579 833 745 889 quare
774 832 878 872 non
907 815 1130 871 attulisti
1147 830 1291 881 eum,
1313 813 1449 868 sicut
1481 813 1554 866 illi
1583 812 1729 865 illum
1830 813 2138 881 sanguinem
2169 812 2396 877 Domini,
2431 820 2556 865 tunc
2589 812 2847 866 Dominus
2885 812 2984 866 sub
3009 819 3201 866 tectum
3254 818 3402 865 tuum

190 913 506 982 paralyticum
531 911 582 963 in
612 910 749 965 lecto
770 905 1154 977 portaverunt?
1184 904 1326 968 Ideo,
1349 904 1443 970 ait,
1477 903 1597 972 quia
1626 916 1730 955 non
1831 900 2141 970 ingreditur.
2171 902 2233 956 Et
2264 912 2314 955 tu
2340 917 2467 972 ergo
2491 901 3158 970 bumiliansstemetipsum,
3192 901 3402 955 imitare

189 1009 393 1066 Opusest
418 999 705 1053 ostendere
736 996 809 1050 illi
835 997 1012 1051 omnia
1042 993 1265 1050 videnti.
1314 992 1428 1047 Non
1477 1006 1611 1060 opus
1650 999 1734 1046 est

186 1092 236 1147 in
259 1101 522 1159 conSpectu
544 1088 660 1159 ejus
682 1087 898 1156 all‘erre,
924 1088 1078 1155 cujus
1117 1085 1353 1156 potentia
1412 1098 1515 1137 non
1551 1084 1733 1137 termi-

186 1189 356 1246 natur,
401 1195 499 1235 nec
543 1178 828 1234 includitur
890 1192 1061 1247 neque
1118 1175 1433 1231 excluditur.
1481 1173 1632 1229 Jacet
1679 1174 1730 1228 in

186 1273 327 1326 domo
352 1270 687 1342 paralyticus,
719 1278 773 1323 et
803 1268 939 1323 male
969 1277 1263 1334 torquetur.
1291 1265 1426 1333 Quid
1458 1280 1586 1336 ergo
1613 1263 1731 1319 vis?

183 1365 298 1432 quid
323 1361 503 1431 cupis?
535 1360 657 1429 quid
680 1358 1003 1414 desideras?
1028 1357 1143 1413 Non
1170 1357 1392 1412 multum
1416 1356 1729 1426 loquor,ait,

184 1442 287 1509 scio
310 1454 441 1508 enim
463 1452 585 1522 quia
613 1449 680 1505 ad
704 1451 881 1504 omnia
912 1456 1332 1519 cognoscentem
1362 1447 1570 1518 loquor.
1617 1447 1748 1501 Non.

182 1548 288 1599 Sum
312 1544 611 1607 verbosior;
644 1540 755 1595 scio
776 1543 920 1595 enim
954 1541 1074 1609 quia
1119 1536 1187 1594 ad
1232 1540 1407 1594 omnia
1444 1539 1729 1607 prmscien-

1834 996 1974 1049 hunc
2025 996 2386 1050 centurionem
2434 1004 2488 1049 et
2534 994 2696 1049 dicito
2752 1012 2764 1047 :
2825 994 3042 1047 Domine
3072 1033 3088 1058 ,
3136 1010 3237 1047 non
3287 1008 3401 1045 sum

1832 1090 2014 1157 dignus
2036 1098 2087 1139 ut
2116 1088 2268 1141 intres
2297 1088 2387 1141 sub
2418 1095 2601 1141 tectum
2634 1103 2816 1139 meum.
2850 1086 2950 1141 Ubi
2986 1085 3128 1139 enim
3189 1082 3404 1151 indigne

1834 1180 2144 1248 ingreditur,
2180 1178 2247 1231 ibi
2276 1178 2341 1231 ad
2371 1177 2632 1246 judicium
2659 1176 2951 1246 ingreditur
2986 1175 3059 1229 illi
3094 1174 3399 1243 accipienti.

1834 1272 1938 1329 Sed
1962 1271 2132 1325 adhuc
2161 1270 2284 1339 quid
2311 1270 2503 1338 adjecit
2532 1268 2621 1323 ille
2676 1270 2859 1322 beatus
2908 1267 2961 1320 in
3019 1261 3407 1335 sequentibus?

1835 1360 1973 1415 Nam
1993 1368 2037 1413 et
2062 1376 2153 1430 ego
2175 1358 2324 1411 homo
2346 1372 2458 1411 sum
2486 1355 2574 1409 sub
2604 1366 2845 1423 potestate
2872 1354 3192 1417 constitutus,
3215 1356 3262 1405 et
3305 1351 3401 1402 lia-

1835 1452 1922 1504 beo
1944 1450 2033 1503 sub
2055 1466 2132 1502 me
2160 1447 2429 1513 milites,et
2454 1448 2566 1499 dico
2588 1447 2728 1510 huic,
2761 1442 2985 1508 Vade,et
3006 1443 3144 1495 vadit
3171 1457 3187 1507 ;
3217 1450 3262 1496 et
3292 1435 3402 1506 alii,

1849 1538 1989 1604 Veni,
2020 1551 2067 1594 et
2091 1538 2249 1603 venit;
2281 1546 2325 1591 et
2348 1552 2488 1590 servo
2512 1551 2640 1600 meo,
2668 1528 2774 1587 Fac
2800 1534 2916 1597 hoc,
2935 1541 2979 1586 et
3010 1532 3153 1601 facit.
3198 1532 3243 1585 υ
3280 1546 3405 1600 pru—

181 1645 280 1691 tem
301 1636 608 1704 reSpondeo.
634 1633 859 1703 ideoque
881 1636 979 1688 iste
999 1647 1325 1702 cognoscens
1338 1631 1499 1688 corda
1517 1646 1734 1703 respou-
1836 1630 2041 1685 dentia!
2067 1643 2100 1684 o
2123 1629 2421 1685 intellectus
2441 1627 2664 1681 animze!
2691 1639 2723 1679 ο
2746 1624 3000 1679 munditia
3026 1623 3232 1678 cordis!
3261 1621 3411 1677 Prior

179 1728 321 1795 deus,
342 1727 465 1781 dicit
496 1742 510 1780 :
545 1726 659 1794 Ego
683 1727 881 1779 veniam
911 1735 957 1779 et
983 1726 1168 1779 curabo
1190 1742 1324 1779 eam.
1349 1726 1460 1794 Ego
1480 1725 1544 1780 ad
1566 1726 1734 1780 Abra-
1838 1721 2073 1774 omnium
2100 1721 2395 1776 manifestm
2412 1718 2685 1773 charitatis
2710 1711 2997 1788 [veritatis]
3016 1714 3402 1768 confessionem

179 1819 293 1874 bam
318 1818 553 1884 veniens,
585 1816 812 1871 senilem
833 1818 979 1871 Sarae
1008 1827 1215 1870 uterum
1239 1815 1444 1883 sanavi,
1478 1816 1529 1869 in
1578 1829 1733 1870 sene-
1764 1810 1807 1869 Β
1838 1813 2111 1879 revelavit,
2143 1822 2197 1868 et
2233 1812 2365 1867 Novi
2396 1806 2718 1865 Testamenti
2751 1806 3062 1878 mysterium
3092 1803 3405 1869 declaravit,

176 1919 313 1964 ctute
337 1908 408 1963 eis
435 1907 579 1962 Isaae
600 1907 764 1961 lilium
792 1906 996 1961 donans
1027 1904 1180 1976 (Gen.
1213 1908 1331 1975 ut)
1356 1921 1371 1971 ;
1396 1920 1494 1974 ego
1518 1914 1573 1959 et
1598 1920 1738 1973 nunc
1835 1913 1891 1959 et
1919 1890 2171 1957 Ecclesiae
2200 1903 2251 1956 in
2289 1914 2411 1955 sese
2441 1896 2756 1953 monstravit
2786 1894 3089 1963 imaginem,
3133 1890 3409 1961 primitia-

177 2001 380 2057 veniens
405 2001 471 2055 ad
512 2011 584 2067 te,
614 1999 813 2055 curabo
859 2015 1004 2055 eum.
1054 2000 1122 2053 Et
1166 1998 1458 2068 quomodo,
1491 1999 1734 2064 Domine,
1835 2009 1938 2064 que
1965 2009 2028 2049 ex
2063 1992 2307 2065 gentibus
2341 1991 2565 2045 Domino
2592 1988 2923 2043 credentium
2948 1985 3117 2039 iactus
3142 1991 3241 2038 est.
3273 1982 3405 2050 Ego,

175 2092 423 2162 promittis
446 2092 731 2147 adventum
766 2101 909 2144 tuum
933 2090 1092 2144 huic?
1139 2088 1248 2144 Nec
1274 2091 1425 2158 petit,
1453 2104 1551 2145 nec
1594 2103 1738 2158 (υκε-
1835 2088 1930 2153 ait,
1954 2087 2112 2142 homo
2136 2100 2254 2139 sum
2289 2084 2388 2139 sub
2414 2090 2674 2153 potestate
2696 2081 2833 2147 regis
2859 2078 2941 2133 vel
2974 2072 3407 2146 principis,indi-

174 2185 259 2250 rit,
280 2185 446 2239 sciens
467 2183 606 2251 quod
633 2197 739 2236 non
769 2181 1095 2250 acceptabile
1125 2180 1193 2235 sit
1239 2179 1289 2235 ei
1344 2189 1401 2235 ut
1460 2180 1642 2235 venias
1683 2180 1735 2235 in
1834 2191 1968 2246 guns
1992 2191 2091 2245 ego
2122 2176 2293 2230 habeo
2322 2173 2419 2228 sub
2449 2180 2712 2241 potesmte
2737 2183 2853 2224 mea
2885 2166 3078 2221 milites
3107 2172 3161 2219 et
3197 2170 3383 2217 servis

173 2274 380 2329 domum
403 2272 550 2343 ejus;
584 2274 800 2343 propter
820 2272 944 2341 quid
976 2272 1193 2326 omnino
1216 2270 1321 2325 hoc
1358 2271 1603 2338 profers?
1655 2271 1737 2326 Ob
1834 2274 1891 2321 et
1914 2276 1967 2320 tu
2002 2266 2163 2319 habes
2191 2264 2288 2317 sub
2316 2260 2549 2334 [sanctos
2572 2258 2693 2331 sub]
2747 2266 3007 2327 potestate
3056 2261 3144 2308 tua
3192 2251 3409 2321 angelos

178 2370 292 2429 hoc,
317 2378 368 2420 ut
402 2341 456 2419 et
484 2341 1034 2434 vos'praevaleatis,et
1054 2362 1168 2433 ejus
1200 2363 1319 2417 fidei
1350 2363 1617 2427 similetis,
1649 2364 1735 2418 Vel
1837 2358 1981 2412 sicut
2012 2356 2211 2410 milites
2238 2364 2292 2408 et
2320 2368 2507 2408 omnes
2542 2361 2756 2406 sanctos
2782 2357 2987 2404 servos.
3051 2346 3163 2415 Ego
3214 2341 3436 2397 mando‘

170 2456 495 2525 cognoscatis
523 2456 651 2525 quid
671 2457 739 2529 sit
769 2456 890 2521 iste,
922 2455 1002 2510 vel
1032 2454 1210 2524 qualis
1240 2453 1294 2508 in
1322 2468 1388 2509 eo
1440 2453 1559 2509 fidei
1620 2455 1737 2508 thc-
1837 2446 2121 2515 unicuique
2147 2455 2199 2499 et
2235 2443 2363 2498 facit
2390 2442 2680 2497 secundum
2730 2449 3053 2511 praeceptum
3102 2448 3275 2489 meum
3310 2449 3324 2486 :
3356 2440 3415 2486 et

169 2564 354 2604 saurus
394 2548 653 2604 habeatur
703 2525 962 2603 occultus.
1018 2547 1136 2603 Jam
1191 2547 1334 2601 enim
1383 2554 1438 2601 et
1492 2545 1737 2615 primitus
1837 2549 1891 2595 tu
1920 2536 2142 2592 mandas
2169 2536 2309 2607 quod
2356 2542 2411 2591 et
2463 2535 2641 2589 statim
2694 2532 3009 2600 completur.
3065 2527 3217 2594 Quod
3266 2525 3412 2581 enim

167 2634 432 2695 Abraham
458 2640 681 2707 tentavi,
706 2654 812 2693 non
838 2654 934 2710 pro
968 2638 1067 2692 hoc
1090 2648 1146 2692 ut
1165 2652 1540 2707 cognoscerem
1580 2651 1736 2707 quem
1837 2631 2058 2684 madas
2096 2640 2149 2684 et
2177 2626 2335 2692 dicis,
2363 2636 2416 2681 et
2445 2626 2519 2681 lit.
2551 2624 2788 2688 blandas,
2812 2632 2867 2677 et
2891 2623 3008 2676 sine
3052 2634 3200 2675 mora
3252 2616 3412 2684 perﬂ-

167 2744 290 2788 ante
311 2732 565 2800 sciebam,
590 2733 683 2787 sed
711 2740 766 2786 ut
788 2747 885 2786 vos
908 2732 958 2787 ei
985 2731 1183 2786 similes
1205 2705 1256 2785 in
1277 2729 1422 2784 omni
1446 2705 1738 2783 tentaiione
1837 2723 1993 2776 citur.
2026 2718 2212 2773 Omnis
2241 2717 2382 2771 enim
2412 2725 2652 2770 creatura
2679 2714 2842 2768 servit
2891 2711 3004 2779 tibi,
3048 2718 3104 2764 et
3158 2709 3278 2762 ideo
3332 2705 3433 2758 die"

164 2832 223 2879 et
249 2823 521 2877 fortissimi
552 2798 917 2877 inveniamini.
951 2821 1015 2875 Et
1054 2822 1155 2876 Job
1201 2821 1271 2875 ita
1325 2819 1563 2887 probavi.
1621 2817 1736 2872 Non
1836 2809 2008 2874 verba,
2034 2816 2089 2863 et
2115 2806 2416 2876 perficietur
2445 2803 2717 2866 velociter,
2735 2811 2780 2855 et
2807 2798 3067 2852 sanabitur
3088 2809 3213 2867 puer
3242 2804 3406 2847 meus.

164 2923 380 2983 prepter
405 2912 507 2969 hoc
535 2912 760 2983 probavi
790 2927 946 2982 quem
979 2910 1180 2981 justum
1241 2883 1553 2964 testilicatus
1596 2924 1737 2975 sum,
1838 2902 1882 2957 0
1910 2900 2041 2954 lides
2068 2899 2189 2961 viri,
2220 2912 2251 2951 o
2280 2895 2600 2965 religiositas
2628 2892 2830 2958 militis,
2863 2898 3063 2959 quanto
3090 2897 3140 2941 te
3167 2883 3407 2954 ηιθςηίοέ

161 3004 258 3058 sed
292 3013 347 3056 ut
368 3002 520 3057 vobis
535 2977 699 3071 -spem
728 3010 783 3057 et
807 2977 1056 3055 fiduciam
1086 2999 1170 3055 vel
1222 2999 1597 3055 confidentiam
1645 2998 1739 3054 de-
1841 3003 2045 3053 cemus,
2078 3005 2109 3043 ο
2136 2988 2443 3043 dulcissime
2472 2986 2642 3040 amice
2676 2978 2946 3037 veritatis!
2993 2978 3071 3033 Te
3119 2977 3413 3031 admiratur

159 3103 537 3149 monstrarem.
569 3067 693 3149 ideo
716 3103 771 3147 et
798 3092 918 3147 huic
946 3094 1084 3158 dico,
1118 3090 1228 3163 Ego
1258 3090 1453 3145 veniam
1482 3100 1528 3144 et
1549 3092 1737 3144 curabo
1769 3153 1806 3163 Α
1841 3083 2118 3147 Dominus,
2144 3091 2195 3137 et
2229 3090 2373 3135 tuam
2426 3079 2818 3133 indelicientein
2874 3072 3179 3139 magnilicat
3232 3067 3447 3122 fidem:

157 3197 368 3254 eum,ut
387 3198 443 3243 et
471 3188 584 3257 ipse
612 3202 852 3256 magnam
877 3200 1028 3240 suam
1056 3153 1211 3239 fidem
1237 3181 1536 3253 proferens,
1558 3182 1732 3237 dicat:
1762 3153 1808 3214 (ἶ
1841 3176 2118 3245 Quomodo
2144 3174 2211 3229 de
2243 3173 2477 3228 tenebris
2503 3172 2738 3240 gentium
2769 3176 2970 3222 tantum
2995 3165 3168 3219 lumen
3199 3176 3413 3231 proces-

157 3274 407 3346 Domine,
440 3279 676 3333 terruisti
707 3293 793 3331 me
838 3276 905 3332 de
945 3278 1047 3332 boc
1096 3277 1379 3346 promisso,
1409 3274 1737 3330 conturbasti

156 3387 248 3426 me
275 3370 345 3426 de
370 3374 471 3425 hoc
495 3371 657 3437 dicto,
673 3368 981 3424 interfecisti
1004 3367 1365 3423 fortitudinem
1393 3367 1586 3420 anima:
1606 3352 1755 3419 meas

154 3464 213 3517 in
245 3462 349 3517 hoc
379 3462 561 3517 verbo.
618 3461 731 3515 Non
774 3475 893 3514 sum
940 3461 1127 3530 dignus
1176 3469 1416 3529 aspectu,
1468 3474 1572 3514 non
1621 3473 1738 3513 sum

151 3555 353 3624 dignus
384 3555 930 3624 appropinquatione,
964 3569 1068 3606 non
1119 3567 1235 3607 sum
1281 3551 1470 3622 dignus
1520 3564 1741 3605 accessu

152 3648 246 3701 vel
272 3646 495 3699 introitu
521 3654 633 3701 tuo.
660 3644 896 3708 Dontine,
916 3658 1018 3696 non
1043 3660 1154 3697 sum
1177 3644 1359 3712 dignas
1388 3652 1439 3694 ut
1465 3644 1619 3696 intres
1649 3643 1741 3694 sub

147 3746 353 3791 lectum
381 3751 568 3790 meum.
598 3736 773 3790 Moses
797 3735 1043 3805 primitus
1095 3736 1186 3789 ille
1230 3749 1473 3804 magnus,
1519 3744 1572 3789 et
1622 3744 1743 3788 tuus

144 3827 555 3893 confabulator,
586 3828 675 3881 ille
698 3827 955 3881 mirabilis
979 3834 1222 3880 narrator
1251 3841 1471 3894 operum
1509 3837 1740 3892 tuorum,

142 3922 248 3976 ille
282 3920 457 3974 ﬁdelis
484 3920 534 3972 iu
569 3929 675 3972 tota
698 3918 857 3972 domo
898 3926 1005 3983 tua,
1040 3917 1262 3970 nimium
1311 3929 1370 3971 se
1426 3915 1742 3984 humiiiavit,

142 4014 353 4066 dicens
383 4027 397 4063 :
432 4009 545 4063 Non
576 4023 692 4062 sum
723 4010 914 4077 dignus
938 4016 1062 4063 ante
1096 4008 1403 4063 hesternum
1431 4017 1484 4062 et
1531 4009 1743 4063 tertium

137 4103 329 4155 diem.
360 4102 568 4166 Quanto
600 4100 767 4167 magis
793 4112 893 4168 ego
943 4098 1136 4163 dicam,
1190 4096 1426 4165 Domine,
1479 4115 1582 4151 non
1632 4115 1746 4152 sunt

137 4193 352 4261 dignus
382 4200 439 4243 ut
471 4190 558 4243 sub
582 4200 765 4242 tectum
795 4204 960 4241 meum
1009 4189 1195 4242 intres!
1247 4188 1552 4258 Alienigena
1603 4203 1743 4255 sum,

133 4281 380 4352 gentilis
408 4294 545 4343 sum,
577 4280 727 4332 miles
752 4293 869 4332 sum
909 4280 1085 4347 gladio
1111 4281 1405 4346 accinetus,
1432 4281 1742 4348 sanguinem

1838 3267 1941 3323 sit?
1986 3265 2265 3332 Quomodo
2291 3264 2359 3319 de
2392 3274 2577 3318 errore
2611 3274 2797 3316 eorum
2851 3257 3013 3311 Deum
3060 3269 3167 3309 non
3213 3265 3415 3322 cogno-s

1840 3360 2122 3423 scentium,
2154 3365 2299 3412 tanta
2342 3354 2674 3410 manifestata
2730 3358 2811 3405 est
2856 3346 3099 3418 iustitia?
3136 3341 3443 3410 Quomodo'

1840 3467 1904 3507 ex
1928 3464 2023 3505 ore
2046 3451 2331 3503 stultorum
2355 3447 2507 3500 idolis
2531 3444 2877 3499 servientium
2902 3448 3005 3492 tam
3031 3436 3244 3505 limpida
3267 3432 3416 3488 elful-
3442 3446 3443 3449 ‘

1843 3543 1910 3597 sit
1940 3540 2105 3596 fides?
2132 3539 2367 3595 Audiens
2394 3549 2521 3606 ergo
2571 3533 2825 3589 Dominus
2877 3526 3238 3583 admirabatur
3264 3537 3410 3578 enni.

1845 3636 1911 3690 Et
1938 3633 2078 3703 quod
2125 3631 2261 3685 Deus
2313 3627 2613 3697 unigenitus
2668 3626 2911 3685 miratur,
2942 3627 3197 3688 quantum
3238 3616 3307 3670 sit
3358 3620 3421 3668 et

1845 3727 2095 3798 quale,et
2120 3737 2275 3792 quam
2305 3717 2661 3773 inenarrabile
2680 3725 2733 3769 et
2756 3709 3160 3767 inaestimabile?
3193 3706 3415 3775 Percipe
3440 3722 3443 3737 λ

1846 3795 2027 3881 sensu,
2055 3829 2087 3868 ο
2130 3808 2475 3867 charissime!
2506 3807 2644 3876 quod
2695 3805 2804 3858 Deo
2858 3801 2987 3854 nihil
3040 3808 3121 3853 est
3150 3795 3412 3859 mirabile,

1850 3923 1948 3962 nec
1972 3920 2179 3971 aurum,
2208 3917 2305 3957 nec
2336 3898 2564 3964 divitiae,
2597 3912 2696 3951 nec
2725 3905 2908 3963 regna,
2940 3903 3036 3945 nec
3066 3886 3415 3957 principatus.

1850 3999 1951 4053 ista
1980 3997 2158 4051 omnia
2180 4002 2303 4049 sunt
2327 3993 2378 4047 in
2406 3998 2691 4057 conSpectu
2716 3985 2831 4054 ejus
2857 3994 3104 4049 tanquam
3128 3982 3336 4041 umbra,
3364 3983 3418 4028 et

1848 4092 1986 4145 sicut
2021 4088 2175 4152 nihil,
2203 4089 2341 4141 sicut
2363 4085 2459 4140 llos
2487 4082 2756 4137 decidens.
2787 4078 2923 4131 Nihil
2954 4088 3081 4141 ergo
3104 4074 3158 4127 in
3185 4083 3441 4137 conspew

1848 4189 1935 4235 ctu
1968 4179 2060 4232 Dei
2086 4177 2330 4231 mirabile
2362 4183 2465 4239 est,
2496 4173 2628 4225 nihil
2657 4182 2936 4237 magnum,
2960 4163 3089 4218 nihil
3121 4161 3412 4231 pretiosum

1854 4272 1952 4325 nisi
1985 4278 2189 4322 tantum
2223 4280 2324 4320 una
2358 4264 2507 4317 fides.
2544 4263 2690 4316 llanc
2720 4261 2965 4320 miratur,
3002 4258 3137 4309 hanc
3163 4250 3418 4306 honorifi-

1850 4372 1958 4426 cat,
1992 4360 2127 4413 hanc
2148 4356 2530 4425 acceptabilem
2558 4352 2656 4406 sibi
2681 4351 2927 4404 aestimat.
2955 4345 3423 4413 ldeoquecouver-

131 4373 420 4438 fundens,
455 4372 519 4424 ad
546 4370 781 4438 pra-lium
806 4371 1013 4435 exiens,
1045 4371 1269 4438 ideoque
1294 4386 1393 4424 non
1421 4386 1534 4424 sum
1563 4370 1748 4440 dignus

1855 4463 1971 4505 tens
2000 4464 2058 4504 se
2080 4450 2144 4502 ad
2175 4454 2459 4514 sequentes
2495 4442 2695 4507 turbas,
2715 4440 2847 4493 dixit
2878 4450 2894 4491 :
2929 4434 3240 4498 Amen,dico
3259 4429 3421 4492 vobis,

128 4478 197 4520 ut
226 4468 401 4519 intres
428 4464 517 4515 sub
542 4472 720 4516 tectum
746 4474 936 4529 nteum,
957 4461 1044 4515 sed
1071 4470 1269 4516 tantum
1316 4464 1400 4515 dic
1446 4462 1616 4526 verbo,
1652 4464 1745 4517 sed

128 4568 373 4611 tantum
405 4552 525 4608 veni
550 4554 980 4608 verbo.Verbum
1015 4562 1160 4606 tuum
1190 4564 1435 4622 aspectus
1478 4563 1597 4608 tuus
1644 4562 1747 4619 est,
1780 4521 1829 4580 θ
1857 4545 1956 4598 hoc
1982 4553 2081 4605 est.
2106 4554 2228 4594 Vere
2255 4539 2374 4591 dico
2397 4535 2565 4599 vobis.
2589 4551 2691 4587 ηοη
2726 4532 2894 4585 inveni
2938 4539 3131 4582 ῑαηιαθη
3162 4525 3315 4593 ﬁdem
3369 4522 3425 4573 θη

1852 4634 2036 4691 Israel.
2062 4633 2177 4688 Non
2208 4628 2347 4701 quod
2385 4630 2435 4682 in
2482 4628 2571 4682 illo
2622 4626 2797 4694 priore
2836 4622 2997 4677 Israel
3048 4620 3204 4675 beato
3259 4615 3426 4671 Jacob

1857 4731 2053 4782 tantam
2072 4726 2299 4793 abneget
2320 4737 2377 4777 se
2401 4720 2653 4774 Dominus
2672 4713 3117 4781 lidemjnvenisse
3138 4726 3151 4776 ;
3170 4709 3257 4763 ille
3279 4706 3428 4762 enim

1857 4833 1961 4873 non
1992 4827 2192 4871 tantum
2221 4813 2445 4868 credidit
2475 4809 2776 4875 Dominum,
2800 4804 2896 4861 sed
2924 4812 2979 4858 et
3002 4801 3335 4872 prophetavit
3363 4798 3431 4850 de

1855 4927 1942 4977 eo,
1970 4918 2024 4966 et
2050 4906 2287 4974 apertius
2309 4903 2422 4971 ejus
2448 4899 2707 4970 justitiam
2747 4891 3155 4956 demonstravit,
3181 4896 3236 4943 et
3263 4888 3431 4941 mani-

1857 4976 2049 5056 festum
2078 5001 2128 5052 in
2157 5011 2316 5052 carne
2344 4994 2635 5048 adventum
2661 4988 2778 5058 ejus
2808 4985 3116 5055 prolocutus
3165 4988 3267 5034 est.
3314 4976 3429 5032 Nisi

1856 5096 1997 5151 enim
2030 5089 2345 5147 credidisset
2374 5086 2445 5149 ei,
2474 5082 2742 5152 quomodo
2768 5080 2834 5134 de
2879 5076 3067 5133 eodem
3112 5070 3429 5143 prophetas-

1854 5187 1973 5244 set?
2002 5187 2090 5241 Sic
2118 5183 2169 5236 hi
2196 5181 2282 5250 qui
2314 5180 2381 5233 de
2405 5178 2561 5231 Israel
2597 5179 2990 5243 processerunt.
3034 5166 3196 5223 Israel
3224 5165 3423 5219 etenim

1854 5289 1910 5337 et
1965 5276 2065 5346 ipsi
2120 5271 2373 5329 nominati
2430 5273 2553 5323 sunt
2604 5264 2881 5335 prophetae
2930 5269 2984 5314 et
3027 5258 3198 5330 justi,
3233 5255 3426 5319 David,

1856 5371 2019 5427 Isaias
2068 5375 2123 5420 et
2179 5362 2462 5420 Jeremias.
2520 5357 2584 5411 ili
2636 5367 2823 5408 omnes
2860 5353 3004 5406 clare
3049 5359 3104 5404 et
3151 5347 3430 5404 manifeste

1856 5463 1972 5531 ejus
2003 5458 2287 5514 adventum
2315 5449 2823 5524 praenuntiaveruut.
2858 5445 3056 5500 Omnes
3085 5453 3314 5511 namque
3370 5440 3443 5492 hi

1858 5550 2357 5609 liabueruntlldem,
2388 5533 2656 5596 habebant
2697 5548 2751 5593 et
2795 5536 3154 5608 prophetiam.
3208 5533 3272 5586 Et
3325 5531 3447 5585 iste.

1855 5646 2045 5701 beatus
2064 5638 2306 5695 centurio
2346 5634 2506 5689 ﬁdem
2564 5630 2767 5695 habuit,
2797 5629 2890 5684 sed
2943 5624 3272 5697 prophetiam
3322 5636 3427 5674 non

1856 5734 2058 5791 habuit.
2086 5732 2313 5801 Ideoque
2354 5725 2615 5797 Dominus,
2630 5721 2922 5784 admirans,
2940 5714 3240 5787 magnilicat
3265 5712 3422 5768 ﬁdem

2800 5812 2876 5873 38

122 4652 392 4705 verbum
427 4659 572 4702 tuum
601 4663 734 4716 opus
756 4656 1178 4702 consummatum
1226 4656 1329 4703 est.
1379 4645 1607 4718 ideoque
1667 4648 1748 4701 dic

120 4736 337 4803 verba,
369 4737 593 4791 ostende
618 4738 815 4791 absens
847 4748 1075 4803 corpore
1104 4736 1241 4805 quod
1293 4748 1527 4806 praesens
1558 4738 1747 4807 spiritu

117 4844 545 4886 consummare
573 4838 762 4898 potens
790 4842 869 4884 es.
894 4827 1103 4899 Ubique
1135 4828 1448 4884 indellciens
1474 4839 1560 4884 tua
1609 4844 1746 4899 prae-

116 4921 363 4988 sentia,
398 4920 592 4991 ubique
615 4935 853 4990 praesens
904 4928 1025 4975 tuus
1077 4930 1347 4989 aspectus.
1398 4919 1599 4976 Idcirco
1650 4936 1748 4992 ego

115 5027 395 5067 accessu
424 5020 477 5065 et
505 5014 720 5065 introitu
749 5020 839 5065 tuo
862 5011 1110 5080 indiguus
1136 5027 1276 5078 sum,
1300 5024 1354 5068 et
1385 5014 1485 5068 iste
1512 5013 1752 5069 inﬁrmus

114 5104 311 5161 verbi
348 5104 425 5156 tui
457 5104 756 5158 visitatione
787 5104 1015 5171 indiget,
1042 5116 1099 5158 et
1129 5106 1250 5159 ideo
1279 5105 1361 5158 dic
1385 5110 1554 5172 verba,
1578 5113 1624 5159 et
1664 5122 1752 5159 sa-

112 5196 377 5251 nabitur
404 5208 529 5265 puer
553 5210 714 5248 meus.
741 5196 844 5249 Sed
879 5204 935 5250 et
959 5196 1061 5249 hoc
1082 5197 1285 5249 nullum
1341 5205 1580 5251 nostrum
1635 5209 1755 5265 per-

111 5292 436 5352 transeat,
463 5287 601 5342 sicut
631 5286 880 5355 pusillum
906 5286 1108 5355 aliquid
1131 5328 1145 5351 ,
1177 5287 1318 5356 quod
1349 5286 1484 5342 dixit
1512 5288 1601 5343 ille
1629 5286 1753 5343 bea-

109 5393 232 5436 tus
272 5398 291 5433 :
340 5378 466 5433 Non
491 5396 602 5435 sunt
634 5380 821 5451 dignus
842 5388 895 5432 ut
918 5378 1009 5433 sub
1028 5389 1208 5433 tectum
1237 5392 1400 5434 meum
1434 5382 1610 5434 intres.
1660 5379 1749 5434 ln-

109 5478 260 5526 trat
295 5479 361 5523 et
386 5484 529 5524 nunc
553 5470 808 5524 Dominus
835 5470 935 5523 sub
962 5480 1159 5525 tectura
1183 5470 1519 5525 credentium
1552 5468 1752 5541 duplici

105 5563 341 5631 ﬁgura
371 5560 454 5614 vel
478 5571 643 5614 more.
671 5559 822 5614 Nunc
842 5560 985 5615 enim
1012 5561 1223 5629 quando
1243 5560 1416 5617 sancti
1438 5571 1491 5616 et
1517 5561 1752 5631 religiosi

103 5662 183 5707 et
218 5651 360 5704 Deo
382 5650 737 5720 acceptabiles
762 5651 1120 5705 Ecclesiarum
1144 5651 1408 5707 antistites
1429 5652 1530 5709 sub
1553 5660 1750 5707 tectum

106 5753 316 5797 tuum
352 5742 575 5806 intrant,
604 5749 727 5795 tunc
757 5740 949 5795 ibidem
985 5741 1238 5798 Dominus
1268 5755 1363 5813 per
1384 5756 1478 5800 eos
1524 5741 1752 5814 ingredi‘

544 5834 813 5894 ΡΑτιιοι..
864 5832 1079 5894 XCV.‘
