3956 6342
589 349 725 408 “95

1472 346 1671 402 PAULI
1715 344 1982 402 DIACONI
2022 345 2171 401 OI‘P.
2215 345 2389 402 PARS
2428 344 2489 400 11.
2534 375 2601 389 --
2639 345 2992 403 ASCETICA.

3610 365 3703 424 1196

584 464 699 535 ejus
728 477 887 532 super
926 460 1070 516 illum
1102 459 1189 529 qui
1232 466 1357 513 tunc
1390 458 1485 512 luit
1519 458 1701 524 Israel,
1732 459 1833 512 hoc
1863 466 1968 521 est,
1993 471 2152 525 super
2184 461 2226 515 Λ
2256 454 2423 523 gloria
2455 455 2729 525 gloriatur,
2766 457 2851 510 ubi
2875 459 3161 527 capiosttas
3203 459 3431 530 virginum
3478 468 3521 521 in
3564 479 3704 535 secula
3846 438 3847 517 i

583 569 769 611 omnes
789 555 878 624 qui
904 562 1027 605 tunc
1058 552 1268 605 luerunt
1299 550 1464 604 tribus
1517 549 1699 613 Israel,
1742 557 1797 603 et
1850 563 1955 601 non
2001 561 2163 615 super

583 647 738 702 illum
768 643 855 713 qui
882 644 947 697 ab
979 642 1131 696 initio
1163 642 1256 694 fuit
1282 640 1463 707 Israel,
1489 654 1586 693 nec
1608 654 1768 707 super
1794 652 1886 693 eos
1909 638 1997 707 qui
2019 645 2161 705 pust-

582 751 644 791 ea
682 737 953 805 preplietze
994 743 1047 787 et
1072 732 1198 802 justi
1241 731 1440 786 inventi
1494 741 1617 785 sunt
1665 731 1715 784 iu
1766 730 1945 784 Israel.
1993 732 2161 783 Amen

582 829 705 883 dico
727 828 896 895 vobis,
923 842 1019 882 nec
1047 828 1099 881 in
1133 824 1297 880 Israel
1333 835 1521 879 tentant
1550 826 1701 893 [idem
1729 827 1918 892 inveni,
1944 825 2075 879 sicut
2104 825 2161 879 in

580 921 854 991 gentibus,
885 919 1020 973 sicut
1051 919 1101 972 in
1126 917 1385 978 barbaris,
1412 918 1547 970 sicut
1576 918 1627 970 itt
1657 916 1988 985 alienigenis.
2012 916 2160 969 Gen-

583 1022 665 1066 tes
688 1009 879 1064 Filium
909 1008 1000 1062 Dei
1029 1024 1111 1061 me
1154 1007 1404 1060 introeant
1449 1007 1892 1075 otttnipotentem,
1921 1007 2162 1075 unigeni-

578 1112 690 1156 tum
727 1099 1067 1163 conﬁtentur,
1100 1099 1386 1152 Dominum
1419 1109 1767 1165 asserunthet
1794 1099 1936 1152 sicut
1979 1098 2160 1151 Domi-

580 1206 709 1246 num
766 1189 1026 1259 diligunt,
1058 1200 1111 1241 et
1165 1189 1301 1241 sicut
1348 1189 1483 1241 bene
1527 1188 1705 1242 omnia
1760 1172 2158 1257 dispensantem

575 1285 806 1338 adorant
840 1298 854 1337 :
884 1293 937 1338 et
964 1283 1126 1336 Israel
1157 1296 1243 1336 me
1269 1296 1373 1335 non
1404 1281 1745 1348 Cocum-iuet
1766 1283 1987 1350 populus
2010 1296 2159 1337 tuens

574 1376 662 1431 hic
685 1391 769 1431 me
800 1390 905 1429 non
936 1374 1220 1438 intellexit,
1247 1374 1474 1441 idecque
1502 1373 1796 1426 Beelzebub
1824 1384 1876 1426 et
1921 1374 2159 1426 Samari~

575 1476 761 1523 tanum
784 1465 1074 1534 appellant,
1095 1476 1147 1519 et
1173 1475 1502 1534 peccatnreut
1530 1463 1793 1517 instituant
1823 1462 2033 1535 (Matth.
2056 1464 2153 1531 nt).

574 1561 750 1615 Jairus
780 1559 992 1614 lsraelis
1026 1557 1293 1626 princeps,
1323 1572 1419 1625 pro
1452 1557 1555 1609 lilia
1582 1571 1675 1609 sua
1708 1572 1792 1609 tite
1817 1566 2023 1623 petens,
2052 1572 2154 1609 non

572 1650 741 1715 dixit,
780 1649 878 1704 Dic
908 1651 1075 1714 verbo,
1106 1649 1222 1711 sed,
1253 1647 1394 1712 veni,
1429 1647 1519 1713 ait,
1568 1646 1818 1701 velociter
1870 1656 2153 1716 antequam

574 1740 837 1795 moriatur
869 1739 975 1793 tilia
1005 1755 1144 1815 mea.
1179 1738 1499 1793 Nic’odemus
1527 1737 1711 1791 doctor
1737 1737 1900 1793 Israel
1933 1738 1999 1792 de
2030 1739 2151 1793 ﬁdei

2266 549 2516 614 exsultat,
2543 558 2760 615 portans
2789 565 3039 605 coronam
3099 553 3422 611 immaculata:
3462 562 3709 633 virginitatis.

2264 636 2310 691 Ο
2335 636 2626 691 dulcissimi
2659 636 2873 703 fratres,
2900 642 3165 696 unanimis
3184 646 3457 715 conventio,
3476 650 3614 710 hilaris
3626 674 3711 714 cott-

2263 728 2524 797 gregatio,
2557 729 2762 799 fulgens
2790 732 3122 801 conjunctin.
3152 733 3249 789 Ista
3278 746 3354 792 est
3397 756 3420 792 a
3447 749 3604 800 seculo
3625 750 3714 809 bene

2265 821 2550 890 p'rtedicata
2573 834 2626 876 et
2654 824 2987 890 annuntiata,
3021 826 3123 881 ista
3156 839 3233 882 est
3253 836 3533 902 exsultatio,
3557 840 3631 895 ista
3663 856 3716 899 est

2262 912 2332 966 ab
2361 910 2512 966 initio
2535 922 2745 995 narrata
2776 915 3010 993 requies.
3036 919 3089 970 in
3128 919 3275 975 istam
3325 922 3634 984 festinaverunt
3668 936 3717 990 ire

2264 1019 2451 1059 omnes
2478 1004 2761 1058 Dominum
2785 1006 3167 1076 diligentes,ad
3192 1010 3338 1067 istam
3359 1016 3621 1085 colliguntur
3640 1038 3717 1078 om.

2263 1109 2358 1150 nes
2412 1110 2478 1150 ex
2525 1096 2773 1164 gentibus
2815 1096 3042 1154 DOuiino
3098 1103 3388 1173 credentes,
3417 1109 3718 1178 religiositatem

2261 1198 2561 1241 servantes.
2597 1190 2647 1239 ltt
2672 1202 2789 1242 eam
2824 1199 2878 1243 et
2900 1206 2998 1244 nos
3022 1207 3209 1248 omnes
3232 1207 3719 1275 pergamus,oreligiosi

2266 1277 2356 1330 lilii
2393 1278 2596 1343 Dei,atl
2631 1279 2785 1333 istaut
2832 1282 2978 1334 omni
3040 1282 3233 1338 virtute
3276 1296 3439 1342 nostra
3484 1292 3721 1351 festinatius.

2262 1368 2399 1423 Nihil
2431 1385 2528 1423 nos
2556 1380 2794 1437 revocet,
2830 1372 2959 1427 nihil
2986 1386 3084 1429 nos
3110 1379 3357 1444 retardet,
3382 1382 3491 1435 nihil
3518 1399 3594 1437 nos
3614 1388 3721 1449 inre-

2262 1459 2371 1513 diat
2394 1461 2457 1512 ad
2478 1460 2578 1515 hoc
2594 1461 2951 1517 desiderabile
2973 1480 3258 1534 properare
3272 1470 3722 1533 convivium.0nniem

2260 1552 2637 1621 negligentiam
2661 1568 2689 1606 a
2722 1555 2874 1609 nobis
2902 1558 3182 1625 pellamus,
3213 1576 3505 1632 omnemque
3542 1567 3723 1623 desidiam
3848 1552 3849 1619 ἶ

2259 1641 2327 1695 ab
2355 1642 2533 1697 animo
2564 1653 2620 1697 et
2644 1646 2886 1713 corporis
2910 1648 3286 1715 impedimenta
3310 1668 3336 1704 a
3376 1656 3508 1708 nat-is
3549 1657 3725 1724 projicit-

2261 1749 2396 1798 mtts,
2432 1743 2487 1788 ut
2518 1733 2677 1804 hujus
2699 1735 3043 1793 beatitudinis
3073 1748 3128 1792 et
3170 1742 3366 1808 requiei
3407 1745 3630 1801 domestici
3652 1751 3725 1802 ραι.

570 1842 909 1889 sacramento
939 1810 1185 1898 audietis,
1218 1830 1292 1886 ait
1322 1848 1334 1883 :
1375 1831 1654 1897 Quomodo
1684 1839 1858 1899 potest
1907 1830 2007 1885 hoc
2034 1831 2148 1885 ﬁeri
2188 1804 2228 1863 Β
2256 1824 2477 1889 ciatnur,
2504 1834 2766 1893 quatenus
2790 1836 2987 1882 sanctae
3011 1829 3189 1898 hujus,
3223 1804 3277 1885 ut
3316 1833 3496 1889 dictum
3537 1849 3726 1911 est,epu-

569 1924 765 1997 (Joan.
797 1923 929 1994 tu)?
957 1924 1118 1978 Maria
1150 1935 1202 1978 et
1230 1925 1435 1978 Martha
1466 1938 1553 1978 me
1598 1924 1820 1977 nimium
1870 1922 2150 1992 diligentes

567 2016 754 2071 dicunt
786 2032 800 2068 :
829 2013 1065 2081 Domine,
1093 2015 1136 2067 si
1157 2015 1340 2085 fuisses
1364 2014 1466 2081 hic,
1498 2029 1599 2067 non
1629 2024 1755 2069 esset
1784 2022 2009 2067 mortuus
2041 2015 2150 2083 fra-

569 2116 644 2160 ter
674 2122 815 2161 meus
843 2106 1025 2181 (Joan.
1061 2108 1161 2175 ιι),
1187 2119 1434 2175 tanquam
1465 2105 1767 2160 dubitantes
1789 2104 1928 2175 quod
1954 2106 2151 2175 ubique

563 2214 673 2254 non
709 2199 866 2254 velox
896 2200 962 2253 sit
994 2198 1182 2253 adesse
1214 2213 1331 2252 mea
1366 2198 1620 2267 potentia.
1670 2198 1902 2267 Ideoque
1927 2210 2027 2251 nan
2058 2200 2151 2252 in-

563 2289 676 2343 veni
698 2297 887 2343 tantam
907 2289 1057 2355 [idem
1078 2289 1131 2342 in
1161 2286 1347 2353 Israel,
1390 2288 1528 2342 sicut
1582 2290 1632 2341 itt
1682 2287 1785 2341 isto
1824 2288 2143 2355 alienigena.

564 2380 693 2434 Dico
723 2391 893 2433 aettem
915 2380 1051 2433 vobis
1074 2381 1209 2450 quod
1239 2379 1386 2434 multi
1430 2381 1493 2433 ab
1543 2379 1732 2432 oriente
1787 2388 1835 2432 et
1885 2380 2146 2433 occidente

562 2473 780 2537 venient,
810 2483 855 2526 et
886 2474 1172 2525 recumbent
1196 2488 1307 2525 cum
1340 2470 1616 2538 Abraham,
1650 2470 1797 2524 lsttac
1817 2482 1863 2525 et
1889 2472 2052 2525 Jaz'ob
2094 2473 2147 2526 in

560 2577 719 2629 regno
777 2562 1036 2617 coriorum.
1088 2562 1219 2617 Dico
1266 2564 1433 2629 vobis,
1462 2574 1627 2618 testor
1665 2565 1839 2629 Vobis,
1890 2565 2146 2620 annuntio

565 2654 742 2724 vobis,
774 2653 1005 2724 praedico
1036 2654 1209 2719 vobis,
1235 2655 1374 2725 quod
1424 2656 1576 2709 tttulti
1609 2656 1826 2710 venient
1856 2654 1923 2711 de
1953 2657 2146 2724 quibus

557 2749 670 2821 jattt
696 2750 843 2819 prius
875 2748 1130 2820 prophvta
1157 2751 1365 2804 locutus
1405 2762 1505 2815 est,
1532 2751 1715 2805 dicens
1750 2768 1762 2803 :
1808 2750 1876 2804 Et
1928 2752 2147 2806 venient

559 2848 751 2910 gentes
774 2841 973 2907 multas,
998 2851 1043 2894 et
1074 2842 1282 2896 dicent:
1315 2840 1511 2906 Venite,
1544 2826 1882 2895 oscendaittns
1921 2841 1972 2894 in
2002 2857 2146 2894 mon-

561 2943 660 2988 tem
690 2931 920 2994 Domini.
950 2944 997 2988 et
1028 2936 1077 2987 in
1104 2935 1310 2987 dontum
1340 2932 1437 2987 Dei
1471 2934 1632 2988 Jucob
1679 2936 2059 3002 ingrediantur,
2089 2944 2145 2988 et

557 3026 801 3081 ostendat
824 3026 967 3080 nobis
982 3027 1088 3079 vias
1109 3040 1252 3093 suos,
1269 3035 1324 3081 et
1343 3026 1676 3081 ambulemus
1698 3027 1749 3079 in
1774 3026 1851 3080 eis
1875 3024 2031 3095 (Isai.
2057 3024 2138 3093 tt).

558 3117 710 3173 Multi
736 3117 953 3173 venient
977 3116 1044 3170 de
1074 3116 1267 3185 quibus
1305 3115 1377 3170 ait
1421 3116 1675 3170 Dominus
1709 3133 1722 3169 :
1770 3116 1833 3169 Et
1865 3117 1995 3170 alios
2024 3131 2139 3171 oves

559 3208 742 3273 habeo,
773 3223 886 3278 qtae
908 3224 1009 3260 non
1030 3216 1147 3259 sunt
1178 3223 1241 3260 ea;
1266 3206 1357 3259 hoc
1388 3207 1527 3270 ovili,
1560 3216 1613 3261 et
1638 3208 1755 3261 illas
1785 3208 2143 3273 addu‘eatn,et

557 3300 661 3352 erit
692 3313 830 3351 unus
853 3311 980 3365 grex
1013 3307 1059 3349 et
1092 3312 1219 3350 unus
1246 3306 1422 3364 pastor
1442 3296 1622 3367 (Joan.
1642 3298 1721 3368 x).
1743 3297 1895 3351 Multi
1923 3299 2135 3364 venient,

556 3390 625 3443 de
646 3389 837 3456 quibus
864 3388 1065 3442 dictum
1094 3396 1180 3442 est
1204 3406 1215 3440 :
1246 3388 1313 3444 Ut
1334 3398 1388 3442 et
1412 3390 1503 3442 ﬁlii
1531 3389 1622 3443 Dei
1657 3390 1746 3458 qui
1771 3389 1995 3455 dispersi
2018 3399 2136 3443 sunt

558 3478 1031 3548 congregenturin
1071 3494 1233 3532 unum
1280 3478 1460 3549 (Joan.
1488 3480 1586 3551 xi).
1640 3481 1727 3534 Isti
1775 3496 1905 3551 ergo
1953 3495 2139 3536 omnes

557 3574 799 3627 venient.
831 3569 979 3625 Unde
1008 3571 1261 3624 venient?
1291 3571 1373 3626 Ab
1395 3571 1601 3626 oriente
1630 3581 1683 3626 et
1710 3573 2009 3637 occidente,
2039 3572 2142 3629 hoc

558 3674 664 3735 est,
695 3679 761 3719 ex
788 3664 934 3719 omni
951 3672 1108 3734 gente
1138 3680 1257 3735 quae
1282 3664 1383 3719 sub
1403 3665 1516 3719 sole
1538 3673 1638 3730 est,
1658 3666 1724 3717 ab
1746 3666 1951 3720 oriente
1976 3679 2142 3730 usttue

557 3755 623 3810 ad
650 3752 1004 3809 occidentem.
1037 3754 1182 3808 Sicut
1211 3754 1352 3808 enim
1380 3768 1473 3822 per
1502 3768 1689 3807 omnes
1738 3764 1927 3822 gentes
1981 3754 2141 3810 dt-bet

559 3850 661 3902 hoe
689 3846 1036 3916 Erangelium
1061 3845 1365 3915 praedicari,
1397 3845 1474 3900 sic
1508 3862 1570 3901 ex
1596 3845 1847 3899 omnibus
1890 3846 2140 3916 gentibus

557 3936 765 3993 venturi
793 3946 914 3991 sunt
965 3934 1032 3989 ad
1087 3950 1307 4005 regnum
1372 3936 1652 3990 caelorum.
1706 3933 1799 3987 Vel
1849 3936 2025 3989 adhuc
2071 3935 2141 3990 ab

557 4028 769 4083 oriente
799 4028 850 4081 hi
876 4027 967 4094 qui
996 4028 1174 4081 statim
1207 4026 1488 4079 illtttninati
1523 4034 1819 4089 transeunt,
1843 4035 1899 4079 et
1938 4028 2005 4080 ab
2049 4041 2141 4080 oc-

558 4122 772 4178 cidente
798 4124 849 4177 hi
881 4124 971 4193 qui
1014 4122 1290 4191 passiones
1336 4128 1391 4174 et
1438 4119 1843 4189 persecutiones
1874 4134 2042 4187 usque
2071 4118 2137 4172 ad

557 4224 783 4270 mortem
812 4215 1100 4269 tolerarunt
1124 4227 1215 4280 pro
1247 4211 1369 4264 Iidet
1426 4209 1577 4263 Multi
1625 4224 1754 4279 ergo
1793 4210 2008 4265 venient.
2073 4209 2140 4263 Et

554 4303 826 4372 quomodo
879 4303 1003 4357 alibi
1059 4302 1218 4365 dicis,
1248 4316 1281 4353 ο
1326 4300 1640 4355 dulcissime
1681 4300 1925 4366 Domine,
1982 4299 2139 4353 Multi

554 4394 742 4459 vocati,
774 4394 920 4463 pauci
947 4408 1063 4446 vero
1104 4392 1292 4446 electi?
1347 4390 1523 4459 Multi,
1563 4391 1656 4458 ait,
1704 4396 1889 4448 vocati.
1940 4395 2136 4450 Unities

556 4485 701 4538 enim
729 4485 896 4536 tribus
936 4483 1207 4536 hominum
1238 4484 1306 4534 ab
1348 4483 1499 4537 initio
1529 4484 1705 4538 sa-culi
1753 4495 1953 4540 vocata:
1990 4495 2132 4552 sunt,

554 4583 602 4625 et
629 4573 779 4641 pauci
807 4572 955 4626 electi
976 4572 1043 4625 tle
1091 4571 1451 4629 multitudine.
1505 4573 1710 4628 Etenim
1762 4591 1854 4643 per
1898 4576 2137 4630 diversas

553 4664 933 4734 generationes
964 4672 1020 4719 et
1041 4666 1230 4718 satcula
1253 4664 1463 4717 diversa
1508 4666 1660 4732 pauci
1688 4664 1841 4719 electi
1872 4674 2016 4718 sunt.
2049 4667 2138 4719 Si-

553 4759 664 4813 mul
694 4770 825 4812 vero
846 4757 1251 4819 convenientes,
1283 4767 1336 4812 et
1364 4758 1525 4811 simul
1548 4758 1856 4827 congregati
1900 4759 1951 4809 in
2003 4764 2137 4810 tem-

554 4866 685 4919 pore
707 4848 1028 4903 visitationis
1062 4848 1214 4901 tuulti
1239 4847 1598 4911 inveniuntur,
1625 4848 1955 4915 nimiumque
1986 4846 2136 4900 innu-

555 4941 865 4997 nterahiles.
882 4940 1032 4993 Multi
1051 4940 1190 4994 enim
1217 4940 1424 4993 venient
1442 4940 1508 4994 ab
1533 4940 1737 4994 oriente
1759 4948 1813 4992 et
1832 4939 2131 5006 occidente,

554 5046 601 5089 et
635 5033 948 5088 recumbeut
979 5047 1082 5085 non
1114 5031 1401 5085 carnaliter
1424 5032 1694 5101 jaeeutes,
1720 5032 1813 5088 sed
1845 5033 2136 5101 spirituali-

555 5136 635 5182 ter
681 5125 1102 5195 requiescentes,
1158 5138 1264 5177 non
1314 5126 1675 5194 tetnporaliter
1717 5136 1994 5196 potantes,
2042 5130 2134 5183 sed

554 5217 885 5274 atterualiter
914 5216 1214 5285 epulantes.
1247 5218 1580 5272 Recumbent
1610 5219 1661 5272 itt
1705 5234 1869 5288 regno
1897 5220 2011 5284 Dei,
2046 5222 2131 5275 tibi

554 5315 642 5370 lux
669 5322 750 5370 est
778 5320 991 5380 etspes,
1022 5310 1108 5365 ubi
1141 5312 1322 5366 laetitia
1351 5319 1406 5366 et
1441 5310 1846 5381 exsultatio,ttbi
1869 5313 2131 5381 estgloria

556 5416 610 5460 et
634 5404 957 5467 benedictio,
980 5403 1070 5455 ubi
1103 5403 1189 5454 lux
1233 5402 1511 5456 oculorum
1555 5412 1607 5455 et
1660 5402 1965 5471 lougmvitis
2010 5405 2129 5460 vitae

555 5505 785 5561 aeternae,
817 5493 907 5548 ubi
937 5506 1125 5546 omnes
1144 5491 1529 5558 jucundantur,
1554 5493 1639 5546 ubi
1664 5508 1849 5549 omnes
1876 5498 2130 5564 gaudent,

554 5586 643 5642 ubi
673 5594 850 5655 patres
876 5585 951 5639 illi
984 5583 1122 5639 beati
1153 5583 1492 5649 recumbunt,
1518 5584 1603 5639 ubi
1636 5600 1822 5641 omnes
1858 5587 2129 5655 propheta:

554 5678 917 5748 requiescunt,
943 5678 1030 5732 ubi
1057 5676 1288 5746 apostoli
1310 5686 1365 5732 et
1386 5676 1724 5746 evangelista:
1747 5692 1906 5746 super
1936 5679 2130 5747 glorio-

555 5784 645 5827 sos
662 5768 849 5826 sedent
863 5769 1105 5838 thronos,
1122 5769 1209 5831 ubi
1230 5768 1512 5826 multitudo
1533 5767 1897 5853 martyrum-iu
1927 5778 2127 5826 mtcroa

2166 3168 2210 3228 (Σ

2255 1913 2466 1968 lationis
2515 1915 2659 1983 digni
2688 1916 3044 1972 inveniamur.
3087 1919 3251 1985 Vade,
3278 1923 3401 1976 sicut
3425 1927 3725 1999 credidisti,ﬁat

2252 2006 2364 2061 tibi.
2398 2006 2488 2062 Sic
2521 2010 2611 2062 liet
2638 2023 2761 2064 vere
2784 2009 3071 2079 unicuique
3101 2012 3305 2067 homini
3329 2015 3456 2069 sicut
3480 2020 3725 2075 crediderit:

2250 2098 2542 2153 secundum
2568 2115 2875 2156 menSuram
2902 2102 3023 2156 iidei
3054 2106 3307 2159 metietur
3336 2105 3381 2162 ei
3418 2118 3466 2162 et
3493 2109 3576 2163 ista
3608 2128 3628 2165 a
3661 2112 3726 2165 Do-

2250 2192 2397 2247 tniuo
2420 2194 2609 2263 gratia.
2637 2195 2868 2268 Ideoque
2889 2199 3027 2255 dixit
3048 2202 3113 2257 ad
3145 2202 3292 2258 illum
3323 2204 3555 2261 Dominus
3592 2225 3601 2259 :
3633 2208 3727 2263 Sicut

2249 2284 2533 2351 credidisti,
2551 2287 2645 2354 ﬁat
2666 2289 2774 2344 tibi.
2791 2290 3099 2360 Credidisti,
3127 2294 3251 2363 quia
3270 2310 3366 2365 ego
3387 2298 3542 2351 omnia
3563 2313 3728 2366 possunt;

2250 2376 2547 2427 Cl'i‘didisli.
2581 2381 2703 2427 auia
2763 2395 2864 2427 ego
2910 2396 3027 2427 sum
3088 2385 3344 2427 natminne
3389 2390 3589 2427 nmnlnm
3616 2388 3733 2427 οιᾶριή

2250 2376 2547 2445 credidisti,
2581 2381 2703 2447 quia
2763 2395 2864 2451 ego
2910 2396 3029 2439 sum
3088 2385 3345 2440 Dominus
3389 2388 3733 2443 omttlumzsictt

2249 2466 2533 2535 credidisti,
2566 2467 2639 2520 ita
2660 2478 2710 2523 et
2741 2471 2837 2538 ﬁat
2864 2474 2974 2527 tibi.
3026 2474 3321 2531 Credamus
3366 2486 3417 2533 et
3466 2492 3576 2543 nos,
3609 2480 3731 2531 Intres

2249 2556 2545 2593 οινιιιίηἰηιί
2608 2559 2779 2593 locus“
2804 2563 3072 2593 rinam...“
3106 2567 3268 2593 n-.....
3303 2583 3362 2593 λ-
3408 2569 3639 2593 τμωεηη...
3679 2584 3719 2593 ...

2249 2556 2571 2626 charissimi,
2598 2559 2781 2615 Jesutn
2804 2563 3073 2619 Christum
3104 2567 3271 2623 Deum
3302 2583 3364 2625 ac
3408 2569 3641 2623 Dominum
3678 2584 3734 2622 tto-

2247 2659 2417 2703 strum
2444 2653 2621 2705 omnia
2667 2668 2851 2723 posse,
2888 2657 3084 2726 ubique
3120 2670 3436 2729 praesentem
3474 2661 3734 2727 esse,retnis-

2246 2742 2451 2796 sionem
2479 2742 2632 2798 nobis
2659 2754 2976 2800 cunctorum
3003 2760 3349 2818 peceatorunt
3370 2751 3478 2821 ejus
3498 2752 3735 2820 indulgentis

2247 2835 2318 2903 (si
2348 2844 2527 2891 tamen
2553 2837 2669 2907 ejus
2697 2849 2967 2911 praecepta
2996 2843 3300 2914 servemus)
3329 2845 3513 2913 largiri,
3540 2854 3583 2897 ut
3624 2858 3733 2896 unus-

2246 2927 2473 2996 quisque
2504 2939 2743 2983 nostrum
2769 2948 2888 2985 eum
2920 2934 3244 2990 centurione
3271 2938 3375 2992 isto
3402 2936 3565 2991 audire
3602 2947 3735 2988 nterea-

2247 3027 2332 3073 tur
2368 3036 2380 3072 :
2421 3018 2584 3087 Vnde,
2609 3030 2658 3074 et
2680 3022 2809 3075 sicut
2835 3024 3097 3080 credidisti
3124 3029 3220 3094 ﬁat
3250 3030 3359 3083 tibi.
3385 3028 3639 3098 Adjuvante
3659 3027 3736 3093 ipso

2248 3111 2476 3167 Dotttino
2528 3122 2716 3169 nostro
2742 3116 2867 3171 JBStt
2895 3117 3131 3185 Christo,
3174 3122 3264 3191 qtti
3293 3135 3412 3176 cum
3444 3124 3536 3177 llet
3562 3121 3677 3175 i’alte
3704 3119 3737 3170 in

2246 3204 2450 3259 unitate
2480 3203 2708 3272 Spiritus
2738 3208 2911 3262 sancti
2942 3210 3075 3264 vivit
3104 3218 3161 3266 et
3177 3168 3395 3282 ireguat
3420 3212 3467 3264 in
3488 3210 3642 3265 secula
3663 3222 3736 3259 sa:-

2246 3302 2508 3358 culorum.
2541 3302 2733 3357 Amen.

2244 3302 2508 3358 culorum.
2541 3302 2733 3357 Amen.

2821 3393 3098 3452 IiOlIlLIA
3134 3398 3245 3452 LV.
3852 3388 3853 3452 ξ

2476 3499 2529 3540 IN
2559 3500 2805 3540 DOIINICA
2837 3502 3050 3551 QUARTA
3082 3505 3219 3544 POST
3253 3501 3572 3545 EPIPIIANILI.

2857 3581 2959 3651 (Ex
2988 3582 3231 3654 eodem.)

2314 3671 2381 3725 In
2429 3671 2518 3725 illo
2566 3682 2812 3743 tempore,
2861 3675 3167 3728 ascendente
3224 3676 3353 3729 Jesu
3426 3678 3474 3729 in
3514 3671 3733 3732 naviculam,

2242 3763 2398 3816 secuti
2426 3774 2541 3815 sunt
2574 3779 2684 3814 eum
2728 3764 2969 3832 discipuli
2998 3768 3131 3836 ejus.
3172 3766 3238 3820 Et
3270 3784 3381 3820 ecce
3408 3777 3554 3819 matus
3584 3774 3731 3831 inagna:

2244 3854 2411 3922 [actus
2448 3864 2520 3907 est
2554 3855 2604 3906 in
2637 3855 2787 3921 mori,
2819 3856 2892 3908 ita
2913 3863 2965 3907 ttt
2994 3856 3231 3910 navicula
3261 3858 3531 3927 operiretur
3550 3854 3733 3925 [lectitati

2242 3955 2348 4001 etc.
2376 3946 2587 4017 (Matth.
2623 3966 2640 3999 κ
2657 3949 2754 4017 tu).

2314 4036 2650 4105 ingrediente
2705 4039 2930 4093 Domino
2984 4041 3037 4095 in
3089 4036 3423 4102 naviculam.
3475 4037 3615 4095 secuti
3656 4041 3734 4087 smn

2240 4142 2364 4182 eum
2393 4128 2640 4198 discipuli
2668 4129 2809 4199 ejus,
2842 4148 2947 4184 ttnn
2983 4132 3309 4198 imbecilles,
3340 4133 3431 4187 sed
3464 4130 3582 4184 lirmi
3600 4136 3641 4180 et
3665 4133 3735 4177 st:-

2240 4218 2372 4275 biles
2419 4221 2470 4274 in
2517 4221 2641 4287 lide,
2674 4225 2932 4276 mansueti
2972 4232 3024 4278 ct
3068 4224 3160 4292 pii,
3208 4234 3518 4293 spernentes
3539 4214 3736 4273 mundam.

2242 4326 2345 4365 non
2388 4311 2586 4381 duplici
2618 4313 2802 4378 corde,
2836 4316 2928 4367 sed
2957 4316 3213 4384 simplici.
3249 4317 3314 4371 Ili
3340 4331 3465 4386 ergo
3491 4312 3627 4368 secuti
3660 4312 3740 4359 sua:

2240 4416 2387 4467 eum,
2423 4418 2527 4455 non
2562 4415 2765 4457 tantum
2803 4420 3016 4473 greSsus
3042 4406 3160 4474 ejus
3189 4419 3497 4478 sequentes,
3527 4403 3603 4457 sei
3629 4407 3739 4463 ιιιιςς

2240 4495 2581 4550 sanctitatem
2617 4497 2957 4564 comitantes,
2996 4507 3048 4552 et
3076 4500 3346 4567 justitiam
3374 4500 3483 4569 ejus
3503 4504 3738 4552 consecun-

2242 4594 2342 4642 tes.
2406 4586 2467 4640 Et
2508 4603 2621 4641 ecce
2671 4596 2939 4657 tempestas
2989 4607 3175 4660 magna
3233 4593 3374 4661 facta
3420 4598 3488 4643 est
3539 4587 3582 4639 in
3623 4580 3736 4637 mari.

2238 4679 2308 4731 ita
2334 4687 2387 4730 ut
2414 4678 2645 4731 navicula
2679 4680 2962 4747 aperiretur
2993 4679 3258 4741 ﬂuctibus.
3294 4682 3423 4735 Cum
3466 4680 3587 4733 enim
3630 4672 3737 4726 mulli

2240 4787 2427 4840 "mgna
2459 4779 2512 4824 ct
2559 4770 2796 4825 miranda
2829 4774 3157 4826 ostendisset
3191 4774 3243 4827 itt
3290 4785 3452 4835 terra,
3498 4764 3664 4823 transiit
3694 4758 3735 4810 ad

2239 4878 2406 4923 tnare,
2438 4871 2496 4916 ut
2528 4873 2581 4916 et
2610 4864 2805 4917 ibidem
2842 4865 3016 4918 adhuc
3062 4866 3448 4921 excteilentiora
3493 4876 3626 4930 opera
3672 4856 3734 4907 d3-

2241 4962 2586 5017 munslrarel,
2654 4964 2915 5022 quatenus
2968 4963 3125 5009 terra:
3193 4958 3463 5024 marisque
3531 4950 3735 5005 Domuum

2241 5061 2301 5101 se
2331 5060 2450 5099 esse
2491 5047 2697 5100 cunctis
2727 5046 3052 5106 ostenderet.
3102 5047 3387 5116 Ingressus
3432 5059 3548 5114 ergo
3586 5037 3741 5094 uaricu-

2242 5138 2369 5204 latn,
2411 5137 2535 5192 iecit
2566 5137 2765 5190 turbari
2801 5152 2967 5201 mare,
3011 5139 3309 5191 COIantit
3353 5150 3546 5197 ventos,
3569 5130 3738 5187 concili-

2241 5228 2316 5283 vit
2343 5229 2550 5282 ﬂuctus.
2580 5228 2687 5281 Cur
2728 5225 2862 5280 hoc?
2892 5227 3017 5281 Ideo
3060 5236 3116 5280 ut
3142 5229 3441 5296 discipulos
3469 5239 3579 5281 suos
3619 5221 3741 5276 mitte-

2237 5329 2319 5376 ret
2348 5319 2399 5374 in
2429 5320 2692 5385 timorem,
2725 5326 2779 5372 et
2805 5333 2957 5372 suum
2986 5319 3242 5374 auxilium
3270 5319 3593 5387 postularent,
3613 5324 3737 5366 sitata-

2235 5425 2341 5481 que
2395 5412 2681 5477 potentiam
2727 5410 3034 5479 rogantibus
3094 5409 3482 5463 mattilestaret.
3533 5406 3605 5459 Illa
3649 5409 3738 5452 tem-

2237 5513 2415 5571 pestas
2446 5516 2547 5554 uon
2570 5517 2631 5554 ex
2659 5515 2776 5554 sese
2797 5500 2981 5555 oborta
3002 5509 3103 5564 est,
3129 5499 3223 5553 sed
3253 5499 3491 5569 poteStati
3512 5492 3650 5568 paruit
3670 5489 3737 5542 im-

2237 5596 2494 5665 perantis,
2544 5595 2656 5662 ejus
2683 5594 2769 5662 qui
2811 5594 2989 5647 educit
3022 5602 3215 5647 ventos
3271 5593 3342 5648 de
3387 5588 3620 5646 thesauris
3640 5581 3732 5643 suist

2236 5690 2323 5758 qtti
2352 5689 2635 5744 terminum
2686 5685 2822 5739 mari
2870 5700 3088 5739 arenam
3126 5685 3429 5740 conStituit.
3482 5681 3602 5736 Dixit
3635 5672 3735 5728 enim

2235 5780 2286 5836 ei
2323 5797 2335 5835 :
2380 5779 2548 5834 Usoue
2585 5779 2682 5832 huc
2737 5779 2932 5837 venies.
2983 5788 3028 5833 et
3074 5793 3173 5832 non
3223 5773 3634 5850 supergredieris,
3675 5759 3734 5819 κά
