3956 6342
197 367 323 426 H97

1134 356 1602 421 liObilLlARIUS.
1641 392 1708 403 —-—
1758 361 1984 418 IIOMIL.
2030 361 2118 416 DE
2156 360 2502 427 TEMPORE.

3323 365 3456 429 “98

193 484 243 537 in
271 480 551 552 temetipso
580 478 978 549 confringentnr
1006 477 1196 534 ﬂuctus
1225 479 1298 533 tui
1338 477 1478 548 (Job.
1514 477 1768 545 Inviti).
1802 476 1850 535 Δ
1876 490 1979 544 que
2008 474 2207 528 existas
2239 474 2495 543 ingratus.
2525 471 2579 529 Si
2609 487 2737 541 ergo
2767 472 2817 528 in
2851 474 3167 533 necessitate
3196 489 3250 533 et
3278 477 3334 534 in
3366 494 3459 550 pes

195 573 361 645 liuius
388 588 517 645 ergo
547 574 788 641 jussione
816 583 870 628 et
900 581 1169 642 prtecepto
1203 583 1320 626 orta
1350 582 1434 628 εει
1476 579 1771 641 tempestas

193 663 243 718 in
279 665 433 731 mari,
492 672 707 731 propter
753 664 1070 719 occasiones
1124 664 1371 732 superius
1426 673 1769 718 memoratas.

194 751 351 808 Facta
381 760 466 807 est
497 767 624 821 ergo
659 762 951 824 tempestas
984 760 1199 823 magna,
1233 762 1286 807 et
1314 768 1419 807 non
1461 753 1677 823 pusilla,
1717 763 1773 808 ut

195 857 442 911 magnum
467 856 600 911 Opus
629 852 682 897 et
715 858 820 897 non
846 842 1096 911 pusillum
1124 840 1519 909 ostenderetur,
1548 852 1771 912 quanto-

194 950 295 1005 que
328 935 520 990 lluctus
576 936 837 990 naviculae
893 936 1192 1002 irruebant,
1227 943 1375 990 tanto
1412 934 1582 1005 magis
1611 934 1776 991 timor

195 1024 485 1094 discipulos
528 1025 905 1089 conturbabat,
946 1033 1003 1080 ut
1038 1026 1165 1095 plus
1196 1022 1365 1095 magis
1403 1024 1777 1082 desiderarent

195 1116 259 1169 ad
291 1116 621 1170 liberandum
660 1130 718 1170 se
746 1131 840 1184 per
860 1104 1125 1173 mirabilia
1166 1112 1484 1173 Salvat0ris.
1519 1116 1772 1172 Dominus

194 1216 307 1260 vero
337 1206 639 1261 dormiebat.
670 1206 715 1262 0
761 1222 849 1262 res
876 1209 1142 1264 mirabilis
1170 1218 1229 1264 et
1259 1208 1520 1279 stupenda
1548 1210 1564 1264 l
1615 1209 1660 1264 is
1683 1210 1773 1279 qui

195 1300 462 1369 nunquam
505 1300 794 1366 obdormit,
847 1301 1160 1369 dormit;is
1188 1302 1278 1372 qui
1323 1303 1525 1358 coelum
1564 1310 1623 1357 et
1666 1308 1776 1358 ter-

196 1394 308 1446 ram
373 1390 658 1462 gubernat,
730 1384 968 1459 dormit;
1002 1392 1048 1447 is
1106 1393 1197 1462 qui
1255 1406 1526 1462 nunquam
1580 1392 1780 1448 dormit

196 1482 370 1554 neque
421 1484 696 1553 dormitat,
745 1484 858 1554 ipse
904 1485 1143 1541 dormire
1199 1484 1419 1541 dicitur.
1472 1486 1780 1542 Dormiebat

194 1576 412 1645 quidem
462 1590 710 1645 corpore,
768 1576 862 1632 sed
923 1576 1175 1646 vigilabat
1219 1570 1782 1645 deitate;d0rmiebat

197 1680 445 1737 corpore,
476 1667 570 1723 sed
595 1668 946 1723 conturbabat
978 1683 1149 1736 mare,
1182 1669 1532 1740 erigebatque
1562 1670 1776 1737 ﬂuetus,

198 1768 252 1814 et
302 1758 577 1828 apostolos
605 1760 954 1815 conterrebat
1012 1772 1164 1815 suam
1214 1766 1528 1817 ostensurus
1586 1772 1778 1831 poten-

1876 566 2059 621 ricnlis
2117 565 2375 619 inrtitttdn
2429 566 2730 622 necessaria
2785 575 2887 631 est,
2948 575 3003 620 ut
3058 569 3284 625 viriliter
3333 588 3459 631 cum

1874 655 1977 711 tide
2029 656 2226 710 toleres
2263 656 2538 722 universa,
2595 656 2763 711 multo
2801 658 2969 728 magis
2996 670 3180 714 contra
3240 663 3459 721 delicias

1875 748 1961 820 (ut
1991 749 2192 803 dictum
2222 752 2327 819 est)
2355 760 2410 804 et
2439 749 2677 804 luxurias
2711 750 2967 805 fortitudo
3013 756 3318 811 necessaria
3347 770 3455 823 est,

1875 854 1945 894 ne
2009 839 2061 892 in
2113 840 2463 910 niuscipulam
2524 841 2728 896 incidas
2783 840 3007 896 diaboli.
3075 843 3254 911 Quare
3332 863 3462 918 ergo

1877 934 2071 990 turbati
2115 936 2268 1002 estis,
2315 933 2517 1005 pusillae
2549 934 2671 990 ﬁdei
2700 932 2722 989 Ἰ
2755 935 2811 990 Si
2853 946 3122 1007 potentem
3155 955 3241 996 me
3296 955 3461 1011 super

1876 1030 2075 1084 terram
2125 1029 2473 1098 cegnoscitis,
2543 1043 2709 1099 quare
2767 1042 2874 1086 non
2926 1031 3144 1086 creditis
3210 1033 3352 1103 quod
3410 1041 3467 1088 et

1880 1122 1933 1176 in
1974 1121 2109 1177 mari
2155 1131 2342 1190 petens
2373 1116 2511 1174 sini?
2536 1119 2589 1174 Si
2622 1122 2786 1175 Deum
2827 1137 2911 1175 me
2942 1126 3067 1176 vere
3092 1134 3212 1178 esse
3255 1134 3467 1180 creato-

1880 1228 1996 1268 rem
2044 1214 2287 1269 omninm
2334 1212 2669 1281 suscepistis,
2720 1227 3011 1282 quarenon
3049 1215 3272 1270 creditis
3317 1216 3464 1285 quod

1877 1321 1942 1362 ea
1985 1321 2103 1375 qua:
2133 1320 2164 1360 a
2195 1320 2282 1361 me
2308 1304 2449 1360 facta
2476 1314 2603 1359 sunt
2629 1305 2680 1359 in
2709 1320 2825 1359 mea
2878 1305 3103 1361 habeam
3160 1305 3467 1375 poteState?

1879 1401 2058 1466 Quare
2100 1413 2228 1468 ergo
2270 1397 2575 1464 dubitastis,
2622 1398 2831 1468 pusilla:
2890 1398 3038 1453 ﬁdei?
3069 1398 3168 1466 Qui
3217 1400 3467 1466 pusillum

1880 1489 2078 1554 credit,
2114 1495 2405 1556 arguetur;
2440 1494 2497 1540 et
2522 1486 2613 1555 qui
2645 1487 2776 1541 nihil
2814 1487 3008 1556 credit,
3050 1496 3465 1545 ‘eontcmnetnr:

1882 1580 2104 1650 fragiles
2136 1581 2189 1633 in
2221 1578 2326 1635 ﬁde
2356 1575 2731 1648 'corripientur
2767 1579 2969 1635 :alieni
3009 1579 3231 1635 omnino
3270 1594 3298 1634 a
3338 1581 3463 1649 ﬁde,

1881 1671 2187 1742 punientur.
2227 1669 2388 1725 Tales
2428 1670 2645 1725 fuerunt
2684 1669 2854 1726 Judmi
2894 1679 2952 1726 et
2998 1674 3207 1742 pagani,
3244 1671 3470 1741 ideoque

1884 1763 1938 1818 in
1990 1763 2142 1817 malis
2193 1762 2306 1817 suis
2362 1772 2719 1817 evanuerunt.
2781 1762 2939 1816 Tales
2987 1762 3148 1816 etiam
3207 1761 3468 1829 haeretici,

199 1849 705 1917 tiam;dormiebat
747 1864 999 1920 corpore,
1045 1850 1204 1906 sicuti
1250 1860 1303 1906 et
1332 1850 1399 1905 ad
1445 1862 1662 1920 puteum
1710 1852 1779 1907 de
1809 1839 1856 1910 Β
1885 1853 2117 1924 ideoque
2159 1854 2213 1908 in
2262 1853 2351 1908 die
2376 1853 2564 1923 judicii
2607 1853 3124 1909 condemnabuntur.
3167 1853 3308 1909 Tunc
3354 1872 3472 1908 sur-

199 1941 392 1997 itinere
444 1941 616 1996 lassus
661 1940 747 1996 vel
795 1941 1048 2010 fatigatus
1100 1941 1343 2007 sedebat,
1402 1940 1784 1999 demonstrans

197 2038 321 2105 quia
367 2040 495 2091 vere
524 2035 814 2090 humanum
844 2048 1039 2103 corpus
1066 2033 1331 2105 portabat,
1360 2035 1505 2105 quod
1554 2050 1784 2106 corrup-

200 2125 351 2182 tibile
369 2126 633 2181 induerat.
663 2125 783 2194 ipso
811 2138 1038 2194 corpore
1075 2124 1395 2192 dormiebat,
1426 2124 1626 2181 deitate
1655 2137 1786 2181 vero

198 2220 510 2276 concitabat
540 2222 710 2285 mare,
737 2228 793 2273 et
822 2219 1013 2273 iterum
1044 2217 1454 2288 complacabat;
1481 2217 1785 2273 dormiebat

201 2313 384 2382 itaque
412 2326 660 2382 corpore,
707 2320 766 2366 ut
802 2310 1075 2380 apostolos
1116 2310 1405 2365 suscitaret
1430 2319 1486 2365 et
1527 2309 1788 2379 evigilare

202 2408 427 2470 faceret,
474 2405 745 2476 principue
797 2413 977 2462 autem
1028 2419 1126 2459 nos
1185 2418 1375 2458 omnes
1430 2418 1498 2458 ne
1552 2414 1785 2471 unquam

200 2496 381 2554 animo
432 2497 788 2564 dormiamus,
842 2511 982 2553 neve
1031 2494 1307 2551 intellectu
1344 2506 1436 2549 aut
1474 2494 1783 2565 prudentia,

206 2589 303 2646 sed
341 2589 564 2660 vigilare
590 2589 644 2644 in
675 2588 819 2644 omni
845 2599 1089 2658 tempore
1116 2598 1169 2643 et
1194 2587 1426 2656 jubilare
1454 2586 1703 2652 Domino,
1735 2598 1791 2641 et

203 2682 431 2737 salutem
466 2682 534 2737 ab
574 2696 640 2738 eo
671 2681 941 2752 postulare
988 2680 1318 2735 studeamus.
1367 2677 1503 2733 Nam
1554 2678 1667 2747 ipse
1697 2678 1787 2748 qui

198 2771 508 2827 ‘dormiebat
554 2786 807 2842 corpore,
875 2770 1003 2826 illud
1047 2770 1269 2825 verbum
1325 2779 1568 2824 sanetum
1620 2768 1788 2827 dicit:

206 2858 318 2937 Ego
345 2865 567 2935 dormio,
593 2874 641 2918 et
682 2880 769 2917 cor
801 2876 967 2918 meum
993 2863 1168 2933 vigilat
1197 2862 1369 2933 (Cant.
1398 2861 1485 2928 v);
1519 2860 1587 2916 ad
1632 2877 1790 2932 quem

203 2960 525 3015 accedentes
580 2959 849 3029 discipuli,
904 2959 1467 3022 suscitaverunteum,
1508 2955 1789 3012 dicentes:

206 3052 447 3120 Domine,
506 3052 649 3105 salva
694 3060 810 3115 nos,
860 3051 1105 3119 perimas.
1167 3051 1342 3105 Tanto
1379 3050 1596 3104 fuerunt
1646 3058 1794 3104 metu

204 3143 507 3208 conterriti,
560 3152 614 3197 et
647 3156 782 3212 pene
804 3142 987 3196 animo
1018 3140 1258 3207 alienati,
1312 3149 1369 3195 ut
1419 3140 1687 3195 irruerent
1739 3139 1791 3194 in

204 3249 351 3301 eum,
412 3244 467 3289 et
499 3249 605 3289 non
636 3235 879 3289 modeste
913 3244 1005 3289 aut
1045 3235 1235 3290 leniter
1280 3242 1649 3304 suggererent,
1699 3231 1793 3287 sed
1823 3216 1870 3279 Ο

208 3325 550 3380 turbulenter
566 3324 891 3379 suscitarent
916 3340 1061 3391 eum,
1085 3324 1325 3379 dicentes
1351 3341 1363 3377 ε
1391 3321 1630 3388 Domine,
1654 3323 1798 3377 salva

206 3433 323 3483 nos,
357 3417 604 3487 perimus.
640 3416 684 3471 Ο
711 3417 872 3479 beati,
904 3433 937 3469 ο
972 3430 1192 3471 veraces
1252 3415 1344 3470 Dei
1379 3416 1647 3485 discipuli,
1702 3415 1799 3469 Do-

206 3509 414 3561 tninum
464 3507 789 3563 salvatorem
820 3507 1096 3562 vobiscum
1130 3507 1358 3573 habetis,
1391 3518 1445 3563 et
1498 3504 1794 3576 perieulum

208 3599 436 3655 timetis.
468 3599 586 3654 Vita
623 3600 899 3655 vobiscum
930 3610 1037 3666 est,
1082 3609 1136 3656 et
1168 3600 1235 3655 de
1266 3607 1438 3655 morte
1465 3598 1681 3655 solliciti
1708 3613 1797 3653 es-

208 3689 301 3742 tis.
342 3687 498 3742 Maris
526 3687 791 3743 turbinem
824 3689 1097 3756 timentes,
1146 3698 1446 3744 creatorem
1495 3687 1614 3757 ejus
1661 3694 1793 3757 ρτω.

205 3789 422 3835 sentem
460 3779 531 3833 ita
575 3779 868 3846 suscitatis,
917 3782 1066 3849 quasi
1110 3796 1217 3834 non
1286 3780 1454 3851 possit
1500 3780 1802 3837 dormiente

204 3876 443 3945 corpore
489 3873 681 3929 ﬁuctus
712 3872 902 3929 sedare
951 3872 1034 3927 vel
1078 3871 1344 3941 mitigare.
1397 3872 1502 3926 Sed
1545 3871 1671 3942 quid
1719 3886 1803 3926 re-

207 3967 483 4037 Spondent
510 3966 558 4019 lii
587 3965 922 4029 dilectissimi
950 3964 1234 4033 discipuli?
1267 3963 1498 4031 Parvuli,
1529 3963 1798 4033 inquiunt,

204 4073 425 4126 sumus,
472 4058 648 4113 adhuc
677 4057 898 4121 inﬁrmi,
929 4064 986 4111 et
1014 4056 1251 4110 nondum
1298 4057 1522 4122 robusti,
1575 4055 1802 4126 ideoque

209 4153 497 4217 timemus,
531 4149 761 4217 ideoque
788 4148 1135 4217 trepidamus,
1168 4148 1395 4201 necdum
1427 4146 1656 4200 vidimus
1679 4161 1804 4201 cru-

205 4260 365 4311 cem,
398 4244 626 4299 necdum
651 4256 748 4297 nos
780 4241 1115 4297 conﬁrmavit
1142 4242 1321 4312 passio
1368 4243 1579 4297 Domini
1627 4252 1682 4297 et
1716 4257 1803 4298 rc-

208 4336 511 4398 surrectio,
560 4347 665 4387 non
697 4334 943 4389 ascensio
976 4334 1028 4388 in
1071 4332 1319 4399 excelsis,
1365 4349 1469 4388 non
1503 4334 1687 4387 missio
1721 4334 1804 4388 vel

206 4424 506 4479 descensio
545 4423 778 4491 Spiritus
818 4425 987 4478 sancti
1016 4424 1295 4494 paracleti,
1336 4434 1617 4494 propterea
1646 4424 1807 4494 fragi-

206 4516 375 4573 litate
405 4526 673 4584 nutamus,
708 4526 988 4586 propterea
1018 4526 1072 4572 et
1102 4531 1244 4585 saepe
1291 4517 1590 4571 audivimus
1622 4531 1654 4571 a
1701 4514 1807 4571 1).»-

1888 1960 2009 2015 gens
2060 1946 2322 2016 imperavit
2375 1944 2535 1998 ventis
2564 1956 2611 1998 et
2655 1945 2812 2011 mari,
2846 1953 2890 1998 et
2925 1946 3064 2014 facta
3093 1955 3163 1999 est
3219 1947 3471 2016 tranquil-

1889 2036 2007 2090 litas
2022 2052 2227 2108 magna.
2249 2035 2336 2091 Set
2353 2036 2365 2090 i
2374 2045 2519 2106 ptum
2539 2035 2639 2090 fuit
2656 2054 2670 2090 :
2692 2037 2757 2091 Et
2778 2045 3070 2107 exsurgens
3093 2046 3334 2105 tanquam
3350 2040 3471 2094 dor-

1889 2129 2045 2181 miens
2076 2126 2345 2186 Dominus.
2382 2137 2626 2197 tanquam
2649 2137 2823 2196 potens
2864 2139 2910 2182 et
2933 2128 3233 2199 crapulatus
3274 2148 3306 2184 a
3329 2131 3468 2198 vino,

1890 2228 1938 2272 et
1965 2220 2212 2289 percussit
2243 2218 2477 2274 inimicos
2504 2234 2622 2274 suos
2652 2221 2704 2274 in
2728 2221 3010 2288 posteriora
3046 2219 3212 2291 (Psal.
3241 2223 3468 2294 ιιιινιι).

1893 2309 1961 2364 Ει
2004 2325 2146 2365 nunc
2175 2327 2390 2381 surgens
2421 2311 2649 2380 imperat
2693 2313 2849 2367 ventis
2875 2324 2921 2366 et
2948 2315 3100 2380 mari,
3132 2324 3178 2369 et
3222 2316 3361 2386 {arta
3397 2323 3472 2369 est

1893 2401 2239 2471 tranquillitas
2283 2417 2498 2473 magna.
2536 2402 2823 2472 Imperavit
2852 2403 3026 2458 ventis
3070 2414 3124 2458 et
3152 2406 3307 2472 mari,
3338 2406 3478 2460 sicut

1890 2501 2124 2557 creator,
2164 2492 2303 2546 sicut
2338 2494 2473 2563 suis,
2506 2502 2563 2547 ut
2604 2504 2811 2560 potens,
2860 2504 2919 2549 ut
2952 2494 3206 2550 Dominus
3243 2496 3479 2565 impera-

1891 2570 1970 2638 vit.
2023 2584 2196 2638 ventis
2224 2593 2279 2639 et
2332 2584 2488 2652 mari,
2554 2584 2805 2652 primitus
2852 2594 2978 2639 ante
3031 2584 3360 2655 discipulos,
3421 2596 3480 2641 ut

1892 2674 2172 2729 audientes
2211 2674 2551 2730 ﬁrmarentur
2579 2675 2632 2729 in
2672 2675 2798 2731 ﬁde.
2834 2675 2917 2729 .Et
2968 2676 3208 2745 potentia
3262 2677 3480 2733 deitatis

1893 2768 2099 2822 Occulta
2140 2768 2437 2833 imperabat
2462 2778 2516 2822 et
2554 2768 2986 2823 comminabatur
3030 2770 3102 2826 ei.
3162 2768 3329 2839 Magis
3381 2786 3480 2825 an-

1894 2852 2001 2919 tem
2034 2864 2249 2934 regebat
2291 2874 2346 2920 et
2372 2865 2618 2932 placabat
2649 2866 2802 2931 illud,
2832 2864 3124 2920 secundum
3165 2865 3308 2934 quod
3356 2863 3480 2934 qui-

1895 2956 2016 3011 dum
2070 2956 2450 3011 aitzPotentia
2507 2957 2771 3023 mitigavit
2818 2970 2988 3012 mare.
3025 2957 3305 3028 Imperavit
3354 2969 3482 3028 ergo

1896 3050 2069 3103 ventis
2123 3057 2178 3102 et
2209 3050 2365 3123 mari,
2405 3058 2451 3102 et
2480 3048 2619 3119 facta
2666 3058 2738 3102 est
2766 3047 3113 3117 tranquillitas
3163 3064 3351 3120 magna
3408 3049 3482 3106 De

1904 3153 2095 3209 magno
2124 3142 2288 3192 Vento
2313 3146 2367 3193 et
2400 3146 2717 3205 tempestate
2746 3153 2959 3208 magna,
2997 3138 3130 3193 mari
3161 3139 3485 3195 conturbato

1899 3243 1954 3288 et
1985 3232 2231 3298 tumenti,
2266 3235 2402 3302 facta
2432 3240 2508 3285 est
2536 3231 2883 3300 tranquillitas
2914 3248 3121 3300 magna.
3156 3230 3316 3286 Decet
3338 3232 3482 3287 enim

1897 3322 2041 3377 hunc
2079 3336 2330 3391 magnum
2378 3336 2566 3391 magna
2609 3326 2664 3376 et
2696 3322 2936 3376 miranda
2993 3320 3193 3378 facere.
3249 3324 3479 3390 ldquue

1899 3415 2055 3485 paulo
2118 3421 2244 3470 ante
2295 3427 2487 3483 magna
2542 3415 2810 3468 accinctus
2874 3414 3131 3483 potentia,
3195 3416 3480 3484 magnifice

1897 3505 2239 3561 conturbavit
2269 3504 2588 3573 profundum
2624 3507 2806 3571 maris,
2840 3514 2893 3562 et
2921 3518 3061 3561 nunc
3086 3506 3273 3562 iterum
3314 3511 3369 3564 iu
3416 3523 3483 3566 eo

1898 3596 2015 3666 ipso
2036 3595 2332 3652 ostendens
2352 3609 2463 3650 suae
2495 3596 2943 3665 magniﬁcentiam
2973 3598 3276 3665 potestatis,
3328 3605 3479 3654 tran-

1900 3687 2221 3759 quillitatem
2263 3700 2511 3757 magnam
2554 3686 2668 3741 fieri
2714 3687 2892 3755 jussit.
2950 3685 3073 3742 llazc
3117 3688 3259 3754 ideo,
3296 3697 3354 3743 ut
3401 3689 3488 3743 ni-

1902 3783 2067 3836 mium
2112 3780 2419 3835 eonturbati
2456 3780 2708 3849 apostoli,
2749 3779 3034 3849 magniﬁce
3078 3782 3364 3837 exhilarati
3393 3783 3484 3838 Ia:-

1904 3878 2167 3924 tarentnr.
2210 3869 2367 3925 Dedit
2389 3870 2531 3926 enim
2563 3884 2657 3938 per
2684 3871 2796 3923 tunc
2826 3870 3003 3923 omnia
3039 3871 3191 3925 nobis
3225 3872 3480 3926 Dominus

1906 3962 2129 4033 ﬁguram
2181 3973 2236 4018 et
2275 3962 2533 4019 doctrina!
2564 3963 2869 4034 imaginem,
2904 3974 2959 4017 ut
2987 3972 3042 4018 et
3089 3976 3187 4018 nos
3236 3966 3290 4019 in
3341 3965 3486 4019 omni

1903 4056 2308 4111 ennturbatione
2363 4067 2416 4109 et
2473 4057 2795 4110 contumelia
2845 4055 3152 4125 patientiam
3183 4064 3481 4125 teneamus,

1904 4147 2121 4202 Stabiles
2168 4148 2360 4211 simus,
2401 4148 2556 4201 ﬁdem
2600 4160 2704 4200 non
2735 4148 3067 4204 deseramus.
3115 4147 3180 4202 Et
3226 4147 3272 4202 si
3305 4147 3479 4202 omnis

1906 4241 2007 4296 iste
2047 4239 2275 4294 mundus
2322 4250 2570 4309 tanquam
2621 4252 2769 4293 mare
2816 4239 3036 4293 ebulliat
3100 4248 3258 4308 atque
3307 4239 3358 4294 in
3402 4237 3485 4294 fu-

1907 4345 2083 4389 rorem
2114 4341 2514 4402 consurgat;et
2553 4332 2599 4385 si
2654 4346 2842 4387 omnes
2899 4331 3042 4387 venti
3092 4344 3147 4387 et
3203 4332 3489 4402 vertigines

1907 4427 2210 4481 dminonnm
2242 4424 2478 4494 undique
2500 4424 2725 4478 stcviant
2751 4442 2762 4477 :
2791 4432 2846 4478 et
2888 4424 2933 4477 si
2964 4424 3139 4477 omnis
3193 4421 3273 4494 (ut
3324 4440 3488 4493 supe-

1918 4517 2029 4572 rius
2058 4515 2313 4587 disimus)
2357 4525 2646 4586 tempestas
2684 4516 2864 4581 maris,
2898 4515 2949 4570 id
2983 4524 3067 4570 est
3095 4515 3268 4571 omnis
3296 4517 3494 4585 princi-

210 4611 373 4664 ιιιὶηο
403 4581 831 4679 increpationem
888 4609 1094 4678 pusilla:
1127 4581 1270 4664 ﬁdei.
1303 4611 1696 4679 Supportamus
1754 4620 1809 4664 et
1844 4581 1894 4641 ι)
1918 4620 2075 4678 patos
2098 4617 2151 4663 et
2175 4581 2680 4676 pnte'states—tnundi
2710 4607 3067 4673 concitentur,
3110 4614 3167 4661 et
3207 4608 3261 4661 in
3286 4581 3496 4661 tumore

209 4698 521 4754 toleramus
567 4700 817 4765 libenter,
847 4700 1147 4754 voluntarie
1175 4702 1524 4755 sustinemus.
1569 4699 1719 4757 Unde
1752 4709 1801 4755 et

210 4803 374 4845 nunc
400 4787 530 4843 dicit
559 4788 819 4844 Dominus
845 4806 858 4841 :
889 4791 1059 4856 Quare
1087 4790 1374 4844 conturbati
1412 4792 1556 4856 estis,
1602 4790 1807 4859 pusilla:

212 4879 351 4950 ﬁdei
380 4880 404 4933 ?
443 4880 549 4935 Cur
601 4894 706 4934 non
741 4881 947 4935 habetis
976 4881 1376 4936 fortitudinem?
1403 4884 1509 4935 Cur
1544 4897 1649 4936 non
1680 4896 1814 4936 con-

220 4970 511 5027 ﬁdentiam
547 4980 602 5027 et
628 4970 873 5025 ﬁduciam
904 4971 1041 5040 apud
1077 4986 1170 5026 vos
1202 4973 1427 5027 tenetis?
1457 4973 1523 5027 Et
1567 4973 1612 5028 si
1668 4989 1813 5028 mors

216 5074 480 5130 erueret,
529 5080 711 5120 nonne
754 5079 869 5118 eam
898 5066 1158 5120 debuistis
1179 5067 1610 5123 constantissime
1652 5056 1817 5124 ﬁsusd-

216 5155 405 5212 nere?
427 5157 503 5211 Ad
524 5168 685 5210 omne
714 5158 854 5210 enim
884 5156 1134 5225 quidquid
1162 5160 1421 5222 evenerit,
1445 5159 1695 5215 fortitudo
1725 5178 1817 5217 ne-

218 5247 467 5304 cessaria
495 5258 597 5303 est.
623 5249 703 5302 Ad
732 5262 893 5305 omne
919 5251 1057 5303 enim
1084 5250 1372 5319 perieulum
1406 5252 1487 5306 vel
1514 5252 1807 5307 tribulatio-

220 5355 360 5397 nem
409 5352 577 5412 usque
627 5340 693 5393 ad
731 5341 921 5393 anima:
964 5341 1185 5406 exitum,
1238 5341 1483 5396 similiter
1535 5354 1588 5397 et
1628 5355 1812 5398 contra

220 5431 458 5489 delicias
487 5442 541 5486 et
565 5431 783 5485 divitias
810 5440 864 5485 et
894 5432 1123 5486 honores
1149 5442 1391 5487 terrenos
1441 5432 1601 5487 animi
1658 5434 1808 5488 ferti-

228 5527 369 5581 tndo
424 5523 654 5578 tenenda
713 5531 818 5588 est,
862 5532 918 5577 ut
968 5539 1142 5592 neque
1190 5524 1484 5591 extollaris,
1538 5540 1571 5579 ο
1625 5524 1811 5595 homo,

225 5632 413 5683 neque
470 5617 521 5671 in
573 5618 877 5685 superbiam
924 5616 1171 5687 erigaris.
1229 5614 1344 5670 Non
1398 5617 1659 5687 despicias
1718 5618 1815 5672 ini-

228 5709 432 5773 rnicos,
489 5722 662 5777 neque
714 5708 941 5762 humiles
990 5722 1235 5777 spernas,
1309 5723 1483 5778 neque
1538 5709 1819 5765 oblivisra‘

231 5800 309 5856 ris
362 5798 671 5868 Dominum,
728 5812 898 5870 neque
948 5798 1290 5869 derelinquas
1336 5798 1670 5867 Creatorem,
1722 5816 1790 5856 ce

1917 4700 2207 4756 iracundia:
2249 4707 2520 4767 spument,
2560 4708 2618 4752 ut
2647 4698 2848 4752 iuriant
2887 4712 3052 4765 super
3096 4705 3353 4752 sanctos:
3395 4697 3499 4752 etsi

1916 4794 2089 4849 adhuc
2118 4800 2286 4861 usque
2315 4791 2381 4845 ad
2408 4792 2583 4846 caelos
2627 4805 2747 4845 sese
2795 4790 3074 4855 extollant,
3118 4798 3175 4843 ut
3216 4798 3500 4858 tempesta-

1919 4894 1999 4940 tes
2042 4884 2209 4938 maris
2238 4882 2617 4951 malignantes,
2649 4896 2713 4936 ac
2740 4881 2896 4935 doles
2926 4890 2982 4935 et
3033 4881 3278 4935 fremitus
3317 4880 3499 4933 conci-

1922 4985 2099 5030 tantes
2146 4975 2407 5029 adversus
2460 4973 2691 5042 aliquem
2748 4984 3008 5033 vestrum,
3067 4970 3231 5025 nolite
3280 4970 3493 5037 timere,

1921 5068 2085 5122 nolite
2130 5066 2353 5133 turbari,
2398 5066 2565 5119 nolite
2594 5064 3031 5129 contremiseere,
3062 5063 3226 5116 nolite
3248 5062 3497 5117 deﬁcere.

1917 5161 2119 5213 Omnes
2146 5157 2289 5212 enim
2320 5167 2583 5226 quotquot
2619 5158 2668 5209 in
2704 5156 2825 5210 ﬁdei
2859 5155 3101 5209 navicula
3124 5169 3242 5207 cum
3273 5154 3500 5208 Domino

1915 5250 2197 5319 navigans,
2225 5263 2412 5303 omnes
2428 5256 2685 5317 quotquot
2712 5247 2764 5301 in
2793 5250 2892 5302 hac
2912 5246 3161 5299 nimirum
3183 5255 3381 5300 sancta:
3401 5246 3505 5300 Eca

1913 5344 2092 5395 clesia:
2119 5341 2380 5406 navicula,
2406 5355 2525 5393 cum
2557 5339 2779 5394 Domino
2810 5348 2904 5407 per
2932 5338 3070 5392 hunc
3111 5336 3378 5392 undosum
3414 5352 3506 5392 su-

1928 5433 2215 5506 pernatatis
2241 5433 2518 5501 nmndum,
2548 5432 2648 5487 etsi
2690 5430 2806 5499 ipse
2857 5431 3108 5485 Dominus
3133 5430 3383 5498 dormiat,
3418 5430 3505 5497 pio

1929 5540 2119 5581 somno
2173 5534 2409 5579 nostram
2461 5523 2783 5593 patientiam.
2822 5532 2878 5578 et
2915 5523 3255 5577 tolerantiam
3306 5536 3505 5589 exape-

1930 5629 2103 5685 ctans,
2158 5619 2239 5671 vel
2274 5616 2558 5684 impiorum
2604 5615 2975 5683 pmnitentiam
3019 5624 3072 5667 et
3098 5614 3503 5669 conversionem

1931 5713 2229 5779 sustinens,
2285 5711 2535 5766 alacriter
2584 5709 2821 5764 accedite
2864 5709 2929 5764 ad
2983 5724 3127 5776 eum,
3172 5710 3503 5765 orationibus

1934 5806 2218 5870 instantes,
2248 5812 2405 5875 atque
2455 5817 2573 5859 cum
2632 5801 2896 5871 Propheta
2929 5794 3204 5857 dicentes:
3251 5802 3488 5867 Exsurge
