3956 6342
572 330 716 389 1199

1437 333 1637 390 PAULI
1680 333 1944 388 DlAlIONI
1986 334 2140 388 OPP.
2185 332 2357 390 PARS
2399 334 2460 389 11.
2504 367 2571 375 ——
2611 336 2969 395 ASCETICA.

3620 358 3716 413 1200

577 473 730 526 meare
749 446 1023 519 obdormis,
1047 454 1262 510 Domine
1285 455 1309 508 .9
1329 471 1560 525 exsurge,
1602 464 1649 509 et
1692 471 1752 509 ne
1805 452 2027 523 repellas
2067 466 2163 507 nos
2190 454 2240 511 Α
2272 452 2498 522 mitigati
2548 465 2692 508 sunt.
2725 456 3063 512 Admiremur
3092 465 3146 512 et
3177 472 3291 525 nos,
3337 465 3515 529 quando
3550 481 3593 525 et
3613 473 3717 531 beui.

576 565 743 619 usque
770 550 821 603 in
839 552 988 617 [inem
1014 546 1189 617 (Psal.
1210 547 1388 616 sun).
1425 548 1487 600 Et
1512 546 1701 601 iterum
1731 565 1742 599 :
1777 545 2028 616 Exsurge.
2053 542 2157 597 Do-

573 646 726 709 mine,
758 643 946 711 adjuvet
974 658 1088 706 nos,
1117 649 1161 692 et
1191 641 1382 692 redime
1428 655 1517 691 nos
1552 648 1759 707 propter
1786 652 1971 692 nomen
2012 648 2156 691 tuum

572 733 783 807 (lbid.).
841 734 906 787 Et
958 736 1070 802 ipse
1117 745 1339 800 surgens
1383 731 1679 799 imperabat
1734 728 1928 794 ventis,
1982 729 2033 783 id
2074 738 2158 784 est

564 827 751 882 aereis
786 825 1089 879 dtemonum
1142 821 1441 891 Spiritibus.
1493 821 1593 890 Ipsi
1625 821 1765 875 enim
1807 820 1968 873 maris
2018 830 2155 872 tem-

573 926 810 985 pestates
865 923 1224 977 commovent,
1283 912 1393 968 hoc
1439 919 1542 978 est,
1604 926 1818 966 amaros
1873 919 1928 965 et
1984 911 2156 965 elatos

574 1007 841 1063 concitant
871 1005 1094 1072 ﬂuctus,
1146 1005 1195 1060 id
1227 1016 1307 1060 est
1361 1004 1627 1075 principes
1669 1002 1850 1058 mundi
1874 1002 1938 1058 ad
1973 1017 2156 1072 perse-

571 1100 842 1154 cutionem
874 1097 1071 1153 sanctis
1101 1097 1346 1151 omnibus
1396 1095 1806 1161 immittendam,
1848 1096 1915 1149 ad
1965 1103 2154 1150 contu-

569 1191 759 1245 melius
782 1189 1023 1245 ﬁdelibus
1055 1189 1390 1258 ingerendas.
1419 1187 1678 1243 Omnibus
1703 1186 1958 1240 Dominus
1986 1186 2154 1253 impe-

568 1294 674 1347 rat,
706 1284 953 1338 omnibus
983 1284 1358 1343 comminatur,
1411 1280 1588 1334 omnia
1649 1281 1876 1349 mitigat,
1920 1278 2152 1347 facitque

568 1375 1012 1445 tranquillitatem
1059 1386 1306 1443 magnam
1358 1374 1499 1427 circa
1553 1386 1748 1441 corpus
1775 1380 1830 1426 et
1883 1372 2148 1439 spiritum,

570 1480 760 1537 pacem
810 1465 1082 1532 Ecclesize,
1115 1475 1169 1520 et
1194 1463 1540 1519 serenitatem
1592 1462 1810 1518 mundo.
1869 1460 2150 1530 Quomodo

567 1574 797 1629 namque
852 1559 1047 1626 smpius
1084 1556 1309 1613 concilia
1365 1555 1660 1611 inﬁdelium
1714 1564 1984 1609 commota
2025 1561 2149 1608 sunt

564 1652 823 1705 adversus
875 1663 1057 1705 veram
1096 1659 1148 1703 et
1199 1650 1405 1703 ﬁrmam
1458 1646 1788 1701 Ecclesium?
1849 1645 2149 1714 Aliquoties

563 1758 910 1813 paganorum,
936 1742 1214 1811 aliquoties
1246 1741 1637 1796 hmreticorum.
1679 1737 2144 1804 Quemadmodum

2265 541 2493 609 gnitates
2523 551 2577 598 et
2614 543 3025 602 benevolentias
3056 547 3284 604 ostendit
3326 550 3450 607 circa
3478 571 3557 612 nos
3598 561 3719 623 Domi.

2266 646 2385 700 nus,
2423 634 2658 724 quando
2707 649 2806 724 nos
2851 636 2920 691 de
2974 637 3225 707 periculis
3294 642 3475 699 salvare
3527 649 3719 724 dignatur,

2264 721 2475 791 quando
2503 722 2571 776 de
2620 723 2944 780 tumultibus
2982 735 3038 780 et
3066 727 3473 787 tribulationibus
3497 738 3638 793 multis
3659 721 3723 798 nos

2263 811 2474 878 liberat,
2506 814 2718 883 quando
2748 816 2817 869 ab
2845 816 3073 871 inimicis
3100 818 3477 889 insequentibus
3503 828 3613 882 eruit
3633 846 3716 885 nos.

2261 901 2515 957 Miremur
2572 913 2629 958 et
2674 905 2929 960 mirantes
2978 905 3181 974 gratias
3243 923 3463 978 agamus,
3508 925 3553 969 et
3599 921 3726 988 gratis

2260 992 2637 1057 obaudiamus,
2695 994 3057 1051 obaudientes
3090 997 3383 1066 timeamus,
3424 1005 3627 1063 timentes
3647 1012 3723 1066 dili.

2259 1097 2468 1153 gamus,
2501 1092 2559 1138 ut
2608 1093 2823 1140 aeternae
2848 1085 3131 1142 charitatis
3160 1089 3226 1145 ab
3255 1092 3430 1147 eodem
3456 1094 3649 1154 1118181181
3678 1104 3727 1157 el-

2262 1175 2521 1231 ﬁciamur.
2557 1175 2885 1232 Mirabantur
2911 1178 3149 1234 dicentes
3176 1198 3187 1233 :
3221 1181 3391 1248 Qualis
3416 1196 3480 1239 est
3512 1189 3727 1247 aiclsicnt

2260 1264 2422 1319 homo
2450 1266 2676 1332 videtur,
2709 1277 2762 1322 et
2784 1269 2921 1323 sicut
2947 1268 3090 1325 Deus
3114 1273 3394 1339 potentiam
3424 1278 3632 1331 ostendit.
3653 1280 3730 1335 Sic-

2258 1366 2318 1409 ut
2361 1372 2498 1412 unus
2535 1358 2831 1413 carnalium
2865 1370 3082 1429 putatur
3130 1376 3285 1427 esse,
3338 1374 3387 1418 et
3434 1380 3570 1435 super
3609 1375 3727 1425 omnia

2257 1447 2491 1501 carnalia
2548 1463 2736 1518 magna
2807 1450 3043 1504 ostendit
3098 1452 3376 1506 mirabilia.
3432 1455 3602 1510 Dormit
3640 1463 3731 1513 sicut

2257 1536 2437 1603 homo,
2468 1548 2521 1593 et
2568 1541 2791 1609 imperat
2834 1541 2964 1594 mari
2994 1552 3047 1594 et
3082 1544 3259 1597 ventis
3284 1545 3411 1599 sicut
3442 1547 3574 1601 Deus.
3601 1549 3642 1602 ln
3666 1566 3727 1600 na-

2259 1629 2429 1683 vicula
2458 1630 2630 1694 sedet,
2664 1641 2717 1685 et
2759 1645 2971 1685 omnem
3005 1645 3302 1688 creaturam
3346 1637 3558 1705 jussiune
3581 1639 3733 1694 inclinat

2256 1721 2342 1774 ubi
2401 1723 2515 1775 vult
2545 1721 2700 1776 Jr-sus
2724 1720 2970 1778 Christus
3014 1725 3266 1780 Dominus
3314 1738 3500 1794 noster,
3544 1735 3611 1798 qui
3647 1746 3727 1784 cum

566 1812 761 1905 saeptus
803 1839 940 1888 sicut
976 1834 1138 1887 maris
1177 1832 1368 1888 ﬂuctus
1418 1833 1712 1897 irruebant,
1753 1831 2143 1886 comminantes

2259 1812 2414 1869 Patre
2463 1823 2516 1868 81
2560 1814 2760 1883 Spiritu
2815 1829 3000 1873 sancto
3031 1819 3163 1874 vivit
3201 1828 3257 1875 et
3294 1832 3470 1893 regnat
3515 1823 3559 1878 111
3602 1825 3733 1879 sucula

563 1936 619 1982 et
670 1934 1013 1981 conterentes
1057 1923 1218 1995 hujus
1246 1925 1510 1994 principes
1558 1921 1765 1989 mundi,
1820 1936 1913 1990 per
1969 1919 2148 1975 omnia

559 2020 788 2089 perdere
833 2034 893 2074 se
942 2018 1196 2073 Ecclesia:
1228 2018 1365 2072 ﬁlios
1394 2018 1733 2071 arbitrantes.
1763 2013 1871 2070 Sed
1914 2026 2145 2082 surgens

562 2112 819 2166 Dominus
874 2109 1166 2180 increpavit
1222 2108 1526 2163 dannonum
1558 2115 1774 2168 ventos,
1835 2113 1891 2159 et
1955 2115 2147 2158 omnes

559 2218 880 2259 evanescere
909 2204 1031 2257 fecit
1057 2202 1288 2256 audaces
1310 2200 1647 2255 adversarios
1678 2197 1821 2261 ﬁdei,
1865 2210 2145 2267 magnam-

559 2312 663 2365 que
718 2309 899 2364 pacem
924 2303 978 2347 et
1023 2292 1461 2360 tranquillitatem
1505 2288 1653 2343 dedit
1703 2288 1954 2342 Ecclesiae
2009 2302 2141 2340 suae.

560 2389 810 2441 "omines
847 2398 1013 2438 autem
1044 2384 1120 2437 illi
1150 2385 1203 2437 in
1247 2383 1485 2436 navicula
1515 2383 1687 2435 mirati
1722 2390 1886 2449 snnl.‘
1906 2380 2004 2447 Qui
2049 2380 2143 2433 ho-

561 2479 772 2533 mines?
801 2476 1012 2532 Scilicet
1041 2477 1178 2528 hanc
1208 2474 1464 2529 habentes
1507 2473 1826 2535 naviculam,
1858 2481 1947 2525 aut
1975 2471 2021 2524 ei
2055 2470 2139 2524 in-

558 2569 842 2624 tendentes
903 2566 1179 2620 naviculas.
1234 2563 1347 2618 Non
1402 2573 1553 2632 putes
1613 2564 1696 2615 hic
1746 2577 1840 2630 per
1895 2562 2140 2616 homines

555 2660 829 2730 apostolos
886 2657 1235 2727 signiﬁcatus.
1304 2655 1577 2724 Nusquam
1636 2654 1776 2708 enim
1840 2654 2140 2707 invi‘nimus

556 2761 758 2821 praeter
782 2751 1043 2805 honorem
1071 2747 1436 2818 cognominari
1470 2745 1679 2803 Domini
1703 2748 2014 2814 discipulos,
2044 2748 2137 2803 sed

554 2857 768 2912 semper
807 2851 899 2896 aut
943 2842 1190 2910 apostoli,
1221 2848 1314 2894 aut
1358 2838 1623 2909 discipuli
1653 2837 2012 2893 nominantur.
2045 2837 2139 2892 Mi-

552 2934 808 2988 rabantur
860 2946 988 3003 ergo
1020 2930 1093 2986 illi
1135 2929 1399 2995 homines,
1433 2927 1485 2983 bi
1521 2928 1611 2999 qui
1652 2944 1772 2982 cum
1806 2943 1872 3003 eo
1924 2930 2136 2996 naviga-

551 3026 703 3091 bant,
756 3025 808 3080 hi
865 3002 1094 3095 quorum
1144 3030 1261 3077 erat
1305 3012 1679 3088 navicula,'i|ii
1718 3021 1805 3090 qui
1838 3002 1888 3072 in
1944 3018 2132 3073 eadem

551 3116 797 3173 navicula
828 3129 951 3171 sese
989 3113 1374 3183 transigebant,
1409 3112 1462 3166 hi
1528 3112 1874 3166 mirabantur.
1919 3109 1987 3165 Et
2036 3112 2133 3163 ad-

2250 1905 2590 1960 smculorum.
2625 1907 2821 1963 Amen.

2822 1999 3099 2057 IIOMILIA
3123 2003 3261 2061 LVI.

2463 2106 2515 2146 IN
2544 2106 2708 2148 "ESTO
2736 2108 3161 2151 PUBII‘ICA‘I'IONIS
3194 2112 3382 2151 BELTJ
3409 2111 3583 2165 ῌΑΒΙΞ.

2604 2186 2701 2257 (Et
2724 2186 2860 2256 Opp.
2894 2187 3161 2241 Ambrosii
3186 2189 3467 2261 Autpcrti.)

2318 2276 2374 2331 Si
2408 2274 2682 2331 subtiliter
2712 2290 2742 2330 a
2784 2278 3052 2344 lidelibus,
3090 2287 3200 2333 etc.
3236 2280 3499 2351 Sequemia
3532 2283 3622 2336 vide
3643 2282 3733 2333 inter

2248 2368 2418 2438 Opera
2474 2370 2637 2423 sancti
2681 2371 2939 2426 Ambrosii
2990 2374 3234 2442 Autperti
3260 2415 3277 2444 ,
3339 2373 3612 2448 Patrologfc
3648 2388 3739 2430 tents

2246 2459 2566 2531 LXXXIX,
2599 2464 2887 2519 col.129l.

2791 2553 3071 2610 llUMlLIA
3121 2555 3283 2612 LVII.

2531 2659 2584 2699 IN
2635 2660 3044 2703 PUBIFICATIONE
3083 2663 3307 2705 ελκςτιε
3347 2663 3534 2706 111111ε.

2458 2737 2560 2807 (Es
2590 2738 2781 2794 licrico
2819 2744 3083 2795 monacho
3114 2740 3591 2811 Antissiodorensi.)

2312 2827 2593 2900 Postquam
2636 2832 2832 2902 impleti
2862 2843 2978 2886 sunt
3010 2834 3116 2888 dies
3146 2838 3467 2905 purgationis
3503 2835 3650 2889 Mariae
3677 2850 3739 2887 see

2238 2921 2469 2973 eundum
2512 2924 2674 2993 legem
2704 2921 2895 2993 Moysi,
2920 2924 3349 2980 tuleruntJesum
3397 2929 3445 2981 in
3474 2924 3738 2990 Hierusalem,

2237 3023 2292 3066 ut
2320 3014 2550 3067 sisterent
2575 3031 2692 3069 eum
2724 3014 2961 3082 Domino,
2984 3024 3089 3071 etc.
3128 3015 3288 3087 (Luc.
3323 3020 3403 3090 11).

2308 3108 2383 3160 Ea
2413 3108 2590 3162 verbis
2619 3108 2773 3177 hujus
2794 3123 2961 3164 sacra:
2994 3111 3241 3166 lectionis
3271 3114 3489 3167 maxima
3525 3111 3645 3168 nobis
3666 3109 3739 3165 lie-

549 3209 837 3264 miratioue
865 3206 1085 3275 dignum
1115 3204 1240 3272 luit,
1283 3218 1429 3259 mare
1450 3218 1480 3258 a
1511 3201 1774 3273 profundo
1809 3210 2135 3257 commoturus
2163 3184 2213 3243 (ἶ
2244 3200 2543 3269 demptoris
2590 3203 2757 3258 nostri
2787 3202 3058 3272 dignatio,
3111 3214 3166 3260 et
3201 3206 3519 3261 intemeratae
3543 3203 3740 3276 genitricis

550 3298 804 3368 mitigari,
863 3298 1084 3367 ejusque
1135 3299 1307 3351 elatos
1355 3294 1627 3364 deplacari
1679 3293 1891 3359 ﬂuctus,
1950 3304 2142 3347 ventos

554 3394 791 3445 furentes
819 3388 1110 3459 compesci.
1154 3388 1476 3442 Mirabantur
1503 3403 1630 3456 ergo
1670 3386 1906 3441 dicentes
1936 3406 1947 3438 ;
1993 3386 2138 3453 Qua-

551 3483 617 3537 lis
648 3492 720 3536 est
747 3484 861 3547 iste,
907 3483 1028 3549 quia
1052 3479 1184 3534 renti
1210 3489 1259 3535 et
1290 3495 1428 3532 mare
1455 3479 1691 3532 obediunt
1718 3478 1797 3530 ei!
1830 3477 1946 3532 Non
1971 3476 2137 3531 inter-

555 3568 808 3642 rogantes
832 3573 1037 3639 dicunt,
1074 3571 1253 3638 Qualis
1290 3580 1363 3624 est
1389 3571 1480 3625 iste
1503 3571 1521 3624 .'
1551 3570 1642 3626 sed
1672 3578 1973 3625 asserentes
1996 3570 2135 3640 quod

562 3666 652 3721 hic
684 3666 803 3720 talis
848 3674 931 3719 est
960 3664 1041 3719 cui
1072 3680 1220 3719 mare
1259 3672 1315 3719 et
1354 3666 1499 3719 venti
1529 3661 1805 3718 obediunt.
1858 3663 2037 3729 Qualis
2068 3675 2139 3717 est

549 3759 681 3812 iste!
711 3758 812 3812 hoc
849 3769 951 3822 est,
986 3768 1232 3827 quantus,
1280 3773 1437 3825 quam
1484 3755 1658 3821 fortis,
1716 3770 1874 3824 quam
1920 3766 2133 3825 potens,

550 3868 707 3922 quam
745 3851 1005 3922 magnus!
1040 3852 1217 3917 Qualis
1249 3865 1322 3905 est
1352 3852 1478 3906 iste!
1504 3852 1673 3920 major
1712 3852 1914 3923 Moyse,
1945 3862 2135 3921 poten-

555 3944 660 3998 tior
692 3944 829 3998 Elia.
894 3943 971 3997 1111
1004 3944 1146 3997 8111111
1180 3944 1357 4009 ambo,
1388 3959 1418 3996 e
1448 3942 1640 4011 quibus
1664 3958 1797 3997 unus
1828 3944 1969 4012 ligno
2000 3946 2131 3999 mari

558 4050 839 4104 percusso,
898 4050 1018 4089 cum
1051 4035 1231 4088 labore
1281 4033 1518 4099 discidit,
1568 4034 1705 4089 alius
1762 4037 1865 4088 ictu
1916 4035 2128 4090 melotzc

550 4124 838 4180 Jordanem
873 4123 1203 4193 pertransiit.
1257 4125 1359 4177 Iste
1408 4140 1533 4177 vero
1572 4139 1678 4201 11110
1716 4125 1883 4179 verbo
1912 4126 2132 4179 mandat

552 4218 658 4272 illis
700 4219 788 4286 qui
823 4234 926 4272 non
956 4216 1155 4272 habent
1189 4218 1369 4282 verba,
1426 4227 1479 4271 et
1506 4217 1760 4271 obediunt
1813 4216 1902 4280 ei;
1942 4219 1991 4271 111
2041 4218 2130 4288 qui

551 4324 658 4365 non
707 4309 905 4365 habent
940 4308 1199 4374 auditum,
1240 4308 1653 4377 obtemperant;
1687 4309 1737 4363 111
1768 4310 1856 4378 qui
1888 4310 2130 4379 pruden-

552 4405 636 4456 tire.
666 4410 719 4455 et
758 4401 1055 4456 intellectus
1085 4411 1329 4470 expertes
1354 4409 1499 4467 sunt,
1535 4400 1856 4456 inclinantur
1883 4401 2123 4470 jubenti:

548 4492 741 4561 quibus
794 4505 964 4559 neque
1005 4491 1231 4561 loquela,
1272 4505 1462 4560 neque,
1514 4501 1572 4546 ut
1596 4491 1745 4558 dixi,
1802 4506 1981 4548 sermo
2020 4502 2122 4557 est,

549 4582 827 4639 obediunt.
862 4583 915 4635 In
944 4582 1130 4637 eadem
1159 4582 1299 4637 enim
1331 4585 1626 4638 substantia
1661 4584 1712 4637 in
1737 4598 1840 4653 qua
1875 4591 2021 4650 sunt,
2070 4593 2127 4639 et

548 4684 646 4731 sua
696 4684 882 4729 natura
946 4686 1246 4741 ruoveutnr,
1311 4685 1363 4732 et
1388 4676 1613 4746 jussioni
1672 4677 2001 4742 deserviunt,
2058 4677 2126 4731 ad

546 4766 913 4823 confusionem
944 4767 1267 4830 mortalium,
1296 4767 1360 4823 ad
1385 4768 1881 4823 condemnationem
1904 4782 2128 4837 corrup-

551 4858 801 4914 tibilium.
852 4858 1009 4913 .lubet
1040 4860 1195 4927 mari,
1225 4870 1278 4914 et
1312 4873 1416 4913 non
1446 4861 1777 4922 contemnit;
1803 4859 1933 4912 dicit
1959 4860 2130 4914 ventis

549 4961 601 5004 et
634 4950 1057 5018 tempestatibus,
1084 4960 1138 5004 et
1167 4966 1287 5003 mox
1317 4959 1724 5017 compescuntur
1750 4968 1761 5003 :
1795 4950 1938 5020 jubet
1986 4954 2128 5006 omni

549 5052 829 5107 creaturas,
864 5052 920 5097 et
957 5058 1063 5097 non
1109 5043 1510 5112 supergreditur
1537 5044 1831 5111 jussionem
1870 5046 2008 5113 ejus.
2064 5046 2132 5101 Et

548 5149 710 5187 unum
736 5132 1017 5187 hominum
1048 5147 1235 5201 genus,
1288 5133 1431 5202 quod
1473 5134 1766 5186 secundum
1815 5134 2129 5189 similitudi-

463 5252 473 5262 -
549 5242 673 5280 nem
705 5224 800 5278 Dei
832 5223 1240 5278 honoriﬁcatum
1269 5234 1370 5286 est,
1413 5224 1498 5277 cui
1540 5223 1761 5279 verbum
1796 5235 1850 5279 et
1898 5227 2130 5293 pruden-

549 5317 620 5374 tia
663 5317 786 5372 data
827 5324 929 5384 est,
963 5315 1015 5369 bi
1056 5315 1156 5370 soli
1191 5315 1435 5369 homines
1493 5314 1772 5383 resistunt,
1807 5317 1861 5370 111
1922 5329 2124 5374 tantum

549 5408 917 5464 inobedientes
945 5416 1089 5471 sunt,
1126 5407 1177 5459 hi
1226 5407 1325 5459 soli
1369 5415 1742 5462 contemnunt.
1785 5408 2015 5480 Ideoque
2068 5421 2122 5468 et

550 5498 605 5553 hi
635 5499 731 5553 soli
777 5499 830 5552 in
856 5497 1053 5569 judicio
1080 5497 1492 5563 damnalmntnr,
1523 5509 1576 5551 et
1602 5513 1630 5550 a
1663 5498 1863 5566 justitia
1899 5504 2124 5570 punien-

500 5648 507 5655 ,
554 5599 658 5654 tur,
715 5591 876 5645 veluti
923 5590 1219 5644 deteriores
1270 5588 1433 5642 mntis
1489 5589 1835 5657 animalibus,
1898 5593 1981 5648 vel
2042 5594 2123 5650 bis

544 5698 668 5750 qua!
697 5681 1033 5751 sinespiritu
1061 5690 1114 5735 et
1142 5678 1317 5733 anima
1346 5689 1471 5734 sunt
1506 5680 1557 5736 111
1602 5681 1703 5736 hoc
1735 5682 1955 5739 mundo.
2010 5685 2111 5740 Mi-

548 5773 803 5829 rabantur
842 5787 971 5843 ergo
1011 5772 1105 5839 illi,
1137 5771 1262 5843 quia
1292 5786 1438 5829 mare
1481 5777 1829 5847 compescuit,
1861 5786 1915 5833 et
1972 5781 2114 5835 venti

2244 3293 2361 3362 ejus
2392 3293 2562 3348 beatte
2591 3294 2769 3350 Maritc
2812 3295 3083 3350 humilitas
3112 3301 3530 3361 commendatur,
3573 3294 3737 3367 11111111-

2243 3385 2435 3447 delicet
2466 3393 2569 3439 tam
2603 3387 2715 3453 ipse
2748 3387 3001 3443 Dominus
3031 3405 3193 3458 quam
3227 3392 3454 3459 gloriosa
3482 3390 3581 3460 ejus
3607 3397 3736 3451 mater,

2241 3492 2361 3531 cum
2420 3479 2517 3547 legi
2559 3479 2691 3534 nihil
2748 3480 3032 3545 deberent,
3061 3483 3327 3553 legalibus
3377 3497 3536 3538 tamen
3579 3479 3738 3537 decretis

2240 3582 2299 3621 se
2328 3569 2559 3624 subdere
2605 3582 2799 3639 Sponte
2832 3573 3132 3628 voluerunt.
3169 3575 3516 3644 Praecipicbat
3553 3576 3735 3629 enimles

2241 3663 2487 3717 ul‘infans
2510 3672 2700 3718 octavo
2739 3665 2825 3719 die
2854 3667 3142 3721 nativitatis
3171 3668 3532 3732 circumcisus,
3562 3672 3653 3732 post
3679 3662 3737 3713 tti-

2238 3755 2382 3823 ginta
2433 3764 2489 3809 et
2530 3764 2639 3808 tres
2678 3756 2793 3809 dies
2837 3771 2947 3809 suae
2986 3757 3418 3813 circumcisionis
3463 3757 3522 3810 ad
3559 3751 3737 3819 templum

2239 3844 2538 3898 deferretur
2593 3844 2822 3912 Domini,
2857 3856 2910 3899 et
2954 3847 3173 3902 daretur
3230 3850 3404 3903 hosria
3444 3862 3530 3917 pro
3554 3838 3735 3902 eo:el5i

2237 3943 2380 3989 esset
2409 3935 2814 4005 primogenitus,
2868 3946 3089 3992 sanctus
3122 3938 3360 3995 Domino
3399 3940 3555 3994 ﬁeret.
3582 3928 3738 4002 Quodsi

2236 4028 2397 4082 verba
2430 4030 2561 4097 legis
2608 4028 2889 4097 diligenter
2945 4028 3325 4098 inspiciamus,
3381 4029 3635 4084 videbimus
3658 4018 3737 4090 quia

2235 4138 2341 4175 non
2371 4124 2543 4176 solum
2590 4123 2847 4178 Dominus
2888 4124 3004 4180 sine
3038 4136 3265 4194 peccato
3300 4128 3600 4183 incarnatus,
3624 4115 3739 4171 δεύει

2235 4214 2350 4283 ipsa
2377 4216 2515 4268 illius
2543 4214 2775 4284 genitrix
2793 4215 2859 4271 ab
2883 4217 3028 4270 omni
3046 4217 3385 4285 subjectione
3406 4216 3525 4284 legis
3543 4206 3737 4266 liberrima

2236 4306 2414 4362 fuerit.
2450 4305 2585 4361 Dicit
2613 4322 2842 4376 namque
2874 4305 2955 4361 lex
2984 4306 3127 4377 (Leu.
3156 4308 3258 4379 xtt)
3287 4325 3305 4362 :
3332 4303 3740 4363 Muliersisttttrplt

2232 4398 2422 4452 semine
2449 4400 2699 4465 pepererit
2741 4399 3045 4462 musculum,
3090 4401 3361 4452 immunda
3389 4398 3478 4450 erit
3500 4401 3649 4464 seplem
3671 4388 3739 4436 die

2233 4490 2346 4555 bus,
2379 4498 2423 4543 et
2453 4490 2538 4541 die
2563 4498 2738 4542 aetat-tt
2767 4490 3159 4543 circumridetur
3198 4490 3482 4559 infantulus
3508 4505 3524 4540 :
3550 4488 3638 4552 ipsa
3663 4490 3738 4531 τετυ

2234 4581 2445 4650 triginta
2493 4579 2651 4633 tribus
2681 4579 2858 4633 diebus
2907 4580 3126 4633 manebit
3177 4584 3232 4635 in
3286 4584 3525 4651 sanguine
3564 4570 3738 4645 puriﬁtd'

2238 4677 2391 4730 tionis
2418 4692 2548 4732 sum.
2591 4675 2786 4731 Dicens
2833 4677 2976 4731 enim
3007 4678 3292 4732 mulierem
3327 4678 3561 4743 suscepto
3597 4663 3739 4722 semine

2236 4769 2553 4837 parientem,
2605 4782 2707 4821 una
2740 4781 2862 4821 cum
2920 4769 3068 4836 prole
3122 4769 3321 4823 oblatis
3370 4765 3577 4820 victimis
3600 4757 3737 4812 debere

2238 4861 2505 4925 mundari,
2540 4859 2686 4914 illam
2719 4859 2902 4929 utique
2937 4860 3007 4913 ab
3042 4862 3138 4911 hac
3169 4861 3491 4915 necessitate
3514 4844 3737 4916 distinguit,

2236 4963 2357 5017 quzc
2402 4949 2518 5003 sine
2555 4960 2804 5019 suscepto
2852 4952 2949 5005 viri
3006 4952 3215 5007 semine
3268 4956 3416 5021 virgo
3454 4945 3670 5012 concepit,
3703 4942 3738 4988 et

2237 5040 2385 5110 virgo
2426 5042 2645 5109 peperit.
2681 5042 2891 5112 Reliqui
2921 5059 3149 5114 namque
3186 5045 3440 5099 homines
3467 5042 3634 5097 idcirco
3656 5041 3737 5085 Cum

2234 5144 2449 5201 peccato
2490 5136 2738 5204 originali
2778 5137 3053 5201 oriuntur,
3110 5139 3238 5205 quia
3288 5152 3409 5191 cum
3465 5124 3737 5188 delectatione

2233 5226 2408 5280 carnis
2439 5238 2596 5295 atque
2628 5243 2746 5283 cum
2776 5230 2970 5284 ardore
3014 5231 3252 5283 libidinis
3282 5230 3336 5284 in
3386 5238 3602 5283 materno
3636 5224 3740 5270 ιιιετο

2232 5318 2625 5386 concipiuntur.
2670 5320 2927 5374 Dominus
2973 5332 3148 5375 autem
3177 5319 3340 5375 Jesus
3381 5319 3616 5376 ChristuS,
3654 5302 3737 5373 (luia

2236 5411 2372 5465 sicut
2400 5414 2601 5481 absque
2648 5412 2787 5467 virili
2819 5413 3046 5479 semine,
3081 5414 3148 5467 ita
3182 5416 3351 5468 etiam
3386 5415 3570 5479 absque
3597 5392 3739 5458 11111ιὶ

2236 5502 2599 5557 delectatione
2640 5503 2691 5557 in
2723 5512 2875 5559 utero
2904 5505 3145 5573 virginis,
3179 5505 3390 5573 Spiritu
3418 5510 3581 5557 Sancto
3600 5499 3737 5553 cool'e’

2233 5606 2384 5648 rante
2409 5603 2699 5663 conceptus
2732 5605 2812 5650 est
2836 5636 2851 5661 ,
2885 5596 3005 5651 ideo
3027 5607 3079 5651 et
3108 5599 3230 5651 sine
3271 5603 3485 5666 peccato
3517 5596 3643 5645 natus
3666 5584 3737 5633 esi-

2235 5685 2338 5747 Sed
2367 5687 2501 5741 sicut
2527 5685 2769 5741 Christus
2801 5686 2897 5754 legi
2940 5686 3217 5757 subjectus
3257 5701 3385 5745 esse
3408 5676 3736 5744 11111111,11111⁰⁶

2235 5796 2263 5838 a
2294 5781 2505 5836 vinculo
2552 5780 2777 5837 solveret
2816 5779 2971 5851 legis,
3004 5781 3073 5837 ita
3099 5780 3264 5839 etiam
3298 5781 3450 5837 beata
3475 5767 3735 5832 Maria,€0m
