3956 6342
195 299 303 358 1231

1120 291 1584 351 ιιυιιιιλιιιιιιυε.
1622 320 1687 328 -
1720 286 1949 342 1103111..
1993 287 2080 343 DE
2120 287 2462 344 TESIPORE.

3292 244 3429 365 reos

192 413 547 483 sublegenon
578 416 849 477 esset,pro
867 406 1120 476 exemplo
1151 405 1468 461 humilitatis
1496 404 1631 473 legis
1658 404 1742 457 in-
1772 404 1821 461 A
1851 416 2057 470 purgari
2087 445 2100 468 ,
2148 412 2279 468 quot
2327 402 2587 455 formatur
2636 400 2687 454 in
2727 408 2898 453 utero.
2949 400 3056 455 Cur
3105 409 3279 454 autem
3326 415 3432 470 pro

191 506 351 562 stituta
392 516 497 555 non
531 498 723 566 refugit
752 499 1061 561 observare,
1089 495 1457 551 memorillius
1498 492 1748 562 prmeepti

188 596 311 667 quod
329 594 541 663 quidam
560 592 772 659 sapiens
787 591 886 645 ait:
913 591 1113 655 Quanto
1132 605 1351 661 magnus
1369 606 1441 654 es,
1467 589 1677 643 humilia
1702 597 1749 641 te

189 690 235 744 in
249 685 467 742 omnibus
491 683 678 753 (Eccli.
697 683 797 751 ιιι).
824 680 1102 750 Postquam
1124 696 1244 752 ergo
1272 677 1473 747 impleti
1498 688 1618 732 sunt
1643 679 1750 732 dies

188 778 488 854 purgationis
529 779 674 849 ejus,
727 776 810 830 vel
867 774 1075 828 Domini
1123 773 1406 834 videlicet,
1458 771 1541 825 vel
1582 772 1750 826 beam

189 870 444 946 genitricis
481 866 628 936 ejus,
662 868 884 920 tulerunt
915 866 1063 918 illum
1090 872 1325 934 parentes
1353 861 1505 916 illius
1528 861 1594 914 ad
1626 871 1750 914 terra-

184 963 311 1035 plum
364 960 576 1015 Domini
624 960 676 1012 in
724 957 1076 1020 Hierusalem,
1121 965 1174 1009 ut
1222 955 1453 1008 sisterent
1500 968 1616 1007 eum
1647 952 1754 1005 Do-

187 1058 309 1113 mino
332 1070 351 1108 :
379 1053 481 1108 hoc
524 1060 606 1108 est
627 1090 645 1116 ,
678 1058 972 1105 statuerent
1000 1057 1054 1104 et
1078 1052 1473 1103 consecrarent.
1500 1043 1579 1098 Illi
1610 1043 1750 1097 enim

185 1145 376 1215 parvuli
426 1143 517 1214 qui
548 1142 617 1197 de
650 1150 766 1196 toto
816 1155 981 1209 regno
1027 1139 1328 1193 indecorum
1383 1137 1449 1190 ad
1497 1136 1751 1204 templum

184 1235 384 1291 Domini
442 1234 815 1303 portabantur,
870 1232 914 1285 si
963 1229 1186 1283 fuissent
1233 1227 1449 1296 quidem
1494 1240 1557 1281 ex
1614 1224 1754 1279 tribu

179 1325 333 1389 Levi,
367 1324 421 1378 in
459 1321 807 1378 ministerium
838 1321 1026 1375 domus
1064 1318 1270 1372 Domini
1319 1325 1575 1385 perpetuo
1605 1324 1756 1370 tene-

181 1417 387 1478 bantur,
432 1414 554 1484 quia
594 1412 783 1468 eadem
824 1412 989 1465 tribus
1021 1419 1127 1464 tota
1159 1410 1209 1461 in
1242 1409 1342 1464 hoc
1390 1408 1559 1476 ipsum
1616 1415 1752 1461 tem-

179 1510 443 1580 plofuerat
460 1508 725 1563 dedicata.
740 1506 831 1558 Sin
853 1514 1028 1558 autem
1045 1517 1109 1557 ex
1125 1501 1223 1555 alia
1248 1501 1419 1570 aliqua
1438 1500 1595 1565 tribu,
1624 1513 1717 1567 pre
1732 1527 1748 1540 -

177 1601 250 1656 tio
299 1599 447 1665 dato,
499 1612 527 1651 a
571 1594 880 1666 parentibus
927 1591 1260 1663 primogeniti
1310 1590 1705 1644 redimebantur
1740 1629 1755 1652 ,

175 1692 239 1745 ad
281 1690 485 1759 propria
522 1686 809 1744 referendi.
859 1685 924 1741 Et
954 1699 1240 1755 puerorum
1270 1681 1484 1751 quidem
1515 1681 1756 1749 purgatio

1844 491 2061 547 Ifeminae
2080 502 2231 562 partu
2246 492 2555 547 diuturnior
2576 492 2816 561 purgatio
2836 489 3139 560 injnngatnr
3159 505 3315 560 quam
3338 483 3433 559 pro

1852 587 2089 640 masculo
2138 584 2506 655 inquirendum
2560 593 2661 639 est.
2721 584 2808 638 Sic
2853 583 2994 638 enim
3048 582 3284 638 dicitur:
3334 583 3432 639 Sin

1851 686 2022 730 autem
2043 678 2283 748 feminam
2305 676 2575 747 pepererit,
2590 675 2852 728 inmunda
2874 676 3099 739 eritstv,
3121 683 3167 728 et
3195 690 3312 730 uvr
3327 675 3436 729 die-

1851 768 1944 822 bus
1989 767 2205 821 manebit
2244 767 2297 820 in
2339 767 2584 836 sanguine
2631 765 2946 834 purgationis
2994 780 3101 817 sure
3131 762 3272 833 (Leu.
3316 763 3436 831 ιιι).

1854 860 1986 926 Quia
2013 875 2141 928 ergo
2173 858 2362 912 mulier
2386 866 2439 925 et
2465 872 2524 911 se
2551 867 2603 911 et
2634 856 2806 909 virum
2836 856 3064 924 decepit,
3093 854 3211 909 ideo
3242 854 3292 908 in
3317 864 3437 908 ortu

1854 965 1952 1006 Suo
1983 950 2169 1020 majori
2200 950 2441 1018 subiacet
2468 948 2847 1003 utaledictioni.
2886 946 3085 1003 Ferunt
3110 948 3266 1002 etiam
3302 946 3437 1016 phy-

1857 1042 1951 1098 sici
1995 1042 2194 1096 ﬂuxum
2238 1040 2509 1110 sanguinis
2559 1054 2655 1109 pro
2705 1039 2940 1093 masculo
2988 1046 3190 1107 septem
3229 1038 3438 1092 dierum

1856 1150 1997 1199 esse,
2026 1149 2121 1205 pro
2145 1134 2340 1189 femina
2364 1148 2490 1187 vero
2509 1132 2714 1186 dierum
2740 1148 2850 1197 MV,
2877 1140 2933 1184 ut
2958 1140 3151 1199 quanto
3172 1137 3255 1185 est
3274 1143 3439 1184 sexus

1860 1224 2121 1279 infirmior
2151 1224 2235 1279 vel
2265 1223 2502 1285 inferior,
2534 1231 2680 1275 tanto
2704 1223 2773 1277 sit
2811 1222 2920 1290 ipsa
2962 1222 3232 1275 nativitate
3263 1220 3438 1288 inqui-

1858 1316 2051 1371 natior.
2086 1316 2251 1370 Porro
2278 1330 2367 1368 xiv
2394 1323 2449 1369 et
2474 1330 2595 1368 mm
2626 1330 2760 1368 ιλιι
2792 1313 3010 1367 faciunt.
3039 1311 3097 1367 ln
3123 1329 3228 1381 quo
3255 1327 3440 1365 nume-

1859 1422 1952 1462 rus
1976 1406 2244 1477 superior,
2279 1406 2327 1460 id
2356 1417 2436 1461 est
2466 1405 2933 1475 quadragenarius,
2966 1404 3443 1473 duplicatur,qnia

1861 1501 2053 1557 mulier
2077 1499 2341 1571 serpentis
2372 1498 2699 1567 persuasioni
2724 1499 3014 1564 consensit,
3041 1505 3095 1551 et
3123 1498 3291 1550 virum
3322 1510 3441 1561 per-

1861 1594 2095 1650 suasioni
2134 1606 2245 1647 sua:
2283 1592 2586 1646 consentire
2627 1591 2818 1660 coegit.
2846 1590 2940 1645 Vir
2976 1601 3151 1644 autem
3188 1589 3288 1644 soli
3321 1604 3440 1642 mu-

1866 1686 1978 1741 lieri
2009 1686 2304 1741 consensit.
2338 1684 2628 1753 llmejnxta
2658 1684 2888 1738 litteram
2918 1684 2982 1738 de
3010 1682 3257 1736 distantia
3291 1683 3439 1750 puri-

174 1784 225 1840 in
279 1782 564 1850 hostiarum
614 1779 885 1835 oblatione
933 1775 1239 1839 constabat,
1288 1784 1516 1828 tnatrum
1545 1787 1671 1826 vero
1703 1771 1753 1824 itt
1794 1754 1837 1815 Β
1867 1776 2131 1833 ficationis
2169 1779 2315 1833 dicta
2350 1776 2638 1832 sufficiant.
2673 1778 2825 1843 Quod
2860 1792 2985 1831 vero
3015 1776 3271 1830 Dominus
3302 1774 3450 1844 prius

174 1875 277 1930 hoc
326 1874 465 1943 quod
529 1887 630 1942 pro
663 1872 897 1925 mascu‘o
941 1867 1282 1938 quadraginta
1311 1906 1328 1930 ,
1397 1880 1495 1935 pro
1560 1864 1755 1918 femina

172 1984 309 2024 vero
331 1968 596 2038 octoginta
616 1965 801 2020 diebus
829 1980 856 2017 a
889 1963 1165 2017 virithoro
1184 1973 1235 2016 et
1256 1964 1323 2015 ab
1351 1962 1594 2029 ingressu
1621 1969 1760 2013 tem-

172 2063 247 2133 pli
300 2059 506 2115 Domini
536 2057 876 2113 arcebantur.
911 2057 1025 2109 Non
1058 2054 1195 2122 quod
1228 2053 1381 2119 culpa
1410 2052 1476 2105 sit
1508 2067 1577 2107 ex
1621 2050 1755 2119 legi-

172 2154 306 2207 timo
347 2150 612 2205 connubio
644 2148 777 2203 filios
806 2148 1044 2216 gignere,
1099 2145 1193 2199 sed
1254 2147 1367 2213 ipse
1415 2142 1626 2214 generis
1659 2141 1759 2195 hu-

177 2243 323 2299 mani
380 2241 647 2311 legitimus
700 2239 1059 2307 nuptiallsque
1110 2245 1401 2305 conceptus
1431 2252 1535 2289 non
1587 2241 1765 2304 potest

172 2349 302 2391 esse
355 2347 385 2385 a
433 2333 585 2398 culpa
639 2328 933 2399 iniquitatis
991 2337 1303 2383 extrahens.
1357 2327 1560 2380 Donum
1614 2325 1758 2381 enim

174 2425 486 2495 nuptiarum
524 2422 591 2476 ab
622 2422 773 2475 initio
812 2419 1024 2489 generis
1057 2418 1274 2473 humani
1314 2418 1568 2472 divinitus
1612 2416 1764 2470 insti-

174 2526 352 2574 tutum
380 2515 645 2570 novimus.
686 2512 910 2579 Pr0pter
940 2511 1082 2580 quod
1121 2520 1177 2566 et
1221 2510 1511 2580 Apostolus
1538 2510 1767 2564 honora-

170 2611 277 2663 bite
297 2607 600 2661 conantium
621 2606 672 2659 in
687 2604 936 2667 omnibus,
956 2614 1003 2658 et
1024 2601 1629 2658 thorumimmaculatum
1650 2602 1767 2657 sine

169 2700 513 2756 dubitatione
528 2699 862 2753 commendat
878 2697 1062 2767 (Hebr.
1082 2698 1222 2766 xui).
1249 2695 1379 2751 Cum
1396 2693 1552 2766 igitur
1566 2698 1767 2765 nuptiae

165 2789 527 2847 laudabiliter
556 2804 584 2843 a
618 2788 726 2843 Deo
768 2788 871 2842 sibi
919 2789 1174 2843 tributam
1223 2787 1530 2857 possideant
1579 2789 1630 2842 in
1662 2787 1768 2844 fide

164 2892 224 2937 et
251 2880 519 2935 charitate
546 2877 882 2945 munditiam,
917 2888 1092 2933 tamen
1123 2879 1257 2947 quia.
1275 2880 1394 2934 sine
1414 2878 1769 2936 delectatione

164 2971 424 3028 libidinis
449 2985 552 3024 non
577 2977 801 3039 possunt
826 2970 1027 3039 peragi,
1054 2971 1361 3026 necessario
1383 2970 1585 3040 prolem
1602 2972 1770 3027 edunt

1862 1871 2284 1936 circumciditur,
2316 1885 2378 1923 ac
2412 1870 2489 1925 sic
2523 1879 2642 1939 post
2684 1870 2803 1924 dies
2840 1870 3036 1938 aliquot
3087 1868 3139 1923 in
3191 1868 3451 1935 templum

1862 1977 1982 2017 cum
2015 1960 2189 2017 hostia
2216 1961 2461 2025 offertur,
2489 1962 2754 2031 significat
2779 1961 3127 2029 spiritualiter
3154 1960 3295 2030 quod
3324 1959 3449 2014 nul-

1863 2054 1943 2111 lus
1981 2054 2255 2107 hominum
2297 2054 2349 2105 in
2390 2062 2677 2122 conspectu
2720 2051 2812 2106 Dei
2846 2054 2986 2106 valet
3024 2065 3145 2107 esse
3181 2059 3453 2120 acceptus,

1863 2146 2042 2202 nullus
2063 2145 2225 2202 etiam
2250 2144 2521 2200 caelestem
2547 2144 2876 2197 Hierusalem
2909 2143 3140 2212 perfecte
3161 2143 3301 2197 valet
3325 2156 3455 2196 con-

1866 2240 2146 2304 scendere,
2172 2238 2270 2293 nisi
2295 2238 2640 2292 circumcisus
2666 2237 2828 2301 intus,
2860 2245 2914 2291 et
2938 2245 3128 2291 exutus
3156 2236 3299 2290 omni
3324 2233 3456 2289 ftece

1867 2330 2223 2388 mortalitatis.
2259 2328 2404 2385 Sicut
2426 2329 2671 2398 scriptum
2705 2337 2780 2382 est
2803 2329 2855 2381 in
2881 2328 2989 2399 lege
3015 2327 3221 2381 Domini
3253 2324 3453 2396 (Exod.

1867 2439 1963 2478 xm
1997 2431 2047 2477 et
2082 2437 2243 2486 mn;
2280 2420 2441 2474 Num.
2475 2417 2613 2488 vni),
2641 2420 2764 2489 quia
2789 2434 2936 2472 omne
2958 2419 3301 2471 masculinum
3323 2416 3459 2471 adu-

1868 2516 2061 2587 pariens
2080 2513 2299 2579 vulvam,
2322 2520 2553 2585 sanctum
2580 2510 2794 2565 Domino
2817 2510 3099 2564 vocabitur.
3124 2511 3275 2580 Quod
3302 2512 3458 2582 dicit,

1870 2624 2018 2664 omne
2045 2608 2383 2662 masculinum
2408 2608 2708 2673 adaperiam
2728 2606 2945 2672 vulvam,
2976 2615 3029 2661 et
3054 2605 3122 2662 de
3153 2608 3458 2664 hominibus

1871 2712 1924 2756 et
1950 2702 2016 2756 de
2044 2700 2323 2770 pecoribus
2348 2698 2683 2767 intelligitur.
2716 2697 2902 2752 Omnia
2933 2697 3075 2752 enim
3104 2699 3459 2769 primogenita

1873 2792 2103 2848 Domino
2131 2789 2600 2845 sanctificabantur
2627 2797 2681 2845 et
2707 2787 3042 2843 sacerdotum
3072 2798 3246 2859 erant,
3276 2805 3338 2845 ea
3371 2802 3456 2844 ta-

1874 2902 1995 2941 tnen
2027 2884 2267 2949 ratione,
2307 2893 2364 2936 ut
2402 2896 2498 2951 pro
2535 2879 2765 2935 hominis
2802 2880 3157 2951 primogenito
3195 2881 3462 2937 sacerdoti

1873 2979 2098 3048 pretium
2122 2974 2362 3039 daretur,
2394 2972 2803 3043 primogenitum
2831 2986 3041 3041 quoque
3066 2972 3293 3040 pecoris,
3318 2972 3461 3041 quod

165 3072 404 3132 peccato
440 3140 445 3145 _
458 3061 614 3131 primi
668 3060 898 3115 hominis
950 3060 1209 3117 vitiatam.
1273 3063 1345 3117 De
1398 3063 1594 3131 nuptiis
1641 3077 1768 3132 ergo
1797 3100 1842 3163 ρ
1880 3069 2211 3124 immundum
2239 3075 2388 3132 erat,
2416 3066 2649 3135 quinque
2677 3064 3031 3119 redimeretur
3059 3062 3202 3118 siclis
3232 3064 3459 3133 argenti.

164 3154 345 3208 bonis
402 3167 572 3224 usque
598 3154 734 3209 adeo
763 3157 960 3210 bonum
988 3164 1070 3210 est
1117 3154 1256 3224 quod
1284 3155 1540 3222 nascitur,
1572 3164 1631 3209 ut
1658 3172 1769 3208 ma-

164 3246 296 3300 lum
332 3259 438 3298 non
476 3246 548 3299 sit
586 3245 748 3299 etiam
795 3245 840 3299 si
882 3246 949 3300 de
997 3245 1264 3301 adulterio
1292 3246 1372 3301 vel
1417 3246 1771 3303 fornicatione

160 3343 461 3392 nascatur.
504 3335 643 3391 Deus
669 3334 815 3391 enim
844 3336 1090 3392 humanae
1132 3344 1336 3393 natura:
1363 3336 1560 3394 donum
1594 3338 1775 3394 fecun-

160 3427 370 3483 ditatis
397 3427 640 3495 contulit,
672 3426 910 3484 libidinis
950 3443 1076 3484 vero
1107 3430 1306 3484 malum
1331 3471 1346 3495 ,
1389 3445 1496 3485 non
1527 3442 1775 3487 creatura

160 3520 304 3586 Dei,
338 3518 432 3575 sed
486 3534 638 3589 pinna
691 3521 891 3589 peccati
943 3528 1048 3577 est.
1087 3521 1319 3577 Proinde
1359 3522 1427 3577 de
1470 3526 1773 3593 nuptiarum

158 3612 479 3680 munditia,
521 3613 751 3668 mundus
800 3614 960 3669 homo
1008 3629 1114 3670 non
1155 3616 1411 3682 nascitur,
1456 3619 1579 3686 quia
1610 3623 1773 3675 inter-

157 3705 445 3761 veniente
464 3704 681 3763 sordida
713 3707 937 3765 libidine
965 3711 1277 3764 seminatur.
1308 3708 1476 3776 Quam
1500 3709 1776 3765 libidinem

154 3795 417 3851 castitas
462 3797 760 3868 conjngalis
804 3814 909 3854 non
956 3810 1122 3864 amat,
1154 3799 1247 3854 sed
1294 3799 1360 3853 ad
1412 3801 1778 3870 propagandos

156 3888 341 3941 filios
377 3888 682 3943 necessario
711 3890 923 3945 tolerat.
954 3890 1033 3944 οι)
1076 3890 1179 3944 hoc
1207 3897 1424 3945 sanctus
1458 3889 1618 3945 David
1651 3892 1781 3962 legi-

148 3982 330 4034 timo
350 3976 600 4048 fidelique
650 3980 919 4035 connubio
972 3990 1146 4047 natus,
1179 3995 1282 4035 non
1320 3980 1438 4035 sine
1466 3981 1781 4051 gravissimo

142 4072 384 4127 dolore
444 4072 704 4127 maculam
767 4073 999 4128 carnalis
1048 4076 1308 4143 geniturae
1357 4075 1426 4129 ita
1480 4075 1719 4143 deplorat
1764 4094 1777 4128 :

141 4162 333 4217 Ecce
354 4161 491 4214 enim
518 4161 568 4214 in
591 4163 942 4233 iniquitatibus
964 4174 1229 4231 conceptus
1251 4180 1384 4231 sunt,
1416 4172 1464 4219 et
1485 4165 1538 4218 in
1564 4165 1782 4235 peccatis

138 4252 428 4319 concepit
467 4268 545 4307 me
572 4264 736 4308 mater
773 4272 884 4310 mea
926 4254 1094 4326 (Psal.
1124 4255 1199 4327 ι).
1255 4255 1379 4310 Haec
1428 4256 1679 4322 diximus,
1724 4267 1782 4313 ut

136 4345 467 4401 maculam
498 4350 777 4420 originalis
809 4355 1012 4420 peccati
1055 4368 1159 4410 non
1190 4354 1242 4409 itt
1269 4354 1522 4425 legitimis
1556 4355 1780 4423 nuptiis,

1878 3164 2195 3235 Spiritaliter
2228 3162 2408 3217 omnia
2447 3160 2536 3215 illa
2570 3156 2920 3227 primogenita
2954 3156 3324 3224 significabant
3362 3157 3464 3235 Du:

1877 3229 2078 3313 niinum
2110 3255 2292 3311 Jesum
2321 3252 2617 3317 Christum,
2639 3251 2728 3320 qui
2756 3264 2875 3304 cum
2907 3256 3052 3304 esset
3080 3248 3383 3317 unigenitus
3412 3229 3462 3302 in

1879 3360 2063 3405 natura
2115 3347 2208 3403 Dei
2238 3344 2449 3425 Patris,
2500 3341 2672 3398 factus
2718 3349 2801 3396 est
2856 3339 3243 3411 primogenitus
3289 3339 3463 3394 omnis

1878 3453 2172 3505 creaturae,
2204 3438 2256 3493 id
2288 3446 2401 3503 est,
2429 3438 2665 3491 omnium
2695 3433 2993 3489 hominum.
3029 3432 3094 3487 Et
3125 3433 3237 3501 ipse
3262 3441 3344 3487 est
3374 3446 3465 3487 ve-

1879 3533 2073 3588 raciter
2103 3546 2155 3586 et
2188 3529 2529 3599 singulariter
2568 3535 2785 3581 sanctus
2830 3524 3056 3580 Domino
3077 3565 3089 3589 ,
3125 3522 3247 3592 quia
3268 3538 3465 3591 pecca-

1880 3635 1990 3679 tum
2031 3636 2136 3677 non
2182 3620 2333 3685 fecit,
2377 3632 2475 3674 nec
2500 3616 2657 3675 dolus
2695 3616 2945 3670 inventus
2985 3624 3069 3670 est
3111 3614 3163 3668 in
3203 3630 3297 3669 ore
3325 3615 3463 3683 ejus.

1882 3711 2153 3767 Moraliter
2182 3723 2394 3778 quoque
2423 3707 2602 3763 omnia
2649 3706 2995 3776 primogenita
3036 3715 3216 3760 nostra
3247 3705 3356 3760 Deo
3382 3708 3466 3760 of-

1883 3804 2102 3860 ferenda
2131 3812 2276 3870 sunt,
2303 3810 2361 3857 ut
2391 3798 2647 3869 quidquid
2679 3798 2804 3853 boni
2835 3797 2887 3853 in
2918 3797 3080 3853 corde
3107 3797 3461 3866 concipimus,

1881 3895 2077 3955 divina:
2104 3895 2289 3965 gratia:
2320 3891 2632 3947 tribuamus.
2670 3888 2736 3943 Et
2765 3888 2901 3945 sicut
2935 3889 3011 3944 illi
3053 3889 3321 3944 immunda
3350 3890 3468 3943 ani.

1882 3984 2041 4040 malia
2070 3985 2302 4055 quinque
2327 3982 2472 4037 siclis
2502 3980 2852 4045 redimebant,
2878 3980 2955 4035 sic
2984 3994 3082 4034 nos
3113 3994 3270 4049 prava
3301 3994 3465 4047 Opera

1883 4096 2001 4150 quae
2029 4082 2286 4149 gerimus,
2312 4075 2578 4132 redimere
2616 4075 2896 4140 debemus,
2930 4075 3213 4143 perfectam
3243 4082 3464 4142 agentes

1887 4168 2256 4240 pmnitentiam
2288 4166 2353 4222 de
2393 4165 2639 4222 omnibus
2680 4165 2908 4233 peccatis
2945 4179 3063 4233 quae
3107 4180 3201 4234 per
3230 4164 3466 4233 quinque

1884 4274 2073 4317 sensus
2109 4257 2349 4328 corporis
2385 4256 2770 4321 contrahimus.
2811 4255 2960 4323 Quod
2986 4270 3113 4325 ergo
3144 4256 3308 4311 dicit:
3336 4256 3469 4309 ada-

1884 4353 2083 4427 periens
2108 4352 2331 4416 vulvam,
2362 4362 2466 4403 non
2497 4357 2579 4402 est
2603 4346 2948 4411 credendum,
2974 4355 3033 4400 ut
3062 4346 3296 4401 haeretici
3325 4345 3470 4401 affir-

132 4438 266 4494 sed
312 4435 376 4491 in
402 4452 665 4510 conceptu
710 4444 1048 4512 parvulorum
1088 4460 1211 4501 esse
1263 4447 1590 4502 noverimus.
1626 4448 1781 4515 Quod
1814 4449 1866 4510 D
1890 4461 2038 4501 mare
2059 4445 2232 4501 conati
2257 4451 2402 4507 sunt,
2425 4439 2561 4508 quod
2585 4437 2825 4495 Christus
2842 4449 3050 4496 uterum
3076 4441 3278 4505 matris,
3302 4457 3465 4509 quem

128 4537 379 4584 autem
432 4531 639 4585 mulieri
673 4548 769 4602 pro
798 4536 1035 4591 masculo
1064 4535 1174 4591 filio
1222 4538 1566 4609 quadraginta
1590 4541 1779 4597 diebus

126 4620 378 4676 aditus
407 4621 587 4691 templi
616 4623 974 4692 interdicitur,
1016 4626 1137 4682 ideo
1153 4628 1304 4697 juxta
1331 4629 1557 4686 litteram
1585 4630 1780 4685 factum

122 4722 286 4778 est,
361 4720 419 4766 ut
448 4722 576 4783 quot
627 4716 815 4771 diebus
873 4717 1046 4774 infans
1095 4722 1149 4776 in
1191 4730 1344 4777 utero
1386 4721 1667 4791 formatur,
1700 4733 1781 4781 tot

118 4804 360 4863 etiam
386 4802 575 4859 diebus
622 4809 867 4877 purgatio
894 4808 1040 4864 illius
1079 4822 1378 4882 peragatur.
1409 4812 1612 4869 Dicitur
1639 4816 1781 4871 enim

107 4897 480 4967 conceptio
510 4897 741 4954 ltumaua
786 4900 865 4955 sic
896 4900 1112 4971 perlici,
1146 4911 1202 4958 ut
1237 4905 1422 4973 primis
1467 4919 1561 4962 sex
1593 4906 1787 4963 diebus

108 4985 351 5061 quasi
425 4985 579 5042 lactis
649 4987 841 5044 habeat
914 4991 1366 5060 similitudinem,
1431 4997 1779 5065 sequentibus

104 5092 397 5138 novem
453 5078 639 5135 diebus
702 5083 1032 5137 convertitur
1093 5085 1147 5140 in
1191 5087 1525 5156 sanguinem.
1579 5088 1784 5146 Deinde

100 5170 486 5229 duodecim
514 5172 708 5227 diebus
731 5173 1013 5243 solidatur,
1041 5176 1261 5246 reliquis
1284 5194 1421 5233 xvnt
1445 5179 1633 5236 diebus
1674 5183 1791 5236 [οι--

94 5273 380 5326 uratur
428 5278 596 5331 usque
650 5262 714 5317 ad
754 5264 991 5334 perfecta
1030 5266 1349 5322 lineamenta
1399 5272 1781 5327 membrorum.

92 5357 317 5417 Inde
353 5353 463 5422 jam
488 5370 653 5424 usque
681 5355 747 5409 ad
782 5366 988 5425 tempus
1016 5358 1250 5426 pariendi
1308 5361 1512 5431 reliquo
1541 5371 1781 5432 tempore

82 5447 570 5519 magnitudine
603 5461 699 5501 sua
735 5458 977 5517 augetur.
1025 5449 1131 5504 Sex
1177 5459 1352 5504 autem
1387 5463 1439 5507 et
1478 5468 1691 5520 novem,
1733 5462 1788 5508 et

74 5537 509 5602 duodecim,
539 5547 593 5592 et
629 5553 755 5613 svnt
797 5538 851 5592 itt
897 5554 1059 5594 unum
1117 5541 1306 5607 coacti,
1337 5540 1538 5597 faciunt
1571 5560 1691 5598 ην.
1725 5543 1782 5600 Si

65 5649 309 5709 ergo
359 5631 623 5688 minorem
666 5646 947 5688 numerum
998 5632 1051 5689 itt
1101 5636 1358 5704 majorem
1387 5636 1776 5704 concludimus,

58 5721 503 5790 videbimus
529 5732 850 5795 prtecepwtn
889 5738 1008 5783 esse
1036 5735 1109 5783 t0t
1138 5742 1276 5795 pene
1306 5727 1492 5784 diebus
1514 5727 1783 5787 hominem

1882 4547 2156 4614 ingressus
2190 4537 2645 4599 sanetilicaverat,
2681 4548 2926 4603 egressus
2954 4533 3259 4602 virginitate
3288 4537 3468 4601 priva—

1883 4637 2040 4691 verit.
2070 4633 2186 4702 lpsa
2216 4640 2296 4686 est
2341 4630 2482 4685 enim
2514 4637 2663 4698 porta
2689 4628 2755 4682 de
2780 4642 2884 4697 qua
2910 4628 3168 4696 scriptum
3199 4628 3421 4696 legimus
3452 4645 3467 4683 :

1884 4731 2046 4786 Porta
2073 4730 2178 4784 [nec
2201 4729 2377 4783 clausa
2395 4726 2513 4794 erit,
2537 4739 2582 4781 et
2612 4729 2686 4782 vir
2709 4745 2810 4782 non
2833 4729 3043 4783 transiet
3072 4745 3163 4799 per
3185 4744 3315 4793 eam,
3342 4743 3472 4797 quo-

1884 4824 2025 4876 niam
2057 4819 2305 4874 Dominus
2332 4819 2468 4872 Deus
2493 4818 2661 4873 Israel
2683 4820 2937 4891 ingressus
2963 4828 3037 4875 est
3067 4836 3156 4890 per
3176 4835 3310 4881 eam,
3333 4821 3487 4872 erit-'

1887 4930 1979 4981 qua
2000 4915 2198 4979 clausa,
2220 4922 2324 4967 etc.
2350 4912 2564 4984 (Ezeclt.
2589 4914 2755 4984 XLIV).
2786 4913 2925 4968 Deus
2948 4928 3174 4984 namque
3199 4927 3377 4967 veram
3398 4926 3464 4966 ex

1898 5005 2107 5072 Virgine
2134 5003 2429 5071 suscipiens
2457 5018 2709 5070 carnem,
2751 5003 3124 5071 perfectionem
3163 5018 3227 5058 ex
3265 5017 3326 5057 ea
3365 5002 3465 5056 hu-

1893 5094 2035 5147 mani
2074 5092 2315 5159 corporis
2356 5091 2615 5161 sumpsit,
2653 5093 2970 5162 virginitatis
2998 5094 3047 5148 ei
3090 5092 3314 5163 gratiam
3359 5108 3466 5146 nott

1892 5187 2109 5240 ademit.
2144 5185 2323 5253 Neque
2350 5186 2491 5239 enim
2522 5185 2743 5240 decebat
2763 5194 2823 5240 ut
2846 5198 3055 5242 creator
3077 5184 3323 5240 humana:
3348 5200 3466 5241 car-

1892 5278 1975 5331 nis
2001 5277 2157 5342 Deus,
2181 5276 2271 5343 qui
2295 5275 2347 5329 in
2372 5275 2538 5343 prima
2562 5276 2867 5331 conditione
2891 5277 3087 5332 homini
3111 5278 3463 5345 virginitatem

1895 5368 2171 5429 tribuerat,
2205 5366 2342 5419 idem
2372 5365 2512 5433 quod
2542 5366 2740 5421 fecerat
2771 5368 3160 5436 redempturus,
3189 5368 3465 5437 virginita-

1893 5466 1997 5514 tem
2038 5455 2187 5511 carni
2218 5456 2283 5509 de
2316 5470 2415 5523 qua
2451 5458 2765 5511 nascebatur
2805 5460 3055 5513 auferret.
3090 5458 3156 5513 Et
3197 5470 3251 5513 ut
3288 5460 3466 5513 darent

1888 5548 2080 5603 hostias
2105 5547 2385 5601 secundum
2411 5546 2548 5614 quod
2576 5547 2765 5603 dictum
2791 5559 2864 5601 est
2891 5550 2944 5603 in
2976 5548 3087 5621 lege
3114 5550 3344 5615 Domini,
3376 5566 3470 5617 par

1889 5650 2178 5706 turturum,
2224 5648 2311 5692 aut
2348 5639 2477 5693 duos
2514 5639 2683 5708 pullos
2729 5640 3098 5696 columbarum.
3134 5642 3316 5697 llostia
3358 5641 3470 5697 [nec

1885 5744 2180 5798 pauperum
2205 5736 2337 5787 erat.
2372 5727 2718 5797 Praecipiebat
2753 5746 2977 5800 namque
3020 5732 3102 5789 lex
3145 5741 3199 5788 ut
3227 5733 3311 5803 qui
3344 5747 3469 5803 pos-
