3956 6342
595 301 735 355 1205

1447 303 1650 362 PAULI
1693 303 1965 360 DIACONI
2006 303 2158 359 OPP.
2205 303 2381 360 PARS
2422 304 2485 360 ΙΙ.
2529 335 2593 344 —
2634 304 2993 364 ASCETICA.

3626 323 3720 380 teat

587 430 711 477 seut
735 434 927 489 agnum
971 419 1246 487 invenire,
1283 421 1538 477 oﬁerrent
1582 436 1677 492 pro
1719 420 1827 475 ﬁlio
1854 421 1933 476 vel
1970 419 2071 473 ﬁlia
2104 421 2171 472 si-
2203 423 2249 480 Α
2279 418 2530 472 ntrraotli
2559 418 2833 474 alacritate
2858 419 3104 489 perfusus
3131 418 3281 475 fuerit
3305 420 3506 495 Simeon,
3530 443 3619 486 cum
3639 439 3719 494 coli

585 512 694 566 moi
729 526 849 565 cum
882 520 1089 567 turture
1125 515 1240 568 sive
1275 514 1541 568 columba.
1573 514 1724 580 Quod
1761 515 1804 566 si
1832 513 1950 581 quis
1976 526 2168 579 agnum

586 601 824 670 reperire
851 619 954 657 non
989 612 1192 673 posset,
1220 606 1353 660 duos
1383 606 1572 660 saltem
1598 615 1832 661 turtures
1863 605 1946 659 vel
1968 604 2170 660 colum-

582 696 678 751 bas
718 697 1003 765 jubebatur
1033 698 1248 754 oﬁerre.
1293 699 1550 754 Dominus
1597 713 1725 770 ergo
1768 698 1925 754 Jesus
1965 712 2172 753 memor

582 788 772 841 salutis
816 799 1049 855 nostra,
1097 806 1214 845 cum
1256 798 1399 847 esset
1444 792 1613 856 dives,
1655 806 1853 860 pauper
1891 804 1988 860 pro
2018 789 2171 844 nobis

584 881 723 945 ﬁeri,
754 895 1041 950 pauperem
1076 898 1172 952 pro
1205 897 1263 939 se
1303 883 1529 938 hostiam
1559 883 1729 937 voluit
1756 882 1956 948 oﬂ'erri,
1988 891 2045 938 ut
2073 898 2172 938 nos

581 985 680 1024 sua
709 981 1021 1042 paupertate
1050 974 1355 1029 divitiarum
1383 975 1693 1044 spiritalium
1722 984 1775 1030 et
1802 976 1985 1030 aeterni
2021 977 2168 1045 regni

582 1064 806 1117 donaret
840 1080 960 1121 esse
992 1067 1291 1136 participes.
1328 1068 1432 1122 Sed
1475 1069 1748 1123 videamus
1776 1082 1871 1123 cur
1901 1068 1984 1124 hie
2014 1070 2170 1122 volu-

582 1171 700 1209 cres
734 1172 840 1226 prae
871 1157 1080 1212 czetcris
1117 1159 1169 1213 in
1204 1159 1465 1216 sacriﬁcio
1507 1159 1712 1214 Domini
1741 1160 2064 1228 jubebantur
2090 1158 2170 1214 of-

582 1252 729 1305 ferri.
765 1254 1022 1308 Columba
1063 1255 1205 1310 enim
1246 1255 1664 1323 simplicitatem,
1698 1265 1869 1309 turtur
1907 1254 2172 1324 signiﬁcat

583 1343 900 1397 castitatem.
920 1345 1046 1412 Quae
1062 1345 1197 1400 adeo
1212 1345 1592 1400 continentiam
1611 1345 1799 1415 diligit,
1820 1354 1875 1399 ut
1890 1355 2167 1415 postquam

580 1435 748 1487 semel
781 1436 983 1488 socium
1013 1436 1323 1505 perdiderit,
1349 1438 1577 1490 alterum
1605 1435 1823 1491 ulterius
1853 1452 1958 1490 non
1988 1437 2168 1505 requi-

579 1538 682 1579 rat.
718 1525 953 1592 Utraque
992 1536 1167 1581 autem
1210 1530 1324 1582 avis
1363 1529 1616 1597 gemitum
1657 1544 1752 1596 pro
1790 1537 1947 1584 cantu
1988 1529 2165 1584 habet.

579 1618 644 1671 Et
673 1618 790 1671 idco
822 1634 924 1672 non
958 1619 1226 1674 immerito
1261 1630 1565 1676 sanctorum
1597 1621 1646 1674 in
1678 1620 1776 1674 hoc
1804 1620 2000 1675 szeculo
2028 1622 2169 1675 desi-

576 1720 738 1780 gnant
789 1710 1074 1778 ploratum.
1120 1712 1307 1765 Merito
1345 1726 1475 1781 ergo
1521 1720 1692 1766 turtur
1732 1721 1785 1765 et
1825 1712 2072 1767 columba
2116 1713 2164 1764 in

2275 520 2534 579 terraeque
2572 523 2871 566 creatorem
2894 521 2948 566 et
2970 511 3249 568 Dominum
3276 519 3469 586 prepriis
3489 523 3723 590 amplectens

2273 611 2479 658 teneret
2511 603 2562 656 in
2596 602 2847 669 brachiis,
2879 619 3039 674 quem
3069 615 3121 658 et
3150 621 3178 658 a
3207 607 3448 676 prophetis
3482 615 3721 686 praedictum,

2270 702 2324 748 et
2349 695 2415 746 ab
2446 693 2709 749 universis
2748 705 2891 751 retro
2932 696 3128 750 sanctis
3157 695 3289 751 votis
3324 699 3626 770 multiplicibus
3659 722 3723 761 no-

2270 792 2419 840 vcrat
2462 787 2863 854 exspectatum?
2921 786 3234 856 Figuraliter
3259 789 3450 845 Simeon
3482 808 3609 849 senex
3627 812 3726 852 mun-

2270 872 2396 927 dum
2427 874 2584 928 istum
2615 875 2915 945 signiﬁcat,
2942 879 3093 944 quasi
3127 878 3280 946 longo
3301 880 3399 948 jam
3423 882 3548 937 senio
3569 895 3609 939 et
3626 895 3728 943 atate

2269 964 2550 1018 declivem.
2586 966 2803 1020 Simeon
2846 967 3100 1023 infantem
3143 975 3366 1038 accepit,
3390 973 3432 1026 id
3459 977 3731 1048 cst,ntundus.

2268 1057 2544 1112 Christum
2584 1061 2840 1128 agnovit,
2886 1072 2939 1115 et
2980 1073 3240 1117 vetustate
3280 1068 3456 1131 peccati
3494 1079 3661 1134 exutus,
3686 1073 3731 1127 ad

2269 1147 2631 1202 innocentiam
2664 1151 2983 1205 Chrisdanm
3013 1154 3415 1207 conversationis
3441 1155 3583 1210 rediit.
3609 1156 3655 1209 Et
3677 1160 3732 1215 ιι-

2269 1238 2460 1290 uedixit
2506 1237 2699 1303 Deum,
2732 1250 2778 1292 et
2821 1242 2951 1293 dixit
2978 1257 2998 1295 :
3033 1240 3183 1294 Nunc
3217 1243 3414 1295 dimittis
3439 1256 3732 1319 serrumttum,

2269 1325 2506 1394 Domine,
2536 1332 2812 1385 secundum
2840 1331 3043 1384 verbum
3069 1342 3210 1385 tuum
3238 1333 3288 1385 in
3315 1350 3442 1400 pace.
3465 1334 3632 1389 Sciebat
3650 1338 3732 1393 bea-

2270 1428 2353 1472 tus
2379 1420 2599 1476 Simeon
2631 1422 2772 1491 quod
2807 1423 2944 1476 beati
2978 1433 3160 1478 essent
3186 1424 3320 1478 oculi
3349 1425 3428 1495 qui
3455 1425 3662 1482 Christum
3681 1442 3736 1484 es-

2267 1523 2388 1568 sent
2416 1516 2612 1579 visuri,
2645 1527 2695 1571 et
2728 1517 2846 1571 ideo
2871 1518 3040 1573 donec
3067 1518 3212 1572 illum
3243 1519 3350 1588 ipse
3375 1519 3572 1589 videret,
3595 1521 3737 1576 nolebat

2272 1623 2448 1662 morte
2477 1609 2719 1676 dissolvi,
2752 1628 2906 1677 quem
2936 1622 3109 1668 tamen
3143 1623 3198 1667 ttt
3230 1615 3372 1680 vidit,
3395 1629 3501 1669 mox
3529 1616 3687 1685 optabat
3703 1617 3737 1672 iu

2270 1717 2398 1769 pace
2440 1703 2653 1755 dimitti.
2701 1705 2833 1768 Quia
2880 1706 3112 1760 riderunt
3151 1709 3284 1762 oculi
3310 1710 3400 1761 mei
3426 1711 3610 1762 salutare
3631 1721 3736 1764 tuum.

575 1778 804 1854 hostiam
854 1799 1082 1857 Domino
1135 1778 1454 1865 offeruntur.
1517 1811 1570 1855 ut
1620 1812 1806 1871 aperto
1861 1803 2167 1872 designetur
2198 1778 2241 1836 Β
2279 1795 2428 1858 Quod
2457 1797 2649 1861 parasti
2676 1809 2790 1850 ante
2812 1798 2995 1865 [aciem
3019 1800 3739 1871 omniumpapulorunt.Salutare

576 1890 699 1959 quia
742 1893 967 1961 simplex
1013 1903 1066 1946 ct
1104 1906 1250 1952 casm
1289 1894 1555 1963 iustorum
1602 1896 1935 1952 conversatio
1979 1895 2170 1966 gratis-

577 1982 770 2037 simum
821 1984 1173 2053 omnipotenti
1225 1986 1334 2040 Deo
1381 1987 1701 2042 sacrificium
1753 1988 1989 2042 exhibet.
2034 1987 2166 2047 [tem

577 2074 856 2140 columba,
885 2090 1004 2144 qua:
1034 2075 1291 2146 gregatim
1327 2077 1501 2143 volat,
1535 2077 1761 2138 activam
1803 2079 1965 2131 vitam
2005 2077 2168 2146 signi-

576 2165 718 2230 ﬁcat,
751 2181 867 2235 qua:
898 2167 1183 2221 multorum
1216 2178 1319 2222 est.
1359 2167 1560 2222 Turtur
1591 2183 1751 2234 vero,
1785 2168 1873 2238 qui
1898 2169 2164 2238 solivagas

575 2264 657 2310 est
695 2265 748 2312 et
795 2255 1221 2326 singularitatem
1263 2258 1466 2328 diligit,
1505 2260 1970 2328 contemplativatn
1999 2261 2160 2313 vitam

573 2347 869 2420 signiﬁcat,
918 2348 1250 2416 paucissimis
1275 2364 1336 2402 ac
1366 2351 1653 2405 rarissimis
1690 2350 2021 2405 imitabilem.
2056 2352 2166 2416 Mp-

574 2439 792 2502 raliter,
823 2454 942 2492 cum
968 2439 1115 2506 juxta
1148 2450 1470 2510 praeceptum
1499 2441 1863 2512 evangelicum
1905 2442 2164 2495 intrantes

571 2530 626 2584 in
659 2529 981 2594 cubiculum,
1008 2545 1222 2584 oramus
1263 2530 1543 2585 Dominum
1592 2532 1643 2586 in
1684 2531 2020 2598 abscondito,
2052 2542 2162 2586 tur-

569 2626 744 2678 turem
790 2617 1083 2674 offerimus.
1138 2619 1329 2675 Verum
1373 2636 1492 2681 cum
1543 2622 1606 2676 ad
1637 2622 1810 2678 simile
1850 2637 1984 2690 opus
2031 2621 2162 2678 alios

569 2725 705 2777 quos
745 2725 1027 2779 possumus
1067 2713 1375 2779 anilJlmlS,
1419 2713 1660 2771 dicentes
1699 2730 1818 2769 cum
1857 2713 2159 2779 Psalmista,

576 2799 777 2867 Venite,
803 2803 1073 2857 adoremus
1111 2812 1158 2856 et
1189 2805 1514 2873 procidamus
1541 2815 1587 2858 et
1619 2806 1875 2876 ploremus
1905 2815 2023 2859 ante
2054 2804 2163 2858 Do-

568 2894 764 2946 minum
791 2896 877 2962 qui
919 2895 1038 2962 fecit
1068 2911 1163 2948 nos
1205 2893 1376 2962 (Psal.
1411 2896 1594 2966 χειν),
1627 2897 1900 2951 columbas
1931 2897 1994 2950 ad
2026 2896 2161 2950 divi-

569 3002 694 3042 num
735 2987 903 3041 altare
934 2997 1227 3057 portamus.
1263 2986 1326 3040 Et
1359 3005 1471 3043 ecce
1502 2991 1650 3045 Itomo
1677 2999 1785 3044 erat
1826 2991 1877 3044 in
1906 2989 2158 3043 Hierusa-

567 3081 750 3144 salem,
779 3079 862 3131 cui
887 3094 1068 3144 nomen
1093 3079 1326 3134 Simeon.
1351 3081 1655 3136 Adveniens
1680 3081 1730 3134 in
1756 3095 1916 3135 carne
1946 3081 2038 3135 Dei
2070 3080 2156 3134 Fi-

570 3169 693 3232 lius,
731 3185 836 3222 non
872 3177 1076 3222 tantum
1107 3168 1174 3224 ab
1198 3172 1403 3239 angelis
1425 3180 1477 3226 et
1496 3172 1790 3241 pr0phetis,
1817 3171 1909 3226 sed
1935 3171 2093 3226 etiam
2125 3187 2154 3226 a

531 3248 545 3256 ’
569 3261 873 3316 senioribus
903 3270 956 3314 et
980 3262 1138 3330 justis
1180 3263 1543 3318 tesdmonium
1584 3264 1752 3319 laudis
1779 3266 1988 3333 accepit
2019 3282 2030 3317 :
2064 3264 2160 3318 de-

570 3352 726 3409 cebat
757 3369 986 3421 namque
1016 3365 1072 3408 ut
1097 3354 1221 3423 quia
1244 3356 1418 3411 omnis
1443 3368 1592 3423 tetas,
1621 3357 1796 3411 omnis
1825 3372 2007 3425 sexus,
2040 3371 2157 3412 om-

569 3449 652 3502 nis
689 3448 960 3516 comlitio,
1005 3465 1100 3518 per
1128 3451 1396 3506 Christum
1423 3463 1536 3508 erat
1575 3453 1881 3509 redimenda
1906 3495 1921 3520 ,
1970 3467 2158 3509 omnes

568 3542 729 3594 etiam
758 3541 828 3594 illi
861 3542 1056 3595 devoto
1083 3542 1463 3598 famularentur
1484 3544 1764 3614 obsequio.
1800 3543 1864 3597 Et
1893 3544 2042 3598 homo
2065 3545 2158 3599 iste

566 3635 737 3707 justus
765 3643 811 3683 et
839 3633 1140 3698 timoratus,
1184 3643 1478 3702 exspectans
1516 3634 1916 3690 consolationem
1955 3632 2155 3699 Israel,

566 3732 612 3777 et
642 3723 871 3792 Spiritus
898 3736 1103 3778 sanctus
1131 3733 1239 3778 erat
1267 3726 1317 3780 in
1347 3742 1426 3779 eo.
1465 3726 1625 3782 flecte
1653 3726 1829 3796 justus
1856 3737 1907 3780 et
1940 3728 2158 3782 timora-

569 3823 656 3868 tus
678 3814 892 3881 dicitur,
923 3816 1042 3885 quia
1074 3814 1280 3886 juStitia
1324 3817 1439 3871 sine
1468 3817 1660 3873 timore
1691 3819 1783 3874 Dei
1817 3819 2036 3877 difficile
2063 3834 2157 3874 cu-

566 3905 819 3962 stoditur.
857 3907 933 3965 lle
975 3893 1118 3963 enim
1163 3924 1289 3964 vera
1331 3908 1506 3978 justus
1543 3917 1688 3978 erat,
1737 3912 1827 3979 qui
1869 3924 1975 3965 non
2004 3925 2156 3970 suam

571 4009 802 4064 tantum,
826 4000 918 4054 sed
947 4001 1110 4055 totius
1142 4001 1320 4070 populi
1344 4000 1760 4060 consolationem
1783 4003 2153 4072 exspectabat,

565 4101 624 4147 ut
656 4093 859 4148 scilicet
883 4093 972 4162 qui
998 4093 1106 4162 jam
1135 4108 1204 4148 ex
1237 4088 1419 4149 multis
1441 4092 1630 4149 diebus
1659 4093 1896 4149 dominio
1928 4093 2156 4150 Herodis

565 4184 880 4255 alienigenae
921 4184 1298 4254 gravabantur,
1345 4185 1577 4240 adventu
1621 4185 1829 4241 Domini
1859 4187 2156 4243 Salvatoris

564 4275 798 4341 liberati,
831 4276 1257 4334 consolationem
1289 4277 1609 4347 acciperent.
1642 4277 1709 4332 Et
1735 4295 2035 4348 responsum
2068 4296 2156 4333 ac-

565 4378 767 4436 ceperat
798 4387 827 4421 α
856 4368 1058 4434 Spiritu
1079 4378 1253 4423 sancto
1272 4411 1286 4437 ,
1317 4384 1417 4422 non
1450 4372 1675 4424 visurum
1700 4387 1751 4425 se
1778 4381 1992 4430 mortem
2012 4409 2028 4437 ,
2059 4371 2156 4425 nisi

565 4461 706 4526 prius
744 4459 930 4513 videret
969 4459 1228 4514 Christum
1274 4460 1494 4514 Domini.
1536 4460 1783 4533 Magnum
1825 4459 2148 4517 desiderium
2183 4496 2230 4556 υ

566 4549 768 4618 antiqui
827 4554 996 4606 sancti
1047 4552 1312 4605 habebant
1364 4551 1576 4607 videndi
1633 4552 1916 4608 Dominum
1969 4553 2150 4608 Iesum

567 4639 858 4706 Christum,
894 4657 1050 4710 quem
1084 4643 1317 4696 sciebant
1349 4657 1471 4698 esse
1501 4653 1803 4698 venturum.
1848 4645 1999 4712 Quod
2035 4644 2154 4698 huic

566 4733 804 4790 Situeuni
836 4748 930 4802 pro
959 4733 1127 4801 gratia
1156 4738 1466 4788 meritorum
1498 4746 1804 4789 sanctorum
1837 4749 2153 4789 concessum

566 4836 666 4882 cst.
698 4826 915 4896 Accepit
943 4827 1086 4882 enim
1119 4841 1434 4894 responsum
1475 4829 1525 4880 in
1556 4829 1859 4881 maturitate
1899 4842 1930 4882 τι
1956 4827 2153 4894 Spiritu

566 4928 771 4981 sancto,
804 4918 942 4987 quod
976 4931 1078 4970 non
1112 4928 1253 4974 esset
1281 4919 1490 4974 visurus
1529 4926 1752 4970 mortem
1775 4956 1789 4982 ,
1824 4919 1923 4972 nisi
1952 4918 2154 4972 videret

569 5008 873 5062 Dominum.
910 5009 1085 5063 Videri
1112 5019 1321 5073 autem,
1365 5024 1461 5078 pro
1499 5009 1728 5080 experiri
1771 5011 1998 5078 pOsilllm
2047 5022 2148 5066 est.

565 5098 633 5151 Et
665 5100 796 5152 venit
826 5101 877 5152 in
917 5101 1104 5167 spiritu
1147 5102 1198 5152 in
1243 5103 1503 5170 templum.
1536 5101 1685 5168 Quod
1719 5101 1844 5155 dicit
1885 5117 1898 5154 ε
1939 5103 2068 5155 venit
2099 5103 2153 5155 in

564 5190 810 5257 templum
842 5191 892 5242 in
922 5189 1138 5258 spiritu,
1180 5205 1513 5258 nequaquam
1545 5192 1661 5244 sine
1691 5205 1914 5258 corpore
1945 5191 2154 5245 venisse

566 5282 832 5348 putandus
861 5291 974 5348 est,
1007 5283 1100 5336 sed
1143 5285 1426 5351 :nspirattts
1453 5297 1481 5334 a
1516 5282 1713 5351 Spiritu
1741 5295 1947 5347 sancto,
1989 5299 2019 5337 a
2049 5299 2153 5351 quo

564 5388 878 5443 responsum
923 5384 1234 5442 acceperat,
1277 5376 1491 5431 advenit
1532 5377 1581 5428 in
1627 5376 1899 5446 templum.
1946 5377 2154 5429 Etcum

563 5468 860 5523 inducerent
901 5485 1112 5539 puerum
1149 5469 1328 5523 Jesum
1370 5479 1602 5537 parentes
1646 5473 1788 5541 ejus,
1839 5481 1890 5522 ut
1931 5470 2154 5540 facerent

564 5565 844 5617 secundum
870 5565 1288 5618 consuetudinem
1315 5565 1442 5633 legis
1460 5606 1474 5627 ,
1505 5581 1598 5632 pro
1626 5581 1683 5617 eo
1701 5609 1713 5631 ,
1749 5578 1794 5625 et
1826 5567 1933 5633 ipse
1960 5565 2153 5634 accepit

565 5673 677 5713 eum
704 5658 754 5708 iu
787 5660 935 5711 ulnus
961 5676 1102 5722 suos,
1137 5660 1236 5712 hi-c
1266 5669 1368 5722 est,
1422 5660 1471 5712 iit
1502 5660 1719 5714 brachia
1749 5677 1864 5714 sua.
1897 5661 2027 5727 Quis
2059 5676 2152 5712 att-

567 5758 675 5810 tcm
718 5749 855 5803 valet
897 5750 1228 5820 perpendere
1273 5759 1472 5821 quanto
1514 5750 1678 5810 animi
1714 5752 1908 5821 gaudio
1947 5759 1999 5806 ct
2041 5750 2153 5806 itte-

2182 3130 2230 3196 Ο

2275 1887 2365 1942 Dei
2403 1887 2572 1943 Patris
2601 1889 2870 1945 Christum
2897 1892 3147 1959 appellat,
3175 1909 3330 1962 quem
3358 1894 3405 1948 in
3429 1895 3570 1961 primo
3588 1895 3740 1946 adventu

2271 1987 2396 2032 ante
2431 1979 2618 2033 faciem
2653 1981 2968 2048 populorum
3001 1981 3136 2042 Deus
3165 1981 3320 2038 Pater
3348 1983 3542 2051 paravit,
3568 1994 3610 2035 ut
3629 1985 3740 2046 illum,

2273 2072 2575 2141 quicunque
2606 2073 2657 2127 in
2686 2089 2806 2130 cum
2837 2076 3059 2131 credere
3090 2077 3307 2142 vellent,
3335 2077 3429 2131 ﬁde
3459 2092 3512 2130 ac
3541 2078 3743 2130 dilCCiiOlle

2270 2166 2660 2234 conspicerent.
2690 2167 2747 2225 In
2772 2170 3007 2228 secundo
3034 2185 3247 2239 quoque
3273 2170 3504 2231 adventu,
3533 2170 3610 2222 huc
3630 2170 3741 2235 ip~nm

2270 2257 2506 2311 salutare
2544 2269 2666 2311 ante
2699 2257 2886 2314 faciem
2924 2258 3162 2324 omnium
3211 2261 3507 2330 populorum
3537 2260 3742 2327 parabitur,

2269 2355 2327 2400 ut
2359 2346 2533 2401 videat
2559 2362 2680 2401 eum
2707 2348 2882 2402 omnis
2909 2349 3118 2414 oculus,
3160 2358 3217 2403 et
3248 2350 3422 2405 reddat
3451 2351 3673 2415 unicuique
3693 2362 3744 2399 se-

2266 2438 2499 2492 cundum
2531 2453 2693 2508 opera
2726 2453 2843 2492 sua.
2887 2437 3082 2492 Lumen
3123 2441 3189 2491 ad
3221 2441 3550 2493 revelationem
3576 2438 3744 2508 gentium,

2267 2539 2315 2583 et
2359 2528 2577 2600 gloriam
2619 2530 2780 2598 plebis
2830 2537 2962 2596 tute,
3005 2529 3194 2584 Israel.
3255 2530 3462 2599 Utrique
3492 2529 3656 2597 quidem
3687 2541 3744 2592 pu-

2267 2622 2411 2693 pulo,
2448 2621 2498 2675 id
2530 2630 2613 2676 est
2652 2621 2877 2677 Iudaico
2905 2631 2959 2676 ct
2993 2621 3216 2685 Gctttili,
3261 2621 3490 2676 Christus
3525 2620 3660 2674 lumen
3681 2626 3746 2677 esi.

2264 2713 2359 2767 sed
2412 2711 2706 2768 Israelitico
2755 2712 2949 2782 papulo
2996 2712 3306 2782 specialiter
3347 2712 3499 2782 gloria
3539 2707 3639 2773 fuit,
3669 2705 3745 2773 quia

2265 2804 2398 2875 ipsis
2425 2816 2509 2860 est
2538 2804 2943 2875 praenuntiatus,
2978 2805 3030 2859 in
3063 2806 3166 2859 illis
3196 2821 3409 2860 carnem
3438 2798 3749 2870 assumpsil,in-

2265 2904 2351 2950 ter
2397 2909 2491 2949 eos
2537 2895 2790 2952 miracula
2834 2893 2980 2962 fecit.
3027 2895 3284 2950 Gentium
3337 2910 3528 2965 quoque
3572 2886 3748 2944 revelatio

2265 2986 2381 3049 fuit,
2411 2987 2531 3055 quia
2572 2987 2759 3041 oculos
2794 2988 2989 3042 mentis
3016 3001 3204 3044 eorum
3239 2986 3492 3056 profunda
3515 2977 3750 3038 inﬁdelitatis

2264 3078 2506 3133 emt-itote
2536 3078 2832 3138 dimersos,
2866 3078 3065 3138 lumine
3105 3092 3221 3131 suae
3252 3075 3587 3131 illusmtionis
3609 3068 3748 3124 revela-

2263 3169 2359 3231 vit,
2397 3168 2446 3221 id
2476 3177 2576 3233 est,
2609 3167 2817 3235 aperuit
2844 3175 2900 3228 et
2927 3166 3274 3223 illuminavit.
3309 3167 3370 3220 Et
3409 3173 3538 3223 recte
3560 3157 3748 3216 Christum

2262 3259 2409 3330 prius
2438 3260 2503 3312 ad
2534 3260 2912 3314 revelationem
2941 3257 3207 3328 gentium,
3241 3271 3304 3312 ac
3325 3255 3505 3312 deinde
3528 3245 3746 3320 adgloriim

2260 3353 2422 3415 Israel
2456 3353 2668 3408 venisse
2695 3352 2846 3414 dixit,
2871 3354 2993 3420 quia
3024 3352 3170 3420 prius
3205 3350 3429 3422 gentiles
3451 3361 3586 3417 quam
3608 3340 3750 3397 ludaos

2260 3445 2559 3500 credituros
2586 3460 2706 3502 esse
2737 3444 2999 3515 praevidit.
3026 3443 3156 3498 Tale
3187 3444 3316 3512 quid
3343 3452 3396 3497 et
3420 3437 3652 3496 Psalmista
3671 3431 3748 3483 ait:

2262 3537 2460 3592 Notum
2484 3539 2600 3607 fecit
2633 3537 2888 3592 Dominus
2913 3538 3140 3590 salutare
3169 3551 3347 3602 suum,
3379 3541 3430 3588 et
3452 3530 3604 3596 reliq.,
3628 3532 3752 3590 usque.

2261 3628 2440 3684 domui
2461 3625 2630 3683 Israel
2655 3627 2828 3699 (Psal.
2856 3625 3041 3697 xcvtt).
3071 3626 3228 3680 Prius
3251 3625 3391 3680 enim
3414 3621 3531 3676 dixit
3553 3617 3673 3671 Deum
3690 3609 3751 3662 Pa-

2263 3730 2399 3776 trem
2427 3719 2689 3788 justitiam
2735 3732 2923 3784 suam,
2964 3732 3080 3784 quae
3120 3715 3372 3769 Christus
3409 3720 3515 3774 est,
3553 3699 3751 3777 gentilibus

2262 3813 2553 3877 revelasse,
2576 3821 2650 3866 ac
2679 3810 2873 3866 deinde
2901 3808 3173 3878 subjungit
3209 3823 3225 3862 :
3261 3804 3560 3861 Recordatus
3583 3807 3637 3850 cit
3656 3792 3748 3844 mire-

2261 3904 2498 3960 ricordia:
2531 3917 2675 3969 stite,
2712 3910 2762 3956 et
2798 3901 3021 3955 ueritatis
3063 3915 3170 3954 suae
3217 3898 3396 3953 domui
3433 3890 3579 3949 Israel
3609 3880 3749 3979 (llud-i-

2261 3993 2394 4049 Hinc
2429 3992 2621 4046 Paulus
2649 3990 2728 4043 ait
2760 4007 2772 4044 :
2804 3988 2937 4045 Cum
2979 3989 3247 4057 plenitudo
3286 3987 3499 4059 gentium
3541 3979 3749 4034 intraverit.

2262 4096 2387 4142 tunc
2427 4085 2591 4142 omnis
2627 4082 2794 4139 Israel
2821 4084 2991 4137 salvus
3022 4083 3113 4138 ﬁet
3143 4083 3340 4152 (Rom.
3371 4080 3474 4150 xl).
3513 4075 3613 4130 Haec
3642 4064 3750 4121 dele‘

2260 4177 2436 4232 etione
2459 4174 2764 4245 evangelica
2789 4173 3022 4229 breviter
3050 4181 3176 4228 sunt
3205 4173 3371 4228 dicta.
3408 4170 3524 4236 Qua:
3555 4165 3651 4219 licet
3670 4167 3750 4245 call-

2258 4284 2346 4324 sas
2379 4239 2648 4328 hodiernae
2679 4265 2982 4321 festivitatis
3006 4266 3158 4333 plene
3186 4262 3416 4333 aperiat,
3445 4273 3536 4312 non
3565 4239 3752 4307 tamenab

2260 4377 2318 4418 re
2345 4363 2492 4417 estsi
2521 4361 2586 4417 de
2615 4360 2734 4431 ejus
2766 4360 2981 4418 nomine
3006 4358 3208 4429 aliquid
3240 4347 3640 4440 compendiosius
3657 4337 3752 4440 illd?

2259 4471 2466 4525 scmus.
2509 4436 2696 4510 Graeco
2737 4468 2966 4524 namque
3010 4468 3268 4508 sermone
3313 4448 3568 4507 ὑπαντὰειν
3605 4436 3753 4528 obii“?

2259 4549 2478 4603 dicitur.
2513 4547 2637 4602 inde
2665 4546 2845 4615 utique
2874 4547 2975 4600 ista
3005 4544 3282 4606 Dominica
3314 4539 3598 4595 solemnitas
3619 4530 3752 4615 tiara-7t

2262 4651 2506 4704 vocatur,
2552 4637 2693 4707 quod
2729 4614 2932 4690 scilicet
2978 4634 3076 4701 hac
3119 4637 3232 4704 ipsa
3284 4633 3445 4687 allato
3485 4627 3532 4681 in
3574 4614 3750 4684 templum

2261 4731 2518 4793 Domino,
2558 4731 2774 4784 Simeon
2814 4737 2869 4790 et
2901 4728 3082 4791 Anna,
3123 4735 3179 4782 et
3218 4735 3430 4781 caeterze
3465 4714 3655 4773 ﬁdelium
3680 4718 3751 4773 P9"

2260 4839 2407 4878 scina:
2438 4837 2558 4891 qttte
2591 4821 2664 4874 ibi
2702 4828 2885 4884 erant,
2928 4828 3169 4886 tempore
3201 4808 3575 4887 puriﬁcationis
3597 4814 3678 4858 sum
3697 4805 3752 4846 οε·

2259 4925 2560 4969 currerunt.
2582 4915 2768 4982 Agitur
2789 4927 2917 4982 ergo
2941 4912 3040 4967 ista
3067 4911 3334 4965 fesdvitas
3358 4905 3614 4975 incipiente
3632 4897 3752 4947 mense

2254 5009 2568 5071 Februario,
2602 5008 2692 5074 qui
2723 5021 2752 5059 a
2784 5004 3016 5068 Februo,
3047 5004 3098 5058 id
3126 5013 3209 5058 est
3253 5003 3493 5067 Plutone,
3519 4993 3591 5065 qui

2255 5103 2487 5164 tionum,
2533 5103 2631 5153 hoc
2667 5109 2751 5152 est
2794 5098 3202 5167 purgationum,
3249 5105 3440 5165 potens
3490 5105 3514 5142 a
3549 5074 3751 5176 gentilibus

2253 5188 2592 5254 credebatur,
2630 5191 2698 5243 ita
2730 5198 2949 5243 vocatus
2989 5199 3089 5243 est.
3129 5188 3261 5240 Cum
3305 5187 3447 5240 enitn
3485 5172 3666 5234 Romani
3695 5172 3752 5214 trt-

2257 5285 2505 5354 perlitum
2533 5283 2714 5336 urbem
2746 5282 2844 5334 sub
2886 5282 3087 5335 tributo
3126 5281 3493 5348 redegissent,
3522 5273 3581 5324 ita
3604 5271 3646 5318 ut
3669 5266 3752 5358 una

2259 5392 2482 5447 quaeque
2505 5392 2572 5431 ex
2607 5377 2732 5441 ipsis
2764 5375 2934 5428 tribus
2965 5373 3144 5427 mundi
3176 5372 3450 5441 partibus,
3488 5361 3632 5419 Africa
3652 5348 3750 5447 vide

2258 5442 2413 5534 licet;
2449 5469 2568 5522 ASia
2613 5480 2665 5522 Cl
2707 5469 2946 5532 Europ",
2996 5482 3088 5533 per
3115 5467 3358 5534 quinque
3395 5472 3549 5513 annos
3590 5442 3752 5503 Summ

2256 5575 2466 5622 aurum,
2501 5571 2552 5612 et
2584 5574 2770 5612 rursus
2801 5573 2896 5627 per
2923 5558 3059 5611 alios
3083 5558 3324 5627 quinque
3352 5563 3512 5607 annos
3532 5543 3750 5610 argentum,

2260 5657 2496 5724 itemque
2531 5668 2622 5722 per
2662 5651 2803 5704 aliud
2839 5650 3263 5719 quinquennium
3296 5664 3390 5708 ms,
3418 5644 3582 5715 quinto
3602 5634 3750 5724 demunt

2259 5759 2475 5819 peracto
2498 5761 2662 5814 anno,
2685 5761 2744 5798 ac
2768 5759 2929 5801 censu
2953 5746 3148 5812 soluto,
3175 5744 3426 5798 universa
3447 5735 3607 5793 civitas
3626 5723 3749 5778 metui
