3956 6342
196 275 327 333 i205

192 387 478 446 Februario
502 385 569 440 ab
596 385 846 440 universo
873 383 1072 454 populo
1098 383 1441 452 lustrabatur,
1469 395 1527 441 ut
1555 386 1759 442 sacriti-
1792 393 1836 448 Α

188 483 263 536 cia
289 482 390 535 diis
420 478 767 555 infernalibus
794 478 1149 543 solverentur,
1173 495 1398 548 quorum
1427 495 1486 537 se
1519 481 1767 550 praesidio

187 575 429 631 nationes
466 572 611 631 orbis
656 570 971 642 subiugasse
1019 572 1298 641 putabant.‘
1348 574 1453 630 Sed
1501 574 1638 629 hanc
1686 574 1765 630 In.

187 666 385 725 strandi
415 664 855 720 consuetudinem
885 664 1023 721 bene
1052 666 1273 719 mutavit
1306 665 1606 719 ChriStiana
1637 667 1764 720 reli-

184 763 287 830 gio,
319 773 438 814 cum
466 758 566 817 hac
595 755 709 826 ipsa
739 756 828 811 die
855 755 1160 810 festivitatis
1191 757 1358 811 beatae
1385 756 1582 822 Marire,
1618 756 1767 824 plebs

182 854 461 920 clerusque
489 857 543 905 et
581 847 886 903 sacerdotes
910 861 1031 901 cum
1061 847 1233 901 cereis
1259 857 1315 902 et
1344 848 1552 917 hymnis
1580 848 1765 901 eccle-

180 945 376 1000 siarum
420 942 532 997 loca
569 940 935 1006 circumeunt,
977 953 1081 992 non
1118 938 1299 1007 utique
1336 939 1405 992 ob
1444 938 1768 993 recordatio-

178 1050 301 1091 nem
347 1046 565 1104 pagana‘.
603 1029 1035 1100 superstitionis,
1083 1038 1177 1084 aut
1216 1029 1423 1099 imperii
1475 1030 1765 1095 terrestris,

177 1125 271 1183 sed
303 1125 356 1180 in
386 1136 681 1195 perennem,
714 1121 1030 1187 memoriam
1064 1118 1213 1188 regni
1244 1119 1502 1182 ccclesiis,
1529 1120 1765 1188 quando,

174 1217 327 1287 juxta
356 1212 716 1282 evangelicam
745 1210 1070 1280 parabolam.
1095 1224 1287 1271 omnes,
1304 1211 1458 1266 electi
1486 1225 1608 1265 cum
1632 1210 1767 1264 lam-

176 1307 409 1378 padibus
436 1318 634 1370 sponso
662 1313 715 1359 et
743 1317 956 1372 spousze
979 1312 1095 1356 sunt
1124 1300 1419 1365 occursnri,
1444 1310 1499 1356 et
1522 1315 1767 1370 supernae

172 1398 437 1454 claritatis
460 1394 747 1448 thalamum
771 1391 1041 1447 intraturi.
1070 1391 1137 1446 Et
1168 1394 1306 1445 hanc
1334 1391 1546 1461 quidem
1576 1390 1769 1444 lustra-

175 1492 379 1546 tionem
426 1487 618 1558 pagani
672 1484 938 1543 faciebant
980 1498 1195 1549 semper
1242 1499 1309 1545 xv
1359 1498 1499 1535 anno
1554 1482 1608 1536 in
1665 1481 1767 1536 fine

170 1580 377 1642 mensis
405 1576 700 1641 Februarii,
734 1576 837 1629 hoc
865 1583 945 1628 est
971 1588 1043 1629 vit
1075 1573 1338 1627 Kalendas
1367 1572 1571 1641 Martii.
1609 1570 1766 1626 Post-

172 1670 396 1729 modum
430 1681 557 1725 vero
572 1674 907 1735 augescente
940 1663 1370 1727 Christianitate,
1404 1661 1602 1731 placuit
1633 1672 1688 1715 ut
1716 1662 1766 1716 in

168 1760 583 1831 venerationem
622 1764 897 1827 perpetua:
933 1753 1186 1825 virginis,
1218 1752 1284 1806 ad
1318 1752 1516 1806 mensis
1556 1751 1762 1807 initium
1800 1742 1856 1801 B-

166 1848 578 1906 transferretur.
610 1846 776 1915 Cujus
806 1843 1153 1899 institutionis
1193 1857 1396 1897 morem
1429 1855 1527 1895 nos
1556 1856 1768 1911 quoque

164 1955 269 2010 pro
311 1938 527 2005 modulo
557 1947 744 2005 nostro
775 1934 1035 2001 hodierna
1063 1934 1151 1989 die
1181 1934 1373 1999 devote
1402 1932 1512 1989 Deo
1545 1934 1769 2003 juvaute

164 2033 453 2097 itnitatnri,
489 2032 580 2088 Dei
612 2030 886 2101 genitricis
917 2028 1220 2082 summissis
1249 2028 1387 2083 votis
1422 2028 1767 2098 Obsecremus

162 2123 467 2188 auxrlium,
510 2132 569 2176 ιιι
611 2136 706 2175 sua
744 2119 949 2189 potenti
988 2118 1378 2181 intercessione
1429 2117 1583 2172 nobis
1624 2117 1765 2188 apud

163 2216 342 2273 filium
387 2200 542 2275 suum
585 2212 954 2283 purgationem
1002 2210 1251 2278 impetret
1286 2208 1603 2275 criminum,
1645 2222 1765 2276 qua:

158 2308 539 2376 purgationem
570 2306 920 2376 temporalem
952 2304 1187 2372 suscepit
1212 2307 1329 2360 sine
1359 2304 1605 2361 sordibus
1630 2318 1762 2374 pec-

159 2407 436 2453 catorum.
479 2397 715 2476 Quaeque
758 2401 856 2464 hac
893 2396 980 2463 die
1026 2412 1146 2459 cum
1189 2395 1324 2451 Filio
1369 2398 1625 2466 templum
1672 2396 1765 2452 Dei

158 2488 496 2544 sacrificium
536 2489 781 2545 oblatura
829 2490 1183 2555 conscendit,
1238 2502 1484 2559 supernae
1535 2489 1767 2549 cititatis

156 2580 330 2636 nobis
375 2580 618 2649 obtineat
668 2580 1006 2650 ingressum,
1042 2580 1094 2633 in
1124 2595 1228 2649 qua
1272 2578 1466 2635 divinae
1504 2580 1766 2635 claritatis

158 2672 483 2741 asizeCtibus
506 2672 675 2741 libero
697 2672 935 2728 contuitu
960 2670 1317 2741 perfruamur,
1348 2680 1632 2740 praestante
1660 2671 1768 2728 Do-

160 2767 324 2821 trino
354 2772 540 2820 nostro
568 2764 697 2833 {esu
726 2763 960 2830 Christo,
993 2764 1082 2835 qui
1110 2763 1238 2818 vivit
1274 2773 1329 2819 et
1363 2771 1549 2837 regnat
1579 2762 1631 2819 iu
1662 2778 1767 2820 stc—

151 2856 288 2913 Otila
318 2856 665 2919 smculorum.
702 2854 897 2914 Amen.
1216 2842 1229 2850 ’

718 2947 1000 3005 lIOMILIA
1042 2946 1220 3003 LVIII.

412 3056 483 3107 in,
504 3054 755 3109 nostrates
791 3054 1001 3107 qumra,
1023 3052 1151 3092 rosr
1191 3053 1534 3104 srteussuu,

555 3132 655 3202 (Ex
685 3134 824 3200 Opp.
857 3133 1026 3186 sancti
1066 3131 1389 3203 Augustini.)

232 3220 309 3276 In
336 3221 428 3275 illo
466 3230 717 3291 tempore,
748 3222 1060 3290 respondens
1090 3220 1242 3276 Jesus
1288 3222 1415 3275 dixit
1451 3237 1472 3276 :
1512 3221 1769 3291 Conﬁteor

147 3315 252 3368 tibi
286 3312 466 3380 Pater,
498 3313 714 3367 Domine
736 3314 846 3376 creti
867 3324 913 3367 et
937 3324 1103 3380 terra',
1128 3317 1270 3382 quia,
1294 3325 1397 3369 etc.
1426 3314 1635 3384 (Matth.
1666 3318 1765 3383 si).

231 3408 499 3462 Sanctum
532 3406 881 3477 Evangelium
903 3451 916 3474 ,
947 3416 1052 3463 etc.
1080 3406 1357 3477 Sequentia
1394 3410 1591 3475 require
1624 3410 1763 3477 apud

146 3510 409 3555 sanctum
430 3501 793 3569 Augustinum,
822 3500 1045 3569 Operam
1068 3501 1176 3571 ejus
1200 3510 1333 3554 tomo
1362 3498 1428 3569 V,
1458 3499 1770 3571 Putrologite

141 3589 512 3659 xxxviii,
544 3591 645 3645 col.
678 3590 805 3657 iss,

754 3676 1031 3737 IIOMILIA
1078 3681 1210 3736 LIX.

581 3787 835 3834 DOMINICA
878 3789 926 3826 IN
964 3788 1384 3837 SEPTUAGESIMA,

461 3864 572 3933 (Ex
623 3866 759 3932 Upp.
815 3864 953 3918 beati
1003 3863 1243 3933 Gregorii
1287 3866 1480 3936 paptu).

232 3954 271 4011 Ι
279 3972 316 4007 rt
349 3953 438 4019 illo
471 3965 715 4022 tempore,
749 3954 897 4029 dixit~
918 3952 1071 4010 Jesus
1106 3955 1374 4025 discipulis
1411 3955 1517 4009 suis
1548 3954 1770 4021 parabas

133 4047 269 4101 tam
314 4044 449 4098 Itane
480 4062 499 4098 .'
526 4044 715 4100 Simile,
748 4053 819 4102 est
861 4060 1083 4113 regnum,
1116 4044 1355 4097 caelorum
1390 4044 1582 4096 homini
1611 4044 1772 4111 patri-

128 4138 536 4211 familias,.qui
567 4138 688 4192 exiit
715 4140 881 4209 primo
921 4154 1073 4192 mane
1108 4139 1390 4194 conducere
1428 4140 1688 4208 operarios
1719 4139 1772 4192 in

129 4232 373 4286 vineam
401 4245 569 4297 suam,
598 4238 700 4284 etc.
737 4227 956 4301 (Matth.
992 4229 1108 4297 xx).

227 4322 301 4375 in
343 4321 717 4388 explanatione
760 4336 894 4386 sua,
940 4331 1047 4375 etc.
1092 4319 1221 4384 Qui:
1265 4331 1547 4391 sequuntur
1590 4320 1771 4377 uidetis

124 4414 313 4479 apud
341 4418 576 4463 sanctum
606 4410 907 4479 Gregorium
934 4410 1199 4481 Magnum,
1236 4411 1600 4484 Operumcjus
1631 4424 1767 4477 tomo

124 4502 249 4571 11,
292 4500 615 4574 Patrologiw
638 4500 1222 4568 LXXl’I,col.1155.
1528 4488 1529 4491 ‘

760 4589 1045 4657 HOMILIA
1081 4593 1192 4653 LX.

676 4700 744 4739 DE
782 4700 957 4739 ElDESI
997 4699 1271 4739 DOMINICA.

228 4774 522 4843 Quomodo
554 4775 747 4837 primus
775 4774 925 4841 ltomo
954 4776 1046 4829 toti
1066 4776 1313 4845 prtrtattts
1338 4776 1402 4833 sit
1430 4786 1697 4833 creatures.

535 4864 636 4935 (Ex
667 4865 803 4934 Opp.
836 4863 977 4919 beati
1008 4863 1423 4934 Cltrysostomi.)

229 4954 498 5026 Dignitas
530 4955 776 5011 humanae
807 4954 1031 5027 originis
1061 4955 1213 5011 facile
1241 4956 1563 5025 agnoscitur,
1595 4956 1772 5011 causi-

109 5055 362 5110 derata
396 5047 727 5103 sublimitate
768 5045 1022 5102 auctoris.
1060 5046 1241 5115 Neque
1268 5046 1408 5100 enim
1440 5047 1589 5101 facile
1623 5059 1769 5116 pote-

104 5153 236 5204 rat
270 5155 406 5196 esse
429 5140 511 5195 vel
538 5139 655 5195 leve
681 5139 821 5209 quod
853 5154 1038 5195 manus
1067 5153 1216 5195 sacra
1246 5138 1584 5201 confinxitet
1612 5142 1768 5196 cmle-

102 5236 262 5293 stis
310 5245 502 5284 manus
526 5229 580 5284 in
606 5230 823 5293 vitalem
855 5230 1208 5285 substantiam
1236 5230 1512 5296 animavit,
1538 5232 1771 5287 maxime

98 5339 302 5383 cum
346 5322 486 5377 idem
523 5321 718 5377 artifex
766 5322 902 5376 Deus
938 5331 1252 5391 pOIesIatem
1293 5337 1445 5388 suam
1474 5324 1524 5378 in
1554 5339 1795 5390 omnem,

100 5415 443 5478 fabricam
492 5414 665 5469 eidem
707 5414 906 5472 homini
953 5412 1128 5469 fuerat
1169 5415 1487 5480 traditurus,
1525 5425 1579 5469 ut
1614 5431 1772 5485 quem

95 5506 480 5570 secundum
513 5506 792 5576 presidem
820 5516 940 5578 post
966 5522 1023 5562 se
1058 5505 1232 5561 facere
1256 5506 1588 5575 disponebat.
1621 5522 1773 5562 cum-

96 5606 307 5662 dcsn
343 5595 539 5653 faceret
567 5599 779 5669 plenum
804 5613 962 5669 atque
988 5599 1303 5668 perfectum,
1332 5598 1616 5655 habentem
1641 5600 1694 5655 in
1715 5614 1774 5656 se

92 5708 186 5755 ει
266 5690 595 5760 dignitatem
644 5706 750 5761 qua
801 5693 1161 5759 praecelleret,
1209 5698 1264 5749 et
1305 5699 1624 5756 potestatem
1668 5707 1773 5765 qua

1690 3068 1705 3079 ’
1795 3100 1844 3163 c

1795 4456 1845 4515 D

1125 270 1588 329 HOMILIARIUS.
1621 303 1689 312 —
1717 272 1942 330 IIOiIIL.
1984 275 2071 331 DE
2110 276 2455 334 TEMPORE.

3317 282 3457 340 1206

1866 390 2074 444 cunctis
2119 391 2476 447 anirnautibus
2525 392 2841 461 imperaret,
2880 394 2981 450 soli
3025 398 3270 456 serviens
3311 403 3383 457 illi
3423 421 3453 460 a

1868 494 1975 549 quo
1994 480 2042 533 ei
2065 490 2254 535 cuncta
2280 481 2486 536 fuerant
2514 483 2808 553 subjugata,
2836 494 2890 539 ut
2911 489 3203 556 imperaret
3230 494 3452 559 mundo,

1867 573 2096 627 serviret
2126 572 2265 638 Deo,
2296 572 2602 628 Creatorem
2642 575 2972 640 suspirerrt,
3016 589 3313 635 creaturam
3351 583 3454 637 sibi

1869 678 2058 731 parere
2085 665 2450 734 compelleret,
2485 675 2792 737 tantumque
2822 668 3045 724 ditionis
3072 686 3191 727 sese
3225 672 3453 729 Domino

1867 755 2064 811 debere
2089 756 2435 826 prospiceret,
2462 768 2713 827 quantum
2743 758 2857 829 ipse
2878 776 2906 813 a
2930 773 3173 817 creatura
3196 765 3455 834 exigeret,

1868 842 2070 899 habens
2115 847 2167 901 in
2210 848 2421 915 propria
2457 857 2721 917 potestate
2760 860 2812 903 et
2850 852 3209 908 obedientiam
3241 865 3294 909 et
3329 871 3457 912 con-

1869 944 2145 1003 temptum,
2178 938 2532 993 obedientiam
2573 956 2674 1009 qua
2708 944 2929 1009 viveret,
2962 954 3152 1000 conlezi
3178 958 3322 1015 plutn
3351 966 3459 1017 quo

1867 1024 2028 1094 digne
2073 1041 2168 1094 pro
2216 1030 2419 1084 luet-itis
2466 1030 2727 1087 interiret.
2779 1033 2943 1090 Unde
2982 1035 3227 1092 effectum
3276 1049 3359 1094 est
3402 1052 3460 1095 ut

1867 1121 2261 1174 contemnendo
2287 1121 2341 1174 in
2370 1133 2595 1178 mortem
2623 1125 2905 1193 incideret,
2934 1128 3021 1198 qui
3049 1130 3348 1186 obedicndo
3381 1133 3477 1201 vi-p

1870 1224 1999 1265 vere
2026 1221 2222 1278 posset.
2253 1213 2399 1269 Unde
2424 1226 2740 1284 potestatem
2762 1234 3071 1275 concessam
3093 1222 3219 1277 dum
3248 1224 3299 1277 in
3321 1240 3456 1279 con-

1870 1311 2131 1370 temptum
2169 1306 2421 1372 protulit,
2460 1315 2516 1361 et
2562 1308 2685 1362 vitae
2725 1310 3061 1381 privilegium
3102 1313 3364 1380 perdidit,
3402 1327 3459 1370 et

1870 1391 2059 1446 mortis
2106 1394 2208 1448 sibi
2258 1398 2577 1453 sententiam
2613 1402 2914 1468 acquisivit.
2966 1403 3032 1457 Et
3072 1414 3245 1460 tamen
3285 1407 3461 1463 adhuc

1869 1490 2115 1536 creatura
2151 1482 2271 1553 ejus
2318 1497 2497 1541 servat
2525 1488 2848 1556 ﬁmperium,
2900 1491 3023 1546 licet
3062 1495 3174 1562 ipse
3219 1496 3459 1551 Creatori

1870 1584 1967 1623 suo
2010 1571 2300 1641 denegaret
2342 1574 2676 1645 obsequium.
2726 1578 2876 1635 Unde
2915 1590 3136 1651 apparet
3173 1583 3301 1652 quid
3346 1599 3461 1641 suae

1873 1663 2113 1718 felicitati
2139 1664 2451 1733 detraxerit,
2479 1684 2600 1724 cum
2627 1683 2964 1739 peccatorum
2989 1674 3174 1729 merita
3205 1674 3325 1745 ejus
3350 1686 3459 1731 sta—

1874 1765 1981 1809 tutn
2030 1757 2205 1811 adhuc
2251 1767 2457 1814 mutare
2499 1774 2605 1814 non
2656 1773 2899 1832 possunt.
2948 1764 3223 1831 Gravaris,
3272 1767 3457 1838 homo,

1865 1847 2009 1917 juste
2036 1849 2300 1919 gravaris,
2324 1859 2378 1905 et
2409 1851 2752 1907 inexcusabili
2775 1868 2933 1923 poena
2962 1855 3295 1925 astringeris.
3318 1859 3460 1915 Con-

1871 1938 2067 1993 tcmnis
2092 1936 2402 1995 Creatorem
2422 1982 2439 2009 ,
2469 1950 2526 1997 et
2555 1942 2670 2011 ejus
2699 1944 2929 2013 imperas
2957 1956 3235 2005 creatum.
3270 1948 3460 2019 Despi-

1869 2032 1946 2085 cis
1979 2031 2295 2102 Dominum,
2328 2044 2381 2089 et
2409 2035 2477 2089 de
2512 2034 2626 2103 ejus
2654 2048 2895 2093 creatura
2925 2039 3092 2109 exigis
3119 2040 3457 2112 obsequium.

1870 2121 2152 2179 Beneficiis
2185 2125 2277 2180 Dei
2310 2128 2616 2196 perfrueris,
2645 2140 2699 2185 et
2728 2131 2845 2202 cjus
2876 2135 3164 2202 potentiam
3192 2150 3298 2190 non
3324 2138 3460 2192 exti-

1870 2207 2085 2270 mescis.
2122 2215 2190 2271 Et
2224 2232 2345 2273 cum
2380 2218 2472 2274 tibi
2513 2235 2606 2287 per
2632 2236 2752 2276 enin
2790 2231 2979 2279 cuncta
3009 2225 3343 2295 deserviant,
3371 2242 3463 2284 so-
3556 2280 3561 2283 _

1870 2304 1952 2359 Ius
1998 2305 2114 2375 ipse
2162 2306 2238 2361 illi
2283 2321 2388 2361 nou
2420 2311 2613 2364 servis.
2647 2311 2735 2365 Bis
2764 2312 3063 2383 delinquis,
3110 2330 3142 2370 o
3182 2317 3376 2382 homo,
3408 2312 3462 2376 et

1866 2399 2139 2469 geminum
2168 2414 2231 2456 ac
2261 2400 2457 2471 duplex
2499 2402 2701 2459 crimen
2746 2405 3007 2474 incurris,
3049 2407 3174 2463 dum
3220 2424 3319 2465 nec
3365 2425 3461 2479 pro

1866 2488 2175 2544 conditione
2206 2499 2262 2544 ut
2300 2505 2492 2548 servus
2527 2493 2874 2565 obsequeris,
2917 2511 3016 2555 nec
3058 2514 3155 2567 pro
3200 2509 3464 2570 potestate

1866 2575 1987 2633 data
2012 2577 2237 2633 Domino
2260 2576 2552 2638 famularis.
2580 2583 2694 2639 Tibi
2718 2586 2913 2642 celum
2935 2588 2987 2642 in
3011 2587 3101 2645 die
3129 2590 3259 2645 lucis
3278 2591 3461 2660 splen-

1865 2669 1997 2725 dore
2027 2672 2253 2727 vestitur
2281 2682 2335 2728 et
2374 2674 2505 2730 solis
2537 2674 2828 2746 fulgoribus
2868 2678 3171 2744 decoratur,
3203 2681 3257 2735 in
3301 2691 3463 2738 nocte

1865 2760 2163 2816 clarissimo
2202 2762 2342 2819 lunae
2389 2766 2610 2834 speculo
2656 2777 2711 2822 et
2752 2779 3017 2829 astrorum
3061 2772 3264 2841 fulgore
3313 2773 3463 2831 vario

1868 2852 2026 2920 polus
2056 2853 2170 2921 ipse
2201 2853 2514 2923 illustratur,
2548 2867 2605 2919 ut
2647 2859 2751 2913 diei
2784 2860 3067 2930 noctisque
3094 2863 3463 2919 vicissitudine

1868 2951 1923 3005 et
1953 2943 2312 3000 numerositas
2342 2953 2642 3012 temporum
2676 2950 3039 3019 dignoscatur,
3073 2962 3123 3010 et
3156 2962 3276 3023 post
3308 2954 3460 3010 diur—

1871 3047 1997 3087 num
2028 3033 2275 3097 laborem.
2294 3035 2507 3105 requies
2543 3040 2754 3099 miseris
2785 3044 3099 3097 mortalibus
3128 3044 3457 3114 praebeatur,

1874 3122 2139 3193 Tempora
2189 3126 2411 3180 alternis
2458 3127 2661 3183 vicibus
2696 3130 3062 3201 immutantur,
3112 3132 3461 3191 frondescunt

1814 3217 1824 3223 ‘
1872 3213 2046 3279 silvae,
2079 3225 2415 3272 atnmuantur
2444 3221 2642 3286 campi,
2674 3231 2821 3288 prata
2840 3222 3138 3289 virescunt,
3167 3225 3460 3283 animantia

1873 3315 2065 3361 cuncta
2095 3306 2321 3362 diversis
2351 3307 2534 3369 usibus
2565 3320 2839 3379 procreata
2877 3313 3042 3367 edunt
3071 3313 3235 3382 fetus,
3268 3324 3458 3384 parent

1875 3398 2132 3466 imperio,
2178 3399 2430 3469 obsequia
2476 3411 2980 3473 servant,qscatent
3027 3405 3227 3471 fontes,
3271 3421 3461 3463 omnes

1876 3492 2071 3557 fluunt,
2110 3493 2363 3547 institutis
2408 3496 2647 3549 terminis
2676 3498 2841 3551 maria
2878 3508 3216 3554 coercentur.
3253 3498 3464 3555 Gaudet

1874 3596 1993 3655 post
2031 3585 2261 3644 hiemem
2292 3601 2452 3643 verna
2484 3589 2798 3657 temperies,
2828 3590 3025 3645 aestatis
3055 3590 3327 3660 flagrantia
3366 3593 3464 3648 de-

1874 3677 2053 3747 c0quit
2099 3694 2333 3746 messes,
2372 3681 2698 3736 autumnitas
2740 3682 3029 3741 temulenta
3071 3698 3197 3739 suas
3236 3685 3464 3741 exhibet

1876 3769 2149 3825 libertates
2181 3788 2192 3824 :
2226 3772 2400 3827 hieme
2437 3781 2773 3827 macerantur
2813 3773 3071 3829 imbribus
3115 3784 3273 3835 terra:
3308 3794 3321 3830 :
3351 3780 3461 3833 suis

1875 3859 2131 3914 institutis
2179 3871 2371 3916 cuncta
2411 3864 2755 3929 deserviunt,
2803 3867 2950 3923 solus
2991 3869 3150 3924 homo
3195 3869 3305 3925 Deo
3352 3887 3459 3926 non

1873 3953 2059 4005 servit.
2091 3952 2224 4019 Quid
2252 3953 2295 4006 si
2326 3954 2417 4008 tibi
2448 3957 2690 4010 universa
2717 3966 2905 4011 natura
2936 3970 3245 4015 constanter
3274 3962 3457 4017 edice-

1876 4053 1976 4100 ret.
2014 4043 2125 4111 Ego
2157 4042 2249 4097 tibi
2276 4058 2304 4096 a
2338 4043 2565 4099 Domino
2590 4061 2768 4103 rerum
2798 4062 2986 4116 parere
3016 4062 3278 4121 princepta
3309 4067 3456 4118 sum;

1875 4152 1973 4207 ego
1996 4139 2220 4194 circatte
2241 4138 2388 4206 jussu
2417 4139 2660 4206 implere,
2691 4142 2931 4197 instituta
2961 4158 3195 4209 servare,
3229 4160 3461 4201 nascen-

1876 4230 1945 4283 tia
1976 4240 2164 4284 cuncta
2202 4230 2435 4286 tribuere
2463 4231 2718 4300 genitoris
2749 4233 2970 4300 imperio
2995 4233 3141 4301 jussa
3172 4250 3286 4292 sum
3322 4253 3336 4287 :
3363 4235 3459 4291 dec

1874 4323 2036 4390 nique
2066 4337 2259 4392 pareo,
2290 4321 2632 4389 obtempero,
2662 4323 2874 4390 servio,
2916 4333 2971 4379 et
3011 4333 3062 4380 te
3110 4334 3313 4381 mutato
3353 4342 3459 4383 non

1877 4426 2074 4470 tnutor.
2112 4412 2281 4470 Pareo
2296 4453 2319 4479 ,,
2345 4414 2593 4483 inquam,
2633 4415 2849 4477 rebelli,
2885 4415 3197 4485 obtempero
3224 4402 3459 4485 procaci,

1873 4508 2118 4569 deservio
2145 4506 2526 4574 contemptori.
2551 4505 2818 4563 (lictorum
2844 4508 2888 4562 si
2921 4508 3054 4571 mihi
3082 4508 3321 4565 instituta
3346 4525 3463 4567 mu-

1876 4606 2025 4661 tare,
2063 4596 2206 4664 jussa
2248 4603 2585 4664 pervertere,
2630 4601 2930 4650 necessaria
2972 4596 3235 4667 denegare
3281 4613 3461 4654 rerum

1872 4683 2128 4749 Dominus
2170 4686 2547 4756 praecepisset,
2588 4695 2834 4740 creatura
2879 4695 3072 4741 cuncta
3110 4688 3318 4743 viduata
3367 4691 3461 4745 lio-

1873 4779 2017 4833 mine
2049 4787 2369 4842 remaneret,
2400 4793 2500 4834 nec
2523 4780 2611 4848 qui
2642 4789 3011 4835 contemneret
3040 4781 3262 4836 ulterius
3290 4792 3456 4848 esset,

1875 4871 1994 4937 quia
2023 4880 2361 4939 contemptor
2386 4871 2545 4924 homo
2575 4871 2734 4940 digne
2761 4886 2823 4924 ac
2849 4872 3040 4927 merito
3064 4872 3325 4929 interiret.
3354 4874 3462 4929 De.

1879 4964 2038 5028 utque
2063 4948 2302 5029 quisquis
2336 4961 2453 5015 talis
2481 4976 2570 5028 es,
2608 4962 2698 5030 qui
2726 4961 2776 5013 iit
2810 4960 2911 5015 hoc
2946 4971 3252 5033 contemptu
3283 4966 3462 5020 consi-

1876 5052 2007 5114 stis,
2047 5051 2136 5118 qui
2169 5061 2431 5105 creaturae
2470 5051 2703 5120 imperas
2737 5060 2791 5105 et
2831 5051 3072 5107 Creatori
3119 5066 3224 5107 non
3262 5055 3457 5121 servis,

1877 5143 1963 5211 qui
1991 5142 2322 5197 dominatunt
2351 5157 2570 5198 exerces
2608 5152 2663 5198 et
2709 5144 2990 5199 Dominum
3038 5148 3142 5199 non
3188 5146 3458 5215 agnoscis,

1879 5234 2008 5288 time
2038 5233 2319 5293 Dominum
2352 5234 2672 5301 patientem,
2702 5250 2771 5290 ne
2802 5249 3046 5290 severum
3083 5236 3282 5292 sentias
3315 5236 3460 5305 judi-

1877 5326 2292 5396 cem.”Corrigat
2332 5332 2382 5379 te
2411 5324 2596 5381 dilatio
2626 5324 2949 5395 differentis,
2994 5342 3062 5381 ne
3105 5341 3327 5382 censura
3365 5343 3462 5397 pu-

1878 5421 1989 5474 niat
2012 5419 2323 5490 judicautis.
2346 5420 2525 5477 Facile
2544 5422 2688 5477 enim
2709 5421 2964 5490 obsequio
2987 5431 3076 5475 tuo
3106 5422 3267 5477 facies
3291 5421 3458 5477 Deum

1878 5512 2195 5581 pmpitium,
2227 5512 2270 5566 si
2299 5527 2591 5569 conversus
2623 5512 2732 5583 jam
2762 5513 3048 5569 mutaveris
3077 5516 3282 5569 vitium.
3316 5514 3459 5576 Usu-

1877 5617 2059 5669 rarum
2085 5603 2227 5659 enim
2260 5604 2496 5659 redditur
2522 5604 2777 5674 quidquid
2808 5604 3063 5661 dilatione
3097 5606 3350 5674 temporis
3377 5605 3458 5662 fe-

1879 5705 2099 5752 nerator
2129 5711 2144 5751 :
2177 5710 2274 5754 nec
2299 5709 2418 5755 esse
2441 5696 2552 5763 jam
2579 5697 2776 5763 poterit
2811 5696 3159 5769 impunitum,
3188 5699 3272 5754 cui
3311 5711 3457 5755 mora
