3956 6342
584 289 725 345 1205

1434 292 1640 352 PAULI
1681 292 1955 350 DIACONI
1994 292 2148 351 OPP.
2193 291 2371 351 PARS
2410 293 2475 352 ll.
2516 324 2584 336 —-
2622 294 2983 355 ASCETICA.

3604 319 3697 378 lilii

576 418 701 467 sent
723 422 916 479 agnum
960 408 1234 478 invenire,
1271 410 1527 468 offerrent
1569 426 1666 482 pro
1707 409 1816 466 filio
1841 409 1922 467 vel
1957 409 2061 464 ﬁlia
2092 411 2161 462 si-
2191 411 2239 471 Α
2267 408 2520 463 ηπηιοιιί
2547 407 2822 479 alacritate
2847 410 3095 480 perfusus
3119 408 3266 468 fuerit
3289 412 3487 490 Simeon,
3510 438 3598 482 cum
3617 435 3696 491 οωιί

573 500 683 556 mal
717 515 838 555 cum
870 508 1078 557 turture
1112 503 1229 557 sive
1262 503 1530 559 columba.
1560 503 1714 571 Quod
1748 504 1794 556 si
1819 502 1939 572 quis
1964 514 2158 571 agnum

574 590 813 660 reperire
839 608 943 647 non
977 601 1181 663 posset,
1208 594 1342 650 duos
1370 595 1561 651 saltem
1585 605 1821 651 turtures
1850 594 1936 650 vel
1956 594 2160 650 colum-

570 684 668 741 bas
706 685 992 754 jubebatur
1021 685 1237 744 offerre.
1281 688 1539 745 Dominus
1584 702 1713 761 ergo
1755 687 1914 752 .lesus
1952 702 2162 744 memor

570 776 761 831 salutis
804 787 1038 845 nostrm,
1084 794 1203 835 cum
1243 787 1388 838 esset
1431 780 1602 846 dives,
1642 795 1842 851 pauper
1878 794 1977 851 pro
2005 779 2160 848 nobis

572 868 712 935 fieri,
741 883 1030 939 pauperem
1063 886 1161 942 pro
1192 886 1252 930 se
1290 871 1518 929 hostiam
1547 872 1717 927 voluit
1744 871 1945 939 offerri,
1975 881 2033 930 ut
2060 887 2160 930 nos

569 973 669 1013 sua
696 969 1009 1032 paupertate
1038 962 1343 1019 divitiarum
1371 963 1681 1034 spiritalium
1709 973 1763 1021 et
1789 966 1974 1021 aeterni
2008 966 2157 1037 regni

570 1052 795 1107 donaret
828 1068 949 1110 esse
979 1056 1279 1126 participes.
1315 1056 1421 1112 Sed
1462 1058 1736 1113 videamus
1763 1071 1860 1113 cur
1888 1058 1973 1115 ba:
2002 1059 2158 1113 volu-

569 1159 689 1199 cres
722 1160 829 1215 prze
859 1146 1069 1201 creteris
1105 1147 1157 1203 in
1191 1148 1453 1206 sacrificio
1493 1148 1701 1203 Domini
1729 1149 2053 1219 jubebantur
2078 1147 2158 1205 of-

569 1240 718 1295 ferri.
753 1242 1010 1298 Colutnba
1050 1244 1193 1300 enirn
1234 1243 1653 1313 simplicitatem,
1685 1252 1858 1300 turtur
1895 1243 2160 1315 signiﬁcat

571 1331 889 1387 castitatem.
907 1333 1035 1401 Quae
1049 1333 1185 1390 adeo
1199 1333 1580 1389 continentiam
1598 1334 1788 1405 diligit,
1808 1343 1864 1390 ut
1878 1344 2156 1406 postquam

568 1424 737 1476 semel
769 1424 972 1478 socium
999 1424 1311 1494 perdiderit,
1336 1426 1565 1481 alterum
1592 1423 1811 1481 ulterius
1840 1441 1947 1481 non
1974 1426 2156 1495 requi-

566 1525 671 1569 rat.
705 1513 942 1582 Utraque
979 1524 1155 1571 autem
1196 1518 1312 1572 avis
1349 1517 1604 1588 gemitum
1643 1533 1741 1587 pro
1778 1526 1936 1574 cantu
1975 1518 2153 1574 habet.

565 1606 633 1661 Et
660 1606 779 1661 ideo
809 1622 913 1662 non
944 1608 1214 1664 immerito
1247 1619 1553 1667 sanctorum
1584 1610 1635 1665 in
1665 1609 1765 1665 hoc
1791 1609 1989 1665 saeculo
2015 1610 2157 1665 desi—

563 1707 727 1769 gnant
775 1698 1062 1768 ploratum.
1106 1701 1295 1755 Merito
1332 1715 1463 1771 ergo
1508 1710 1681 1756 turtur
1718 1709 1774 1756 et
1813 1700 2060 1757 columba
2102 1702 2152 1754 in

2263 509 2525 570 terraeque
2561 512 2861 557 creatorem
2883 510 2938 557 et
2959 501 3236 559 Dominum
3260 511 3452 581 propriis
3471 518 3701 585 amplectens

2261 599 2469 650 teneret
2499 592 2552 647 in
2583 592 2836 660 brachiis,
2868 610 3029 666 quem
3058 605 3112 650 et
3139 611 3167 650 a
3194 599 3432 669 prophetis
3464 609 3699 683 pradictum,

2258 692 2313 739 et
2337 684 2404 737 ab
2433 683 2698 740 universis
2736 694 2881 742 retro
2920 686 3119 741 sanctis
3146 686 3273 744 votis
3307 692 3607 764 multiplicibus
3638 717 3702 757 ao-

2257 782 2409 831 verat
2451 777 2852 846 exspectatum?
2909 776 3221 848 Figuraliter
3245 780 3433 845 Simeon
3464 800 3589 844 senex
3607 806 3704 849 mut-

2258 862 2385 919 dum
2415 864 2573 919 istum
2603 864 2871 937 signiﬁcat
2889 909 2905 934 ,
2931 869 3084 943 quasi
3115 869 3266 939 longo
3286 871 3383 941 jam
3406 876 3530 931 senio
3550 889 3707 939 etanta

2256 954 2539 1010 declivem.
2574 956 2792 1012 Simeon
2834 957 3091 1015 infantem
3131 966 3351 1031 accepit,
3374 965 3418 1019 id
3442 971 3708 1037 est,mundtts

2256 1047 2533 1105 Christum
2572 1052 2831 1129 agnovit,
2875 1062 2929 1107 et
2968 1064 3229 1109 vetustate
3266 1060 3442 1124 peccati
3478 1072 3643 1128 exutus.

2257 1137 2621 1197 innocentiam
2652 1141 2972 1197 Christianae
3001 1145 3401 1201 conversationis
3424 1148 3566 1204 rediit.
3590 1149 3637 1203 Et
3658 1154 3712 1210 ls-

2256 1227 2449 1295 stedia'it
2493 1227 2688 1294 Deum,
2720 1240 2767 1283 et
2808 1231 2941 1285 dixit
2966 1248 2987 1286 :
3020 1231 3173 1286 Nunc
3204 1234 3400 1289 dimittis
3424 1252 3583 1292 servant
3603 1249 3713 1313 tuan,

2256 1314 2495 1385 Domine,
2523 1322 2801 1381 secundum
2828 1321 3032 1375 verbum
3057 1332 3200 1377 tuum
3224 1325 3276 1377 in
3301 1342 3428 1393 pace.
3449 1326 3615 1383 Sciebat
3631 1331 3713 1387 bea-

2257 1417 2341 1463 tus
2366 1409 2588 1466 Simeon
2618 1411 2761 1482 quod
2795 1413 2933 1468 beati
2966 1423 3149 1469 essent
3175 1416 3307 1471 oculi
3335 1417 3415 1487 qui
3438 1417 3717 1478 Christumes-

2254 1512 2377 1559 sent
2403 1505 2601 1570 visuri,
2632 1516 2684 1562 et
2715 1506 2836 1562 ideo
2859 1508 3030 1564 donec
3055 1507 3201 1567 illum
3230 1511 3337 1585 ipse
3359 1511 3557 1582 videret,
3578 1513 3718 1569 nolebat

2258 1612 2437 1670 morte
2464 1597 2708 1667 dissolvi,
2739 1617 2896 1669 quem
2923 1612 3099 1663 tamen
3131 1613 3188 1658 ut
3216 1604 3358 1671 vidit,
3380 1620 3488 1661 mox
3513 1607 3671 1677 optabat
3684 1610 3719 1667 in

2256 1705 2387 1760 pace
2427 1692 2642 1749 dimitti.
2688 1693 2822 1759 Quia
2867 1696 3102 1771 viderunt
3139 1698 3271 1753 oculi
3296 1700 3387 1753 mei
3411 1701 3596 1754 salutare
3616 1712 3718 1757 tuum.

562 1767 793 1843 hostiam
842 1787 1070 1857 Domino
1122 1767 1442 1856 offeruntur,
1503 1801 1558 1846 ιιι
1607 1801 1793 1862 aperto
1848 1791 2155 1863 designetur
2184 1767 2229 1826 Β
2266 1784 2417 1849 Quod
2444 1786 2638 1852 parasti
2663 1799 2779 1841 ante
2800 1768 2984 1856 [aciem
3006 1790 3233 1844 omnium
3254 1794 3542 1862 populorum.
3559 1791 3722 1847 Salutate

562 1878 687 1948 quia
728 1881 955 1953 simplex
1000 1890 1054 1936 et
1090 1895 1238 1943 easta
1276 1883 1544 1953 justorum
1588 1886 1923 1951 conversatio
1966 1885 2158 1957 gratis-

563 1971 758 2027 simum
807 1973 1161 2042 omnipotenti
1211 1974 1322 2030 Deo
1367 1976 1689 2033 sacrificium
1739 1977 1977 2033 exhibet.
2020 1976 2153 2037 [tem

563 2062 843 2130 columba,
871 2078 992 2133 qua:
1020 2063 1279 2136 gregatim
1314 2065 1490 2133 volat,
1522 2067 1749 2129 activam
1789 2068 1952 2123 vitam
1991 2067 2155 2137 signi-

562 2153 705 2220 ficat,
737 2169 854 2225 qua:
884 2156 1171 2211 multorum
1202 2166 1306 2212 est.
1345 2156 1389 2211 Τ
1396 2166 1548 2212 urtur
1577 2172 1739 2225 vero,
1772 2157 1861 2228 qui
1883 2158 2152 2229 solivagas

560 2252 645 2299 est
681 2254 735 2302 et
781 2244 1208 2316 singularitatem
1249 2247 1453 2318 diligit,
1491 2249 1957 2319 contemplativam
1984 2251 2147 2305 vitam

558 2335 856 2411 significat,
904 2337 1238 2405 paucissimis
1260 2353 1324 2395 ae
1352 2340 1641 2395 rarissimis
1676 2339 2008 2396 imitabilem.
2041 2342 2154 2409 Mp-

559 2427 779 2492 raliter.
808 2442 928 2482 cum
954 2428 1102 2495 juxta
1134 2439 1458 2500 praeceptum
1485 2430 1851 2502 evangelicum
1891 2431 2151 2487 intrantes

556 2518 613 2573 in
644 2517 967 2584 cubiculum,
994 2534 1209 2574 oramus
1248 2519 1530 2584 Dominum
1579 2521 1631 2576 in
1670 2520 2008 2589 abscondito,
2039 2532 2149 2577 tur-

556 2614 731 2667 tarem
775 2605 1070 2670 offerimus.
1124 2608 1316 2665 Verum
1358 2626 1480 2671 cum
1529 2611 1594 2666 ad
1623 2611 1798 2667 simile
1836 2626 1972 2681 opus
2018 2610 2149 2669 alios

554 2713 691 2766 quos
730 2713 1014 2768 possumus
1052 2702 1361 2769 invitzrmns,
1404 2702 1647 2761 dicentes
1685 2719 1806 2759 cum
1844 2702 2146 2770 Psalmista,

561 2786 763 2857 Venite,
789 2791 1061 2846 adoremus
1097 2800 1146 2845 et
1175 2794 1505 2864 procidamus
1528 2803 1574 2847 et
1605 2794 1862 2865 ploremus
1891 2803 2011 2850 ante
2040 2793 2151 2848 Do-

554 2882 750 2935 minum
776 2885 864 2951 qui
904 2883 1024 2951 fecit
1052 2899 1150 2947 nos
1190 2882 1363 2952 (Psal.
1396 2884 1581 2956 χειν),
1613 2885 1888 2941 columbas
1917 2885 1981 2940 ad
2013 2885 2149 2940 divi-

554 2989 681 3030 num
721 2976 889 3030 altare
919 2986 1214 3046 portamus.
1248 2974 1314 3029 Et
1344 2993 1458 3032 ecce
1487 2979 1637 3039 homo
1663 2987 1773 3034 erat
1811 2980 1864 3034 in
1892 2978 2145 3047 Hierusa-

552 3068 736 3135 aalem,
765 3067 848 3131 cui
872 3081 1055 3133 nomen
1079 3066 1312 3122 Simeon.
1336 3068 1642 3125 Adveniens
1666 3070 1717 3124 in
1742 3084 1903 3125 carne
1932 3069 2026 3125 Dei
2056 3069 2144 3124 Fi-

555 3157 679 3221 lius,
716 3172 822 3212 non
856 3165 1062 3211 tantum
1093 3156 1161 3214 ab
1183 3144 1389 3228 angelis
1410 3168 1463 3215 et
1481 3160 1776 3230 prOphetis,
1803 3159 1897 3216 sed
1921 3160 2080 3233 etiam
2111 3175 2142 3216 a

516 3234 533 3245 ’
555 3249 859 3312 senioribus
888 3258 943 3307 et
965 3250 1125 3319 justis
1165 3250 1530 3307 tesdmonium
1570 3251 1739 3308 laudis
1765 3255 1975 3323 accepit
2004 3271 2017 3307 :
2049 3252 2147 3308 de-

556 3339 712 3399 cebat
742 3356 972 3410 namque
1002 3352 1058 3397 ut
1082 3341 1207 3417 quia
1228 3344 1405 3400 omnis
1428 3356 1579 3413 artas,
1607 3346 1783 3401 omnis
1811 3360 1994 3415 sexus,
2026 3359 2143 3415 om-

554 3436 638 3490 nis
674 3436 946 3504 contlitio,
990 3453 1086 3506 per
1113 3439 1382 3513 Christum
1408 3451 1523 3497 erat
1560 3442 1868 3499 redimenda
1891 3484 1907 3510 ,
1955 3456 2145 3499 omnes

553 3529 714 3582 etiam
743 3528 815 3583 illi
846 3530 1043 3584 devoto
1068 3529 1449 3587 famularentur
1469 3532 1751 3603 obsequio.
1785 3532 1851 3586 Et
1878 3533 2029 3588 homo
2049 3533 2145 3588 iste

550 3621 723 3696 justus
750 3629 796 3671 et
825 3620 1126 3697 timoratus,
1169 3631 1465 3692 exspectans
1501 3622 1902 3678 consolationem
1941 3620 2141 3689 Israel,

551 3718 599 3764 et
626 3710 858 3781 Spiritus
884 3724 1090 3767 sanctus
1116 3721 1225 3767 erat
1251 3714 1304 3769 in
1332 3730 1413 3768 eo.
1450 3714 1612 3771 flecte
1638 3713 1815 3785 justus
1841 3724 1894 3770 et
1926 3716 2145 3772 timora-

555 3810 642 3856 tus
663 3801 879 3870 dicitur,
909 3803 1029 3873 quia
1058 3802 1266 3875 jnstitia
1308 3805 1425 3860 sine
1452 3795 1771 3863 timore'Dei
1803 3806 2021 3868 difficile
2047 3822 2144 3864 cu-

551 3892 805 3950 stoditur.
842 3894 920 3955 [te
960 3878 1104 3951 enim
1148 3911 1275 3953 vera
1316 3888 1493 3966 justus
1528 3906 1674 3968 erat,
1723 3900 1814 3969 qui
1854 3913 1961 3955 non
1988 3913 2141 3961 suam

555 3995 788 4052 tantum,
811 3987 905 4042 sed
933 3988 1097 4043 totius
1127 3988 1307 4059 populi
1328 3988 1746 4067 consolationem
1768 3992 2139 4063 exspectabat,

549 4087 611 4135 ut
641 4079 845 4139 scilicet
868 4080 959 4156 qui
983 4080 1092 4150 jam
1120 4096 1191 4137 ex
1222 4074 1405 4159 multis
1425 4081 1616 4139 diebus
1644 4082 1883 4154 dominio
1912 4082 2142 4140 Herodis

550 4170 866 4242 alienigena:
907 4172 1284 4243 gravabantur,
1330 4174 1562 4230 adventu
1607 4174 1816 4231 Domini
1845 4176 2141 4233 Salvatoris

548 4260 785 4329 liberati,
817 4263 1243 4326 consolationem
1274 4266 1595 4337 accipereut.
1627 4267 1695 4323 Et
1719 4284 2021 4339 responsum
2052 4285 2142 4324 ac-

549 4365 754 4424 ceperat
783 4373 814 4409 a
841 4355 1045 4423 Spiritu
1064 4366 1273 4427 sancto,
1301 4373 1403 4412 non
1435 4361 1662 4414 visurum
1684 4376 1737 4415 se
1763 4369 1976 4419 mortem
1996 4399 2012 4429 ,
2043 4361 2141 4417 nisi

549 4448 693 4515 prius
728 4445 919 4515 videret
954 4446 1216 4512 Christum
1258 4448 1480 4504 Domini.
1520 4450 1769 4523 Magnum
1810 4448 2134 4508 desiderium
2167 4485 2215 4546 ι)

550 4537 754 4606 antiqui
812 4542 984 4595 sancti
1032 4539 1299 4595 trahebant
1348 4540 1562 4597 videndi
1617 4541 1902 4617 Dominum
1953 4542 2135 4598 Jesnm

551 4627 845 4695 Christum,
880 4645 1036 4699 quem
1069 4631 1304 4703 sciebant
1334 4645 1457 4693 esse
1484 4642 1789 4688 venturum.
1832 4634 1984 4703 Quod
2018 4633 2140 4689 huic

550 4721 791 4783 Simeoni
821 4736 916 4791 pro
944 4722 1113 4791 gratia
1142 4727 1451 4780 meritorum
1483 4734 1789 4779 sanctorum
1821 4738 2139 4795 concessum

550 4824 652 4871 est.
682 4814 902 4885 Accepit
929 4815 1073 4871 enim
1102 4830 1419 4896 responsum
1460 4818 1509 4871 in
1540 4818 1844 4872 maturitate
1883 4831 1915 4873 a
1940 4816 2138 4885 Spiritu

550 4916 757 4971 sancto,
789 4906 928 4976 quod
961 4920 1064 4960 non
1097 4916 1240 4967 esset
1266 4908 1475 4968 visurus
1513 4915 1737 4961 mortem
1758 4945 1774 4972 ,
1807 4908 1908 4965 nisi
1936 4907 2140 4971 videret

552 4997 860 5052 Dominum.
894 4998 1071 5054 Videri
1097 5009 1307 5065 autem,
1349 5014 1446 5069 pro
1483 4999 1713 5070 experiri
1755 5001 1982 5068 pesitum
2030 5011 2132 5067 est.

548 5088 619 5142 Et
648 5089 782 5143 venit
810 5089 864 5142 in
902 5090 1090 5158 spiritu
1130 5092 1183 5144 in
1227 5092 1493 5163 templum.
1519 5091 1670 5158 Quod
1702 5090 1829 5146 dicit
1868 5107 1883 5144 :
1922 5091 2053 5159 uenit
2082 5092 2138 5146 in

548 5180 794 5251 templum
826 5180 881 5247 in,
906 5179 1123 5249 spiritu,
1163 5194 1498 5249 nequaquam
1529 5182 1645 5235 sine
1674 5194 1898 5249 corpore
1928 5180 2138 5236 venisse

550 5271 817 5339 putandus
844 5281 959 5340 est,
991 5274 1085 5327 sed
1126 5274 1411 5341 inspiratus
1436 5286 1466 5324 a
1500 5271 1698 5341 Spiritu
1725 5283 1931 5338 sancto,
1973 5288 2003 5327 a
2032 5288 2141 5342 quo.

548 5377 863 5434 reSponsum
906 5373 1219 5433 acceperat,
1261 5365 1477 5420 advenit
1516 5366 1566 5418 in
1611 5365 1884 5436 templum.
1929 5366 2138 5421 Etcum

547 5456 845 5521 inducerent
884 5476 1097 5529 puerum
1132 5458 1314 5516 Iesum
1354 5467 1587 5527 parentes
1630 5462 1772 5531 ejus,
1822 5469 1874 5512 ut
1914 5460 2138 5531 facerent

548 5554 828 5608 secundum
853 5554 1274 5608 consuetudinem
1299 5554 1458 5623 legis,
1489 5568 1583 5622 pro
1610 5570 1698 5620 ro,
1732 5567 1779 5615 et
1809 5556 1917 5623 ipse
1944 5555 2138 5624 accepit

548 5662 663 5703 eum
686 5647 739 5699 in
770 5649 920 5702 ulnas
944 5666 1087 5714 snas,
1121 5650 1220 5702 huc
1249 5657 1353 5712 est,
1405 5648 1457 5701 itt
1486 5647 1703 5703 brachia
1732 5664 1848 5703 sua.
1880 5649 2012 5717 Quis
2042 5665 2137 5701 au-

551 5747 660 5801 tem
701 5738 839 5799 valet
880 5740 1212 5811 perpendere
1256 5747 1457 5811 quanto
1498 5739 1663 5800 animi
1696 5740 1892 5811 gaudio
1931 5748 1983 5797 et
2024 5740 2137 5797 ine-

2168 3118 2217 3185 Ο

2261 1876 2354 1949 Dei
2389 1877 2561 1934 Patris
2588 1879 2859 1936 Christum
2884 1881 3136 1951 appellat,
3164 1898 3318 1953 quem
3345 1884 3393 1939 in
3416 1886 3557 1953 primo
3574 1885 3723 1937 adventa

2257 1976 2385 2039 ante
2418 1968 2606 2025 faciem
2640 1971 2956 2040 populorum
2988 1971 3124 2034 Deus
3153 1972 3307 2029 Pater
3334 1973 3530 2042 paravit,
3554 1974 3723 2038 utilium,

2259 2062 2564 2132 quicunque
2592 2063 2645 2119 in
2673 2079 2794 2122 eum
2823 2066 3047 2123 credere
3077 2050 3294 2133 vellent,
3320 2066 3417 2122 fide
3446 2082 3500 2121 ac
3528 2068 3729 2121 dilectione

2255 2156 2649 2226 conspicerent.
2677 2157 2734 2217 in
2758 2160 2996 2220 secundo
3021 2175 3234 2231 quoque
3259 2160 3491 2223 adventu,
3520 2160 3598 2213 huc
3616 2159 3726 2227 ipsum

2257 2247 2493 2302 salutare
2530 2259 2655 2303 ante
2685 2248 2874 2304 faciem
2910 2249 3151 2315 omnium
3198 2251 3495 2321 populorum
3524 2249 3727 2319 parabitur,

2255 2346 2315 2391 ut
2344 2337 2521 2393 videat
2545 2352 2668 2393 eum
2694 2339 2868 2393 omnis
2895 2339 3105 2405 oculus,
3148 2349 3205 2395 et
3234 2341 3410 2397 reddat
3437 2340 3660 2406 unicuique
3678 2351 3728 2391 sc-

2252 2429 2487 2484 cuudum
2517 2443 2681 2499 opera
2712 2443 2830 2484 sua.
2873 2428 3069 2484 Lumen
3108 2431 3179 2483 ad
3209 2430 3539 2484 reuelationem
3564 2428 3730 2499 gentiam,

2253 2528 2302 2574 et
2345 2519 2565 2591 gloriam
2606 2519 2768 2589 plebis
2816 2526 2949 2588 tute,
2991 2519 3184 2576 Israel.
3241 2520 3451 2589 Utrique
3479 2510 3645 2588 quidem
3673 2530 3730 2583 μοι

2252 2612 2398 2683 pulo,
2434 2611 2485 2667 id
2516 2620 2600 2666 est
2637 2611 2864 2668 Judaico
2891 2620 2946 2667 ct
2979 2611 3205 2676 Gentiii,
3248 2610 3480 2667 Christus
3513 2610 3649 2664 lumen
3669 2615 3733 2669 est,

2250 2701 2347 2757 sed
2398 2701 2692 2759 Israelitico
2741 2702 2936 2772 popqu
2982 2702 3294 2772 specialiter
3334 2702 3489 2772 gloria
3528 2696 3628 2762 fuit,
3657 2693 3733 2763 quia

2250 2794 2384 2865 ipsis
2411 2806 2495 2851 est
2523 2794 2930 2865 prmnuntiatus,
2963 2795 3016 2850 in
3048 2796 3156 2849 illis
3184 2811 3398 2850 carnem
3427 2786 3737 2860 assumpsit,in-

2251 2893 2337 2941 ter
2383 2899 2478 2940 eos
2522 2884 2777 2949 miracula
2818 2882 2967 2953 fecit.
3013 2885 3273 2941 Gentium
3326 2899 3518 2955 quoque
3562 2875 3737 2934 revelatio

2251 2975 2367 3040 fuit,
2396 2977 2518 3046 quia
2557 2976 2745 3041 oculos
2780 2978 2975 3033 mentis
3002 2991 3194 3053 eorum
3226 2975 3487 3047 profunda
3505 2964 3739 3027 infidelitatis

2250 3068 2492 3125 etet-itate
2522 3067 2818 3129 dimersos,
2851 3068 3051 3129 lumine
3090 3082 3208 3123 sua:
3239 3063 3578 3121 illustrationis
3600 3056 3738 3115 revela-

2249 3157 2345 3221 vit,
2382 3157 2432 3211 id
2461 3166 2562 3223 est,
2594 3157 2804 3225 aperuit
2829 3165 2887 3221 et
2912 3156 3263 3223 illuminavit.
3296 3156 3360 3211 Et
3398 3162 3531 3214 recte
3551 3146 3740 3206 Chrisulm

2247 3248 2395 3319 prius
2423 3249 2489 3303 ad
2519 3249 2899 3310 revelationem
2927 3246 3196 3318 gentium,
3228 3262 3293 3303 ac
3314 3244 3497 3304 deinde
3519 3233 3739 3310 sdglorim

2245 3341 2408 3406 lsrael
2441 3342 2654 3398 venisse
2681 3341 2832 3405 dixit,
2856 3344 2981 3411 quia
3009 3342 3162 3411 prius
3193 3340 3421 3413 gentiles
3442 3351 3579 3409 quam
3600 3329 3743 3388 latinos

2245 3434 2545 3490 credituros
2571 3449 2693 3494 esse
2722 3434 2985 3506 prtevidit.
3012 3432 3148 3489 Tale
3176 3434 3307 3502 quid
3333 3441 3388 3488 et
3410 3427 3646 3487 Psalmista
3663 3420 3741 3473 ait:

2247 3526 2446 3583 Notum
2468 3528 2586 3598 fecit
2618 3526 2874 3583 Dominus
2900 3528 3129 3581 salutare
3160 3542 3338 3593 suum,
3370 3531 3423 3578 et
3444 3520 3599 3587 reliq.,
3621 3521 3745 3580 usque.

2246 3618 2425 3690 domui
2446 3615 2617 3673 Israel
2641 3616 2815 3691 (Psal.
2841 3615 3028 3689 xcvn).
3055 3616 3217 3671 Prius
3240 3615 3383 3671 enim
3405 3610 3525 3667 dixit
3546 3598 3744 3697 Denter?
3830 3610 3837 3619 ’

2248 3688 2385 3766 trem
2411 3688 2676 3779 justitiam
2721 3721 2910 3775 suam,
2950 3722 3067 3776 qum
3105 3706 3364 3761 Christus
3401 3709 3509 3765 est,
3546 3688 3747 3790 gentilibus

2247 3802 2539 3868 revelasse,
2559 3808 2637 3857 ‘ac
2665 3799 2860 3856 deinde
2888 3799 3166 3869 subiungit
3198 3813 3216 3863 ε
3250 3795 3556 3853 Recordaltts
3577 3795 3633 3840 est
3650 3794 3744 3869 utne

2246 3894 2484 3953 ficordia:
2515 3881 2661 3960 sum,
2698 3900 2749 3948 et
2783 3868 3008 3946 veritatis
3049 3868 3163 3945 suta
3208 3888 3389 3945 domui
3426 3880 3574 3940 Israel
3604 3868 3745 3970 (ltili.

2246 3982 2381 4049 Hinc
2413 3982 2607 4037 Paulus
2634 3980 2715 4034 ait
2745 3997 2758 4035 :
2789 3978 2924 4036 Cum
2965 3978 3239 4049 plenitudo
3277 3977 3495 4050 gentium
3536 3968 3745 4025 intraverit,

2247 4085 2373 4132 tunc
2412 4075 2577 4132 omnis
2611 4072 2781 4131 Israel
2807 4074 2977 4129 salvus
3008 4073 3100 4130 fiet
3132 4073 3334 4144 (Rom.
3363 4069 3470 4140 xi).
3507 4065 3610 4121 llaec
3637 4052 3747 4111 ἀειθ-

2245 4166 2422 4223 ctione
2444 4165 2750 4237 evangeliea
2775 4164 3008 4220 breviter
3034 4172 3167 4221 sunt
3195 4163 3366 4219 dicta.
3402 4160 3521 4227 Qua:
3551 4154 3648 4208 licet
3666 4155 3747 4237 an:

2243 4238 2332 4315 sas
2364 4226 2633 4319 hodierna;
2663 4231 2967 4313 festivitatis
2991 4256 3149 4324 plene
3176 4252 3412 4324 aperiat,
3440 4261 3535 4303 non
3561 4247 3692 4341 tamen
3704 4226 3748 4341 3b

2244 4367 2304 4408 re
2330 4361 2413 4408 est
2434 4353 2477 4406 si
2505 4351 2572 4409 de
2600 4350 2720 4429 eius
2751 4351 2967 4421 nomine
2991 4349 3200 4420 aliquid
3231 4336 3639 4431 compendiosius
3655 4324 3750 4431 inde

2243 4460 2451 4515 gemns.
2493 4426 2682 4501 Gratco
2721 4458 2951 4515 namque
2994 4458 3261 4500 sermone
3305 4437 3566 4498 ὑπαντὰειν
3602 4426 3752 4519 obsistt

2244 4539 2464 4594 dicitur.
2497 4536 2623 4604 Inde
2650 4536 2831 4606 utique
2858 4537 2965 4605 ista
2989 4534 3275 4597 Dominica
3307 4528 3598 4587 solemnitas
3617 4519 3751 4606 deum

2246 4640 2492 4695 vocatur,
2536 4627 2679 4697 quod
2713 4603 2918 4682 scilicet
2962 4603 3062 4691 hac
3103 4627 3225 4695 ipsa
3277 4624 3443 4681 allato
3481 4618 3531 4672 in
3571 4603 3751 4676 tetulimm

2244 4720 2503 4784 Durnino,
2542 4720 2760 4774 Sitncon
2798 4725 2855 4791 et
2885 4718 3068 4783 Anna,
3108 4726 3170 4773 et
3209 4726 3427 4774 extera:
3461 4704 3656 4765 fidelium
3679 4707 3752 4763 ρετ·

2244 4828 2392 4868 Sume
2422 4827 2543 4881 quae
2575 4811 2649 4865 ibi
2686 4818 2871 4876 erant,
2913 4818 3160 4878 tempore
3192 4799 3575 4879 purificationis
3595 4795 3754 4851 suos

2243 4914 2545 4960 currerunt.
2565 4904 2754 4974 Agitur
2773 4918 2903 4974 ergo
2925 4903 3026 4959 ista
3051 4901 3329 4967 festivitas
3353 4896 3614 4967 incipiente
3631 4887 3753 4939 ωεηεθ

2238 4998 2554 5063 Februario,
2587 4998 2678 5065 qui
2708 5011 2737 5051 a
2768 4995 3003 5060 Februo,
3032 4995 3084 5051 id
3110 5004 3202 5051 est
3245 4994 3493 5058 Plutone,
3517 4980 3750 5079 qui

2239 5093 2473 5156 tienum,
2518 5093 2617 5144 hoc
2651 5098 2736 5143 est
2780 5088 3196 5158 purgationum,
3242 5096 3439 5157 potens
3488 5096 3515 5135 a
3547 5064 3754 5168 gentilibtti

2237 5178 2577 5244 credebatur,
2614 5181 2683 5234 ita
2713 5188 2934 5243 vocatus
2975 5189 3075 5235 est.
3113 5179 3256 5232 Cum
3300 5178 3447 5233 enim
3484 5164 3669 5227 immani
3696 5164 3755 5207 υτ·

2240 5275 2490 5345 perlitum
2517 5272 2699 5326 otbetn
2730 5272 2830 5326 sub
2872 5272 3072 5327 tributo
3110 5272 3493 5340 redegissent,
3521 5265 3582 5317 ita
3605 5262 3648 5311 ut
3671 5257 3756 5350 ltili?

2242 5338 2467 5438 queique
2489 5382 2557 5422 ex
2590 5366 2717 5431 ipsis
2748 5365 2921 5419 tribus
2948 5363 3133 5419 mundi
3167 5338 3451 5434 par—tibus,
3487 5352 3636 5412 Africa
3653 5338 3755 5438 vile

2241 5433 2397 5525 licet;
2431 5458 2553 5512 Αείθ
2596 5469 2649 5514 ct
2690 5458 2932 5524 Europa,
2981 5472 3073 5525 per
3099 5433 3357 5526 quinque
3393 5463 3550 5507 anttos
3590 5433 3757 5495 εοιτετεί

2240 5566 2450 5614 aurum,
2484 5560 2536 5603 et
2566 5564 2755 5603 rursus
2786 5563 2884 5618 per
2909 5549 3043 5603 alios
3067 5550 3324 5619 quinque
3350 5555 3513 5601 annos
3532 5533 3755 5604 argcnlllmi

2242 5646 2480 5714 itemque
2514 5657 2606 5713 per
2645 5642 2790 5696 aliud
2824 5642 3260 5711 quinquennium
3292 5656 3390 5703 ars,
3415 5636 3584 5708 quinto
3603 5625 3755 5679 demum

2242 5748 2459 5811 peracto
2480 5751 2645 5806 anno,
2669 5751 2730 5790 ac
2753 5750 2916 5793 censu
2938 5736 3141 5806 soluto,
3167 5736 3427 5793 universa
3446 5726 3611 5786 civitas
3630 5714 3755 5771 tutu“
