3956 6342
208 307 321 365 1205

1107 303 1570 363 HOMILIARIUS.
1604 337 1671 346 —
1698 306 1923 364 llDillL.
1966 309 2053 365 DE
2092 310 2437 368 TEilPORE.

3298 317 3443 375 1206.

204 420 460 478 Februario
483 418 551 473 ab
578 418 829 475 universo
856 416 1053 488 populo
1080 417 1423 486 lustrabatur,
1451 428 1509 475 ut
1537 421 1741 479 sacrili-
1774 427 1818 482 Α
1847 424 2056 478 cunctis
2101 426 2458 481 animantibus
2506 427 2823 496 imperaret,
2863 430 2963 486 soli
3007 434 3252 492 serviens
3293 438 3365 493 illi
3405 456 3436 496 a

200 516 268 568 eia
289 514 375 568 diis
403 511 749 589 infernalibus
776 511 1131 576 solverentur,
1155 529 1380 582 quorum
1409 529 1483 571 se
1501 515 1749 584 prznsidio

198 607 411 663 nationes
447 605 593 664 orbis
638 604 953 676 subjugasse
1001 606 1280 674 putabant:
1330 607 1435 663 Sed
1483 608 1619 663 hanc
1668 607 1747 663 lu-

197 699 369 758 strandi
397 697 837 754 Consuetudinem
867 698 1004 753 bene
1034 698 1255 752 mutavit
1288 698 1588 753 Christiana
1618 701 1746 754 reli-

194 795 286 863 gio,
312 806 420 847 cum
448 790 548 849 hac
577 788 691 860 ipsa
720 788 810 844 die
836 788 1142 844 festivitatis
1172 791 1340 844 beata:
1367 790 1563 856 Marire,
1600 790 1748 858 plebs

192 887 443 954 clerusque
470 891 525 938 et
562 880 867 935 sacerdotes
892 895 1012 934 cum
1042 880 1215 935 cereis
1241 891 1296 936 et
1326 882 1534 950 hymnis
1561 882 1747 935 eccle-

190 978 361 1033 siarum
402 976 514 1031 loca
551 973 917 1039 circumeunt,
959 986 1063 1026 non
1100 971 1281 1041 utique
1317 973 1387 1026 ob
1425 971 1750 1027 recordatio-

187 1083 297 1123 nem
334 1079 546 1137 paganze
585 1062 1017 1133 superstitionis,
1065 1071 1159 1117 aut
1198 1062 1404 1133 imperii
1456 1063 1746 1129 terrestris,

185 1158 271 1216 sed
298 1158 341 1213 in
370 1169 663 1228 perennem,
696 1154 1012 1210 memoriam
1045 1152 1195 1221 regni
1226 1153 1483 1217 caelestis,
1510 1154 1747 1222 quando,

182 1250 317 1319 juxta
342 1245 698 1315 evangelieam
727 1244 1051 1314 parabolam,
1077 1258 1269 1305 omnes,
1286 1245 1439 1300 electi
1467 1259 1589 1305 cum
1614 1244 1748 1298 lam-

185 1321 391 1411 padibus
417 1351 615 1403 sponso
644 1346 697 1392 et
725 1350 937 1405 sponsae
960 1345 1077 1389 sunt
1106 1333 1401 1399 oceursuri,
1425 1344 1481 1390 et
1503 1349 1748 1404 supernae

181 1431 419 1487 claritatis
442 1427 729 1481 thalamum
752 1425 1023 1480 intraturi.
1051 1425 1118 1479 Et
1150 1427 1287 1479 hanc
1315 1425 1527 1495 quidem
1556 1424 1750 1485 lustra-

184 1525 361 1578 tionem
407 1520 599 1591 pagani
654 1518 919 1577 faciebaut
961 1532 1175 1583 semper
1223 1532 1290 1579 xv
1340 1532 1480 1569 anno
1534 1516 1589 1570 in
1646 1515 1749 1570 fine

178 1613 361 1675 mensis
386 1609 681 1675 Februarii,
715 1609 817 1663 hoc
846 1617 926 1661 est
952 1622 1024 1669 vtt
1055 1607 1318 1660 Kalendas
1348 1606 1553 1675 Martii.
1590 1604 1747 1660 Post-

181 1703 377 1761 modum
410 1707 888 1768 veroaugescente
920 1697 1351 1761 Christianitate,
1386 1695 1583 1765 placuit
1614 1706 1669 1749 ut
1697 1696 1747 1750 in

1850 527 1957 583 quo
1976 514 2024 567 ei
2047 524 2236 569 cuneta
2262 516 2468 570 fuerant
2496 517 2790 588 subjugata,
2818 530 2872 573 ut
2893 524 3185 591 imperaret
3211 530 3434 594 mundo,

1850 607 2078 662 serviret
2108 606 2247 671 Deo,
2278 606 2584 663 Creatorem
2624 611 2954 676 suspiceret,
2998 625 3295 671 creaturam
3333 619 3435 673 sibi

1851 712 2039 765 parere
2067 700 2432 767 compelleret,
2467 709 2775 772 tantumque
2804 703 3026 759 ditionis
3053 722 3173 763 sese
3207 708 3435 765 Domino

1849 789 2045 844 debere
2071 790 2417 861 prospiceret,
2443 804 2695 862 quantum
2724 793 2839 865 ipse
2860 812 2887 849 a
2912 808 3154 853 creatura
3178 784 3437 870 exigeret,

1849 876 2052 934 habens
2097 881 2149 935 in
2192 882 2403 949 propria
2438 892 2702 951 potestate
2741 896 2794 938 et
2832 887 3191 944 obedientiam
3222 900 3275 945 et
3310 907 3438 947 con-

1851 977 2127 1038 temptum,
2159 974 2514 1028 obedientiam
2555 991 2656 1043 qua
2690 978 2910 1044 viveret,
2943 990 3134 1036 conten
3160 994 3304 1051 ptum
3334 1002 3441 1052 quo

1849 1058 2009 1128 digne
2054 1075 2150 1128 pro
2197 1064 2401 1119 meritis
2447 1064 2709 1121 interiret.
2761 1068 2925 1126 Unde.
2964 1071 3210 1128 effectum
3258 1085 3340 1130 est
3384 1087 3441 1131 ut

1849 1155 2242 1209 contemnendo
2268 1155 2320 1209 in
2351 1168 2577 1212 mortem
2604 1160 2886 1228 incideret,
2916 1163 3002 1232 qui
3030 1166 3330 1222 obediendo
3363 1168 3461 1237 vi-,

1852 1258 1980 1299 vere
2008 1256 2204 1313 posset.
2234 1247 2381 1304 Unde
2405 1260 2721 1319 potestatem
2744 1269 3052 1311 concessam
3075 1258 3200 1311 dum
3229 1259 3280 1312 in
3303 1274 3437 1314 con-

1852 1345 2112 1405 temptum
2151 1340 2402 1406 protulit,
2441 1350 2497 1396 et
2543 1344 2666 1396 vitae
2706 1345 3043 1416 privilegium
3084 1348 3345 1415 perdidit,
3384 1362 3441 1405 et

1852 1426 2041 1480 mortis
2087 1428 2190 1482 sibi
2239 1433 2558 1489 sententiam
2594 1436 2895 1503 acquisivit.
2947 1439 3014 1492 Et
3053 1449 3227 1495 tamen
3267 1442 3442 1498 adhuc

1850 1523 2097 1570 creatura
2133 1516 2252 1587 ejus
2299 1531 2479 1575 servat
2506 1523 2829 1591 jimperium,
2882 1526 3004 1581 licet
3042 1530 3154 1597 ipse
3200 1531 3440 1586 Creatori

1851 1618 1949 1657 suo
1991 1606 2281 1676 denegaret
2323 1609 2657 1679 obsequium.
2708 1614 2857 1671 Unde
2896 1626 3117 1686 apparet
3154 1618 3283 1687 quid
3327 1635 3442 1676 sum

1854 1696 2094 1753 felicitati
2120 1699 2433 1767 detraxerit,
2461 1718 2581 1759 cum
2608 1718 2945 1774 peccatorum
2971 1709 3156 1765 merita
3186 1710 3306 1780 ejus
3331 1721 3441 1767 sta-

177 1793 564 1864 venerationem
603 1797 877 1860 perpetuae
913 1787 1166 1859 virginis,
1198 1786 1264 1839 ad
1299 1786 1497 1840 mensis
1536 1786 1743 1841 initium
1781 1776 1962 1843 Betum
2011 1790 2186 1845 adhuc
2232 1801 2438 1849 mutare
2480 1809 2586 1849 non
2637 1808 2880 1867 possunt.
2929 1776 3438 1873 Cravarisgbomo,

175 1881 559 1939 transferretur.
592 1879 757 1948 Cujus
787 1877 1133 1933 institutionis
1173 1891 1377 1930 morem
1410 1889 1507 1929 nos
1537 1890 1749 1945 quoque

173 1988 264 2043 pro
302 1971 508 2039 modulo
537 1980 725 2039 nostro
756 1967 1131 2037 hodiernadie
1161 1967 1354 2035 devote
1382 1966 1493 2023 Deo
1526 1968 1750 2037 juvante

172 2066 433 2131 imitaturi,
470 2065 560 2120 Dei
593 2062 866 2134 genitricis
898 2062 1200 2116 summissis
1230 2061 1368 2117 votis
1403 2062 1748 2131 Obsecremus

170 2156 447 2220 auxilium,
490 2166 549 2208 ut
592 2169 687 2208 sua
725 2152 928 2222 potenti
969 2152 1358 2213 intercessione
1409 2150 1564 2207 nobis
1605 2150 1746 2222 apud

172 2248 327 2305 filium
368 2232 523 2307 suum
566 2245 935 2316 purgationem
981 2243 1231 2311 impetret
1266 2242 1583 2309 criminum,
1625 2256 1745 2310 ulla:

165 2341 519 2409 purgationem
550 2339 913 2409 temporalem,
933 2338 1167 2406 suscepit
1192 2340 1309 2394 sine
1338 2338 1585 2395 sordibus
1611 2352 1742 2408 pec-

166 2440 416 2487 catorum.
459 2430 695 2510 Quinque
738 2434 836 2497 hac
873 2429 961 2497 die
1006 2445 1126 2495 eum
1169 2428 1304 2485 Filio
1350 2432 1605 2500 templum
1652 2430 1745 2486 Dei

165 2521 476 2577 sacriﬁcium
516 2522 762 2577 oblatura
809 2522 1163 2588 conscendit,
1218 2536 1464 2593 superna:
1515 2523 1747 2583 ciiitatis

163 2612 315 2668 nobis
356 2613 598 2669 obtineat
648 2613 987 2683 ingressum,
1022 2612 1074 2666 in
1103 2628 1208 2683 qua
1252 2612 1445 2668 divina:
1484 2613 1747 2670 claritatis

164 2705 462 2773 aspectibus
486 2704 654 2767 libero
676 2705 914 2765 contuitu
940 2703 1297 2774 perfruamur,
1328 2714 1613 2775 praistante
1640 2705 1748 2763 Do-

164 2799 310 2853 rrino
336 2804 520 2853 nostro
548 2796 676 2865 {esu
706 2796 940 2864 Christo,
972 2797 1063 2869 qui
1091 2796 1218 2852 vivit
1254 2806 1310 2852 et
1343 2805 1529 2875 regnat
1558 2796 1611 2854 iu
1642 2812 1747 2855 sa:—

157 2888 274 2945 eula
305 2889 645 2952 szeculorum.
682 2887 877 2947 Amen.
1196 2875 1210 2883 ’

698 2980 980 3038 llOMlLlA
1022 2980 1199 3043 LVI".

393 3088 463 3139 ιδ,
484 3087 735 3143 nomqu
771 3087 981 3140 actura,
1003 3086 1131 3125 POST
1170 3087 1511 3139 EPIPIIANIAII.

535 3166 635 3235 (Ex
664 3167 804 3234 Opp.
836 3167 1007 3221 sancti
1046 3165 1369 3237 Augustini.)

224 3252 292 3308 In
320 3254 409 3307 illo
445 3263 696 3323 tempore,
727 3255 1039 3323 respondens
1070 3253 1221 3310 Jesus
1267 3256 1395 3308 dixit
1431 3270 1451 3309 :
1491 3255 1749 3325 Conﬁteor

149 3347 239 3399 tibi
266 3344 445 3413 Pater,
478 3346 694 3400 Domine
715 3347 826 3413 caeli
846 3356 892 3400 et
916 3358 1083 3413 terra',
1106 3350 1249 3415 quia,
1274 3359 1377 3402 etc.
1405 3348 1614 3418 (Matth.
1645 3352 1745 3418 xi).

221 3440 479 3495 Sanctum
512 3439 860 3511 Evangelium
882 3484 896 3508 ,
927 3449 1031 3496 etc.
1060 3440 1336 3511 Sequentia
1373 3444 1570 3508 require
1603 3443 1743 3510 apud

146 3544 389 3587 sanctum
411 3533 773 3601 Augustinum,
801 3532 1025 3601 Operam
1047 3534 1155 3605 ejus
1180 3544 1312 3588 tomo
1342 3532 1407 3603 V,
1437 3533 1749 3606 Patrologiaa

141 3622 307 3677 xxx
324 3622 493 3691 Vm,
523 3624 624 3678 col.
657 3622 783 3689 455,

732 3709 1010 3770 llOMlLlA
1057 3715 1190 3770 LIX.

560 3820 815 3865 DOMINICA
856 3823 906 3860 IN
943 3821 1363 3875 SEI‘TU.\GESI&IA,.

441 3896 552 3966 (Ex
602 3899 738 3965 Opp.
795 3898 934 3952 beati
982 3897 1222 3967 Gregorii
1266 3900 1460 3969 papte).

214 3985 292 4042 In
326 3987 418 4051 illo
451 3998 695 4056 (erupere,
728 3988 875 4063 dixit
897 3985 1050 4043 Jesua
1086 3988 1353 4058 discipulis
1390 3988 1496 4051 suis
1527 3988 1749 4055 parabo,

1845 1881 1990 1953 juste
2017 1883 2281 1953 gravaris,
2304 1893 2359 1939 et
2390 1885 2733 1941 inexcusabili
2756 1903 2914 1958 pmna
2942 1891 3275 1960 astringeris.
3298 1894 3441 1950 Con-

1852 1972 2048 2027 temnis
2074 1970 2383 2030 Creatorem
2403 2016 2420 2043 ,
2450 1985 2506 2032 et
2535 1976 2651 2045 ejus
2680 1978 2910 2048 imperas
2938 1991 3216 2040 creatura).
3251 1984 3441 2055 Despi-

1850 2066 1927 2119 cis
1960 2065 2276 2137 Dominum,
2308 2079 2362 2123 et
2390 2070 2457 2124 de
2493 2069 2607 2137 ejus
2634 2082 2875 2127 creatura
2905 2074 3073 2144 exigis
3100 2076 3437 2147 obsequium.

1851 2154 2133 2213 Beneficiis
2166 2160 2258 2215 Dei
2291 2162 2596 2230 perfrueris,
2626 2174 2679 2219 et
2708 2165 2825 2236 ejus
2856 2169 3144 2236 potentiam
3172 2186 3278 2225 non
3304 2173 3441 2228 exti-

1850 2242 2066 2304 mescis.
2103 2250 2170 2306 Et
2204 2266 2325 2307 cum
2361 2252 2452 2309 tibi
2493 2269 2586 2321 per
2612 2271 2732 2311 eum
2771 2265 2959 2313 cuncta
2990 2260 3324 2329 deserviant,
3351 2278 3444 2320 so-
3536 2314 3541 2319 .

1851 2338 1932 2393 lus
1978 2339 2095 2409 ipse
2142 2341 2218 2396 illi
2264 2356 2369 2396 non
2400 2345 2594 2399 servis.
2628 2345 2715 2399 Bis
2745 2347 3043 2417 delinquis,
3090 2365 3123 2406 o
3163 2353 3357 2418 homo,
3388 2346 3442 2411 et

1846 2434 2119 2503 geminum
2148 2448 2211 2490 ac
2241 2434 2436 2505 duplex
2479 2437 2682 2494 crimen
2727 2439 2988 2509 incurris,
3030 2442 3154 2498 dum
3201 2459 3300 2501 nec
3346 2461 3442 2515 pro

1846 2523 2155 2579 conditione
2186 2534 2242 2578 ut
2280 2540 2472 2582 servus
2507 2528 2855 2600 obsequeris,
2897 2547 2996 2590 nec
3038 2550 3135 2603 pro
3180 2545 3445 2605 potestate

1846 2609 1968 2666 data
1992 2611 2217 2669 Domino
2240 2611 2532 2672 famularis.
2560 2618 2674 2674 Tibi
2698 2620 2892 2677 caelum
2914 2622 2967 2677 in
2991 2623 3081 2680 die
3109 2626 3239 2682 lucis
3258 2627 3442 2695 Splen-

1845 2703 1978 2759 dore
2007 2706 2233 2761 vestitur
2262 2717 2315 2763 et
2353 2709 2485 2765 solis
2517 2709 2808 2782 fulgoribus
2848 2714 3152 2779 decoratur,
3184 2716 3237 2771 in
3281 2726 3443 2773 nocte

1845 2794 2142 2850 clarissimo
2182 2796 2322 2858 longe
2368 2802 2590 2869 speculo
2635 2812 2691 2857 et
2732 2814 2996 2865 astrorum
3041 2807 3244 2877 fulgore
3293 2809 3443 2867 vario

1848 2886 2005 2954 polus
2036 2888 2151 2956 ipse
2180 2887 2494 2958 illustratur,
2528 2902 2585 2951 ut
2627 2894 2731 2948 diei
2765 2895 3042 2965 noctisque
3073 2898 3443 2955 vicissitudine

1848 2986 1903 3035 et
1933 2978 2293 3034 numerositas
2322 2988 2622 3047 temporqu
2656 2985 3019 3054 d'tgnoscatur,
3053 2998 3104 3045 et
3135 2998 3255 3058 post
3289 2990 3440 3045 diur-

1851 3081 1976 3121 num
2009 3067 2487 3138 laboretnrequies
2523 3075 2734 3135 miseris
2765 3079 3079 3133 mortalibus
3108 3079 3437 3149 praebeatur,

1775 3134 1823 3197 (ἶ
1854 3156 2119 3227 Tempora
2169 3160 2390 3215 alternis
2437 3162 2641 3218 vicibus
2676 3165 3042 3237 immutantur,
3092 3134 3440 3226 frondescuni

1793 3252 1803 3256 '
1852 3246 2026 3313 silvze,
2058 3260 2395 3306 autumantur
2424 3256 2622 3321 campi,
2654 3266 2800 3323 prata
2829 3257 3117 3325 virescunt,
3146 3260 3439 3321 animantia

1852 3349 2045 3395 cuncta
2075 3340 2301 3397 diversis
2330 3342 2514 3405 usibus
2545 3355 2819 3413 procreata
2857 3348 3021 3402 edunt
3051 3348 3215 3416 fetus,
3246 3360 3438 3419 parent

1854 3432 2112 3500 imperio,
2158 3433 2409 3503 obsequia
2456 3446 2725 3509 servant,
2753 3449 2959 3494 scatent
3006 3440 3206 3506 fontes,
3250 3457 3440 3499 omnes

1855 3526 2050 3592 fluunt,
2088 3527 2344 3581 institutis
2388 3531 2627 3584 terminis
2656 3533 2821 3586 maria
2858 3543 3195 3589 coercentur.
3232 3534 3443 3591 Gaudet

1853 3630 1972 3689 post
2011 3620 2240 3678 hiemem
2272 3635 2431 3677 verna
2464 3624 2778 3692 temperies,
2808 3625 3003 3679 aestatis
3034 3626 3307 3695 flagrantia
3345 3629 3443 3684 de-

1853 3712 2032 3781 cuqnit
2078 3728 2312 3780 messes,
2350 3715 2677 3771 autumnitas
2720 3718 3009 3777 temulenta
3051 3734 3177 3774 suas
3216 3721 3443 3778 exhibet

1856 3804 2129 3859 ubertates
2160 3822 2171 3858 :
2205 3805 2379 3869 hieme
2416 3816 2753 3862 macerantur
2792 3808 3049 3865 imbribus
3095 3819 3252 3869 terra:
3287 3830 3300 3865 ε
3330 3816 3441 3868 suis

1854 3894 2111 3949 institutis
2158 3906 2349 3950 cuncta
2390 3898 2735 3964 deserviunt,
2783 3902 2929 3957 solus
2970 3904 3129 3959 homo
3174 3904 3284 3960 Deo
3332 3923 3439 3961 non

1853 3987 2038 4039 servit.
2069 3987 2203 4054 Quid
2231 3988 2274 4041 si
2305 3988 2396 4043 tibi
2427 3992 2669 4045 universa
2696 4001 2884 4047 natura
2915 4006 3224 4050 constanter
3254 3998 3437 4053 edice-

121 4079 243 4132 lam
288 4076 429 4130 Itane
459 4095 478 4131 .'
506 4076 689 4133 Simile
727 4086 799 4135 est
840 4093 1063 4147 regnum
1095 4078 1334 4131 cartorum
1370 4078 1561 4130 homini
1590 4078 1751 4145 patri-

117 4171 516 4243 fauiilias,'qui
546 4171 668 4225 exiit
695 4173 860 4241 primo
900 4188 1052 4225 mane
1087 4173 1369 4227 conducere
1407 4174 1667 4241 apcrarios
1698 4173 1751 4228 in

116 4263 349 4317 vineam
378 4278 548 4330 suam,
577 4271 680 4317 etc.
716 4260 935 4333 (Matth.
972 4262 1087 4331 xx).

206 4353 269 4408 In
317 4354 696 4421 explanatione
739 4369 833 4408 sua
859 4396 874 4419 ,
920 4364 1026 4408 etc.
1070 4353 1200 4418 Quae
1243 4365 1526 4425 sequuntur
1569 4354 1751 4411 videris

111 4447 281 4510 apud
313 4452 555 4496 sanctum
585 4442 887 4512 Gregorium
913 4443 1177 4515 Magnum,
1215 4444 1451 4515 Operam
1466 4450 1579 4519 ejus
1610 4458 1746 4511 tomo

112 4533 222 4601 Il,
258 4532 594 4606 Patrotogia:
616 4534 763 4588 LXX
786 4533 880 4601 γι,
912 4536 1011 4589 col.
1044 4536 1199 4593 i155.

739 4623 1023 4691 llOMlLIA
1059 4627 1170 4687 LX.

655 4733 723 4773 DE
761 4733 937 4772 BADEM
976 4734 1250 4774 DOMINICA.

201 4807 500 4875 Quomodo
532 4809 726 4869 primus
754 4807 903 4874 [toruo
934 4809 1025 4863 toti
1048 4811 1291 4878 prwtatus
1316 4810 1381 4867 sit
1408 4820 1676 4867 creatum.

514 4898 614 4968 (Ex
646 4898 781 4968 Opp.
816 4897 956 4952 beati
987 4897 1401 4969 Cltrysostomi.)

201 4987 476 5059 Dignitas
509 4988 754 5044 humana:
786 4988 1010 5061 originis
1040 4988 1191 5045 facile
1219 4991 1542 5060 agnoscitur,
1574 4991 1750 5045 (τοιιεὶ-

94 5084 336 5138 derata
370 5081 705 5137 sublimitate
747 5079 1000 5135 auctoris.
1038 5080 1219 5149 Neque
1247 5081 1386 5135 enim
1418 5081 1568 5135 facile
1601 5094 1748 5151 pote-

91 5183 205 5231 rat
233 5188 381 5229 esse
406 5173 489 5228 vel
517 5173 633 5229 leve
660 5173 799 5243 quod
831 5188 1016 5228 manus
1045 5187 1194 5230 sacra
1224 5173 1562 5235 confinxitet
1590 5177 1746 5230 cmic-

90 5266 224 5320 stis
266 5278 480 5317 manus
505 5262 559 5318 in
586 5264 801 5325 vitalem
820 5264 1186 5321 substantiam
1214 5264 1490 5331 animavit,
1517 5267 1749 5323 maxime

90 5371 255 5410 cum
314 5356 465 5410 idem
502 5355 696 5411 artifex
744 5355 880 5410 Deus
916 5364 1230 5425 potestatem
1271 5358 1502 5423 etiamin
1532 5373 1772 5425 omnem,

90 5448 422 5503 fabricam
470 5447 643 5502 eidem
686 5447 884 5507 homini
931 5446 1106 5503 fuerat
1147 5450 1465 5515 traditurus,
1503 5460 1557 5504 ut
1592 5465 1750 5520 quem

91 5539 459 5595 secundum
491 5539 771 5610 praesidem
798 5550 917 5611 post
944 5555 1002 5596 se
1036 5539 1209 5595 facere
1234 5540 1566 5610 disponebat,
1599 5557 1750 5596 eum-

91 5631 258 5687 dem
303 5629 517 5687 faceret
546 5632 756 5701 plenum
782 5647 940 5702 atque
966 5634 1281 5702 perfectum,
1309 5633 1594 5690 habentem
1619 5635 1672 5690 in
1692 5649 1752 5692 se

92 5735 163 5779 et
224 5724 573 5794 dignitatem
622 5739 727 5794 qua
778 5726 1139 5793 praecelleret,
1186 5732 1242 5783 et
1283 5733 1603 5791 potestatem
1646 5742 1750 5793 qua

1856 4088 1955 4135 ret.
1993 4078 2104 4146 Ego
2136 4076 2228 4132 tibi
2255 4093 2283 4131 a
2318 4078 2544 4134 Domino
2570 4096 2747 4139 rerum
2778 4097 2965 4151 parere
2994 4097 3257 4157 preat-epla
3288 4103 3437 4154 sunt;

1854 4187 1952 4241 ego
1975 4173 2199 4229 circate
2220 4173 2367 4241 jussu
2397 4174 2639 4241 implere,
2671 4176 2909 4232 inStituta
2940 4193 3174 4244 servare,
3208 4196 3440 4237 nascen-

1855 4265 1925 4318 tia
1955 4275 2142 4319 cuncta
2181 4265 2414 4321 tribuere
2442 4266 2697 4335 genitoris
2729 4268 2949 4335 imperio
2974 4269 3119 4336 jussu
3151 4287 3265 4327 sum
3301 4290 3314 4324 :
3342 4271 3438 4327 de¢

1853 4357 2015 4425 nique
2045 4372 2237 4426 pareo,
2268 4356 2611 4425 obtempero,
2641 4358 2852 4425 servio,
2895 4369 2950 4415 et
2990 4368 3040 4416 te
3089 4370 3291 4417 mutato
3332 4379 3438 4419 non

1774 4490 1824 4549 D
1856 4461 2053 4505 rnntor.
2091 4447 2260 4504 Pareo
2275 4487 2301 4513 ,,
2324 4449 2572 4517 inquam,
2611 4450 2828 4513 rebelli,
2864 4451 3176 4521 obtempero
3203 4438 3438 4521 procaci,

1852 4542 2096 4597 deservio
2124 4541 2505 4609 contemptori.
2530 4540 2797 4596 Czeternm
2823 4544 2867 4597 si
2900 4544 3030 4599 mihi
3060 4544 3300 4601 instituta
3325 4562 3441 4603 mu-

1854 4641 2003 4695 tare,
2042 4630 2185 4698 jussa
2227 4639 2563 4698 pervertere,
2609 4636 2909 4686 necessaria
2951 4632 3214 4702 denegare
3261 4649 3440 4690 rerum

1850 4718 2107 4783 Dominus
2149 4721 2525 4791 prmcepisset,
2566 4731 2812 4775 creatura
2859 4731 3050 4777 cuncta
3089 4723 3297 4779 viduata
3346 4728 3440 4781 ho-

1852 4814 1996 4868 mine
2027 4822 2347 4877 remaneret,
2379 4828 2478 4869 nec
2501 4815 2589 4883 qui
2620 4824 2991 4871 contemneret
3019 4816 3241 4872 ulterius
3269 4828 3434 4883 esset,

1853 4905 1973 4971 quia
2002 4915 2339 4974 contemptor
2364 4906 2523 4960 homo
2554 4907 2713 4975 digne
2739 4922 2802 4959 ac
2828 4908 3019 4963 merito
3043 4908 3304 4965 interiret.
3333 4910 3440 4965 De.

1857 4998 2016 5063 tuque
2042 4983 2280 5064 quisquis
2314 4996 2431 5051 talis
2459 5011 2548 5063 es,
2586 4997 2676 5065 qui
2704 4996 2755 5049 in
2789 4996 2889 5051 hoc
2925 5007 3230 5068 contemptu
3262 5001 3440 5055 consi-

1854 5086 1985 5149 stis,
2025 5086 2115 5153 qui
2146 5096 2409 5140 creaturae
2448 5086 2681 5155 imperas
2716 5096 2769 5141 et
2810 5087 3051 5142 Creatori
3098 5102 3202 5142 non
3240 5091 3435 5157 servis,

1855 5178 1941 5246 qui
1970 5177 2300 5235 dominatum
2330 5192 2548 5233 exerces
2587 5187 2641 5233 et
2688 5179 2968 5234 Dominum
3016 5184 3120 5233 non
3167 5182 3436 5250 agnoscis,

1857 5269 1985 5323 titne
2017 5268 2296 5324 Dominum
2330 5270 2650 5343 patientem,
2680 5285 2749 5325 ne
2780 5284 3024 5325 severum
3061 5271 3260 5327 sentias
3294 5272 3438 5340 judi-

1855 5360 2270 5431 cem._,Corrigat
2310 5368 2359 5415 te
2389 5359 2574 5416 dilatio
2604 5359 2927 5430 differentis,
2972 5377 3040 5416 ne
3083 5376 3304 5417 censura
3343 5378 3439 5431 pu-

1856 5456 1967 5510 niat
1990 5453 2300 5524 judicantis.
2324 5455 2502 5511 Facile
2522 5457 2665 5511 enim
2687 5456 2942 5525 obsequio
2964 5466 3053 5511 tuo
3083 5457 3245 5512 facies
3268 5456 3436 5511 Deum

1856 5547 2172 5616 propitium,
2205 5546 2248 5601 si
2277 5562 2568 5603 conversus
2600 5547 2710 5617 jam
2739 5548 3025 5604 mutaveris
3053 5551 3259 5604 vitium.
3294 5548 3437 5609 Usu-

1855 5652 2036 5692 rarum
2063 5638 2204 5694 cuint
2237 5638 2473 5694 redditur
2500 5638 2754 5709 quidquid
2785 5638 3040 5695 dilatione
3075 5640 3327 5709 temporis
3355 5640 3435 5697 fe-

1857 5740 2076 5787 nerator
2107 5746 2121 5785 :
2154 5744 2252 5788 nec
2276 5744 2396 5789 esse
2418 5730 2529 5797 jam
2557 5731 2752 5797 poterit
2789 5731 3135 5803 impunitum,
3165 5734 3249 5789 cui
3288 5746 3434 5789 mora
