3956 6342
581 294 715 353 ,εον
1441 294 1638 351 PAULI
1680 293 1948 353 DlACONl
1988 294 2146 352 ore.
2188 296 2364 353 rans
2404 296 2465 351 u.
2507 326 2576 336 —
2616 280 2987 363 ascensa.
3616 313 3713 373 ius

577 416 835 477 temports
867 419 969 460 non
1006 405 1175 475 potuit
1202 405 1331 461 dare
1359 409 1676 463 remedium.
1706 408 1842 475 Quid
1877 408 2162 464 retribuam
2196 412 2244 467 Α
2271 408 2611 464 contumelia.
2641 410 2816 477 Quare
2856 411 3057 467 nitatur
3086 409 3257 481 justus
3288 417 3449 471 merita
3476 423 3636 492 prOpria
3658 431 3717 484 be.

578 499 851 556 Domino?
886 499 944 555 Si
984 498 1213 554 humana
1245 500 1480 554 conditio
1518 500 1747 570 genitori
1793 501 1920 572 quid
1954 501 2167 567 debeat,
2269 499 2475 556 neﬁciis
2504 500 2811 557 cmleStibus
2841 516 3150 572 coaequare,
3184 503 3363 558 nitatur
3388 515 3434 561 et
3457 521 3646 577 peccator
3666 518 3721 571 vi.

578 601 797 657 noscat,
832 600 989 662 atque
1017 592 1060 647 si
1100 591 1218 661 ejus
1255 592 1645 653 beneﬁciorum,
1669 592 2002 649 innumeram
2032 594 2172 649 mul-
2271 592 2339 646 tia
2374 606 2491 661 quae
2521 592 2807 647 exercebat
2845 594 3087 647 horrere.
3126 591 3215 647 Ille
3259 592 3552 654 incrementis
3586 615 3722 661 sancta

574 687 857 741 titudinem
908 686 1191 739 momentis
1238 685 1487 739 omnibus
1536 687 1819 741 tractando
1869 685 2165 755 intelligat,
2271 684 2392 736 vita:
2422 682 2813 748 increscat,hic
2841 693 3053 752 peccata
3076 683 3381 752 damnando,
3399 687 3726 763 justitiamquatn

578 779 816 834 inveniet
856 792 968 831 suae
1008 776 1281 831 servitutis
1317 776 1572 847 obsequia
1617 777 1885 833 continuis
1925 777 2170 833 laudibus
2269 788 2376 828 non
2405 774 2617 828 amabat
2653 784 2924 829 exerceal-
2955 775 3138 830 Justus
3176 777 3247 831 ad
3271 778 3465 834 meliora
3497 783 3593 838 vile
3621 790 3727 853 proti-

574 873 689 941 jugi
717 872 1074 942 gratulatione
1103 885 1313 941 requare
1340 886 1445 925 non
1476 885 1653 940 posse.
1684 871 1868 941 Neque
1906 870 2046 925 enirn
2076 871 2170 926 be-
2269 865 2396 931 ciat,
2429 872 2679 949 peccator
2703 867 3005 937 corrigatur
3034 875 3090 922 et
3121 869 3281 923 vivat.
3319 869 3401 925 llle
3435 872 3562 928 bonis
3594 878 3729 936 tribuat

582 964 772 1018 neticia
804 963 870 1019 ab
900 977 964 1017 eo
999 963 1232 1033 praestita
1264 973 1419 1032 atque
1447 962 1669 1025 collata,
1709 962 1794 1017 vel
1828 963 2043 1017 modum
2075 976 2171 1032 po-
2269 955 2503 1011 salutare
2539 955 2881 1023 exemplum,
2911 956 2997 1012 hic
3034 957 3192 1013 malis
3228 960 3456 1014 ostendat
3480 967 3730 1022 correctionis

587 1063 765 1110 terunt
797 1053 1026 1118 habere,
1067 1054 1147 1107 vel
1193 1068 1504 1118 numerum,
1533 1061 1678 1109 certe
1718 1069 1816 1108 nec
1856 1053 2164 1121 terminum,
2269 1048 2586 1103 remedium.
2620 1047 2713 1103 Ille
2739 1048 2957 1118 praemia
2998 1049 3174 1105 meriti
3214 1052 3371 1106 sancti
3406 1064 3651 1122 exspectet,
3677 1057 3732 1113 hic

582 1146 781 1214 quippe
820 1159 938 1197 cum
984 1158 1079 1197 nec
1122 1156 1311 1197 sensus
1351 1142 1416 1196 ad
1459 1142 1881 1212 investigandum
1918 1143 2167 1210 sufﬁciat,
2270 1138 2528 1207 supplicia
2557 1148 2727 1193 semet
2754 1139 3070 1209 corrigendo
3100 1140 3349 1197 declinet.
3380 1142 3460 1198 Sic
3486 1143 3535 1198 ﬁt
3563 1147 3733 1216 utetjtt-

575 1249 677 1290 nec
721 1234 941 1289 scientia
990 1241 1238 1303 suppetat
1288 1233 1355 1285 ad
1396 1233 1715 1287 laudandum
1770 1250 1786 1287 :
1838 1234 2168 1289 immensitas
2273 1241 2387 1284 stus
2414 1230 2634 1299 gloriam
2668 1231 2806 1287 bene
2832 1231 3060 1287 vivendo
3091 1235 3342 1303 acquirat,
3371 1244 3415 1289 et
3446 1246 3736 1303 peccatoreoro

575 1325 719 1380 enim
750 1322 1131 1379 beneﬁciorum
1164 1330 1383 1391 superat
1419 1322 1770 1393 cogitationes
1800 1338 2083 1385 sensuum,
2115 1333 2170 1378 et
2271 1329 2449 1377 rectus
2480 1320 2860 1392 indulgentiam
2894 1323 3067 1377 divina
3100 1325 3293 1392 pietate
3327 1326 3565 1394 percipiat.

573 1412 854 1469 innumera
878 1412 1162 1467 multitudo
1183 1412 1443 1466 donorum
1468 1411 2034 1467 vincitvolubilitatem
2057 1428 2170 1466 ver-
2837 1414 3113 1469 llOMtLlA
3159 1414 3291 1468 LXI.

574 1504 787 1559 horum.
825 1503 933 1557 Nec
964 1502 1009 1557 si
1044 1511 1209 1556 totum
1244 1503 1365 1558 vitae
1389 1511 1597 1572 tempus
1636 1504 1745 1558 oris
1786 1504 2042 1573 obsequia
2080 1518 2171 1559 oc-
2704 1522 2950 1563 tIOIZNICA
2993 1522 3042 1559 IN
3081 1519 3423 1561 sexacsstua.

573 1603 789 1663 cupent,
818 1593 1002 1648 laudes
1034 1602 1268 1660 teneant,
1297 1596 1583 1663 gratiarum
1621 1595 1858 1650 actiones
1899 1596 2166 1665 insistant,
2346 1598 2409 1653 In
2428 1600 3061 1669 ittotentporc,cumturbo
3075 1599 3739 1669 plurimocoutteuiret,ddrri-

570 1686 776 1756 poteris
804 1699 1031 1755 pensare
1066 1684 1207 1755 quod
1237 1684 1425 1740 debes.
1456 1685 1569 1752 Qua
1604 1684 1657 1739 in
1699 1700 1757 1740 re
1795 1685 1967 1741 danda
2007 1686 2162 1742 nobis
2271 1691 2505 1745 vi’atibus
2523 1691 2936 1761 proper-urentur!
2958 1689 3304 1757 Jesum,dixit
3326 1707 3410 1758 per
3426 1690 3742 1745 similitudinem:

574 1789 661 1836 est
687 1794 848 1850 opera
872 1823 886 1849 ,
919 1788 977 1834 ut
1016 1780 1140 1834 totis
1171 1779 1371 1833 viribus
1410 1778 1624 1833 devotio
1665 1779 1859 1835 mentis
1893 1779 1946 1833 in
1982 1778 2159 1835 divina
2192 1761 2237 1822 Β
2271 1781 2406 1836 E‘xiit
2427 1784 2512 1847 qui
2538 1782 2749 1836 seminat
2769 1782 3014 1836 seminare
3036 1797 3202 1839 semen
3217 1798 3387 1852 suum,
3401 1790 3495 1835 etc.
3513 1778 3631 1850 (Luc.
3645 1782 3737 1845 nn}.

574 1871 833 1939 obsequia
863 1878 1133 1936 exoratur,
1162 1879 1217 1924 et
1245 1868 1458 1924 laudum
1488 1869 1683 1939 glo‘rias
1711 1883 1774 1924 os
1801 1877 2037 1923 nostrum
2072 1885 2165 1939 per
2346 1872 2525 1928 Lectio
2565 1874 2734 1927 sancti
2784 1874 3091 1942 Evangelii,
3137 1888 3292 1942 quam
3333 1872 3479 1927 modo
3512 1872 3744 1936 audivimus,

568 1974 739 2016 omne
771 1970 984 2029 tempus
1023 1960 1361 2029 Frequentare
1389 1969 1633 2041 cogatur,
1667 1975 1771 2014 non
1810 1975 1917 2029 quo
1955 1962 2007 2015 in
2050 1962 2165 2016 istis
2270 1968 2462 2022 fratres
2491 1967 2812 2033 cbarissimi,
2843 1978 2949 2023 etc.
2977 1967 3128 2020 Hanc
3158 1967 3416 2020 honziliam
3435 1966 3533 2019 ride
3550 1966 3743 2032 apartm-

573 2050 753 2108 debita
788 2060 1226 2120 compensentur,
1264 2051 1357 2107 sed
1390 2060 1447 2106 ut
1491 2061 1689 2107 nostra:
1732 2052 2036 2110 devotionis
2072 2068 2166 2108 νο-
2270 2069 2404 2115 ctum
2436 2058 2734 2129 Gregorium
2766 2059 3045 2131 Magnum,
3083 2059 3309 2130 Operam
3336 2061 3440 2132 ejus
3467 2068 3581 2113 toruo
3596 2054 3746 2122 Il,Pa-

574 2144 754 2201 luntas
782 2144 864 2199 his
886 2144 1163 2200 conatibus
1192 2145 1557 2216 dignoscatur,
1586 2156 1641 2199 ut
1669 2145 1921 2217 quidquid
1964 2144 2167 2216 fragili-
2270 2151 2502 2223 trologia:
2529 2150 2787 2219 LXXVI,
2816 2151 2914 2205 col.
2948 2151 3106 2207 1151.

574 2244 658 2292 tas
682 2234 918 2291 detrahit
944 2234 1011 2290 ad
1041 2236 1441 2306 complendum,
1469 2236 1570 2291 hoc
1590 2235 1805 2290 devotio
1830 2235 2066 2290 conferat
2097 2236 2164 2290 ad
2824 2241 3101 2298 HOMILIA
3140 2242 3301 2298 LXII.

572 2328 1017 2398 promerendum,
1066 2337 1123 2384 ut
1161 2329 1271 2397 jam
1316 2330 1438 2397 quia
1487 2326 1596 2394 vis,
1646 2343 1749 2384 non
1789 2328 1913 2400 quia
1954 2329 2167 2397 perﬁcis
2784 2352 2835 2391 ut
2872 2352 3047 2391 nmen
3085 2350 3357 2390 DOIIINCA.

575 2421 919 2491 expungaris,
945 2436 1044 2477 nee
1069 2422 1192 2491 quia
1220 2422 1401 2477 debita
1429 2436 1767 2493 compensas,
1796 2424 1896 2479 sed
1919 2425 2040 2495 quia
2068 2439 2163 2495 pa-
2699 2426 2773 2482 De
2809 2427 2959 2497 lapsu
2998 2426 3149 2496 primi
3179 2424 3422 2479 hominis.

572 2525 697 2566 rere
734 2511 1028 2568 desideras.
1072 2511 1222 2568 Velle
1258 2511 1399 2570 enim
1440 2515 1611 2584 ipsum
1652 2515 2000 2588 expungitur,
2038 2519 2162 2589 quia
2218 2554 2231 2562 ι
2610 2519 2721 2589 (Ex
2752 2519 2887 2588 Opp.
2925 2519 3064 2573 beati
3098 2515 3505 2588 Chrysogono.)

573 2616 672 2671 per
700 2600 1108 2658 immensitatem
1141 2618 1319 2660 rerum
1352 2604 1578 2675 idipsum
1615 2606 1755 2677 quod
1793 2606 2036 2677 cupimus
2064 2624 2163 2665 ex-
2340 2611 2508 2667 Nemo
2537 2611 2627 2681 qui
2655 2610 2758 2684 [est
2788 2608 2903 2683 qui}
2941 2608 3149 2665 nesciat
3185 2608 3449 2677 ptincipio
3474 2602 3690 2659 hominem
3710 2600 3756 2655 sic

575 2694 777 2761 plicare
817 2709 921 2751 non
968 2696 1145 2751 tiatur.
1196 2696 1334 2763 Quid
1371 2698 1671 2765 retribuam,
1706 2699 1909 2769 inquit,
1945 2700 2164 2756 Domino
2268 2720 2297 2760 a
2333 2705 2442 2760 Deo
2475 2705 2792 2774 plasmatum
2826 2712 2884 2757 ut
2914 2703 3271 2757 instrueretur
3295 2700 3579 2769 prudentia,
3603 2692 3755 2750 consilio

573 2798 668 2852 pro
698 2785 928 2840 omnibus
966 2801 1079 2857 qua:
1117 2786 1242 2840 mihi
1280 2788 1511 2843 retribuit
1547 2788 1729 2859 (Psal.
1761 2790 1935 2863 cxv)?
1960 2791 2165 2859 Quaerit
2269 2796 2614 2862 formaretur,
2646 2794 2867 2850 rationis
2897 2808 3096 2865 eapax,
3133 2792 3320 2847 divina
3362 2787 3649 2860 providentia
3676 2783 3756 2839 ted-

572 2873 838 2944 Proplteta
884 2875 1253 2932 sanctissimus
1294 2878 1487 2947 quibus
1531 2880 1735 2936 meritis
1779 2880 2037 2937 beneﬁcia
2076 2882 2163 2937 di-
2267 2887 2911 2952 deretur.lnstrueretur,
2948 2887 3194 2955 inquam,
3247 2882 3517 2953 prudentia
3543 2875 3758 2950 qualtostit

572 2967 697 3021 vina
729 2977 1073 3038 oompenset,
1104 2984 1209 3038 quo
1246 2971 1528 3025 famulatus
1550 2985 1746 3041 genere
1781 2986 2003 3027 munera
2040 2987 2157 3043 per-
2268 2981 2609 3037 calliditatem
2636 2979 2855 3044 vitaret;
2893 2976 3146 3043 consilio,
3177 2992 3293 3046 quo
3335 2962 3641 3029 salutaria-ac
3666 2974 3760 3021 recta

572 3070 725 3128 cepta
755 3071 1027 3133 coaequet,
1069 3062 1262 3132 quibus
1287 3062 1560 3130 obsequiis
1591 3065 1750 3119 tantis
1778 3066 1945 3133 possit
1974 3079 2158 3120 moneo
2190 3072 2631 3142 “perquireret;
2679 3072 2917 3135 ratione,
2969 3083 3072 3139 qua
3120 3068 3238 3123 Deo
3286 3068 3503 3137 genitori
3548 3060 3756 3134 parendum

579 3111 725 3128 --.η-
760 3111 1027 3133 "ww--.
1073 3111 1260 3132 τω---
1291 3111 1558 3130 --πη-.-υ
1593 3111 1749 3119 ηνηη
1779 3111 1945 3133 ,νη-.-
1974 3111 2132 3120 -.η-..ν
2270 3111 2631 3142 γυμνηηωη
2682 3111 2917 3135 .....ν..ν,
2970 3111 3072 3139 ...μ
3122 3111 3235 3123 νυν
3286 3111 3502 3137 ,νη-ην.-
3548 3111 3689 3134 rm.

570 3154 720 3209 ribus
770 3156 1130 3226 reSpondere,
1168 3171 1274 3224 quo
1323 3156 1593 3213 servitutis
1638 3172 1835 3229 genere
1880 3159 2161 3220 innumera
2190 3111 2236 3176 c
2265 3183 2386 3233 esse
2414 3175 2782 3237 cognosceret.
2818 3165 3023 3219 Etenim
3063 3163 3327 3218 Dominus
3367 3162 3498 3216 Deus
3526 3151 3760 3213 vidensho-

573 3246 768 3301 debeat
803 3246 941 3301 dona
980 3257 1034 3303 et
1075 3247 1283 3303 inﬁnita
1313 3248 1688 3304 beneﬁciorum
1718 3264 1914 3319 genera
1945 3263 2164 3320 contpa-
2266 3257 2461 3313 minem
2488 3272 2644 3325 quem
2689 3255 2887 3310 fecerat
2930 3255 3310 3317 innocentem,
3346 3250 3592 3313 instruxit,
3618 3243 3759 3299 monuit

574 3350 716 3392 rare.
750 3338 829 3391 Sit
870 3338 993 3393 licet
1029 3338 1299 3397 excellens
1340 3338 1613 3394 hominum
1654 3340 1934 3404 meritum,
1970 3341 2040 3395 sit
2069 3356 2163 3396 na-
2265 3356 2319 3403 et
2348 3347 2573 3401 armavit
2596 3387 2611 3411 ,
2638 3346 2835 3416 quippe
2866 3345 2953 3415 qui
2983 3361 3102 3400 cum
3136 3344 3355 3401 diabolo
3388 3344 3548 3398 iuerat
3569 3340 3757 3407 pugiun-

575 3436 709 3479 rurae
734 3426 855 3494 jura
882 3441 1204 3483 conservans
1227 3469 1241 3492 ,
1271 3429 1340 3482 sit
1369 3430 1543 3498 legum
1568 3427 1733 3499 jussis
1761 3428 2159 3497 obtemperans,
2263 3452 2373 3506 ιιυε,
2407 3440 2550 3495 velut
2578 3437 2894 3508 q:;1busdatn
2924 3437 3109 3497 armis,
3140 3436 3245 3491 hoc
3276 3445 3356 3491 est
3391 3430 3651 3503 prudentia,
3673 3439 3758 3479 con-

577 3514 799 3584 διηριεθι
844 3516 1031 3580 ﬁdem»
1074 3515 1334 3587 Ῐυεῑίίῖθω
1384 3524 1588 3584 lene“.
1626 3518 1851 3575 νίΐιυιθε
1890 3530 2159 3586 exerceat.
2263 3531 2416 3595 silio,
2450 3530 2687 3593 ratione,
2721 3529 2892 3583 fuerat
2926 3529 3297 3582 instruendus.
3344 3523 3550 3581 Addidit
3580 3523 3759 3590 prater?!

578 3606 799 3691 damnet
826 3605 973 3671 vitia,
1005 3615 1214 3675 peccata
1245 3607 1491 3677 repellat,
1519 3617 1689 3665 semet
1710 3610 2012 3680 exemplum
2044 3611 2163 3665 imi-
2265 3621 2433 3691 legem
2462 3636 2561 3688 qua
2597 3619 2688 3673 Dei
2726 3618 3050 3673 voluntatem
3081 3626 3434 3687 agnosceret,
3471 3623 3523 3670 el,
3553 3609 3651 3680 quid
3677 3618 3759 3658 con-

573 3688 811 3750 tantibus
840 3696 1106 3765 praebeat,
1138 3696 1396 3767 quidquid
1416 3700 1642 3767 gesserit
1670 3714 1853 3769 parum
1883 3711 1985 3769 est,
2011 3703 2161 3774 quid-
2267 3688 2521 3767 ιρξιιιιειιιί
2570 3710 2787 3767 evenire
2839 3718 3061 3780 posset,
3109 3709 3438 3764 addisceret.
3485 3703 3572 3768 Qui
3613 3694 3758 3770 quidm

572 3787 709 3857 quid
728 3787 943 3852 fecerit,
973 3787 1167 3842 minus.
1199 3788 1372 3844 Omne
1405 3788 1546 3845 enim
1584 3792 1835 3846 meritum
1877 3793 2036 3848 breve
2079 3805 2162 3850 est
2265 3803 2427 3858 homo
2469 3803 2744 3869 incautus,
2778 3802 2902 3857 dum
2938 3803 3054 3871 plus
3080 3802 3301 3857 diabolo
3330 3793 3758 3870 persuadentiquam

572 3882 973 3951 εοηινειιειῖοηε
1003 3880 1287 3938 ίιοηοΐυω·
1330 3882 1559 3938 Numen
1594 3884 1881 3951 δεηθηεῖὲί,
1910 3887 1953 3940 Si
1987 3895 2156 3955 Potes,
2265 3895 2376 3951 Deo
2396 3894 2609 3971 jubenti
2634 3893 2924 3960 consensit,
2957 3902 3010 3949 et
3031 3894 3109 3947 sic
3141 3893 3306 3947 vitam
3338 3906 3492 3963 quam
3520 3883 3757 3971 habuit

571 3984 628 4030 et
655 3984 778 4029 tunc
803 3975 1081 4030 considera
1112 3975 1253 4044 quod
1284 3976 1527 4031 mereris.
1575 3976 1706 4032 Cum
1748 3978 2021 4034 beneﬁt-iis
2050 3996 2157 4039 ωδ·
2262 3968 2432 4051 didit,
2484 3994 2538 4039 et
2588 3994 2811 4048 mortem
2860 3999 3018 4054 quam
3065 3983 3352 4053 ignorabat
3394 3978 3598 4047 accepit.
3638 3968 3760 4025 Stabat

571 4067 795 4123 testibus
834 4076 920 4121 tua
962 4067 1096 4123 facta
1127 4067 1425 4137 perpende,
1462 4082 1582 4123 cum
1620 4067 1811 4125 divinis
1851 4074 2160 4129 muneribus
2263 4074 2432 4129 Adam
2460 4074 2597 4128 inter
2624 4088 2841 4127 uxorem
2873 4081 2928 4127 et
2956 4070 3270 4137 diabolum,
3307 4072 3445 4125 inter
3479 4069 3620 4121 Evam
3641 4054 3759 4115 etho-

571 4171 725 4215 actus
746 4161 991 4229 proprios
1020 4159 1311 4225 meditare,
1344 4175 1443 4217 nec
1464 4161 1678 4232 dignum
1718 4171 1771 4219 te
1805 4162 2069 4233 iudicabis
2095 4181 2160 4221 eo
2262 4176 2420 4230 atem,
2449 4164 2588 4218 inter
2617 4163 2894 4217 mulierem
2919 4169 2973 4217 et
2998 4171 3336 4230 serpentem.
3366 4157 3593 4214 Diabolus
3616 4158 3760 4219 pem?“

570 4253 712 4322 quod
741 4250 923 4317 Pueris,
954 4252 999 4307 si
1029 4251 1293 4323 intelligas
1320 4253 1460 4323 quod
1501 4254 1746 4311 mereris.
1786 4254 1949 4326 igitur
1973 4256 2041 4312 de
2071 4258 2160 4313 he-
2262 4254 2351 4309 det
2381 4265 2437 4309 ut
2466 4266 2673 4321 noceat,
2704 4253 2808 4308 Eva
2838 4255 3102 4307 consentit
3132 4263 3188 4307 ut
3222 4261 3428 4322 pereat.
3465 4244 3670 4303 Diabolus
3688 4249 3761 4291 mu-

570 4342 777 4399 neﬁeiis
808 4342 1102 4397 innumeris
1132 4343 1306 4398 divina
1349 4344 1401 4399 iu
1443 4354 1493 4400 te
1531 4344 1726 4415 pietate
1771 4346 1978 4401 collatis
2022 4348 2160 4417 elige
2262 4345 2447 4401 lieretn
2484 4346 2676 4400 astutia
2716 4344 2931 4399 fallendi
2970 4344 3362 4409 circumvenit,
3415 4342 3587 4397 mulier
3619 4337 3761 4389 incaau

568 4435 710 4503 quod
757 4432 968 4488 libuerit
1015 4449 1212 4501 unum,
1260 4434 1385 4491 huic
1426 4445 1570 4491 tuum
1611 4438 1946 4509 compensari
1988 4449 2154 4494 totum
2190 4467 2240 4527 Β
2263 4424 2628 4504 serpentinum
2662 4436 2809 4490 virus
2830 4435 3056 4504 accepit.
3082 4434 3343 4490 Diabolus
3371 4432 3505 4505 quod
3531 4431 3762 4517 persenti“

569 4538 677 4577 non
723 4524 916 4592 peterit
963 4524 1232 4579 meritum.
1282 4526 1543 4581 Caeterum
1591 4527 1901 4583 obtunditur
1941 4544 2155 4597 sensus,
2194 4518 2231 4527 ⁷
2265 4528 2452 4595 potuit,
2487 4540 2580 4595 per
2608 4541 2829 4580 uxorem
2856 4525 3023 4587 Atiam
3056 4526 3449 4593 protoplastum
3480 4518 3759 4577 circumvenit.

571 4611 914 4667 coniunditur
941 4613 1180 4679 animus,
1212 4614 1433 4682 spiritus
1473 4618 1834 4684 perturbatur,
1871 4628 1925 4671 ut
1964 4621 2031 4673 ab
2062 4619 2158 4673 lto-
2261 4621 2429 4674 Adam
2467 4634 2593 4674 vero
2635 4636 2728 4688 per
2768 4634 2990 4685 llXOl‘elll
3033 4619 3238 4673 invenit
3290 4619 3582 4677 interitum,
3610 4612 3761 4679 quam

569 4700 719 4757 mine
761 4701 898 4756 Deus
940 4713 1210 4766 noscatur,
1253 4718 1351 4759 nec
1396 4702 1626 4759 humana
1659 4716 1907 4775 poterunt
1947 4710 2155 4776 pensari
2263 4708 2373 4765 Deo
2404 4717 2684 4779 acceperat
2712 4708 2766 4764 in
2802 4708 3082 4764 auxilium.
3113 4709 3261 4765 Proh
3289 4708 3479 4764 dolori
3517 4694 3763 4774 prosimilia

570 4794 848 4866 obsequia,
881 4795 925 4851 si
960 4794 1138 4850 divina
1171 4795 1759 4866 beneﬁciacompares.
1792 4809 1846 4853 et
1885 4809 2059 4854 tamen
2090 4801 2158 4858 de
2260 4801 2585 4855 contrarium
2612 4800 2827 4864 cedunt,
2855 4799 2997 4855 utilia
3030 4801 3329 4869 perniciem
3354 4804 3638 4869 operantur.
3659 4784 3761 4841 Deni-

569 4889 664 4946 illo
694 4891 963 4960 loquimur
990 4890 1076 4957 qui
1105 4898 1274 4944 semet
1312 4902 1533 4958 peccare
1573 4906 1676 4944 non
1709 4889 1923 4960 patitur,
1951 4893 2040 4960 qui
2068 4893 2156 4962 ju-
2261 4905 2364 4964 que
2388 4891 2507 4954 plus
2538 4891 2703 4945 Adam
2730 4891 3033 4947 domesticis
3061 4907 3220 4961 quam
3249 4891 3459 4947 inimici
3478 4885 3644 4961 jacolis
3667 4872 3762 4932 ladi-

569 4982 768 5038 dicittm
797 4997 909 5037 sua:
941 4981 1133 5036 mentis
1158 4983 1502 5047 examinans,
1534 4983 1809 5037 contendit
1834 4992 1891 5036 ut
1926 4983 2155 5052 placeat,
2267 4988 2370 5044 tur,
2411 4981 2528 5050 plus
2552 4982 2769 5050 proprio
2797 4995 2954 5051 quam
2999 4982 3179 5036 ltostili
3217 4996 3355 5038 ense
3394 4976 3656 5051 perimitur.
3686 4968 3762 5063 Ριιιξ

570 5084 629 5131 ut
658 5083 1023 5145 promereatur
1050 5073 1232 5139 instat,
1278 5084 1334 5128 ut
1370 5076 1569 5129 serviat
1604 5074 1863 5129 elaborat.
1891 5075 2154 5132 Caeterum
2262 5070 2498 5127 mulieris
2533 5086 2691 5141 quam
2732 5080 2957 5127 externo
3000 5072 3175 5140 gladio
3227 5073 3553 5128 vulneratur.
3594 5060 3764 5119 Accessi!

568 5179 727 5236 quem
764 5174 853 5218 aut
889 5179 1111 5235 peccare
1148 5165 1412 5231 delectat,
1454 5174 1547 5219 aut
1581 5165 1805 5233 propriae
1845 5172 2038 5222 mentis
2070 5184 2156 5223 se-
2260 5164 2400 5218 enim
2429 5178 2650 5232 serpens
2676 5162 2886 5216 subtilis
2919 5172 2975 5216 ut
3004 5161 3233 5228 falleret,
3264 5176 3323 5220 et
3356 5160 3597 5224 accessit,
3622 5166 3701 5208 non
3723 5151 3761 5197 ιιι

570 5255 753 5324 gnitia,
781 5264 873 5309 aut
901 5255 1279 5311 inconsiderati
1309 5265 1492 5323 actus,
1534 5265 1625 5310 aut
1664 5256 1868 5311 vanitas
1912 5257 2034 5312 vita:
2074 5258 2154 5314 sic
2258 5254 2397 5321 Viro,
2425 5256 2518 5310 sed
2543 5265 2599 5311 ut
2621 5257 2830 5313 mulieri
2860 5261 3227 5329 serpentinum
3261 5260 3409 5315 virus
3436 5247 3763 5327 inﬂigeret.Ac-

569 5346 840 5415 mancipat
865 5346 1032 5411 vitiis,
1075 5356 1132 5401 ut
1172 5347 1244 5401 sit
1280 5346 1503 5403 materia
1534 5344 1882 5414 delictorum,
1915 5349 2157 5405 minister
2259 5349 2440 5413 cessit,
2466 5347 2701 5417 inquam,
2731 5357 2786 5403 ut
2813 5333 2967 5403 unius
2989 5364 3257 5405 consensu
3286 5351 3497 5416 utrique
3520 5356 3679 5401 nocere
3700 5351 3762 5408 Ρο-

572 5440 878 5509 culparum,
913 5439 1257 5495 seminarium
1298 5448 1671 5508 peccatorum,
1705 5440 1774 5494 ita
1800 5449 1857 5495 ut
1881 5441 1932 5495 in
1962 5424 2022 5495 se
2050 5441 2153 5495 du-
2260 5443 2469 5495 luisset.
2502 5440 2606 5495 Sed
2643 5440 2741 5495 soli
2771 5440 3086 5509 persuadet,
3118 5441 3262 5509 quod
3293 5440 3547 5496 ambobus
3572 5436 3762 5491 obesset:

570 5528 693 5598 plex
724 5528 899 5584 scelus
923 5538 977 5584 et
1012 5531 1280 5600 geminum
1314 5529 1516 5585 crimen
1547 5530 1824 5597 admittat,
1858 5541 1908 5585 et
1937 5532 2027 5601 qui
2054 5532 2151 5587 de-
2259 5533 2495 5601 utrisque
2525 5516 2691 5586 abfuit
2721 5531 2859 5601 quod
2896 5531 3049 5585 unius
3077 5522 3324 5586 animum
3354 5528 3545 5587 malitia
3567 5514 3763 5592 serpentis

571 5617 675 5672 bita
709 5618 934 5674 Domino
970 5621 1239 5675 servitutis
1283 5634 1387 5675 non
1431 5621 1608 5676 reddit
1649 5622 1933 5692 obsequia,
1968 5630 2023 5678 et
2060 5624 2151 5693 qui
2255 5620 2456 5677 infecit.
2486 5621 2722 5691 Denique
2758 5620 3099 5676 consentiens
3131 5619 3331 5676 mulier
3360 5619 3480 5673 talis
3506 5617 3625 5671 circa
3644 5612 3763 5663 virum

572 5709 846 5766 innumera
905 5712 1159 5769 beneﬁcia
1209 5712 1481 5783 peccando
1530 5713 1648 5784 ejus
1695 5727 1918 5785 pensare
1963 5713 2149 5770 nititur
2254 5714 2486 5784 exstitit,
2516 5714 2726 5785 qualem
2755 5715 2895 5771 circa
2925 5712 3270 5771 se‘malitiam
3309 5711 3564 5783 serpentis
3596 5698 3758 5758 invenit.
