3956 6342
199 319 323 375 ιευο

1137 300 1598 363 ηυιιῐιιιίιῐιιυε.
1635 327 1705 340 -—
1742 292 1975 349 IIOMIL.
2016 291 2104 347 DE
2144 287 2492 347 TEIII’ORE.

3320 286 3459 347 IQIO

191 433 335 489 Adeo
365 442 615 501 persuasa
644 433 725 481 est
750 432 797 479 et
826 420 1109 493 persuasit,
1144 419 1332 473 infecta
1363 426 1445 472 est
1469 424 1523 470 et
1552 410 1755 471 infecit,
1789 409 1836 465 Α
1864 408 2049 461 cretio.
2081 405 2207 461 Haec
2235 404 2377 461 enim
2407 403 2515 458 duo
2548 407 2803 473 quantum
2844 400 3255 460 diffinitiouibus
3289 406 3460 464 diffe-

194 494 410 591 decepta
453 525 536 573 est
576 526 628 572 et
664 514 895 582 decepit.
934 513 1063 579 Quze
1102 510 1316 579 quidem
1354 505 1546 560 mulier
1588 504 1772 558 feritur
1871 509 2024 567 runt,
2070 508 2269 553 tantum
2300 497 2569 551 hominem
2607 496 2732 550 dum
2759 494 3060 567 junguntur
3089 498 3349 555 efficiunt.
3391 501 3461 558 Ut

192 611 453 671 sententia
489 606 722 677 duplici,
756 606 922 659 altera
962 600 1203 671 prepria,
1247 597 1413 652 altera
1453 593 1722 650 communi
1756 608 1770 645 :

192 705 435 779 propria,
468 717 568 771 qua
614 700 748 753 filios
788 711 974 766 parere
1014 695 1066 748 in
1112 692 1297 751 dolore
1343 695 1607 758 praecepta
1655 691 1770 750 est;

1871 592 2013 648 enim
2042 592 2093 645 in
2118 590 2225 645 vita
2254 589 2493 656 separari
2521 602 2625 643 non
2657 597 2908 657 possunt,
2936 588 3005 642 ita
3037 604 3304 660 nunquam
3332 592 3461 648 boni

1874 683 2105 753 malique
2148 681 2342 735 merito
2385 688 2727 747 separantur.
2774 679 2845 734 Ut
2882 678 3028 735 enim
3073 695 3181 735 non
3222 691 3402 755 potest
3431 698 3463 738 a

193 771 498 859 ;,on,mm,i’
531 804 634 861 qua
676 804 796 845 cum
837 789 952 841 νει-ο
994 785 1152 843 morti
1194 783 1402 837 addicta
1451 789 1552 834 εει.
1598 778 1775 831 Altera
1874 777 2115 845 corporis
2143 773 2296 829 bonis
2333 774 2543 827 animus
2574 771 2845 841 separari,
2876 773 2945 827 ita
2988 772 3056 826 ab
3093 775 3255 827 animi
3300 776 3459 831 malis

190 903 294 957 qua
333 883 567 953 serpenti
608 882 873 945 assensit,
914 877 1079 930 altera
1121 889 1222 944 qua
1263 873 1454 927 marito
1492 868 1776 937 persuasit.

192 955 270 1037 De
298 989 563 1031 consensu
599 971 740 1026 enim
778 968 831 1023 in
870 966 1060 1022 mortis
1099 965 1419 1019 sententiam
1456 958 1675 1021 incidit,
1712 955 1780 1011 de

191 1082 449 1138 persuasu
480 1065 532 1119 in
568 1063 756 1118 dolore
800 1060 937 1115 ﬁlios
970 1071 1161 1128 parere
1192 1051 1405 1109 meruit.
1444 1050 1593 1105 Hanc
1622 1049 1780 1117 igitur

191 1160 541 1223 sententiam,
570 1165 625 1211 et
654 1155 742 1224 qui
773 1168 878 1208 non
912 1150 1058 1206 novit
1077 1191 1092 1215 ,
1128 1148 1253 1202 dum
1286 1148 1483 1215 patitur
1508 1142 1697 1205 discit;
1726 1147 1782 1195 et

192 1249 283 1321 qui
314 1250 513 1314 nescit,
554 1247 681 1301 dum
723 1243 1041 1314 expungitur
1079 1239 1277 1304 sentit;
1327 1245 1383 1291 et
1424 1235 1511 1304 qui
1552 1234 1782 1302 ignorat,

197 1346 332 1400 dum
360 1342 633 1415 experitur
658 1337 915 1409 agnoscit.
949 1333 1086 1390 Proh
1117 1331 1300 1387 nefas!
1333 1334 1652 1397 praeceptum
1680 1323 1784 1377 Do-

192 1442 329 1501 mini
378 1437 758 1501 contemnitur,
813 1441 868 1489 et
919 1428 1195 1499 persuasio
1240 1422 1503 1494 serpentis
1551 1419 1783 1473 auditur.

196 1534 505 1604 Despicitur
529 1529 669 1587 Deus
698 1525 982 1597 providens
1003 1563 1017 1587 ,
1061 1530 1115 1576 et
1142 1530 1366 1586 serpens
1394 1514 1610 1568 auditur
1638 1510 1785 1564 deci-

192 1632 375 1699 piens.
416 1625 754 1694 Spernuntur
794 1616 1049 1674 salutaria
1092 1611 1327 1675 monita,
1369 1616 1425 1662 et
1462 1603 1790 1670 recipiuntur

192 1725 459 1773 venenata
476 1712 756 1784 colloquia.
774 1708 925 1764 Unde
941 1703 1204 1760 addicitur
1222 1703 1381 1756 homo
1398 1714 1461 1753 ex
1477 1707 1686 1752 contem
1698 1702 1787 1761 ptu

1877 883 2069 936 corpus
2098 882 2201 919 non
2236 873 2413 935 potest
2442 864 2739 919 dissociari.
2774 862 2833 919 Si
2872 865 3013 919 enim
3043 864 3096 919 in
3136 864 3229 920 Dei
3263 864 3465 935 judicio

1878 966 2119 1025 utraeque
2147 954 2459 1010 substantiae
2488 962 2580 1007 aut
2612 953 2874 1022 supplicio
2899 963 2989 1008 aut
3020 956 3243 1023 praemio
3273 969 3467 1023 expur-

1880 1061 2093 1120 gentur,
2117 1062 2213 1102 cur
2236 1062 2340 1100 non
2366 1056 2421 1101 et
2449 1044 2500 1099 in
2530 1046 2632 1099 isto
2657 1046 2855 1101 saeculo
2879 1048 3074 1114 pariter
3097 1055 3187 1101 aut
3216 1047 3469 1103 maestitia

1881 1150 1972 1196 aut
1998 1139 2176 1194 laetitia
2209 1137 2579 1207 perfruantur?
2606 1136 2758 1193 Unde
2782 1135 2912 1203 tibi,
2939 1136 3241 1193 Christiane
3260 1177 3276 1204 ,
3306 1152 3470 1194 excu-

1884 1233 2020 1287 satio
2051 1231 2191 1285 nulla
2218 1239 2318 1295 εει,
2352 1229 2440 1297 qui
2474 1238 2594 1298 post
2620 1226 2927 1284 servitutem
2959 1227 3214 1283 liberatus
3240 1242 3320 1293 es,
3354 1237 3474 1298 post

1889 1324 2253 1391 captivitatem
2300 1322 2640 1390 redemptus,
2688 1329 2808 1391 post
2852 1321 3191 1376 vexationem
3228 1328 3473 1389 curatus,

1886 1425 2007 1487 post
2057 1414 2328 1468 interitum
2377 1414 2657 1468 restitutus
2700 1430 2712 1465 :
2762 1414 2925 1467 habes
2974 1413 3025 1467 in
3076 1412 3295 1467 monitis
3333 1412 3475 1481 quod

1888 1521 2164 1569 exerceas,
2192 1507 2355 1560 habes
2376 1503 2617 1573 exempla
2640 1518 2759 1574 quas
2781 1505 2990 1558 timeas.
3020 1502 3189 1558 Adam
3211 1503 3352 1559 enim
3378 1516 3476 1556 nec

1891 1599 2152 1653 fallaciam
2184 1596 2381 1651 diaboli
2428 1603 2614 1661 notat,
2662 1609 2762 1650 nec
2789 1595 3001 1665 decepti
3036 1595 3349 1665 cujusquam
3390 1611 3479 1649 ca-

1894 1704 2011 1745 Sum
2040 1688 2350 1744 deﬂeverat.
2375 1686 2473 1754 Qui
2504 1687 2722 1757 quidem
2764 1684 2985 1741 forsitan
3017 1696 3200 1756 posset
3226 1686 3475 1752 evadere,

192 1809 385 1874 morti,
408 1808 497 1877 qui
528 1761 714 1861 mal-uit
738 1801 958 1856 obedire
982 1795 1237 1866 serpenti.
1267 1791 1578 1862 Spoliantur
1601 1786 1790 1857 gloria,
1824 1761 1870 1822 Β
1898 1781 2000 1835 nisi
2035 1780 2179 1848 prior
2207 1794 2326 1833 cum
2365 1779 2519 1833 hoste
2557 1778 2681 1833 dum
2723 1779 2962 1849 confligit
2996 1778 3355 1834 occumberet.
3405 1779 3483 1834 Te

191 1903 457 1973 dignitate
486 1899 778 1969 privantur,
814 1892 939 1948 facti
968 1897 1096 1945 sunt
1134 1886 1274 1955 quod
1305 1899 1410 1937 non
1446 1888 1634 1941 erant,
1667 1876 1795 1930 dum

190 1995 452 2049 amittunt
478 1988 618 2060 quod
657 1989 885 2042 fuerant.
922 1983 1071 2038 Adeo
1110 1978 1307 2051 gaudet
1352 1988 1574 2044 serpens
1606 1984 1795 2041 perpe-

192 2096 379 2149 trasse
406 2081 546 2153 quod
578 2079 764 2142 voluit,
789 2077 999 2131 laetatur
1023 2071 1289 2126 hominem
1314 2066 1623 2137 peremisse,
1652 2061 1796 2134 quod

193 2173 431 2244 optavit.
474 2169 715 2226 Exsultat
754 2165 972 2221 malitia:
1012 2161 1233 2217 effectus
1262 2157 1495 2212 hominis
1529 2153 1799 2222 deceptio-

194 2281 331 2331 nem
372 2263 639 2332 implesse.
679 2257 746 2312 Et
784 2257 953 2311 nescit
997 2252 1183 2308 infelix
1224 2251 1565 2303 vulneratum
1606 2252 1797 2311 semet,

193 2356 332 2412 dum
347 2356 622 2416 vulnerat;
643 2345 1094 2405 trucidatumdum
1118 2341 1363 2404 trucidat,
1379 2340 1502 2397 dum
1529 2337 1798 2391 hominem

196 2449 456 2520 perimit,
498 2446 734 2515 seipsutn
782 2456 901 2497 esse
946 2445 1299 2509 peremptum.
1332 2433 1689 2487 Contristatus
1719 2439 1803 2485 est

198 2544 353 2597 Deus
402 2539 671 2594 hominem
720 2533 1036 2590 sententiam
1086 2531 1277 2585 mortis
1312 2523 1505 2601 [ante]
1541 2524 1802 2580 meruisse

197 2650 372 2708 quam
402 2634 554 2699 vita),
596 2630 860 2686 meruisse
897 2624 1165 2685 interitum
1198 2636 1356 2691 quam
1393 2619 1651 2686 salutem,
1688 2617 1803 2686 glo-

196 2731 346 2791 riam
395 2724 786 2794 contempsisse
826 2734 983 2790 quam
1028 2724 1288 2779 mortem,
1332 2710 1426 2767 sed
1466 2721 1641 2768 tamen
1684 2708 1803 2777 plus

196 2819 417 2883 malitia
446 2817 715 2887 serpentis
746 2828 905 2884 quam
949 2809 1182 2865 hominis
1219 2811 1528 2872 contemptu
1557 2814 1798 2855 commo-

199 2922 297 2966 tus
320 2917 435 2975 est,
468 2908 584 2977 plus
628 2904 888 2960 fallaciam
932 2900 1128 2955 diaboli
1168 2912 1329 2967 quam
1374 2893 1607 2949 hominis
1646 2892 1805 2959 perfi—

197 3001 355 3055 diam
405 2997 724 3053 denotavit:
771 2994 905 3048 adeo
954 2991 1211 3046 Dominus
1260 2988 1401 3042 Deus
1448 2995 1502 3039 et
1543 2984 1802 3038 saevitiam

199 3097 524 3151 exsecratus
556 3096 637 3142 est
668 3086 869 3150 hostis,
902 3093 956 3138 et
986 3095 1170 3136 casum
1203 3079 1490 3133 miseratus
1519 3085 1601 3129 est
1629 3074 1805 3128 homi-
1837 3111 1882 3175 Ο

200 3184 298 3237 nis
331 3196 346 3234 :
378 3178 747 3233 crudelitatem
784 3175 951 3229 hostis
978 3172 1284 3236 exhorruit,
1316 3176 1371 3223 et
1400 3169 1682 3237 deceptum
1710 3166 1806 3219 ho-

200 3274 419 3330 minem
447 3281 669 3343 paterna
703 3269 897 3336 pietate
938 3263 1236 3327 condoluit,
1290 3260 1486 3315 inimici
1532 3258 1809 3312 atrocitate

198 3348 493 3437 permotus
526 3371 642 3428 est,
680 3369 735 3415 et
760 3357 1030 3414 hominem
1070 3354 1361 3410 clementer
1391 3351 1563 3406 doluit
1590 3349 1680 3418 qui
1716 3348 1809 3402 de-

198 3467 406 3528 ceptus
434 3466 538 3511 est.
568 3455 811 3523 Denique
850 3448 1111 3506 Dominus
1151 3447 1327 3512 Deus,
1359 3445 1459 3501 Ubi
1489 3458 1579 3510 es,
1614 3442 1806 3512 inquit,

200 3547 429 3615 Adam?
471 3545 554 3602 Ad
598 3542 992 3598 confessionem
1039 3548 1293 3609 provocat
1330 3539 1453 3592 dum
1496 3537 1806 3605 interrogat.

205 3640 349 3697 Vult
386 3652 507 3697 eum
553 3635 705 3690 fateri
735 3641 1041 3707 peccatum,
1074 3631 1198 3687 dum
1238 3629 1306 3683 ab
1346 3644 1412 3683 eo
1452 3627 1674 3697 inquirit
1717 3626 1813 3680 ad-

202 3736 471 3796 missum.
502 3729 701 3798 Quaerit
730 3727 997 3793 misereri,
1021 3726 1143 3781 dum
1172 3739 1292 3779 cum
1320 3736 1415 3777 reo
1440 3722 1505 3776 de
1526 3722 1678 3790 culpa
1704 3720 1813 3774 col-

202 3826 477 3896 loquitur.
528 3823 749 3878 Veniam
807 3822 1033 3890 cogitat,
1080 3815 1170 3887 qui
1221 3829 1436 3872 causam
1496 3820 1814 3877 contemptae

203 3918 363 3988 legis
404 3918 629 3975 incusat.
665 3912 923 3983 Objurgat
952 3912 1159 3977 culpam
1182 3947 1199 3975 ,
1237 3916 1294 3959 ut
1323 3904 1488 3975 possit
1520 3904 1817 3959 retribuere

205 4008 437 4067 veniam
460 4048 476 4072 ,
503 4015 561 4060 ut
589 4019 723 4075 quos
753 4002 985 4058 formare
1014 3998 1325 4054 instruendo
1356 4013 1460 4051 non
1492 3996 1694 4066 potuit,
1725 4009 1819 4050 eos

206 4101 400 4174 possit
427 4098 728 4155 confitendo
761 4091 1315 4165 purgarezaccipiunt
1359 4091 1667 4144 indumenta
1708 4089 1820 4157 pel-

206 4197 397 4259 Iicea,
430 4202 487 4247 ut
514 4193 601 4261 qui
630 4188 858 4245 confessi
896 4188 1007 4257 jam
1045 4186 1298 4240 delictum
1340 4182 1577 4247 fuerant,
1608 4180 1817 4234 veniant

209 4285 406 4341 cultus
437 4281 736 4335 humilitate
769 4277 1127 4347 perciperent.
1151 4273 1397 4328 Ostendit
1429 4272 1685 4325 Dominus
1706 4270 1823 4338 qui-

208 4379 336 4435 bus
364 4374 554 4431 ofﬁciis
584 4372 787 4442 possint
814 4369 1006 4425 delicta
1053 4365 1296 4438 purgari,
1342 4362 1577 4420 ostendit
1614 4362 1824 4416 confes-

211 4469 387 4525 sione
432 4474 487 4522 et
530 4463 871 4519 deformitate
909 4465 1084 4515 cultus
1124 4459 1335 4514 veniam
1378 4471 1535 4526 posse
1572 4454 1824 4512 facillime
1854 4468 1903 4529 ι)

212 4556 534 4627 impetrari.
569 4555 638 4618 Ut
673 4555 817 4618 enim
849 4552 1183 4607 contumacia
1214 4559 1297 4605 est
1331 4549 1512 4605 celare
1538 4547 1677 4615 quod
1712 4547 1821 4602 Deo

213 4658 375 4706 teste
404 4646 766 4712 commiseris,
798 4646 875 4698 sic
912 4643 1270 4714 periculosum
1308 4641 1352 4695 si
1398 4639 1683 4709 splendore
1711 4638 1823 4694 cul-

215 4751 324 4797 tus
350 4737 511 4792 animi
543 4734 900 4791 innocentiam
925 4732 1220 4787 mentiaris.
1244 4731 1413 4785 Nemo
1439 4730 1636 4799 itaque,
1667 4744 1827 4784 nemo

216 4836 582 4901 peccatorum
628 4827 755 4881 vitia
794 4823 1079 4894 desperata
1121 4821 1303 4877 ltetltia
1343 4830 1622 4889 contegat,
1667 4835 1827 4875 nemo

216 4918 441 4979 infecto
466 4918 673 4974 delictis
702 4918 886 4971 animo
914 4912 1359 4972 dissimulationis
1384 4914 1531 4968 virus
1563 4913 1824 4970 infundat.

221 5012 423 5071 Animi
451 5013 607 5078 vitia,
639 5012 880 5079 corporis
909 5022 1140 5064 mcerore
1170 5014 1555 5063 monstrentur.
1588 5005 1643 5060 Si
1670 5019 1827 5061 vexa-

223 5119 332 5164 tus
357 5116 442 5163 est
466 5106 699 5172 animus,
729 5104 909 5173 lugeat
938 5115 1132 5170 corpus
1151 5143 1166 5169 ,
1192 5098 1439 5167 quoniam
1469 5097 1679 5167 quoties
1706 5111 1829 5151 cor-

223 5213 348 5272 pus
372 5198 425 5253 in
448 5212 609 5254 causa
638 5203 751 5261 est,
782 5194 991 5248 animus
1022 5192 1273 5247 minstitia
1300 5188 1643 5243 condolescit.
1674 5187 1831 5241 Certe

222 5288 408 5362 quale
436 5299 518 5344 est
538 5285 779 5357 corporis
805 5284 929 5339 vitia
963 5282 1080 5339 sine
1107 5281 1268 5336 animi
1309 5282 1681 5350 compassione
1713 5291 1833 5333 esse

229 5394 362 5438 non
393 5393 568 5449 posse,
596 5379 701 5433 tale
728 5386 812 5433 est
840 5375 1002 5430 animi
1025 5374 1150 5429 vitia
1174 5374 1292 5428 sine
1321 5372 1558 5442 corporis
1584 5384 1832 5439 compas-

226 5470 407 5528 sione
446 5485 549 5525 non
588 5465 806 5539 privari.
851 5466 1059 5521 Pariter
1096 5464 1500 5529 contristentur,
1543 5473 1599 5517 ut
1628 5463 1837 5517 veniam

232 5562 455 5631 pariter
495 5565 909 5627 consequantur,
946 5556 1193 5628 quoniam
1241 5566 1495 5627 utrosque
1542 5555 1697 5611 simul
1746 5565 1842 5610 aut

230 5650 521 5711 beneﬁcio
551 5650 740 5715 foveri,
770 5657 861 5702 aut
891 5648 1082 5719 injuria
1112 5648 1291 5703 vexari
1328 5660 1547 5702 necesse
1582 5655 1685 5700 est.
1730 5644 1840 5701 Nec

238 5745 405 5805 enim
444 5745 587 5803 aliud
632 5743 794 5801 homo
826 5749 908 5800 est
943 5756 1098 5810 quam
1139 5740 1381 5813 corporis
1415 5738 1683 5812 animique
1714 5752 1843 5795 con-

1891 1872 1999 1942 jam
2031 1871 2249 1925 instruit
2279 1869 2552 1934 Dominus,
2584 1868 2673 1923 tibi
2705 1877 2975 1937 gestorum
3004 1869 3247 1937 exempla
3286 1882 3483 1938 propo-

1897 1965 2024 2021 suit.
2057 1963 2222 2028 Ecce,
2249 1963 2460 2033 inquit,
2488 1977 2641 2016 sanus
2671 1964 2838 2029 factas
2865 1976 2937 2025 es,
2970 1960 3077 2013 noli
3094 1963 3215 2032 jam
3255 1975 3483 2028 peccare,

1898 2071 1962 2110 ne
1983 2054 2105 2124 quid
2136 2054 2225 2106 tibi
2255 2053 2475 2106 deterius
2495 2052 2589 2121 ﬁat
2616 2049 2807 2123 (Joan.
2830 2050 2916 2120 v).
2948 2049 3104 2118 Noli,
3134 2048 3335 2119 inquit,
3364 2064 3486 2119 pec-

1900 2158 2023 2200 care
2057 2153 2175 2213 post
2202 2145 2449 2209 veniam,
2496 2142 2606 2196 noli
2650 2140 2921 2197 vulnerari
2971 2150 3091 2209 post
3128 2154 3340 2206 curam,
3382 2138 3488 2194 noli

1900 2234 2165 2291 sordidari
2198 2245 2317 2303 post
2346 2234 2589 2304 gratiam.
2621 2232 2804 2303 Cogita
2825 2274 2842 2300 ,
2876 2233 3066 2303 inquit,
3096 2247 3129 2288 o
3154 2233 3332 2299 homo,
3360 2246 3488 2302 gra-

1900 2341 2106 2382 vrorem
2138 2328 2346 2396 culpam
2379 2340 2500 2382 esse
2527 2335 2645 2395 post
2673 2327 2879 2380 veniam
2902 2367 2917 2392 ,
2951 2332 3267 2380 renovatum
3297 2324 3489 2379 vulnus

1902 2417 2055 2489 pejus
2081 2418 2269 2474 dolere
2299 2426 2416 2487 post
2452 2432 2666 2482 curam,
2693 2415 2969 2471 molestius
3006 2414 3277 2471 hominem
3316 2416 3493 2471 sordi-

1903 2511 2016 2565 dari
2063 2520 2181 2580 post
2222 2509 2469 2578 gratiam.
2512 2509 2691 2574 Quare
2731 2507 3079 2578 indulgentia:
3108 2508 3347 2576 ingratus
3386 2518 3492 2573 εει,

1903 2601 1994 2671 qui
2028 2610 2145 2670 post
2174 2600 2385 2655 veniam
2418 2609 2633 2670 peccat;
2676 2600 2904 2654 sanitate
2949 2598 3197 2669 indignus
3240 2607 3357 2664 est,
3402 2598 3495 2669 qui

1905 2694 2255 2762 semetipsum
2287 2702 2565 2763 postquam
2590 2702 2806 2748 curatus
2828 2703 2909 2747 est
2936 2694 3199 2758 vulnerat,
3229 2707 3328 2748 nec
3348 2709 3496 2747 mune

1906 2783 2023 2839 dari
2061 2795 2297 2839 meretur
2325 2785 2418 2854 qui
2453 2785 2794 2854 semetipsum
2837 2793 2956 2853 post
2982 2787 3205 2855 gratiam
3236 2785 3495 2841 sordidat.

1908 2876 2079 2932 Porro
2108 2877 2196 2945 qui
2229 2886 2348 2945 post
2375 2875 2761 2931 absolutionem
2800 2893 2903 2932 non
2933 2886 3148 2946 peccat,
3176 2887 3412 2931 meretur
3439 2883 3497 2930 et

1911 2967 2221 3036 praemium;
2257 2968 2344 3036 qui
2376 2976 2493 3036 post
2521 2980 2706 3020 curam
2730 2975 2918 3021 cautus
2956 2975 3072 3031 est,
3104 2966 3349 3022 sanitatis
3381 2981 3498 3037 pos-

1911 3059 2049 3114 sidet
2075 3059 2299 3125 donum;
2330 3064 2419 3128 qui
2447 3059 2667 3129 gratiam
2699 3059 2918 3113 illmsam
2950 3061 3200 3123 tenuerit,
3224 3061 3497 3116 aeternita—

1916 3152 1983 3206 tis
2011 3151 2237 3220 accipiet
2261 3165 2508 3220 regnum.
2533 3149 2708 3204 Grave
2733 3159 2809 3203 est
2834 3150 2975 3204 enim
2999 3149 3269 3205 hominem
3300 3150 3498 3204 instru-

1909 3254 2054 3299 etum
2100 3244 2448 3314 delinquere,
2488 3242 2704 3311 gravius
2745 3242 2853 3310 jam
2904 3240 3205 3296 absolutum
3255 3256 3497 3308 peccare.

1909 3337 2078 3392 Servo
2096 3334 2264 3405 'pejor
2292 3342 2377 3388 est
2406 3333 2495 3403 qui
2529 3342 2807 3403 patronum
2840 3340 2959 3401 post
2992 3332 3168 3386 datam
3197 3332 3500 3387 libertatem

1910 3428 2153 3484 offendit.
2182 3425 2464 3482 Beneficiis
2486 3424 2721 3494 ingratus
2744 3435 2854 3491 est,
2884 3424 2973 3495 qui
3002 3425 3243 3479 datorem
3274 3424 3501 3479 tumoris

1911 3519 2216 3590 arrogantia
2255 3517 2502 3587 despicit.
2546 3517 2722 3583 Quare
2759 3528 2850 3571 aut
2883 3518 3107 3571 salutem
3152 3515 3221 3571 de
3257 3516 3505 3585 exemplo

1913 3613 2155 3681 acquire,
2188 3618 2279 3664 aut
2306 3610 2375 3665 de
2398 3609 2671 3664 consortio
2698 3608 2926 3663 similem
2953 3607 3272 3661 sententiam
3301 3615 3503 3672 metue,

1915 3720 1983 3760 ne
2016 3718 2262 3759 severum
2303 3701 2506 3757 sentias
2531 3700 2765 3771 judicem
2785 3740 2800 3765 ,
2828 3699 2914 3769 qui
2946 3698 3229 3769 benignum
3260 3709 3505 3754 conteru-

1917 3797 2087 3868 pseris
2113 3808 2507 3866 persuasorem.

2389 3884 2734 3941 IIOMILIA
2795 3882 3029 3938 LXIII.

2492 3992 2559 4031 DE
2596 3991 2941 4032 CUPIDITATB.

2164 4071 2269 4142 (Ex
2302 4069 2436 4139 Opp.
2470 4069 2637 4123 sancti
2668 4068 2938 4122 Ambrosii
2977 4065 3267 4136 Autperti.)
3350 4126 3357 4131 _

1995 4164 2315 4219 Sanctorum
2364 4160 2681 4224 ecclesiam,
2726 4167 2829 4215 etc.
2885 4158 3103 4228 Reliqua
3152 4158 3334 4211 videsis
3382 4156 3510 4209 inter

1927 4255 2098 4323 Opera
2138 4255 2304 4308 sancti
2341 4253 2607 4323 Autperti,
2659 4249 2973 4322 l’utrofogite
3016 4258 3150 4303 tomo
3192 4243 3507 4310 LXXXIX,

1927 4348 2025 4401 σοι.
2057 4346 2216 4402 1278.

2464 4438 2745 4495 IIOMILIA
2788 4434 2978 4492 LXIV.
3073 4450 3079 4455 ‘

2323 4548 2372 4588 IN
2411 4547 2657 4587 DOMINICA
2700 4542 3157 4593 ρυιΝρηΑοεειιω.

2140 4628 2239 4702 (Ex
2272 4630 2409 4697 Opp.
2442 4625 2582 4681 beati
2609 4624 2852 4694 Gregorii
2886 4621 3058 4691 Magni
3099 4618 3296 4689 papae.)

2002 4724 2068 4778 In
2115 4723 2208 4776 illo
2260 4730 2482 4788 tempore
2527 4716 2798 4784 assumpsit
2843 4713 2994 4768 Iesus
3042 4712 3312 4765 duodecim
3358 4708 3514 4763 disci-

1930 4818 2080 4888 pulos
2124 4828 2244 4868 suos
2289 4820 2335 4865 et
2375 4810 2448 4863 ait
2486 4807 2589 4863 illis
2624 4823 2642 4859 :
2672 4805 2805 4861 Ecce
2850 4804 3169 4860 ascendimus
3216 4800 3517 4868 Hierosoly-

1931 4925 2089 4974 mam,
2117 4915 2222 4960 etc.
2270 4901 2424 4975 (Luc.
2453 4900 2633 4971 svnt).

2006 4998 2335 5067 Redempter
2363 5002 2566 5056 noster,
2597 5001 2704 5048 etc.
2748 4990 2967 5061 Reliqua
3007 4988 3191 5043 videris
3222 4985 3363 5055 apud
3395 5001 3518 5039 san-

1937 5100 2073 5145 ctum
2115 5088 2455 5158 Gregorium,
2524 5086 2750 5152 Operam
2796 5085 2909 5153 ejus
2972 5091 3109 5134 tomo
3154 5077 3240 5143 II,
3272 5076 3519 5131 Patrolo-

1936 5184 2034 5254 gite
2064 5180 2211 5235 LXX
2230 5179 2327 5248 γι,
2356 5180 2455 5234 σοι.
2486 5175 2643 5232 ωδε.

2492 5267 2769 5323 HOMILIA
2809 5263 2970 5320 LXV.

2435 5376 2501 5414 DE
2541 5374 2718 5414 EADEI!
2757 5371 3028 5411 DOMINICAo

2109 5455 2186 5510 De
2216 5456 2318 5525 ﬁde
2344 5452 2604 5507 Abraham
2639 5460 2683 5504 et
2716 5450 2779 5503 de
2806 5447 3158 5503 immolatione
3181 5443 3354 5499 Isaac.

2167 5545 2269 5617 (Ex
2294 5542 2433 5612 Opp.
2466 5541 2608 5596 beati
2634 5538 2857 5596 Joannis
2886 5536 3300 5608 Chrysostomi.)

2016 5636 2177 5694 Fides
2228 5644 2311 5693 est
2359 5632 2633 5705 religionis
2687 5630 3043 5687 sanctissimae
3090 5626 3519 5688 fundamentum,

1945 5732 2219 5793 charitatis
2245 5728 2534 5798 vinculum,
2586 5723 2785 5782 amoris
2824 5720 3139 5781 subsidium.
3173 5720 3296 5777 Haec
3326 5716 3512 5774 sancti-
