3972 6340
544 248 677 304 {illi

1398 253 1598 311 PAULI
1642 251 1911 315 DiACONi
1951 247 2102 306 ΟΡΡ.
2148 246 2321 302 PARS
2362 246 2422 301 ll.
2466 277 2536 292 --
2578 247 2937 306 ASCETICA.

3602 263 3697 326 ηιξ

541 382 699 430 tatem
728 371 922 440 ﬁrmat,
955 373 1252 429 castitatem
1284 377 1520 446 roborat,
1549 376 1832 447 dignitates
1862 382 2102 431 exornat.
2138 372 2185 431 A
2212 384 2354 439 nem,
2380 381 2431 426 et
2460 382 2708 429 manente
2736 370 3034 428 senectutis
3057 378 3234 434 rotate,
3257 368 3482 439 juvenilia
3508 390 3700 443 geruntur

538 463 593 531 l_n
626 462 805 533 pueris
844 464 1108 533 splendet,
1139 467 1191 522 in
1226 467 1510 536 juvenibus
1541 470 1716 531 ﬁoret,
1755 469 1805 523 in
1853 470 2120 538 provectis

537 566 777 624 apparet.
826 555 1100 612 Gubernat
1138 575 1334 627 sexus,
1377 566 1574 632 gradus
1630 564 1895 632 provehit,
1941 563 2117 619 ofﬁcia

535 654 730 701 cuncta
771 646 1028 703 custodit.
1072 648 1130 702 lu
1165 665 1400 720 paupere
1442 661 1589 721 grata
1620 661 1724 720 est,
1769 654 1820 708 in
1863 654 2129 713 mediocri

537 736 748 810 la:ta,_in
774 737 1039 806 locuplete
1065 740 1310 797 honesta.
1329 742 1486 796 Fides
1511 743 1771 798 amicitias
1795 755 1994 808 servat,
2011 745 2122 801 col-

535 826 671 897 l,egia
717 830 955 899 copulat,
1000 841 1144 887 artes
1184 834 1552 901 commendat.
1604 836 1816 891 Nullum
1867 838 2116 907 despicit,

533 920 737 983 nullum
769 923 1084 990 contemnit,
1115 924 1243 978 nulli
1274 925 1449 993 deest,
1481 927 1584 981 nisi
1625 930 1713 997 qui
1763 928 1812 983 ei
1857 928 1995 983 forte
2025 928 2119 984 de—

534 1014 716 1071 fuerit.
749 1016 907 1071 Fides
941 1018 1190 1073 mandata
1239 1027 1407 1085 tenet,
1439 1030 1705 1089 pratcepta
1754 1030 1951 1087 servat,
2000 1036 2121 1090 pro-

533 1106 697 1160 missa
743 1106 1025 1162 conﬁrmat
1059 1108 1463 1181 [consummat].
1500 1110 1657 1165 Fides
1689 1111 1977 1167 fami‘iares
2004 1110 2122 1167 efﬁ-

440 1222 443 1225 λ
534 1198 609 1251 cit
663 1198 797 1266 Deo,
850 1199 1056 1255 amicos
1123 1203 1400 1261 constituit
1456 1202 1694 1257 Christo.
1742 1202 1925 1268 Ne'rue
1976 1204 2116 1269 enim

530 1288 813 1357 quisquam
846 1288 963 1344 ﬁdei
997 1294 1256 1359 promissa
1282 1293 1560 1362 percipiet,
1593 1294 1692 1347 nisi
1726 1293 2116 1364 professionem

529 1381 738 1435 actibus
783 1391 989 1449 servet;
1024 1392 1116 1437 aut
1147 1384 1488 1453 praemiorum
1534 1394 1708 1455 potest
1753 1400 1975 1457 compos
2001 1387 2119 1447 exi-

528 1482 696 1538 stere,
742 1474 830 1542 qui
878 1476 1194 1543 promissam
1229 1476 1386 1532 ﬁdem
1426 1492 1749 1535 conservare
1780 1479 2029 1546 noluerit,
2060 1490 2120 1544 ut

526 1560 631 1631 jam
656 1571 748 1616 aut
776 1565 1007 1633 impleta:
1039 1567 1157 1622 ﬁdei
1184 1583 1391 1624 merces
1426 1568 1628 1625 homini
1658 1583 2113 1640 recompensetnr,

529 1662 625 1707 aut
656 1654 866 1713 violata:
900 1672 1056 1725 pmna
1096 1669 1410 1728 competens
1461 1660 1743 1717 tribuatur.
1778 1662 1945 1734 Hujus
1989 1663 2112 1727 ﬁdei

2225 476 2255 514 a
2281 473 2469 529 matre.
2505 462 2745 531 Denique
2773 461 3064 526 blanditur,
3096 460 3261 521 nutrit
3293 468 3342 514 et
3368 462 3519 528 lactat,
3544 477 3584 521 et
3606 482 3699 524 con.

2221 556 2497 621 sequentia
2542 555 2776 621 complet
2821 553 2997 613 ofﬁcia
3022 594 3034 613 ,
3065 566 3183 621 ane
3216 548 3318 619 jam
3355 551 3541 607 forsitan
3570 557 3705 616 obliri.

2221 656 2483 714 sceretnr,
2529 646 2573 699 si
2604 661 2703 701 suo
2734 655 2975 714 tempore
3009 643 3153 699 Sara:
3184 657 3361 712 parere
3386 646 3705 705 concederetur.

2220 735 2370 791 Tunc
2402 736 2609 791 locutus
2637 746 2720 791 est
2749 736 3008 791 Dominus
3031 734 3097 789 ad
3129 734 3408 796 Abraham,
3434 736 3586 793 dicens
3611 743 3709 798 :Ac-

2220 828 2336 898 cipe
2367 827 2530 893 [ilium
2562 837 2702 891 tuum
2731 844 2880 898 quem
2904 827 3096 905 diligis,
3131 823 3303 890 Isaac,
3330 836 3375 880 et
3401 832 3511 881 vade
3530 831 3573 883 in
3597 846 3709 888 unum

2222 920 2507 983 montium,
2554 930 2608 973 et
2642 918 2779 975 oﬁ‘er
2823 917 2952 973 mibi
3001 918 3148 972 illum
3198 915 3259 975 in,
3300 919 3712 993 Sacriﬁcitim(6en.

2226 1012 2381 1077 xm).
2434 1010 2555 1069 Mox
2592 1012 2863 1066 Abraham
2916 1019 3022 1066 tam
3073 1010 3319 1066 celeriter
3363 1011 3571 1066 decernit
3598 1015 3713 1083 jussis

2221 1104 2527 1165 cmlcsﬁbus
2556 1118 2675 1159 esse
2706 1104 2999 1173 parendum
3028 1118 3191 1173 quam
3224 1100 3393 1156 fuerat
3415 1103 3629 1159 divinitus
3648 1106 3717 1160 itu-

2224 1205 2485 1261 peratum.
2513 1194 2807 1249 Verebatur
2830 1196 2971 1261 enim
3000 1209 3068 1252 ne
3096 1203 3275 1247 votum
3304 1209 3443 1247 mora
3470 1193 3715 1263 offenderet,

2222 1298 2310 1341 ant
2352 1286 2650 1355 jussionem
2684 1287 2905 1355 tarditas
2936 1285 3247 1357 impediret.
3281 1285 3497 1353 Denique
3533 1298 3719 1355 properat

2220 1379 2363 1447 quod
2387 1379 2595 1446 jussum
2623 1388 2706 1435 est
2750 1379 3028 1447 perﬁcere,
3061 1376 3282 1433 festinat
3309 1377 3439 1447 quod
3470 1388 3718 1445 prmceptum

2222 1481 2305 1533 est
2347 1470 2662 1541 adimplere.
2700 1470 2819 1527 Fuit
2845 1472 2990 1527 enim
3022 1470 3178 1525 laztus
3205 1483 3323 1522 cum
3352 1483 3466 1522 eum
3501 1469 3723 1537 acciperet,

2223 1562 2398 1625 [tutior
2426 1579 2547 1618 cum
2590 1580 2713 1619 eum
2766 1562 3148 1618 immolandum
3190 1562 3441 1623 Dominus
3480 1560 3721 1631 postularet.

2222 1654 2470 1711 Ostendit
2521 1655 2791 1721 Abraham
2841 1654 3221 1709 charissimum
3280 1652 3481 1721 quidem
3523 1651 3605 1705 sibi
3640 1666 3723 1707 esse

525 1744 593 1799 ab
618 1746 889 1800 Abraham
921 1748 1179 1803 ducamus
1204 1727 1505 1820 exordium,
1538 1753 1626 1819 qui
1655 1767 1778 1808 cum
1812 1727 2110 1811 invexcidua

2220 1744 2408 1808 ﬁlium,
2441 1746 2533 1801 sed
2564 1746 2731 1801 multo
2759 1747 3059 1815 citeriorem
3092 1745 3203 1799 ﬁlio
3234 1743 3455 1798 existere
3490 1744 3721 1796 Dominum.

521 1836 845 1893 constitutus
888 1848 1066 1901 aetate,
1103 1840 1269 1895 ﬁlium
1302 1857 1329 1895 a
1362 1842 1472 1896 Deo
1518 1845 1841 1911 promissum
1886 1861 1945 1907 se
1988 1862 2111 1903 cre-

523 1926 678 1983 deret
700 1939 1069 1998 accepturum,
1097 1941 1148 1987 et
1180 1932 1301 1987 ﬁdei
1333 1934 1561 2002 pretium
1594 1935 1645 1990 in
1673 1936 1781 1991 ﬁlio
1812 1938 2111 2007 conspexit,

524 2029 581 2076 et
602 2022 652 2075 in
684 2022 955 2078 stellarum
984 2039 1133 2080 suam
1161 2027 1398 2083 sobolem
1423 2043 1701 2084 numerum
1727 2029 2112 2084 redundantem

523 2112 630 2167 ﬁde
659 2115 990 2183 comparavit
1018 2117 1229 2173 eadem.
1264 2118 1503 2189 Denique
1540 2136 1676 2175 unus
1707 2120 1848 2175 ﬁlius
1879 2120 2112 2181 Abrahae

526 2214 855 2283 exoptatur,
905 2216 959 2262 et
1015 2209 1273 2265 immensa
1323 2211 1372 2265 ei
1423 2212 1706 2269 multitudo
1758 2215 2109 2283 promittitur.

527 2293 790 2352 Solatium
845 2298 1003 2354 unius
1046 2301 1272 2355 harredis
1324 2303 1680 2372 conquiritur,
1711 2314 1767 2360 et
1808 2306 2114 2361 innumera-

522 2387 648 2443 bilis
700 2388 915 2445 soboles
970 2391 1288 2448 destinatur.
1333 2392 1547 2461 Nescis,
1596 2396 1764 2464 inquit
1820 2397 2109 2469 Dominus,

524 2479 701 2533 nescis
742 2479 1008 2536 Abraham
1033 2484 1158 2553 quid
1189 2483 1511 2542 destinatum
1547 2488 1618 2543 sit
1642 2489 1757 2552 tibi,
1778 2490 1871 2546 sed
1910 2490 2113 2547 idcirco

526 2570 702 2633 nescis
745 2574 869 2641 quia
915 2575 1059 2642 quod
1112 2580 1373 2631 merearis
1422 2595 1526 2634 non
1584 2579 1829 2651 respicis.
1879 2582 2107 2638 Tantum

522 2663 665 2719 enim
697 2663 765 2718 de
792 2680 879 2721 me
912 2678 996 2719 tua
1048 2669 1240 2723 meruit
1284 2671 1437 2736 ﬁdes,
1470 2680 1672 2727 tantum
1715 2683 1801 2728 tua
1852 2676 2108 2744 obsequia

520 2755 828 2822 valuerunt,
878 2764 935 2811 ut
980 2767 1033 2813 et
1082 2759 1209 2828 quid
1259 2760 1535 2818 desideres
1576 2766 1774 2832 norim,
1827 2776 1881 2819 et
1932 2766 2110 2822 facere

519 2847 661 2915 quod
694 2848 923 2906 mereris
949 2849 1300 2906 decreverim.
1348 2853 1586 2922 Namque
1629 2855 1720 2909 tibi
1765 2866 2015 2919 nascetur
2045 2860 2106 2913 ﬁ-

517 2938 641 3002 lius,
685 2941 839 3007 cujus
868 2955 1057 3003 semen.
1080 2941 1406 2999 diﬁ‘undetur
1449 2946 1500 3000 in
1532 2946 1720 3011 millia,
1751 2956 1807 3002 ut
1835 2959 1885 3004 et
1914 2949 2106 3006 simili-

520 3031 688 3087 tudini
719 3032 953 3088 siderum
990 3049 1318 3104 coa-quezur,
1360 3046 1416 3091 et
1451 3052 1629 3093 arena:
1660 3040 2101 3096 irnmensitatibus

515 3135 879 3192 comparetur.
907 3124 1100 3191 Credo,
1135 3127 1308 3195 inquit
1339 3127 1633 3197 Abraham,
1667 3128 1911 3197 Domine,
1944 3133 2106 3187 credo

516 3214 642 3282 quia
676 3225 847 3284 potes,
883 3214 1145 3271 facturum
1191 3225 1247 3274 te
1290 3218 1501 3274 conﬁdo
1537 3222 1677 3290 quod
1707 3222 1965 3291 spondes.
1994 3222 2105 3279 Nec

516 3309 660 3360 enim
692 3306 993 3363 confectam
1026 3319 1359 3366 senectutem
1404 3315 1786 3369 marcescentis
1810 3330 1947 3370 mea:
1976 3326 2107 3372 rcta-

518 3398 589 3453 tis
620 3399 926 3468 considero,
955 3410 1043 3456 aut
1073 3401 1220 3458 Sara:
1244 3404 1487 3474 conjugis
1517 3406 1757 3461 sterilem
1782 3407 2108 3480 eﬁ‘etamque

516 3490 878 3546 conditionem
928 3494 1165 3559 attendo,
1207 3495 1300 3551 sed
1343 3506 1445 3551 tuae
1483 3499 1775 3567 majestatis
1803 3504 2099 3570 potentiam

518 3586 712 3645 tracto,
759 3594 860 3634 nec
901 3582 985 3636 cui
1025 3583 1150 3638 talia
1190 3586 1586 3654 promittantur,
1632 3590 1726 3645 sed
1770 3606 1798 3643 a
1830 3607 1936 3661 quo
1982 3608 2105 3661 pro.

517 3667 800 3722 mittantur
822 3686 1075 3740 agnosco.
1111 3672 1385 3730 Generare
1415 3677 1558 3732 enim
1592 3678 1729 3733 ﬁlios
1756 3682 1945 3737 senilis
1972 3694 2104 3739 tetas

515 3773 623 3813 non
656 3761 873 3828 patitur,
920 3764 1011 3818 sed
1062 3774 1171 3832 tua,
1221 3768 1465 3833 Domine,
1514 3771 1756 3841 jussione
1783 3775 2101 3843 completur.

517 3848 741 3905 Steriles
771 3851 909 3908 ﬁlios
952 3854 1149 3910 habere
1200 3873 1304 3912 non
1357 3871 1599 3928 possunt,
1654 3864 1750 3917 sed
1798 3864 1899 3918 hoc
1948 3880 2107 3933 posse

521 3947 625 3995 tua:
676 3942 898 3999 virtutes
946 3945 1213 4002 efﬁciunt.
1262 3948 1460 4005 Natura
1511 3952 1726 4023 quidem
1782 3964 1962 4025 negat,
2008 3956 2106 4012 sed

517 4032 755 4100 petentia
801 4038 1054 4105 imperat.
1090 4040 1241 4099 Aitas
1298 4043 1562 4113 prohibet,
1591 4047 1683 4101 sed
1735 4056 1821 4101 tua
1872 4057 2105 4117 potestas

516 4126 774 4182 ostendit.
833 4127 1168 4197 lmposs'bile
1215 4132 1427 4201 quidem
1472 4134 1598 4188 illud
1653 4134 1861 4192 videtur
1908 4140 2103 4206 nobis;

516 4232 622 4273 non
663 4220 790 4286 tibi;
823 4223 1046 4289 homini,
1089 4240 1195 4281 non
1244 4235 1367 4291 ture,
1399 4226 1639 4293 Domine,
1671 4231 1973 4298 majestati;
2007 4246 2104 4285 na-

517 4319 675 4379 turae,
727 4328 832 4367 non
884 4315 1015 4379 Deo,
1045 4319 1241 4383 servis,
1298 4333 1403 4372 non
1455 4320 1701 4375 Domino.
1737 4322 1888 4378 Unde
1912 4323 2101 4388 credo,

2215 1835 2324 1891 Nec
2364 1836 2701 1903 dulcedinem
2757 1846 2851 1901 aut
2900 1837 3123 1892 allectus
3175 1836 3421 1904 pignoris
3455 1833 3724 1903 respiciebat,

2214 1904 2302 1997 qui
2331 1926 2635 1996 jussionem
2682 1936 2751 1995 ut
2790 1928 3091 1998 perﬁceret,
3128 1928 3416 1995 cogitabat.
3456 1926 3600 1982 Totos
3622 1927 3727 1987 enim

2214 2016 2440 2073 affectus
2469 2019 2739 2074 convertit
2767 2021 2817 2074 in
2850 2019 3038 2083 Deum,
3069 2020 3154 2074 cui
3178 2019 3292 2089 jam
3322 2033 3379 2074 se
3402 2026 3599 2073 noverat
3620 2032 3725 2070 tuan-

2213 2111 2471 2180 cipatum.
2506 2110 2746 2179 Denique
2777 2110 2922 2167 illam
2953 2112 3111 2167 ﬁdem
3148 2112 3403 2166 servabat
3430 2112 3478 2165 in
3504 2125 3621 2172 sese,
3641 2124 3727 2164 cum

2216 2200 2379 2261 ﬁlium
2428 2198 2708 2273 juberetur
2758 2200 2973 2265 offerre,
3024 2217 3129 2271 qua
3185 2200 3353 2257 Deum
3410 2204 3726 2269 promentem,

2214 2308 2337 2347 cum
2366 2307 2489 2348 eum
2525 2303 2823 2355 mereretur
2848 2294 3113 2362 accipere.
3147 2293 3318 2350 Adest
3348 2292 3486 2353 Isaac
3511 2294 3623 2360 patri
3646 2291 3727 2359 qui-

2214 2382 2336 2438 dem
2367 2391 2523 2438 aetate
2549 2383 2842 2448 dissimilis,
2876 2383 2969 2439 sed
3014 2383 3117 2438 ﬁde
3147 2398 3210 2437 ac
3242 2382 3518 2441 devotione
3544 2379 3727 2450 aqualis.

2214 2475 2400 2541 Adest,
2450 2478 2684 2544 inquam,
2728 2475 2893 2541 Isaac,
2926 2474 3087 2545 quisi
3120 2475 3253 2546 quid
3300 2474 3728 2544 paterdisponeret,

2213 2569 2328 2639 ipse
2355 2570 2470 2625 ﬁeri
2494 2569 2721 2625 libenter
2742 2578 2970 2639 optaret.
3000 2568 3071 2622 Ita
3101 2568 3248 2623 enim
3278 2569 3413 2622 filius
3439 2565 3592 2637 paruit
3611 2564 3729 2633 patri,

2215 2671 2270 2714 ut
2303 2668 2453 2730 pater
2492 2658 2690 2717 divina:
2736 2660 3132 2730 obtemperaret
3170 2657 3405 2731 jussioni
3434 2675 3450 2714 :
3476 2667 3525 2712 ut
3551 2656 3607 2711 de
3634 2668 3728 2708 con-

2211 2765 2374 2805 sensu
2406 2749 2498 2805 ﬁlii
2530 2760 2680 2821 pater
2710 2765 2931 2805 securus
2954 2751 3233 2816 existeret,
3264 2761 3317 2805 et
3352 2746 3582 2803 voluntati
3607 2744 3735 2815 patris

2209 2859 2330 2901 sese
2358 2843 2497 2901 ﬁlius
2528 2844 2878 2915 manciparet.
2915 2843 3046 2898 Erat
3089 2844 3239 2903 enim
3284 2844 3335 2897 in
3387 2844 3603 2911 utrisque
3633 2849 3731 2892 unus

2211 2936 2446 3005 animus,
2477 2951 2576 3005 par
2606 2950 2820 3003 sensus,
2851 2942 2911 2991 et
2926 2933 3117 2989 similis
3148 2933 3297 2989 circa
3346 2934 3504 2988 Deum
3544 2928 3731 2993 allectus,

2212 3038 2271 3080 ut
2305 3028 2719 3096 generositatem
2752 3026 2919 3095 patris
2949 3024 3001 3079 in
3035 3025 3202 3078 ﬁlium
3241 3022 3549 3079 transfusam
3572 3017 3731 3086 conspi-

2210 3131 2382 3183 ceres,
2421 3128 2477 3173 et
2522 3117 2879 3175 innocentiam
2913 3115 3005 3170 ﬁlii
3036 3115 3173 3185 patri
3207 3131 3318 3169 non
3347 3116 3527 3169 deesse
3552 3110 3731 3171 videres,

2208 3221 2263 3263 ut
2292 3219 2345 3265 et
2373 3221 2610 3279 paternae
2640 3208 2761 3263 ﬁdei
2789 3208 3060 3277 particeps
3096 3208 3243 3262 ﬁlios
3285 3206 3550 3269 existeret,
3580 3212 3623 3258 et
3645 3201 3733 3254 sict-

2208 3301 2443 3371 plicitate
2486 3298 2579 3354 ﬁlii
2620 3301 2783 3368 patris
2824 3299 3136 3355 sublimitas
3183 3296 3642 3371 redundaret._Qua
3676 3308 3733 3346 se-

2206 3391 2435 3447 curitate
2463 3390 2733 3445 Abraham
2778 3389 2969 3456 fretus,
3003 3390 3197 3445 sternit
3230 3391 3336 3445 sibi
3368 3390 3578 3452 asinam,
3605 3384 3655 3438 ad
3678 3398 3736 3436 sa-

2206 3480 2465 3536 criﬁcium
2495 3479 2634 3551 ligna
2658 3480 2911 3546 concidit,
2940 3495 3136 3551 pueros
3164 3496 3354 3536 secum
3388 3475 3733 3535 adducit.Cumv

2206 3586 2310 3642 que
2342 3572 2408 3627 ad
2453 3572 2727 3627 civitatem
2760 3573 3054 3637 venissent,
3087 3572 3277 3627 Estote
3312 3571 3451 3638 istic,
3487 3570 3648 3640 inquit,
3669 3579 3738 3634 ego

2206 3674 2260 3719 et
2288 3680 2417 3733 puer
2445 3664 2547 3719 iste
2589 3664 2783 3718 ibimus
2817 3664 2916 3718 soli
2945 3681 2961 3725 ς
2990 3673 3045 3721 et
3090 3680 3215 3718 cum
3257 3664 3637 3718 adoraverimus
3664 3658 3736 3711 Do-

2208 3758 2436 3823 minum,
2478 3766 2811 3812 revertemur
2841 3756 2906 3810 ad
2933 3772 3047 3811 vos.
3081 3756 3280 3811 Statim
3331 3766 3483 3827 pater
3520 3769 3622 3809 Clllll
3662 3748 3737 3803 ﬁlio

2208 3848 2565 3920 proliciscitur
2632 3847 2802 3901 solus.
2860 3847 2938 3901 Ad
2988 3862 3149 3917 quem
3210 3845 3357 3903 idem
3414 3841 3733 3901 ﬁlius:l‘atcr,

2208 3941 2413 4010 inquit,
2458 3940 2598 4010 ligna
2643 3937 2822 4003 video,
2874 3939 3106 3994 cultrum
3163 3947 3216 3992 et
3265 3937 3449 4008 ignem
3504 3929 3737 3998 conspicio.

2208 4033 2434 4087 hostiam
2484 4045 2642 4101 quam
2689 4029 3062 4084 immolaturus
3108 4043 3167 4084 es
3221 4044 3433 4099 qumro.
3477 4021 3737 4087 Desine,ioo

2205 4124 2342 4193 quit,
2373 4121 2559 4175 desine
2590 4118 2731 4174 istud
2764 4134 3024 4186 qurerere,
3060 4118 3160 4187 ﬁli,
3205 4120 3356 4188 quod
3402 4118 3500 4172 sibi
3544 4112 3739 4170 Dominus

2207 4213 2274 4268 ad
2323 4215 2508 4267 horam
2566 4210 2919 4281 procurabit:
2968 4212 3155 4267 desine
3207 4224 3460 4279 quaerere
3508 4205 3630 4275 quod
3666 4200 3737 4253 tibi

2210 4311 2471 4365 Dominus
2494 4310 2603 4379 jam
2636 4308 2902 4379 praevidit.
2934 4308 3183 4380 Magnum
3226 4307 3546 4377 praesagium
3573 4295 3737 4371 promit-

515 4402 694 4470 I‘ater,
725 4404 909 4470 credo,
945 4407 1190 4474 Domine,
1239 4411 1375 4464 istud
1408 4422 1460 4466 te
1499 4411 1759 4467 facturum
1807 4430 1928 4470 esse
1961 4416 2098 4485 quod

2211 4403 2390 4471 tentis,
2425 4417 2613 4471 magna
2660 4399 2964 4455 innocentia
3020 4399 3371 4469 inquirentis.
3419 4396 3559 4450 Isaac
3593 4392 3736 4500 bnlslifl.

515 4495 674 4561 dicis,
701 4498 824 4565 quia
849 4499 932 4554 bis
974 4501 1260 4558 virtutibus
1285 4506 1490 4560 cunctis
1515 4508 1761 4576 gentibus
1789 4507 2103 4571 innotescis.

516 4587 667 4643 'l‘nnc
710 4588 841 4644 Sara
879 4593 1127 4661 concepit
1168 4595 1220 4649 in
1253 4605 1426 4659 utero,
1458 4608 1514 4652 et
1544 4600 1744 4667 peperit
1794 4602 1982 4665 ﬁlium,
2018 4617 2108 4671 pa-

520 4687 657 4733 trem
707 4682 989 4736 multarum
1031 4686 1266 4748 gentium
1298 4686 1642 4744 destinatum.
1675 4690 1919 4748 Nascitur
1958 4692 2107 4749 Isaac

516 4780 891 4827 ornamentum
942 4777 1176 4843 generis,
1212 4788 1491 4847 parentum
1530 4782 1731 4850 gloria,
1773 4784 2103 4852 prepinquo-

516 4878 634 4918 rum
688 4865 889 4934 laetitia,
935 4868 1145 4927 familiae
1180 4872 1367 4939 decus,
1420 4874 1749 4930 hatreditatis
1797 4891 1944 4946 spes,
1976 4876 2098 4933 ﬁdei

517 4957 780 5025 pretium,
829 4963 1107 5030 promissae
1151 4964 1354 5017 sobolis
1408 4964 1791 5020 testimonium.
1843 4964 1896 5020 In
1945 4966 2099 5036 cujus

514 5051 791 5107 nativitate
817 5062 871 5107 et
902 5053 1157 5108 Dominus
1189 5057 1511 5124 prornissnm
1557 5056 1809 5122 reddidit,
1834 5067 1887 5113 et
1929 5058 2101 5113 Abra-

515 5139 638 5197 ham
669 5154 852 5200 votum
899 5148 1039 5216 quod
1088 5149 1312 5217 optavit,
1356 5152 1582 5218 accepit.
1615 5150 1860 5206 Gaudent
1887 5167 2095 5219 omnes,

514 5236 692 5290 cuncti
724 5237 989 5292 laetantur.
1023 5238 1107 5294 Fit
1133 5240 1276 5294 enim
1310 5241 1457 5296 Isaac
1481 5240 1652 5297 dulcis
1690 5257 1810 5297 cum
1841 5244 2096 5308 nascitur,

514 5326 723 5383 dulcior
767 5344 887 5383 cum
938 5332 1190 5386 nutritur.
1223 5331 1331 5385 Nec
1376 5332 1517 5387 enim
1562 5340 1772 5401 poterat
1817 5346 1939 5389 esse
1989 5350 2093 5389 non

517 5420 709 5485 dulcis,
757 5438 915 5491 quem
965 5433 1021 5478 et
1068 5426 1232 5493 patris
1265 5424 1395 5478 ﬁdes
1442 5424 1741 5492 condierat,
1785 5433 1841 5481 et
1880 5427 2095 5495 propria

514 5512 816 5569 innocentia
864 5517 1291 5571 commendabat.
1325 5515 1405 5570 Fit
1432 5525 1486 5571 et
1526 5516 1658 5573 Sara
1685 5531 1752 5572 ex
1783 5517 1954 5573 sterili
1989 5532 2097 5572 rna-

514 5613 594 5656 ter
623 5605 843 5659 l'ecnnda
874 5606 926 5659 in
970 5607 1101 5675 ﬁlio,
1137 5608 1416 5665 fecundior
1443 5608 1615 5665 futura
1645 5625 1711 5666 ex
1757 5610 1898 5679 ipso.
1943 5607 2101 5665 Redit

504 5694 759 5762 juventus
798 5698 851 5754 in
881 5715 1087 5771 senem,
1115 5715 1361 5759 tuarccns
1398 5710 1530 5758 tetas
1556 5711 1833 5772 reparatur
1863 5700 1914 5756 in
1938 5699 2093 5769 juve-

2205 4496 2273 4550 de
2302 4493 2477 4549 hostia
2510 4503 2718 4563 patrem
2764 4493 3083 4560 interrogat,
3110 4488 3365 4544 sacriﬁcii
3406 4487 3611 4541 effectus
3635 4474 3738 4574 desit

2205 4586 2380 4641 derat.
2410 4585 2539 4640 Ovis
2576 4585 2643 4639 ab
2673 4598 2739 4638 eo
2783 4598 2902 4651 qua:
2933 4582 3119 4636 deerat
3148 4578 3438 4649 quaeritur,
3471 4592 3533 4631 ne
3562 4574 3654 4641 ipse
3675 4581 3737 4633 (Ιιυ

2205 4677 2443 4748 loquitur
2490 4675 2749 4731 immolet.
2793 4674 2890 4727 Ast
2937 4672 3028 4727 ubi
3076 4671 3142 4726 ad
3192 4672 3375 4726 locum
3430 4676 3629 4723 ventum
3666 4667 3739 4760 est.

2204 4781 2429 4837 uterque
2478 4778 2717 4823 montem
2772 4764 3032 4821 ascendit.
3092 4766 3255 4819 Aram
3314 4772 3466 4833 pater
3510 4757 3738 4814 exstruxit.

2206 4862 2349 4931 ligna
2396 4859 2718 4928 composuit,
2754 4858 2919 4921 [iliuru
2968 4856 3265 4923 colligavit.
3302 4855 3495 4910 Patere
3536 4863 3629 4912 me,
3682 4844 3739 4896 in-

2207 4956 2340 5024 quit,
2376 4952 2470 5018 ﬁli,
2518 4961 2700 5021 patere
2748 4959 2933 5005 votnm
2986 4948 3268 5017 perﬁcere,
3326 4956 3529 5016 patore,
3558 4941 3736 5028 intlan

2209 5059 2303 5115 per
2334 5052 2387 5098 te
2423 5043 2715 5114 jussionem
2750 5040 2958 5101 Domini
3005 5039 3327 5106 adimplere.
3366 5035 3501 5091 Deus
3529 5030 3648 5085 enim
3677 5035 3738 5091 qm

2210 5149 2262 5193 te
2314 5137 2595 5206 Condidit,
2640 5136 2876 5203 expetit;
2940 5133 3029 5203 qui
3083 5132 3265 5199 dedit,
3323 5131 3544 5201 qumrit;
3592 5122 3664 5191 qui
3686 5128 3738 5220 ‘le

2193 5214 2430 5296 fcreavit,
2465 5241 2517 5286 te
2555 5231 2654 5284 sibi
2703 5227 2977 5284 desiderat
3008 5226 3301 5282 immolari.
3354 5225 3471 5281 Non
3518 5227 3589 5275 e~t
3631 5214 3739 5269 enim

2211 5323 2312 5377 hoc
2362 5320 2741 5391 parricidium,
2791 5333 2897 5373 non
2948 5324 3032 5371 est
3083 5314 3426 5373 crudelitatis
3476 5307 3738 5395 adrnissmn.

2204 5414 2328 5485 quia
2358 5419 2541 5467 votum
2573 5420 2676 5465 est.
2707 5408 2817 5464 Nec
2856 5406 2973 5474 tibi,
3006 5406 3100 5473 ﬁli,
3147 5421 3177 5460 a
3225 5407 3474 5476 genitore
3503 5409 3630 5455 mors
3666 5403 3737 5447 ωι-

2206 5506 2433 5564 seranda
2466 5506 2713 5574 infertur,
2758 5502 2853 5558 sed
2889 5503 3131 5570 utrisque
3168 5499 3330 5553 nobis
3360 5493 3627 5551 salubriter
3649 5495 3736 5552 pr"-

2207 5600 2437 5655 videtur.
2504 5598 2677 5652 Tanto
2756 5595 2865 5650 eris
2924 5588 3270 5661 acceptabilis
3331 5586 3539 5647 hostia,
3585 5579 3735 5661 qualtl‘l

2210 5690 2437 5748 libenter
2484 5688 2733 5758 gloriosae
2786 5684 2973 5742 mortis
3002 5680 3274 5751 acceperis
3317 5675 3585 5735 beneﬁcia.
3624 5656 3735 5730 ρυοδ
