3972 6340
238 308 377 366 1215

230 420 410 492 jussus
437 424 590 487 pater
632 428 711 481 es,
743 412 962 483 perﬁce,
989 413 1195 484 inquit;
1222 412 1366 480 quod
1391 413 1658 489 disponis,
1682 426 1812 469 con—
1842 413 1889 472 Λ

230 518 432 567 stanter
474 504 778 581 [instanter]
824 504 1079 572 adimple.
1115 503 1226 572 Ego
1271 504 1415 558 enim
1470 518 1571 559 nec
1611 516 1806 568 renuo,

229 616 327 657 nec
354 612 566 662 recuso,
610 596 753 665 quod
784 596 1019 651 volucris
1047 596 1189 660 volo,
1219 597 1362 666 quod
1391 604 1546 665 optas
1583 606 1807 665 exopto,

229 693 369 763 quod
405 690 682 747 desideras
728 698 781 745 et
810 688 926 758 ipse
972 688 1244 744 desidero.
1298 689 1541 758 Denique
1590 703 1657 743 eo
1683 697 1827 741 voto-

230 785 385 839 istam
414 789 638 835 mortem
670 778 904 849 excipio,
929 794 1034 848 quo
1062 789 1113 834 te
1140 793 1260 834 eain
1285 780 1415 834 mihi
1446 778 1645 835 inferre
1669 779 1807 835 velle

228 886 518 943 cognosco.
554 872 676 928 ilzrc
705 873 804 926 etsi
836 882 1058 940 uterque
1084 886 1190 926 non
1219 872 1380 937 dixit,
1414 879 1587 925 tamen
1618 878 1809 926 cuncta

228 963 326 1017 ista
359 963 410 1016 in
440 971 559 1016 actu
586 961 846 1016 ostendit.
889 962 1008 1015 illos
1044 972 1196 1029 pater
1225 969 1444 1016 extensa
1494 975 1649 1015 manu
1690 960 1809 1029 gla-

227 1053 376 1108 dium
417 1053 603 1117 sumit,
635 1052 919 1107 dextcram
951 1052 1129 1121 erigit,
1156 1051 1399 1122 jugulare
1426 1051 1614 1116 ﬁlium,
1645 1052 1807 1105 sacri-

224 1144 403 1199 ficium
446 1142 728 1214 perﬁcere,
753 1144 962 1214 jussum
994 1144 1208 1199 Domini
1240 1145 1407 1199 voluit
1456 1145 1681 1200 devotus
1710 1145 1809 1199 im-

219 1237 370 1303 plcre
403 1254 415 1290 :
444 1245 498 1291 et
526 1236 775 1305 pendenti
822 1235 938 1305 jam
981 1245 1140 1306 atque
1179 1238 1478 1292 imminenti
1530 1251 1807 1301 mucrone,

220 1326 409 1391 Parce,
444 1326 616 1395 inquit
648 1314 936 1392 Dominus,
970 1341 1163 1395 parce;
1202 1326 1360 1381 ﬁdem
1392 1336 1536 1383 tuam
1570 1328 1810 1392 quaesivi,

218 1434 331 1487 non
374 1418 537 1471 tilium
571 1426 628 1471 ut
652 1417 926 1487 jugulares
953 1418 1173 1487 optavi:
1206 1432 1305 1473 nec
1352 1417 1582 1472 amabile
1619 1418 1813 1487 pignus

217 1508 314 1562 tibi
345 1507 690 1572 subtrahere,
729 1508 826 1563 sed
872 1509 1211 1587 devotionem
1244 1517 1387 1565 tuam
1418 1507 1562 1561 volui
1593 1518 1812 1575 perten-

216 1609 357 1654 tare.
390 1600 539 1653 Nunc
565 1601 790 1670 cognovi
819 1597 940 1669 quia
967 1615 1118 1656 amas
1144 1601 1428 1656 Dominum
1454 1598 1621 1667 magis
1651 1614 1811 1668 quam

214 1690 417 1760 ﬁlium,
444 1690 553 1744 imo
575 1691 745 1760 magis
777 1704 926 1751 amas
950 1690 1137 1755 ﬁlium,
1159 1692 1280 1760 quia
1305 1691 1480 1761 diligis
1506 1689 1810 1744 Dominum:

1139 297 1598 357 IIOMILIABIUS.
1630 327 1698 340 —
1734 295 1965 354 IIOMIL.
2013 294 2100 350 DE
2138 293 2489 351 TEMPOllE.

3378 287 3509 349 12H

2447 406 2727 469 IIOMILIA
2773 404 2959 461 LXIX.

2096 498 2099 503 λ
2191 500 2252 572 IN:
2273 518 2429 556 FElllA
2459 516 2639 557 sexu
2670 515 2797 555 rosr
2829 516 2952 555 uisu
2978 514 3234 555 ClNER‘dl.

2530 593 2631 663 (Ex
2656 594 2900 661 eodem.)

1991 683 2058 739 In
2102 686 2193 742 illo
2223 694 2448 757 tempore
2476 685 2607 743 dixit
2635 686 2788 742 Iesus
2815 672 3079 754 discipulis
3101 688 3206 739 suis
3231 702 3247 739 :
3280 685 3509 741 Audistis

1912 777 2036 848 quid
2065 778 2259 832 dictum
2299 789 2371 832 est
2396 793 2416 834 :
2444 776 2637 849 Diliges
2663 779 2951 849 proximum
2982 787 3145 844 tuum,
3174 788 3222 831 et
3251 778 3389 831 adies
3411 779 3509 833 int-

1913 868 2100 923 micum
2130 880 2296 936 tuam,
2327 879 2429 925 etc.
2460 870 2674 939 (Matth.
2721 867 2802 941 v).

1986 959 2222 1014 Gradum
2274 975 2393 1016 esse
2438 962 2695 1031 aliquem,
2739 972 2846 1017 etc.
2898 960 3114 1030 Reliqua
3139 960 3327 1015 uidesis
3363 960 3505 1031 apud

1914 1063 2144 1105 sanctum
2176 1055 2537 1121 Augustinum,
2588 1054 2814 1124 Operam
2841 1056 2951 1119 eius
2988 1067 3125 1108 tanta
3157 1054 3225 1121 V,
3266 1054 3508 1113 Patroloo

1913 1146 2009 1213 giae
2034 1141 2306 1210 XXXIX,
2338 1143 2439 1201 col.
2474 1144 2632 1199 1859.

2460 1233 2745 1290 IIOMILIA
2785 1233 2949 1288 LXX.

2257 1341 2308 1383 ιιι
2332 1340 2566 1381 SABBATO
2591 1342 2718 1380 POST
2753 1342 2877 1380 ιιιειι
2908 1341 3162 1381 CINEIIUH.

1923 1421 2027 1492 (Ex
2061 1420 2381 1477 venerabilis
2421 1420 2575 1475 Bedae
2617 1419 2670 1474 in
2713 1420 3054 1488 Evangeliuui
3088 1418 3249 1473 Marci
3291 1412 3507 1487 exposi-

2400 1510 2559 1565 tionis
2585 1510 2679 1564 lib.
2705 1525 2763 1577 ll,
2795 1524 2914 1578 cap.
2943 1508 3020 1580 6.)

1990 1600 2053 1656 In
2077 1603 2166 1657 illo
2196 1611 2439 1673 tempore,
2464 1618 2581 1657 cum
2608 1617 2718 1657 sero
2744 1610 2873 1656 esset
2903 1602 3117 1671 factum,
3148 1609 3257 1653 erat
3286 1599 3429 1653 navis
3450 1598 3504 1659 in

1916 1696 2083 1749 medio
2113 1696 2263 1760 mari,
2292 1707 2338 1750 et
2364 1695 2515 1750 Iesus
2543 1696 2682 1750 solus
2712 1696 2763 1748 in
2794 1703 2953 1762 terra,
2991 1703 3098 1748 etc.
3128 1693 3321 1763 (Marc.
3347 1692 3446 1760 vr).

213 1781 343 1849 quia
371 1778 501 1835 dum
557 1796 663 1835 non
702 1779 991 1850 pepercisti
1044 1780 1156 1834 ﬁlio
1206 1788 1297 1847 tuo
1348 1790 1568 1849 propter
1621 1780 1806 1846 Deum,
1845 1797 1888 1856 Β
1986 1786 2162 1840 Labor
2210 1786 2632 1854 discipulorum,
2685 1793 2790 1839 etc.
2854 1784 3069 1851 Reliqua
3126 1784 3311 1837 uidesis
3363 1782 3506 1849 apud

213 1872 470 1937 eumdem
496 1880 667 1939 tecum
694 1872 1016 1927 constituisti
1046 1871 1273 1928 Domino
1293 1871 1605 1942 gloriosum.
1630 1871 1806 1938 Quare

212 1974 266 2020 te
298 1964 772 2020 benedictionibus
811 1965 1120 2029 cumulabo,
1165 1975 1221 2021 et
1266 1966 1525 2020 inﬁnitam
1573 1966 1805 2025 ﬁliorum

209 2056 619 2126 multitudinem
649 2072 713 2113 ex
745 2072 811 2113 eo
840 2059 931 2115 tibi
965 2060 1247 2127 provenire
1285 2060 1635 2115 conﬁrmabo.
1678 2060 1804 2114 Sta‘

205 2155 309 2209 tim
345 2163 664 2221 procuratur
693 2155 855 2219 aries,
888 2155 975 2221 qui
1005 2170 1100 2220 pro
1130 2155 1280 2208 Isaac
1322 2155 1665 2208 sanctissimo
1694 2169 1807 2209 me-

202 2254 428 2304 reretur
457 2244 647 2300 occidi.
677 2244 784 2300 Nec
805 2245 947 2300 enim
972 2245 1049 2300 fas
1071 2254 1184 2300 erat
1216 2255 1272 2299 ut
1300 2245 1467 2312 Isaac,
1499 2245 1587 2315 qui
1621 2255 1803 2317 typum

202 2334 420 2390 Christi
447 2336 716 2404 portabat,
748 2350 778 2388 a
813 2345 963 2403 putre
1010 2336 1110 2389 boc
1148 2338 1201 2390 in
1251 2343 1493 2404 tempore
1535 2344 1804 2392 mactare-

203 2436 326 2491 tur,
358 2426 483 2494 quia
517 2424 751 2493 perfecta
784 2425 1033 2480 sacriﬁcii
1087 2426 1264 2489 hostia
1307 2426 1525 2481 Christo
1574 2427 1804 2483 Domino

202 2517 551 2571 servabatur.
594 2516 1015 2582 Procurabatur,
1072 2518 1314 2590 inquam,
1357 2520 1523 2587 aries,
1570 2522 1657 2591 qui
1710 2537 1807 2590 pro

200 2606 372 2661 Isaac
411 2614 711 2661 mereretur
754 2608 948 2674 occidi,
982 2617 1041 2662 ut
1087 2618 1141 2668 et
1193 2612 1515 2677 promissum
1545 2612 1710 2679 patris
1740 2612 1811 2669 de.

198 2699 389 2753 hostia
423 2700 805 2769 compleretur,
829 2710 884 2755 et
909 2700 1145 2768 perfecto
1170 2703 1459 2767 sacriﬁcio,
1490 2704 1627 2771 patri
1658 2702 1807 2759 Isaac

199 2790 503 2863 incolumis
529 2790 861 2847 redderetur.
893 2792 1044 2847 Tunc
1075 2802 1301 2862 uterque
1332 2793 1485 2848 laetus
1513 2793 1581 2848 de
1621 2805 1807 2853 monte

198 2883 541 2938 descendit:
575 2892 744 2954 pater,
797 2884 938 2952 quod
984 2885 1232 2940 Sacriﬁcii
1281 2895 1459 2940 votum
1489 2880 1644 2941 salv'o
1695 2888 1807 2951 ﬁlio

197 2978 535 3045 perfecerit;
568 2977 733 3042 ﬁlius,
755 2976 896 3046 quod
921 2978 1067 3048 jnssa
1101 2978 1265 3047 patris
1289 2978 1519 3033 libenter
1545 2988 1802 3047 aptasset.

199 3070 428 3126 Gaudet
464 3072 532 3126 de
563 3080 713 3139 patre
757 3073 918 3138 ﬁlius,
951 3073 1019 3129 de
1051 3074 1161 3129 ﬁlio
1204 3082 1376 3143 pater.
1410 3072 1657 3129 Gaudent
1684 3087 1805 3142 pro-

199 3162 425 3233 pinqui,
480 3162 677 3218 familia
729 3173 918 3218 cuncta
979 3163 1503 3233 lwtatﬁrzgaudent,
1562 3144 1881 3232 inquam,c

195 3254 357 3322 quod
387 3262 443 3307 et
470 3268 606 3322 opus
636 3262 840 3308 tantum
886 3254 1186 3323 perfectum
1218 3254 1309 3324 sit,
1342 3264 1398 3310 et
1422 3254 1562 3324 quod
1596 3263 1805 3324 patrem

196 3361 337 3417 cum
365 3345 476 3401 ﬁlio
504 3343 800 3402 incolumes
832 3346 938 3402 illis
973 3348 1232 3403 Dominus
1263 3350 1555 3405 revocarit.

761 3460 1045 3517 HOMILIA
1086 3461 1272 3519 LXVI.

788 3566 845 3623 tu,
864 3567 950 3609 ωε
975 3567 1237 3608 ειδειιωι.

197 3665 327 3737 (Ex
356 3664 492 3734 Opp.
520 3665 658 3737 beati
695 3665 1001 3734 Augustini,
1034 3666 1126 3719 lib.
1162 3682 1220 3737 tt,
1254 3674 1409 3721 tract.
1447 3667 1516 3721 de
1546 3667 1811 3724 Sermone

451 3735 657 3791 Domini
690 3737 742 3791 in
774 3746 976 3802 monte,
1002 3750 1121 3805 cap.
1158 3736 1245 3801 12,
1276 3754 1423 3791 num.
1458 3739 1573 3809 4.0.)

289 3824 363 3880 In
397 3828 487 3881 illo
535 3837 762 3895 tempore
810 3828 938 3880 dixit
977 3826 1132 3881 Iesus
1179 3828 1447 3894 discipulis
1491 3829 1596 3882 suis
1630 3843 1649 3882 :
1681 3826 1810 3882 Cum

195 3920 491 3991 jejunatis,
548 3919 704 3974 nolite
755 3919 868 3987 ﬁeri
916 3919 1047 3981 sicut
1099 3920 1404 3990 hypocrita',
1461 3922 1650 3985 tristes,
1702 3930 1809 3975 etc.

195 4009 438 4072 (Matth.
470 4008 567 4081 vt).
692 4078 697 4083 π

288 4100 633 4158 Manifestum
665 4113 767 4169 est,
796 4113 903 4163 etc.
938 4104 1157 4175 Reliqua
1194 4105 1377 4160 videsis
1410 4105 1553 4173 apud
1579 4114 1810 4159 sanctum

194 4194 243 4248 Λ
256 4195 589 4265 ttgnstiuum,
600 4194 822 4262 Operam
840 4196 953 4266 ejus
965 4205 1063 4249 tom
1074 4237 1086 4251 .
1104 4193 1133 4249 Ι
1142 4195 1165 4249 I
1177 4194 1225 4262 I,
1246 4195 1559 4269 Patrologia:
1572 4195 1727 4250 XXX
1743 4195 1807 4266 V,

191 4286 321 4358 eoi.
350 4283 507 4353 I287,
538 4286 630 4344 lin.
656 4286 747 4341 2‘3.

750 4377 1037 4434 IIOMILIA
1064 4377 1273 4435 LXVII.

809 4485 860 4527 IN
900 4486 1077 4527 EODEM
1118 4487 1226 4527 DIE.

466 4558 577 4626 (Ex
609 4559 749 4628 Opp.
782 4560 1020 4630 ejusdem
1052 4561 1221 4617 sancti
1252 4562 1580 4633 Augustini.)

1911 1893 2022 1932 ven.
2050 1876 2265 1946 Bedam,
2294 1877 2521 1949 Operam
2546 1878 2660 1948 ejus
2684 1885 2819 1931 tonio
2844 1874 2962 1945 III,
2988 1874 3301 1945 Patrologia:
3322 1870 3503 1939 XCII,

1910 1970 2011 2023 col.
2041 1968 2166 2028 196.

2444 2057 2728 2112 ΙΙΟΜΙΙᾸΑ
2775 2057 2966 2112 LXXI.

2213 2165 2468 2207 DOIIRICA
2497 2165 2660 2205 PIIIIA
2691 2165 2745 2205 IN
2764 2165 3189 2214 QUADRAGESHIA.

2220 2298 2226 2305 ,
2258 2244 2360 2313 (Ex
2391 2240 2531 2310 Opp.
2562 2242 2701 2296 beati
2732 2241 2928 2297 Leonis
2961 2243 3156 2310 papa'.)

1989 2316 2139 2387 Licet
2186 2332 2383 2398 nobis,
2439 2331 2813 2399 dilectissimi,
2860 2331 3353 2401 appropinquante,
3396 2341 3502 2387 etc.

1915 2426 2064 2480 nunc
2111 2427 2376 2481 ltomiliam
2420 2426 2604 2479 videsis
2644 2425 2787 2493 apud
2826 2434 3063 2478 sanctum
3098 2422 3337 2493 Leonem,
3372 2424 3504 2495 Ope-

1908 2534 2023 2572 rum
2052 2520 2159 2585 ejus
2184 2527 2319 2572 tanta
2346 2514 2397 2583 I,
2434 2514 2748 2586 Patrologia:
2780 2513 2928 2578 LIV,
2958 2515 3059 2569 col.
3088 2512 3217 2570 9.68.

2446 2626 2723 2683 IIOIIILIA
2765 2624 2977 2681 LXXII.

2433 2733 2486 2772 IN
2514 2733 2691 2773 ελιιειι
2720 2731 2992 2771 ιιοιιικισλ.

2126 2810 2229 2880 (Ex
2257 2809 2396 2879 Opp.
2428 2810 2565 2865 beati
2598 2810 2841 2879 Gregorii
2874 2808 3043 2878 Magni
3077 2807 3273 2876 papas.)

1982 2904 2046 2956 In
2081 2903 2170 2957 illo
2216 2913 2436 2973 tempore
2471 2902 2656 2955 ductus
2686 2912 2760 2955 est
2787 2900 2942 2955 Iesus
2971 2900 3026 2953 in
3058 2900 3314 2953 desertum
3339 2915 3370 2953 a
3401 2899 3505 2968 spi-

1908 2995 2035 3055 ritu,
2060 3004 2114 3048 ut
2136 3002 2416 3049 tentaretur
2442 3010 2473 3046 a
2503 2993 2727 3057 diabolo,
2758 3002 2863 3047 etc.
2895 2990 3109 3063 (Matth.
3140 2990 3237 3060 Iv).

1981 3086 2221 3141 Dubitari
2278 3101 2307 3140 a
2358 3084 2674 3152 quibusdam
2725 3083 2903 3149 solet,
2959 3093 3063 3138 etc.
3126 3080 3346 3149 Reliqua
3393 3079 3504 3134 uide

1911 3179 2052 3247 apud
2089 3187 2321 3231 sanctum
2354 3175 2685 3247 Gregorium,
2715 3176 2938 3247 Operam
2967 3178 3079 3243 eius
3109 3184 3246 3229 tonio
3276 3169 3362 3240 II,
3392 3170 3497 3225 Pa-

1911 3270 2141 3343 troloyia:
2166 3266 2425 3333 LXXVI,
2461 3267 2562 3321 col.
2601 3267 2759 3322 H53.

2424 3377 2706 3435 IIOMILIA
2748 3375 2982 3434 LXXIII.

2219 3487 2271 3528 IN
2296 3486 2455 3526 ruma
2487 3486 2723 3526 secusne
2748 3485 2877 3524 ros-1'
2910 3466 3186 3524 Inrocavit.

1984 3565 2049 3619 In
2080 3564 2172 3618 illo
2202 3573 2427 3632 tempore
2450 3562 2748 3615 dixitlesas
2763 3560 3028 3630 discipulis
3050 3558 3332 3614 suis:Cum
3360 3575 3500 3614 uene-

1910 3659 1975 3712 rit
2010 3656 2179 3710 Filius
2206 3654 2427 3707 Itominis
2448 3654 2503 3707 in
2535 3655 2809 3723 majestate
2832 3669 2950 3720 sua,
2975 3660 3078 3707 etc.
3108 3651 3321 3723 (Matth.
3354 3651 3502 3722 xxv).

1985 3752 2039 3806 Itt
2072 3751 2301 3805 lectione
2328 3764 2444 3818 quae
2482 3749 2619 3804 hanc
2648 3748 2920 3820 praecedit,
2948 3748 3225 3815 proposuit
3246 3745 3503 3802 DOIninus

1914 3843 2318 3898 similitudinem
2375 3839 2608 3895 hominis
2659 3854 2879 3909 peregre
2927 3838 3360 3907 proﬁciscentis,
3410 3836 3503 3906 qui

1915 3936 2120 3991 vocatis
2144 3935 2312 3989 servis
2335 3935 2448 3988 suis
2471 3932 2743 3988 distribuit
2767 3932 2871 3985 illis
2899 3930 3172 3999 pecunias,
3203 3940 3360 3999 prout
3383 3930 3503 3983 uni-

1913 4030 2107 4096 cuique
2145 4025 2515 4091 convcniebat,
2558 4025 2644 4078 alii
2684 4023 2917 4093 quinque
2957 4023 3188 4086 talenta,
3238 4019 3327 4075 alii
3368 4020 3498 4087 duo,

1913 4118 2004 4174 alii
2032 4133 2217 4184 unum,
2246 4112 2300 4171 et
2326 4116 2503 4170 statim
2530 4113 2797 4184 proiectus
2827 4123 2929 4168 cst.
2960 4111 3088 4167 Post
3120 4111 3343 4167 multum
3375 4124 3505 4166 vero

1916 4211 2170 4281 temporis
2210 4222 2482 4272 reversus,
2521 4204 2725 4261 vocatis
2767 4205 2939 4259 servis
2975 4204 3085 4258 suis
3115 4203 3294 4273 posuit
3339 4202 3508 4257 ratio-

1916 4319 2037 4359 nem
2065 4317 2187 4357 cum
2222 4303 2323 4357 eis.
2365 4301 2429 4354 lit
2464 4299 2600 4354 bene
2626 4296 2843 4367 quidem
2866 4305 3157 4365 operantes
3184 4310 3280 4365 pro
3309 4309 3507 4365 appor-

1917 4394 2043 4450 tatis
2086 4392 2246 4448 lucris
2285 4390 2685 4457 remuneravit,
2729 4388 3087 4459 negligentem
3125 4402 3256 4444 vero
3288 4400 3502 4443 servum

1838 4503 1894 4565 D
1918 4496 1971 4541 ct
1998 4501 2028 4541 a
2056 4486 2199 4541 bono
2222 4498 2386 4555 opere
2411 4490 2735 4551 torpentem,
2764 4479 3057 4536 damnavit.
3090 4479 3202 4549 Qua
3229 4478 3376 4534 ﬁnita
3408 4493 3504 4548 pa-

1920 4579 2140 4643 rabola,
2181 4576 2283 4631 hoc
2331 4573 2470 4645 quod
2506 4572 2665 4627 modo
2709 4571 3085 4641 exponendum
3136 4573 3503 4641 suscepimus,

285 4648 363 4705 In
418 4650 509 4704 illo
554 4660 779 4715 tempore
824 4653 954 4706 dixit
992 4652 1143 4707 Iesus
1192 4653 1458 4721 discipulis
1505 4654 1610 4707 suis
1640 4668 1660 4708 :
1686 4655 1815 4708 Lam

191 4743 507 4820 iejunatis,
560 4742 719 4797 nolite
772 4743 887 4812 ﬁeri
939 4744 1071 4803 sicut
1119 4743 1400 4815 hypocrin
1449 4745 1655 4813 tristes,
1706 4756 1812 4799 etc.

192 4833 443 4907 (Matth.
471 4833 570 4904 γι).

293 4927 553 4981 Clemens
602 4934 658 4981 et
694 4925 811 4996 pius
845 4926 1103 4983 Dominus
1134 4927 1275 4983 Deus
1303 4937 1506 4992 noster,
1536 4938 1637 4983 etc.
1678 4928 1817 4981 Reli-

192 5034 324 5088 qua
370 5018 485 5071 ride
527 5019 666 5086 apud
714 5029 946 5071 sanctum
999 5020 1366 5090 Augustinum,
1425 5019 1653 5089 Operam
1704 5021 1815 5084 ejus

102 5082 107 5097 ’
193 5082 363 5163 ionio
396 5107 459 5179 γ,
495 5082 806 5179 Patrologia:
832 5082 1168 5177 XXXVIII,
1201 5082 1457 5165 oti-1.9%.

737 5221 1020 5278 IIOMILIA
1060 5222 1295 5279 LXVIII.

484 5329 537 5369 IN
569 5330 723 5369 FEBIA
755 5329 953 5378 QUINTA
990 5329 1119 5369 POST
1154 5330 1280 5370 DIE)!
1312 5327 1571 5368 οιΝειιωι.

830 5408 933 5474 (Ex
968 5407 1209 5475 eodem.)

293 5497 370 5552 In
402 5498 492 5554 illo
528 5508 769 5570 tempore,
794 5516 910 5555 cum
949 5500 1199 5554 introisset
1233 5496 1387 5553 Iesus
1427 5496 1810 5566 Capharnaam,

190 5592 438 5646 accessit
464 5592 529 5643 ad
556 5606 671 5645 eum
702 5592 956 5658 centurio,
987 5598 1315 5659 rogans,ctc.
1344 5587 1561 5660 (Matth.
1593 5585 1737 5657 vnt).

296 5684 637 5748 Audivimus,
672 5693 778 5738 etc.
820 5682 970 5737 Ilanc
1015 5682 1282 5737 ltomiliam
1310 5682 1496 5736 ridesis
1529 5682 1667 5752 apud
1692 5696 1812 5736 san-

194 5786 370 5832 ctum
393 5776 752 5847 Augustinum,
796 5786 932 5831 torno
962 5787 1013 5832 ut
1042 5790 1220 5842 supra,
1248 5776 1348 5830 col.
1380 5775 1440 5830 41
1460 5772 1505 5828 ί.

1921 4675 2313 4735 consequenter
2341 4664 2609 4734 adjunxit,
2636 4663 2865 4733 probans
2896 4663 3040 4717 illam
3067 4678 3223 4733 quam
3249 4662 3507 4731 prtemisit

1919 4760 2226 4827 parabolatn
2267 4757 2332 4811 ad
2378 4770 2438 4811 se
2482 4755 2769 4826 pertinere,
2815 4754 2889 4809 ait
2934 4768 3109 4822 ergo:
3155 4751 3282 4808 Cum
3314 4753 3506 4806 uenerit

1918 4849 2092 4905 It‘ilius
2136 4848 2354 4903 hominis
2395 4848 2451 4901 in
2480 4847 2747 4916 majestate
2776 4861 2891 4899 sua.
2936 4844 3069 4911 Quia
3102 4844 3243 4898 enim
3292 4851 3507 4912 tempus

1922 4940 2183 5011 passionis
2226 4938 2342 5008 ejus
2374 4938 2624 5003 inStabat,
2664 4945 2717 4991 et
2759 4936 2997 5004 proxime
3041 4944 3270 4989 venturo
3297 4933 3503 4989 Pascha

1919 5028 2449 5099 compreliendeudus
2492 5037 2547 5084 et
2585 5025 2947 5095 alapizandus,
2978 5022 3373 5095 conspueudus,
3405 5025 3503 5080 Ila—

1923 5125 2221 5195 gcllandus,
2254 5122 2423 5194 spinis
2450 5120 2811 5185 coronandus,
2842 5128 2895 5173 et
2922 5119 2988 5173 ad
3018 5119 3259 5174 ultimum
3293 5118 3504 5173 cruciﬁ-

1919 5216 2157 5288 gendus,
2200 5223 2354 5270 aceto
2402 5214 2685 5284 potandus,
2752 5223 2806 5267 et
2835 5210 2990 5267 morti
3036 5211 3325 5266 tradendus
3369 5220 3504 5281 erat,

1922 5308 2143 5377 proinde
2171 5321 2229 5363 se
2256 5308 2309 5362 in
2337 5307 2621 5375 majestate
2663 5307 2729 5362 ad
2768 5306 3026 5378 judicium
3056 5314 3337 5361 venturum
3371 5320 3506 5375 pra:-

1920 5400 2151 5465 nuntiat,
2195 5407 2458 5469 quatenus
2500 5406 2747 5455 secutura
2791 5395 3039 5452 scandala
3069 5394 3333 5467 passi0uis
3361 5410 3507 5451 com-

1921 5499 2175 5562 pensaret
2199 5492 2513 5562 pollicitatio
2544 5505 2752 5561 magna:
2773 5489 3195 5560 gloriﬁcationis.
3226 5487 3310 5542 Ait
3334 5504 3462 5557 ergo
3488 5505 3504 5542 :

1921 5583 2049 5641 Cum
2074 5584 2263 5639 venerit
2294 5582 2464 5637 Filias
2490 5582 2707 5636 hominis
2738 5582 2789 5636 in
2822 5584 3087 5654 majestate
3116 5596 3231 5644 sua,
3265 5590 3310 5633 et
3333 5596 3506 5635 omnes

1920 5676 2090 5749 angeli
2120 5692 2239 5729 cant
2276 5691 2355 5730 eo.
2386 5672 2686 5730 Notandum
2718 5686 2848 5727 sane
2878 5671 3015 5741 quod
3050 5670 3241 5726 Filium
3274 5669 3504 5727 hominis

1921 5770 1975 5826 in
2019 5767 2298 5839 majestate
2341 5776 2619 5825 venturum
2651 5765 2799 5834 dicit,
2841 5780 2934 5837 per
2964 5764 3104 5836 quod
3134 5763 3361 5820 destruit
3388 5764 3500 5834 opi-
