3972 6340
549 304 692 361 teis
1413 310 1614 368 psum
1657 308 1928 366 mucosa
1972 304 2125 363 ore.
2167 302 2345 360 psus
2385 304 2446 362 tt.
2487 334 2557 347 —
2596 292 2953 366 sscsncs.
3597 325 3692 386 im

549 417 762 471 nionem
794 417 1141 487 quorumdam
1190 419 1584 491 hmrcticorum,
1626 422 1712 492 qui
1743 422 1989 476 dixerunt
2016 419 2116 473 Do-
2143 416 2197 476 Δ
2221 416 2314 471 sed
2345 417 2525 473 haedos
2554 418 2607 474 in
2643 421 2861 476 sinistra
2897 424 3207 480 statuendos
3247 426 3380 491 dicit,
3416 438 3614 499 quoniam
3636 458 3696 496 ts-

547 499 747 562 tninum
779 519 1016 562 nostrum
1057 509 1238 564 Jesum
1286 510 1554 566 Christum
1599 527 1629 565 a
1674 523 1913 581 tempore
1942 508 2125 568 resur-
2227 522 2374 574 pram
2406 508 2456 563 in
2485 510 2677 565 bonam
2701 514 2907 582 accepit
2937 515 3389 583 significationem.
3426 523 3576 593 Signat
3598 532 3698 586 enim

546 598 797 653 rectionis
823 609 876 653 et
903 600 1230 657 ascensionis
1258 616 1361 655 non
1403 617 1617 657 manere
1658 604 1708 657 in
1746 611 1937 657 natura
1973 615 2126 657 vera-
2224 609 2533 656 sanctorum
2555 605 2782 664 animas.
2805 621 2924 672 qutn
2949 606 3091 660 velut
3117 622 3302 677 greges
3325 625 3563 680 caprarum
3580 627 3701 678 tonsa

546 689 682 743 citer
720 698 1008 755 assumpta:
1054 688 1419 755 humanitatis,
1463 707 1567 744 uon
1610 690 1943 745 attendentes
1982 690 2125 761 quod
2228 696 2281 743 et
2304 687 2422 744 lota:
2449 692 2804 748 ascenderunt
2831 695 2899 751 de
2939 695 3150 750 lavacro
3181 696 3347 766 (Cant.
3380 702 3463 770 tv),
3490 712 3703 775 ειςειηοι.

546 780 722 849 angeli
766 779 1056 834 dixerunt:
1103 780 1193 835 Sic
1245 781 1402 834 veniet
1457 780 1881 849 quemadmodum
1927 782 2126 834 vidistis
2229 778 2309 834 los
2337 781 2502 835 edunt
2547 782 2687 847 fetus
2730 792 2785 838 et
2828 786 3160 842 sterilitatem
3208 789 3455 857 ignorant.
3490 794 3704 855 Sciendum

546 887 660 924 eum
679 879 881 924 euntem
909 871 960 924 in
990 872 1168 925 caelum
1198 871 1336 942 (Act.
1363 872 1426 941 t).
1459 872 1522 925 Et
1551 872 1635 926 hic
1669 873 1922 927 Dominus
1954 872 2125 926 mani-
2228 887 2364 927 vero
2399 875 2523 942 quia
2560 872 2612 928 in
2653 873 2858 944 judicio
2886 875 2995 931 duo
3021 887 3180 931 erunt
3207 878 3429 947 ordines,
3454 882 3565 938 alter
3584 886 3708 943 bono-

548 960 682 1016 feste
714 960 904 1015 Filium
934 962 1165 1016 hominis
1201 962 1394 1018 fatetur
1423 971 1704 1018 venturum
1733 978 1854 1019 esse
1885 963 1950 1017 ad
1975 963 2126 1033 judi-
2227 978 2369 1028 rum,
2401 962 2539 1017 alter
2568 965 2852 1031 malorum,
2881 968 2970 1035 qui
3003 975 3179 1023 tamen
3208 970 3503 1038 quadrifarie
3538 974 3708 1033 dividen-

547 1053 709 1107 cium.
758 1053 899 1107 Idem
943 1055 1084 1108 enim
1114 1068 1271 1108 verus
1318 1053 1483 1108 Filius
1528 1053 1927 1122 Dei,'idemque
1964 1068 2125 1108 verus
2228 1062 2331 1106 tur.
2362 1054 2471 1107 Duo
2494 1054 2636 1109 enim
2662 1064 2819 1110 erunt
2846 1057 3064 1112 ordines
3103 1058 3373 1122 bonorum.
3401 1077 3520 1119 unus
3542 1065 3612 1134 qvi
3634 1084 3709 1122 non

548 1141 715 1197 Filius
746 1142 999 1207 hominis,
1031 1156 1137 1197 non
1168 1152 1343 1196 tamen
1384 1143 1511 1207 duo,
1543 1142 1640 1197 sed
1684 1138 1819 1197 unus
1848 1150 1933 1198 est
1963 1140 2129 1196 Filius
2222 1145 2562 1216 judicabilur,
2593 1150 2686 1203 sed
2714 1164 2832 1203 cum
2885 1150 3111 1206 Domino
3156 1152 3435 1222 iudicabit,
3463 1156 3575 1210 sicut
3602 1170 3713 1213 erunt

549 1230 665 1297 Dei,
696 1232 783 1301 qui
814 1233 863 1285 in
892 1231 1090 1300 judicio
1121 1246 1215 1301 per
1254 1235 1422 1287 solam
1466 1228 1726 1288 videndus
1761 1242 1844 1288 est
1884 1234 2128 1288 humani-
2224 1238 2397 1292 sancti
2419 1240 2643 1305 apostoli
2666 1251 2719 1295 et
2738 1240 2980 1309 perfecti,
3002 1243 3193 1311 quibus
3212 1243 3397 1297 dictum
3422 1244 3714 1309 est,Sedebitit

547 1329 735 1377 tatem.
782 1320 913 1375 Nam
951 1321 1003 1376 in
1053 1322 1329 1392 divinitate
1381 1338 1476 1378 sua
1525 1324 1657 1380 solis
1701 1332 1822 1394 post
1863 1323 2125 1393 judicium
2225 1331 3262 1398 supersedesjudicantesduodecimtribus
3280 1331 3713 1405 lsrael(llattlt.ttt).

548 1410 822 1480 apparebit
844 1411 1049 1475 electis,
1072 1413 1195 1481 quia
1217 1413 1474 1483 scriptum
1502 1423 1585 1471 est
1610 1432 1625 1469 :
1659 1413 1891 1469 Totlatur
1912 1416 2123 1485 impius,
2227 1418 2379 1475 Alter
2405 1422 2509 1476 erit
2532 1422 2665 1476 ordo
2687 1424 2965 1485 bonorum,
2984 1425 3069 1492 qui
3090 1423 3404 1493 judicabitur
3417 1434 3466 1479 et
3479 1426 3711 1492 salvabitur,

479 1526 503 1537 ν
547 1518 610 1556 ne
630 1502 796 1556 videat
822 1504 1039 1571 gloriam
1074 1504 1171 1558 Dei
1198 1503 1331 1575 (lsa.
1358 1506 1526 1576 sxw).
1571 1507 1679 1562 Soli
1725 1517 1899 1562 autem
1949 1521 2126 1576 regem
2227 1510 2418 1577 quibus
2447 1511 2697 1565 dicetur:
2730 1512 2956 1577 Esurivi,
2994 1522 3040 1567 et
3082 1515 3292 1568 dedistis
3320 1515 3433 1568 mihi
3463 1517 3714 1584 manducare,

548 1594 864 1650 saeculorum
896 1596 951 1651 in
982 1597 1178 1653 decore
1199 1613 1297 1653 suo
1336 1599 1592 1655 videbunt
1630 1600 1771 1655 oculi
1799 1601 1980 1655 mundi
2006 1615 2127 1656 san-
2228 1610 2332 1657 etc.
2361 1601 3024 1672 (Matth.ssv).Similiter
3040 1585 3522 1660 du°oeruntordines
3536 1608 3717 1674 reprobo

547 1698 778 1743 etorum.
818 1687 948 1743 Cum
983 1706 1128 1760 ergo,
1170 1690 1361 1759 inquit,
1404 1693 1589 1747 venerit
1630 1690 1800 1747 Filius
1831 1694 2050 1748 hominis
2073 1696 2127 1749 in
2230 1707 2369 1759 rum,
2396 1708 2531 1748 unus
2551 1708 2738 1748 eorum
2759 1694 2845 1762 qui
2863 1709 2967 1747 non
2989 1694 3437 1763 judicabuntur,et
3463 1697 3720 1750 tamentlanr

549 1779 813 1846 majestate
847 1795 962 1845 sua,
1001 1781 1104 1834 hoc
1150 1790 1255 1847 est,
1306 1784 1360 1837 in
1406 1782 1701 1837 divinitatis
1730 1798 1839 1838 sua:
1872 1788 2127 1852 potentia,
2157 1773 2206 1833 B
2238 1783 2521 1847 nabnntur,
2553 1785 2605 1838 in
2634 1800 2740 1853 quo
2773 1793 2928 1839 erunt
2964 1787 3152 1853 pagani
3193 1786 3355 1840 Deum
3395 1786 3722 1854 ignorantes,de

551 1883 647 1938 per
680 1885 835 1938 quam
878 1886 999 1926 cum
1043 1872 1200 1927 Patre
1239 1874 1395 1929 simul
1436 1885 1485 1930 et
1518 1874 1718 1944 Spiritu
1751 1886 1937 1931 sancto
1965 1893 2130 1945 genus
2234 1873 2423 1941 quibus
2442 1873 2726 1927 Psal.dicit
2748 1892 2759 1926 :
2782 1873 2900 1927 Non
2916 1886 3178 1947 resurgent
3194 1876 3335 1945 impii
3355 1877 3407 1929 in
3415 1876 3722 1946 judicio(Psa1.

549 1959 839 2014 humanum
872 1960 1154 2031 judicnbit,
1198 1965 1333 2022 bene
1367 1968 1573 2022 meritis
1602 1971 1818 2037 praemia
1849 1971 2045 2039 impiis,
2075 1980 2132 2026 et
2235 1963 2294 2033 ι).
2324 1964 2387 2016 Et
2409 1962 2686 2031 Dominus,
2708 1964 2808 2031 Qui
2830 1981 2927 2019 non
2947 1967 3125 2030 credit,
3141 1968 3251 2037 jam
3261 1967 3507 2038 judicatus
3525 1978 3582 2021 est
3598 1966 3723 2037 (locu.

548 2055 923 2121 peccatoribus
966 2056 1124 2131 digna
1170 2059 1471 2128 rependens
1513 2060 1794 2130 supplicia,
1839 2064 2128 2116 secundum
2235 2053 2350 2121 ιιι).
2400 2053 2551 2107 Mler
2598 2054 2701 2108 erit
2748 2054 2880 2108 Ordo
2933 2054 3147 2109 illorum
3203 2059 3291 2123 qui
3338 2057 3659 2125 judicabuutur
3690 2067 3728 2110 et

547 2160 706 2212 quam
746 2146 827 2217 (ut
852 2146 1050 2203 dictum
1074 2150 1176 2217 est)
1227 2166 1493 2219 nunquam
1533 2166 1657 2208 eum
1689 2154 1900 2221 reprobi
1946 2155 2115 2209 vidert

2234 2144 2649 2209 damnabuntur,
2701 2145 2901 2214 quibus.
2935 2146 3177 2201 dicetur:
3208 2144 3428 2215 Esuriui,
3478 2156 3517 2200 et
3559 2163 3635 2200 non
3668 2140 3724 2200 de

548 2246 819 2304 poterunt.
848 2238 939 2295 Ille
966 2254 1096 2308 ergo
1115 2243 1205 2311 qui
1232 2243 1497 2312 quondam
1528 2245 1594 2298 ad
1614 2252 1888 2313 assumpto
1917 2244 2131 2300 homine
2235 2237 2383 2290 distis
2414 2238 2536 2290 mihi
2564 2238 2896 2293 manducare.
2926 2238 3070 2293 Tunc
3096 2240 3229 2293 dicet
3256 2256 3345 2294 rea:
3363 2240 3436 2294 his
3455 2243 3572 2310 quia
3593 2241 3727 2294 dextris

549 2329 874 2398 judicandus
910 2333 1131 2387 veniens
1161 2349 1265 2387 non
1295 2334 1560 2398 clamavit,
1608 2350 1777 2404 neque
1804 2350 1989 2390 vocem
2017 2335 2132 2405 ejus
2233 2332 2344 2400 ejus
2365 2340 2531 2383 erunt.
2563 2328 2761 2394 Venite,
2790 2331 3033 2385 benedicti
3058 2331 3236 2387 Patris
3264 2334 3379 2400 mei,
3402 2333 3616 2404 possidete
3632 2348 3723 2400 pre-

551 2423 836 2492 quisquam
880 2425 932 2478 in
974 2426 1161 2493 plateis
1197 2426 1415 2493 audivit,
1455 2429 1579 2497 quia
1620 2430 1689 2482 ita
1721 2429 1934 2484 humilis
1962 2430 2130 2496 venit,
2236 2432 2471 2488 paratum
2517 2424 2655 2476 vobis
2705 2439 2917 2493 regnum
2962 2440 2996 2477 a
3049 2426 3410 2481 constitutione
3454 2428 3617 2479 mundi.
3654 2424 3730 2480 lies

551 2523 610 2566 ut
639 2527 667 2566 a
696 2514 906 2568 nemine
932 2524 1368 2586 cognosceretur,
1401 2532 1540 2573 nunc
1573 2518 1714 2574 Deus
1735 2520 2013 2574 manifeste
2042 2533 2135 2574 ve-
2235 2513 2477 2569 Christus
2502 2513 2769 2583 videlicet,
2799 2514 2888 2584 qui
2919 2527 2997 2571 est
3028 2531 3120 2570 rex
3147 2531 3333 2588 regum
3361 2526 3413 2572 et
3438 2516 3647 2572 Dominus
3668 2516 3730 2569 do-

557 2603 689 2671 niet,
726 2603 866 2658 Deus
889 2612 1094 2674 noster,
1125 2614 1307 2661 etnon
1348 2607 1545 2676 silebit,
1576 2608 1800 2677 stipatus
1838 2609 2134 2663 ministerio
2238 2602 2553 2658 minantium
2581 2643 2596 2666 ,
2649 2604 2849 2674 quique
2893 2605 2947 2658 in
2984 2604 3071 2661 die
3104 2605 3193 2659 illa
3221 2608 3367 2661 solus
3392 2606 3676 2672 exaltsliitur,
3698 2614 3732 2656 et

553 2695 888 2763 angelorum,
937 2696 1171 2767 quicum
1213 2712 1279 2753 eo
1320 2698 1386 2753 ad
1425 2698 1681 2768 judicium
1723 2699 1960 2765 venient,
1992 2707 2050 2752 ut
2079 2700 2133 2754 in
2236 2710 2350 2751 suae
2397 2697 2678 2766 potestatis
2722 2698 3041 2752 auctoritate
3087 2700 3409 2754 sententiam
3456 2697 3651 2753 dictabit.
3687 2694 3730 2747 Et

553 2801 742 2844 eorum
775 2790 1056 2857 praesentia
1084 2790 1390 2859 judicentur
1417 2792 1504 2860 qui
1540 2792 1639 2846 sub
1675 2805 1860 2846 eorum
1890 2790 2133 2846 custodia
2237 2788 2381 2844 dicet
2423 2786 2508 2842 his
2538 2787 2629 2857 qui
2672 2802 2701 2841 a
2745 2789 2955 2843 dextris
2992 2787 3112 2857 ejus
3156 2798 3337 2854 erunt,
3374 2789 3467 2844 hoc
3492 2798 3564 2842 est
3590 2786 3732 2841 sanctis

552 2878 694 2934 male
724 2878 991 2935 vixerunt.
1021 2881 1211 2952 Angeli
1236 2882 1377 2936 enim
1409 2892 1531 2936 sunt
1557 2880 2004 2935 administratorii
2028 2881 2135 2949 spi-
2240 2880 2329 2948 qui
2381 2879 2448 2934 ad
2505 2888 2705 2933 sortem
2756 2872 3006 2947 superna:
3056 2879 3402 2934 beatitudinis
3451 2876 3729 2948 pertinebunt.

549 2974 706 3039 ritus,
737 2974 824 3042 qui
856 2971 1084 3043 singulis
1116 2972 1420 3026 hominibus
1449 2972 1516 3026 ad
1547 2971 1846 3027 custodiam
1871 2970 2131 3039 deputan-
2244 2967 2446 3032 Venite,
2485 2967 2735 3021 benedicti
2765 2965 2943 3022 Patris
2966 2968 3083 3034 mei,
3118 2978 3231 3024 etc.
3264 2967 3383 3025 Vox
3416 2968 3504 3022 ista
3537 2964 3730 3021 desiden-

549 3072 659 3133 tur,
692 3065 759 3120 de
788 3067 980 3133 quibus
1009 3065 1265 3121 Dominus
1292 3083 1305 3119 :
1331 3066 1512 3137 Angeli
1542 3081 1711 3121 eorum
1740 3080 1935 3135 semper
1964 3064 2133 3117 vident
2167 3125 2204 3137 _
2242 3060 2383 3124 bilis,
2430 3059 2773 3127 exoptabilis,
2819 3067 2875 3113 et
2920 3061 3065 3112 omni
3106 3060 3282 3129 gratia
3326 3056 3639 3127 suscipienda,
3663 3066 3734 3120 qua

550 3125 735 3227 facient
758 3125 950 3221 Patris,
978 3165 1083 3211 etc.
1114 3155 1329 3226 (Matth.
1356 3125 1532 3226 sint).
1559 3156 1690 3210 Hinc
1718 3165 1772 3211 et
1796 3125 1932 3210 Psal.
1962 3154 2090 3209 dicit
2114 3170 2128 3208 :
2160 3125 2207 3190 ο
2235 3151 2405 3205 sancti
2438 3151 2502 3204 ad
2531 3151 2667 3205 bona
2695 3160 2942 3219 perpetua
2967 3159 3021 3204 et
3045 3149 3110 3203 ad
3158 3164 3383 3220 regnum
3422 3157 3639 3204 vocantur
3655 3144 3734 3198 sine

550 3249 1017 3305 Annuntiaverunt
1046 3250 1156 3303 creti
1189 3249 1444 3319 justitiam
1485 3254 1597 3316 eius
1628 3246 1798 3318 (Psat.
1836 3246 1971 3318 nt).
2004 3245 2132 3301 Caeli
2235 3241 2341 3296 (ine
2389 3256 2720 3298 mansurum.
2778 3242 2844 3295 Et
2885 3242 3080 3295 merito
3115 3240 3383 3297 benedicti
3412 3241 3639 3299 dicuntur,
3666 3236 3733 3286 hoc

550 3357 769 3411 namque
790 3341 1040 3413 justitiam
1060 3345 1170 3411 ejus
1193 3340 1590 3405 aununtiabunt,
1616 3341 1736 3409 quia
1759 3340 1928 3395 sancti
1959 3337 2133 3407 angeli
2237 3344 2337 3400 est,
2386 3334 2451 3389 ad
2493 3345 2748 3390 aeternam
2788 3334 3219 3390 benedictionem
3263 3335 3404 3406 (quas
3429 3333 3479 3388 in
3517 3330 3681 3387 Christo
3700 3334 3735 3430 et

548 3430 905 3497 justissimum
956 3431 1047 3485 Dei
1087 3431 1342 3499 judicium
1387 3440 1704 3485 veneranter
1746 3429 2130 3499 prmdicabuut.
2238 3445 2332 3500 per
2375 3429 2645 3483 Christum
2692 3428 2807 3496 est)
2853 3428 3238 3497 przedestinati.
3289 3430 3457 3483 Patris
3500 3434 3644 3481 autem
3679 3428 3733 3475 sui

549 3520 703 3578 Tunc
734 3520 921 3575 sedebit
951 3536 1106 3587 super
1130 3520 1297 3573 sedem
1326 3522 1605 3591 majestatis
1635 3536 1760 3573 stite.
1809 3520 2001 3575 Sedem
2033 3535 2133 3571 su-
2238 3536 2458 3590 regnum
2481 3518 2628 3583 dicit,
2659 3519 2725 3573 ad
2758 3519 2902 3574 illum
2934 3518 3172 3574 referens
3220 3534 3432 3574 omnem
3470 3524 3730 3587 potestatem.

553 3626 651 3678 per
689 3624 845 3679 quam
895 3609 1146 3664 Dominus
1175 3624 1418 3665 sessurus
1463 3620 1543 3665 est
1588 3610 1639 3664 in
1666 3610 1883 3682 judicio,
1921 3609 2131 3678 quidam
2238 3613 2392 3681 cujus
2416 3622 2500 3666 est
2529 3612 2717 3675 Filius,
2747 3611 2869 3681 quia
2900 3626 2927 3664 a
2961 3626 3066 3679 quo
3096 3611 3262 3665 habet
3289 3612 3576 3674 essentiam,
3607 3610 3656 3658 ab
3676 3604 3734 3656 illo

552 3701 703 3772 juttta
742 3701 969 3756 litteram
1000 3701 1193 3756 nubem
1228 3701 1369 3755 illam
1402 3702 1689 3767 accipiunt,
1724 3703 1776 3755 in
1806 3714 1909 3770 qua
1952 3701 2129 3754 Domi-
2237 3705 2395 3759 habet
2421 3715 2472 3758 et
2500 3704 2808 3773 potentiam.
2846 3703 3017 3758 Unum
3060 3713 3240 3759 tamen
3272 3713 3355 3759 est
3384 3717 3579 3773 regnum
3604 3698 3734 3759 Patris,

549 3806 651 3845 nus
675 3792 915 3847 ascendit
942 3794 992 3847 in
1024 3792 1239 3858 caelum,
1269 3791 1322 3847 in
1353 3809 1453 3864 qua
1484 3794 1642 3847 etiam
1675 3804 1927 3848 venturus
1952 3803 2033 3847 est
2065 3793 2130 3847 ad
2236 3802 2289 3848 et
2316 3793 2431 3848 Filii
2463 3805 2517 3849 et
2549 3795 2777 3862 Spiritus
2815 3794 3011 3857 sancti,
3046 3794 3187 3848 sicut
3230 3810 3332 3849 una
3362 3803 3439 3848 est
3462 3792 3655 3847 essentia
3677 3800 3734 3838 ea-

546 3882 824 3953 judicium.
859 3886 964 3940 Sed
994 3885 1386 3955 competentius
1414 3887 1569 3941 sedes
1602 3886 1692 3940 Dei
1720 3896 1901 3939 sancta
1931 3883 2128 3939 intelli-
2237 3884 2464 3953 demque
2508 3885 2780 3953 majestas.
2809 3884 2959 3952 Quod
3010 3901 3238 3960 regnum
3289 3886 3357 3940 ab
3394 3883 3575 3957 origine
3611 3874 3734 3933 mundi

546 3980 692 4044 gitur
722 3977 983 4045 Ecclesia,
1014 3981 1068 4033 in
1108 3994 1211 4049 qua
1253 3978 1509 4032 Dominus
1536 3977 1766 4043 sedebit,
1796 3976 1918 4047 quia
1948 3978 1998 4030 in
2031 3977 2131 4031 Ec-
2235 3975 2340 4030 illis
2373 3988 2729 4045 prteparatum
2772 3980 2983 4043 asserit,
3037 3976 3156 4045 quia
3196 3978 3265 4032 ad
3306 3978 3430 4032 illud
3463 3987 3570 4030 ante
3594 3968 3731 4025 saecula

546 4068 707 4123 clesia
728 4084 821 4123 sua
843 4070 1104 4139 gloriosus
1127 4071 1240 4140 ipse
1262 4085 1379 4124 eam
1403 4070 1708 4139 glorificans
1730 4069 2024 4138 apparebit.
2061 4067 2129 4121 Et
2236 4066 2600 4137 prmdestinati
2645 4080 2697 4125 et
2740 4069 3083 4137 praeordinati
3129 4080 3276 4123 sunt.
3316 4070 3444 4123 Nam
3469 4059 3734 4132 etapoiwhl5

548 4157 991 4227 congregabantur
1019 4158 1085 4210 ad
1115 4175 1226 4213 eum
1250 4176 1420 4213 omnes
1449 4167 1637 4229 gentes.
1662 4159 1858 4213 Omnes
1888 4157 2134 4213 videlicet
2236 4157 2361 4211 dicit
2392 4176 2403 4212 :
2442 4159 2580 4226 Quos
2629 4161 2878 4228 prtescict't
2918 4169 2964 4213 et
3008 4161 3410 4230 praedestinavit,
3449 4158 3551 4212 illos
3571 4166 3608 4207 et
3634 4164 3733 4203 tota.

548 4247 797 4304 homines
845 4263 875 4302 a
919 4249 1091 4318 primo
1132 4248 1299 4305 Adam
1341 4266 1507 4319 usque
1549 4249 1615 4304 ad
1644 4263 1765 4303 eum
1804 4248 1893 4317 qui
1941 4250 1993 4303 in
2028 4247 2132 4303 ﬁne
2236 4250 2304 4301 sit
2333 4268 2351 4302 :
2378 4260 2424 4303 et
2471 4266 2596 4320 quos
2638 4251 2869 4317 vocarit,
2914 4250 3002 4305 nos
3046 4260 3094 4305 et
3123 4250 3432 4321 justiﬁeavit
3469 4242 3734 4319 (Romuli)-

549 4338 733 4394 mundi
793 4341 1097 4396 nasciturus
1155 4351 1235 4396 est
1262 4381 1277 4408 ,
1328 4341 1525 4410 quique
1561 4341 1628 4394 ab
1676 4338 1896 4394 exordio
1944 4338 2129 4394 mundi
2235 4339 2439 4406 Quibus
2482 4356 2608 4395 vero
2642 4341 2846 4396 meritis
2879 4341 3035 4395 talem
3080 4350 3393 4396 meruerunt
3424 4332 3734 4425 remuneratio:

546 4429 656 4500 jam
680 4429 915 4487 defuncti
945 4441 1090 4499 sunt,
1116 4432 1197 4487 vel
1228 4432 1318 4501 qui
1348 4432 1451 4489 vivi
1483 4433 1537 4487 in
1566 4446 1792 4501 corpore
1816 4431 2125 4486 inveniendi
2162 4479 2211 4501 ,λ
2239 4446 2391 4496 ncm,
2443 4441 2723 4485 enumerat
2765 4431 2998 4486 subdens
3030 4449 3044 4486 :
3077 4430 3304 4499 Esurivi,
3354 4440 3400 4485 et
3442 4426 3620 4483 dedistis
3654 4418 3735 4471 mihi

548 4532 693 4579 sunt.
728 4522 789 4577 Et
810 4526 1061 4595 separabit
1090 4540 1176 4579 eos
1205 4525 1267 4578 ab
1294 4526 1511 4579 invicem
1548 4526 1679 4579 sicut
1704 4536 1877 4594 pastor
1901 4534 2130 4595 segregat
2163 4517 2210 4541 ν
2238 4520 2569 4575 manducare.
2596 4521 2767 4585 Sitivi,
2793 4531 2839 4575 et
2862 4521 3072 4575 dedistis
3092 4522 3219 4575 mihi
3238 4521 3421 4574 bibere.
3442 4517 3732 4587 [Iospeserami

550 4632 663 4669 oves
684 4617 747 4670 ab
776 4615 957 4670 Ittedis.
1002 4616 1068 4670 Et
1112 4626 1298 4671 statuet
1328 4634 1438 4671 oves
1465 4618 1670 4687 quidem
1705 4634 1737 4671 a
1781 4618 1972 4672 dextris
1998 4619 2127 4682 suis,
2240 4622 2287 4666 et
2315 4610 2587 4681 collegistis
2612 4627 2721 4678 nte;
2764 4612 2955 4675 nudus,
2985 4621 3031 4666 et
3061 4612 3393 4681 cooperuistis
3417 4625 3518 4670 me;
3548 4603 3733 4671 inﬁmus,

551 4706 725 4761 Medos
764 4718 931 4761 autem
958 4724 990 4762 a
1018 4708 1257 4764 sinistris.
1298 4708 1446 4764 Sicut
1488 4708 1704 4780 (inquit)
1745 4716 1928 4776 pastor
1972 4720 2134 4774 pecus
2238 4715 2285 4760 et
2310 4706 2545 4760 visitastis
2568 4721 2665 4758 me.
2692 4703 2761 4758 In
2782 4720 2987 4758 carcere
3010 4720 3170 4770 eram,
3197 4714 3245 4758 et
3271 4702 3538 4757 redemistis
3553 4712 3629 4749 me.
3648 4693 3734 4758 Qum

550 4800 783 4856 secernit
810 4814 838 4852 a
865 4815 1081 4870 pecore,
1110 4800 1179 4855 ita
1211 4801 1465 4856 Dominus
1491 4809 1695 4867 noster,
1736 4800 1825 4868 qui
1861 4808 1941 4853 est
1976 4812 2133 4852 verus
2237 4803 2401 4859 verba
2433 4809 2617 4869 aperte
2648 4799 2953 4868 exprimunt
2997 4812 3157 4868 opera
3200 4796 3435 4867 pietatis,
3480 4802 3529 4887 et
3567 4789 3733 4887 δειξξνος

550 4901 755 4962 pa~tor,
786 4907 943 4962 quem
984 4908 1111 4948 oves
1138 4908 1248 4947 sure
1291 4901 1608 4963 agnoscunt,
1639 4904 1870 4957 eumque
1900 4903 2134 4957 sequun-
2238 4894 2415 4951 lentia:
2441 4892 2858 4948 muniﬁcentiam
2879 4932 2894 4958 ,
2935 4906 3056 4962 qua:
3094 4903 3410 4957 corpoream
3455 4877 3729 4976 tolerandi)us

551 4990 657 5047 tur,
682 4984 951 5052 separabit
979 4984 1030 5037 in
1061 4984 1147 5038 die
1172 4983 1358 5053 judicii
1385 4984 1554 5037 bonos
1588 4996 1617 5035 a
1650 4978 1824 5035 malis.
1868 4979 2000 5034 Nam
2036 4995 2131 5050 per
2238 4985 2584 5055 indigentiam
2615 4982 2917 5038 necessaria
2948 4991 3051 5036 est.
3099 4981 3299 5035 verum
3332 4978 3376 5033 si
3407 4978 3511 5031 tunc
3546 4971 3731 5065 ςρίτξιιιξο

550 5091 679 5129 oves
719 5075 1061 5145 designantur
1099 5076 1293 5145 sancti,
1335 5074 1678 5143 simplicitate
1725 5082 1781 5127 et
1831 5074 2128 5128 innocentia
2239 5077 2361 5132 liter
2390 5078 2783 5143 acceperimus,
2832 5076 3032 5143 gratius
3072 5073 3267 5142 aliquid
3302 5068 3585 5138 impletione
3608 5058 3732 5113 chari-

548 5167 863 5235 gaudentes,
896 5168 984 5237 qui
1016 5167 1079 5221 ad
1106 5168 1377 5221 dexteram
1412 5165 1621 5219 Domini
1650 5172 1973 5229 statuentur,
2007 5166 2129 5234 quia
2239 5170 2363 5225 tatis
2394 5168 2692 5237 intelligere
2722 5165 3014 5233 poterimus
3044 5182 3056 5218 ε
3097 5168 3217 5235 quia
3246 5164 3473 5218 charitas
3500 5169 3589 5213 non
3611 5148 3732 5205 solum

548 5258 601 5313 in
630 5274 725 5329 spe
754 5260 1087 5329 sempiternis:
1130 5259 1394 5315 felicitatis
1429 5257 1854 5313 collocabuntur.
1887 5256 1987 5311 Per
2014 5255 2128 5310 bte-
2236 5263 2375 5317 circa
2417 5274 2634 5315 carnem
2682 5258 2861 5312 fratris
2908 5246 3224 5324 quandoque
3258 5253 3578 5312 morituram,
3602 5247 3733 5295 rerum

547 5349 646 5403 dos
685 5360 858 5405 autem
890 5351 1000 5422 (qui
1038 5362 1162 5405 sunt
1200 5348 1407 5420 petulca
1456 5348 1705 5403 animalia
1736 5356 1790 5402 et
1830 5346 2046 5412 lasciva,
2075 5357 2127 5402 et
2237 5351 2408 5407 multo
2449 5348 2619 5419 magis
2646 5348 2784 5403 circa
2815 5347 3047 5401 animam
3079 5359 3293 5416 semper
3318 5344 3555 5398 victuram
3587 5338 3732 5387 este!-

546 5441 614 5495 ad
660 5440 931 5498 libidinem
980 5458 1193 5512 semper
1235 5443 1460 5511 fervida)
1505 5441 1856 5511 designantur
1891 5440 2128 5510 reprobi,
2235 5440 2487 5497 hibenda.
2537 5439 2637 5506 Qui
2686 5438 2846 5508 igitur
2894 5437 3214 5492 esurientem
3269 5444 3318 5489 et
3352 5434 3595 5487 sitientem
3630 5428 3731 5515 Ριξθ

536 5514 903 5602 voluptatibus
932 5545 984 5589 et
1016 5534 1281 5589 illecebris
1327 5532 1518 5599 dediti,
1557 5535 1645 5603 qui
1674 5544 1938 5603 ponentur
1963 5532 2027 5587 ad
2058 5533 2130 5587 si-
2232 5533 2382 5589 verbi
2428 5532 2586 5586 satiat
2614 5539 2668 5587 et
2696 5544 2831 5600 aqua
2861 5528 3135 5598 sapientia:
3158 5535 3325 5597 potat,
3359 5521 3579 5613 perfecti!

548 5623 794 5693 tiistram,
848 5624 968 5694 quia
1013 5623 1157 5694 juste
1197 5623 1537 5693 sempiternae
1581 5621 1911 5677 damnationi
1962 5622 2126 5692 subji-
2235 5626 2363 5680 tatis
2397 5637 2556 5693 opera
2604 5620 2877 5691 adimplet.
2930 5620 3029 5688 Qui
3070 5627 3340 5675 errantem
3386 5630 3416 5668 a
3457 5612 3528 5705 vis
3556 5607 3731 5705 terim:s

548 5714 778 5771 cientur.
808 5714 910 5772 Sed
937 5723 991 5773 et
1018 5714 1149 5773 illud
1176 5712 1577 5783 attendendum,
1606 5713 1728 5785 quia
1771 5728 1877 5772 non
1919 5727 2126 5785 capras,
2232 5730 2384 5776 sacra
2434 5712 2795 5771 admonitione
2839 5720 3073 5781 revocat,
3124 5718 3177 5767 et
3222 5723 3321 5779 per
3360 5700 3728 5775 pmttileuliw"
