3972 6340
207 378 338 445 HT?

1154 354 1636 440 iteittLtAmus.‘
1658 366 1728 423 Ζ
1781 380 2013 438 nosne.
2054 381 2141 437 ne
2180 381 2526 441 TtZMPORE.

3327 377 3465 440 1218

205 504 413 559 domum
457 507 654 554 sancta:
685 497 939 555 Ecclesiae.
973 497 1187 569 recipit,
1233 499 1445 568 pietatis
1487 512 1648 566 opera
1679 513 1770 551 ve—
1801 501 1848 558 Α
1877 498 2059 552 trahit.
2098 498 2205 554 Sed
2259 507 2385 554 tunc
2442 501 2596 556 bonis
2642 500 2694 555 in
2754 514 2875 554 vasa
2919 499 3159 557 collectis
3200 501 3457 570 piscibus,

206 594 390 645 raciter
436 591 564 658 agit.
596 589 697 654 Qui
744 604 874 643 vero
920 588 1189 642 inﬁrmum
1234 588 1286 641 in
1315 588 1417 641 tide
1444 584 1667 655 suscipit
1693 601 1781 641 se-

202 683 426 739 cundum
457 681 771 751 Apostolum
798 679 852 751 (I
887 680 1037 735 Thes.
1074 681 1164 749 v),
1196 689 1250 734 et
1293 679 1690 733 tribulationum
1718 693 1781 734 ac

201 776 420 845 iustitiae
466 788 687 828 carcere
731 772 952 838 clauso,
994 772 1246 826 solatium
1290 771 1677 841 compassionis
1718 785 1782 825 ac

204 882 503 924 sermonem
549 865 931 921 consolationis
975 864 1251 934 impendit,
1299 862 1387 917 hic
1415 864 1597 933 utique
1634 876 1779 918 verte

200 958 493 1015 dilectionis
534 956 656 1028 jura
693 956 988 1025 adimplet,
1033 966 1087 1009 et
1124 954 1245 1009 ideo
1276 954 1485 1023 pietatis
1531 955 1780 1008 mercede

200 1051 624 1108 remunerandus
647 1058 749 1105 est.
796 1050 862 1105 Et
902 1060 1025 1105 nota
1054 1050 1196 1119 quod
1227 1065 1331 1104 nou
1363 1049 1586 1103 virtutes
1614 1049 1784 1103 maxi-

198 1158 335 1212 mas,
365 1141 459 1198 sed
486 1141 597 1195 sola
627 1140 926 1196 dilectionis
956 1155 1143 1211 opera,
1170 1156 1289 1210 qua;
1318 1140 1505 1194 activae
1529 1141 1654 1193 vitae
1683 1156 1781 1195 ne-

199 1233 433 1289 cessaria
478 1240 622 1298 sunt,
661 1232 916 1287 Dominus
958 1233 1009 1287 in
1044 1232 1249 1302 judicio
1277 1241 1684 1292 commemorat.
1728 1242 1785 1286 ut

197 1323 395 1393 liquide
420 1323 667 1378 ostendat
696 1322 815 1392 quia
852 1323 1126 1378 cbaritatis
1156 1332 1418 1392 praecepta
1445 1322 1783 1377 servantibus

196 1415 489 1470 debeantur
518 1429 677 1484 regna
702 1415 981 1480 caelorum,
1007 1416 1123 1470 sine
1149 1429 1252 1486 qua
1279 1414 1422 1469 nulla
1446 1414 1633 1477 virtus,
1667 1414 1784 1466 nul-

198 1508 308 1562 lum
340 1523 473 1576 opus
521 1508 719 1563 bonum
767 1508 876 1564 Deo
925 1508 1134 1577 placere
1174 1515 1367 1578 potest.
1394 1507 1538 1561 Tunc
1577 1522 1785 1575 respon-

193 1598 383 1653 debunt
418 1598 571 1668 justi,
623 1598 886 1652 dicentes:
923 1597 1153 1663 Domine,
1214 1597 1417 1664 quando
1476 1605 1521 1649 te
1570 1598 1784 1651 vidimus

191 1690 519 1754 esurientem,
551 1698 599 1743 et
628 1690 897 1759 pavimus?
925 1691 1196 1755 sitientem,
1228 1701 1275 1744 et
1305 1690 1537 1744 dedimus
1564 1691 1655 1743 tibi
1686 1707 1781 1757 po-

193 1790 303 1834 tum
325 1781 350 1833 ?
373 1780 588 1844 Quando
607 1790 782 1834 autem
803 1791 850 1834 te
872 1780 1087 1833 vidimus
1110 1781 1379 1849 hospitem,
1412 1792 1456 1836 et
1482 1784 1780 1852 collegimus

193 1880 244 1924 te
257 1872 281 1924 .’
292 1870 508 1936 nudum,
524 1880 571 1923 et
587 1872 1025 1938 cooperuimuste?
1047 1872 1145 1925 Ista
1165 1875 1334 1928 sancti
1356 1876 1771 1943 respondebunt,

189 1970 478 2030 stupentes
517 1962 584 2015 ad
614 1946 930 2017 immensam
976 1970 1031 2016 et
1071 1963 1389 2020 inell'abilem
1439 1968 1773 2035 maiestatem

193 2054 347 2122 regis
390 2051 610 2120 Christi,
642 2063 697 2107 et
724 2054 845 2123 quia
887 2068 1047 2109 omne
1086 2055 1283 2110 bomtm
1312 2057 1666 2128 quodcunque
1695 2058 1777 2115 fe—

187 2152 419 2209 cerunt,
460 2144 703 2213 quamvis
747 2145 906 2202 fuerit
943 2147 1263 2213 maximum,
1296 2157 1419 2203 tunc
1476 2150 1579 2203 illis
1620 2153 1778 2204 mini-

187 2249 341 2288 mum
393 2243 448 2288 et
493 2234 869 2289 brevissimum
926 2236 1212 2300 videbitur,
1263 2253 1371 2306 prie
1411 2241 1779 2309 magnitudine

187 2326 422 2380 terroris
448 2326 535 2395 qui
561 2336 685 2381 tunc
708 2328 830 2391 erit,
854 2328 966 2382 sive
996 2342 1105 2398 prie
1128 2328 1451 2383 abundantia
1478 2330 1774 2385 inaestima-

183 2416 317 2470 biis
353 2417 739 2472 retributionis.
774 2418 1013 2487 Denique
1042 2428 1096 2474 et
1124 2419 1311 2474 beatus
1336 2419 1567 2488 Ephrem
1602 2423 1652 2476 in
1685 2423 1780 2474 ho-

183 2507 347 2561 milia
377 2509 606 2577 quodam
627 2508 694 2563 de
724 2508 809 2563 die
829 2509 1039 2578 judicii,
1062 2525 1222 2578 quam
1267 2510 1476 2579 plenam
1511 2526 1778 2582 compun-

178 2598 374 2655 ctione
395 2601 631 2670 scripsit,
655 2600 784 2655 dicit
805 2609 1020 2655 sanctos
1038 2610 1163 2656 tunc
1183 2602 1420 2672 angelos,
1443 2602 1542 2657 sub
1554 2618 1777 2671 quorum

180 2692 436 2744 usstodia
468 2692 738 2755 vixerunt,
785 2691 1198 2760 interrogantes,
1230 2692 1355 2761 quid
1385 2706 1617 2760 unquam
1656 2692 1779 2747 boni

179 2790 464 2853 egerunt,
523 2791 581 2836 ut
636 2782 729 2836 tali
793 2782 962 2853 gloria
1012 2782 1208 2852 talique
1256 2782 1399 2853 digni
1455 2783 1779 2838 haberentur

176 2873 479 2929 mercede?
507 2870 577 2927 Et
616 2875 923 2943 respondens
973 2889 1081 2939 res,
1131 2874 1262 2927 dicet
1305 2874 1409 2927 illis
1430 2888 1449 2925 :
1478 2873 1638 2927 Amen
1660 2876 1779 2928 dico

173 2966 355 3030 vobis,
385 2964 617 3034 quandiu
665 2965 855 3033 fecistis
904 2966 1001 3018 iuni
1051 2981 1112 3019 ea:
1148 2966 1368 3020 minimis
1406 2966 1482 3018 his
1524 2965 1770 3035 fratribus

173 3056 340 3120 meis,
370 3054 494 3110 mihi
522 3055 734 3125 fecistis.
781 3055 1012 3110 Miranda
1046 3054 1254 3109 Domini
1284 3064 1340 3111 et
1367 3055 1658 3111 Salvatoris
1688 3056 1773 3126 pia

172 3146 471 3217 dignatio,
531 3146 620 3216 qui
674 3148 1014 3202 devotionem
1061 3147 1327 3216 justorum
1385 3150 1474 3203 tali
1532 3150 1779 3205 mercede

171 3246 528 3304 compensat,
564 3246 619 3291 ut
647 3250 706 3292 se
736 3236 789 3290 in
824 3237 1143 3306 pauperibus
1183 3246 1391 3307 pastum
1427 3247 1479 3293 et
1523 3239 1775 3294 vestitum

169 3336 421 3396 asserat,
454 3339 509 3384 et
554 3328 812 3398 quidquid
861 3329 964 3383 illis
1008 3329 1306 3399 impensum
1348 3338 1452 3397 est,
1497 3345 1557 3384 se
1597 3344 1782 3386 susce-

169 3420 337 3490 pisse
366 3420 667 3475 conlirmet.
708 3420 850 3475 Sane
898 3420 1038 3489 quod
1093 3420 1220 3475 dicit
1261 3439 1273 3474 :
1312 3420 1554 3486 Quandiu
1582 3421 1778 3489 fecistis

170 3512 283 3564 uni
335 3525 401 3563 ea:
454 3509 677 3562 minimis
708 3509 852 3575 meis,
905 3508 1031 3561 milii
1084 3511 1299 3579 fecistis,
1352 3520 1523 3578 potest
1567 3510 1780 3579 quidem

175 3602 529 3673 generaliter
560 3601 629 3657 de
656 3602 801 3655 omni
836 3615 1070 3671 paupere
1094 3602 1338 3672 intelligi,
1369 3602 1512 3672 quod
1538 3602 1785 3657 videlicet

170 3697 543 3765 elecmosyna
588 3694 835 3762 cuiquam
884 3708 1055 3762 egeno
1111 3703 1330 3763 propter
1376 3693 1645 3747 Christum
1680 3693 1783 3748 im-

169 3798 394 3855 penso,
456 3782 523 3836 ab
572 3782 689 3851 ipso
728 3782 1066 3850 suscipiatur.
1111 3779 1310 3836 Verum
1357 3796 1477 3835 cum
1532 3781 1786 3835 Dominus

162 3874 505 3930 notabiliter
530 3881 584 3927 et
604 3871 755 3942 quasi
780 3874 1151 3929 demonstrans
1174 3872 1334 3938 dicat,
1368 3873 1458 3925 uni
1477 3873 1540 3926 de
1562 3873 1786 3926 minimis

157 3967 333 4029 istis,
360 3964 647 4021 ostendens
674 3980 778 4020 non
802 3964 1118 4036 generaliter
1140 3978 1198 4018 se
1219 3964 1285 4017 de
1314 3963 1634 4033 quibuslibet
1660 3978 1790 4031 pau-

161 4057 436 4128 peribus,
460 4057 552 4112 sed
577 4057 749 4112 dehis
772 4056 1015 4112 videlicet
1047 4064 1247 4110 tantum
1278 4056 1454 4111 dicere
1482 4055 1571 4126 qui
1601 4056 1789 4124 spiritu

158 4163 459 4223 pauperes
470 4158 614 4213 sunt,
635 4150 722 4217 qui
740 4156 953 4218 propter
969 4146 1133 4201 Deum
1152 4146 1502 4200 voluntariam
1519 4146 1793 4215 perferunt

159 4249 517 4309 egestatem,
539 4240 730 4306 quibus
770 4239 1002 4293 maxime
1024 4238 1204 4291 lideles
1226 4237 1293 4292 de
1313 4236 1421 4293 suis
1455 4236 1793 4291 facultatibus

150 4329 508 4397 subvenire,
529 4340 585 4385 et
601 4331 702 4385 sibi
721 4331 921 4385 amicos
938 4331 1108 4384 lacere
1129 4329 1345 4394 debent,
1371 4340 1427 4383 ut
1444 4330 1510 4382 ab
1525 4330 1603 4383 eis
1630 4332 1681 4382 in
1709 4345 1794 4382 re-

156 4434 354 4477 terna
375 4421 523 4490 regni
551 4422 805 4476 cmlorum
824 4419 1120 4475 habitacula
1138 4419 1457 4487 recipiantur
1477 4436 1489 4471 :
1508 4416 1648 4473 Tunc
1664 4421 1794 4473 dicet

150 4523 215 4568 et
252 4510 346 4565 Isis
378 4511 466 4580 qui
497 4527 527 4565 a
557 4511 775 4564 sinistris
798 4512 908 4578 ejus
953 4519 1099 4563 erunt
1123 4524 1142 4563 :
1169 4506 1424 4563 Discedite
1450 4526 1482 4561 α
1508 4525 1605 4575 me,
1631 4510 1791 4563 male-

146 4602 342 4665 dicti,
368 4603 419 4654 in
452 4603 616 4673 ignem
645 4610 912 4668 azternum,
941 4601 1026 4667 qui
1055 4610 1263 4666 paratus
1287 4611 1358 4654 est
1388 4602 1592 4654 diabolo
1620 4611 1665 4654 et
1691 4618 1784 4654 an—

142 4694 320 4768 gelis
360 4693 494 4761 ejus.
536 4691 798 4755 [leprobis
838 4691 903 4745 ad
951 4690 1222 4745 sinistram
1269 4691 1451 4760 positis
1484 4692 1781 4764 (quietiam

142 4802 321 4845 cum
370 4785 424 4838 in
475 4788 672 4839 mundo
714 4786 977 4849 viverent,
1027 4785 1242 4839 sinistra
1266 4799 1498 4853 semper,
1551 4786 1650 4842 hoc
1699 4796 1784 4843 est

144 4880 504 4936 transitoria
534 4886 867 4943 amaverunt,
916 4893 1014 4932 nec
1053 4872 1660 4948 unquam‘zetcrnorum,
1691 4882 1778 4950 qui

138 4970 241 5026 ad
289 4969 571 5023 dexteram
605 4971 921 5037 ligurantur,
953 4983 1134 5021 curam
1176 4968 1497 5038 habuerunt)
1542 4970 1774 5024 dicitur:

138 5059 455 5115 Discedite
479 5076 509 5110 a
536 5074 637 5126 me,
666 5059 904 5127 maligni,
938 5060 993 5112 in
1023 5059 1188 5129 ignem
1218 5070 1486 5114 trternum.
1518 5059 1775 5117 Maledicti

130 5164 322 5207 vero
350 5158 607 5203 vocantur
640 5150 689 5201 hi
720 5151 807 5218 qui
836 5150 887 5202 in
921 5149 1119 5202 malitia
1169 5149 1331 5202 vitam
1379 5159 1775 5220 consumentes,

82 5314 83 5317 η
128 5252 413 5300 eternae
460 5238 820 5295 maledictioni
870 5240 1076 5308 seipsos
1109 5254 1408 5309 prceparare
1449 5256 1551 5295 non
1586 5242 1777 5297 timue-

124 5343 340 5394 runt.
372 5331 655 5402 Nunquam
694 5332 909 5401 quidem
942 5333 1065 5387 mali
1102 5348 1225 5387 cum
1266 5332 1491 5388 Domino
1520 5333 1776 5400 luerunt,

122 5425 317 5495 quia
351 5439 455 5478 non
506 5423 769 5478 habitabit
814 5423 960 5493 juxta
1011 5439 1132 5478 eum
1184 5424 1469 5494 malignus,
1517 5425 1611 5479 sed
1656 5435 1780 5482 tunc

114 5515 472 5576 discedere
502 5515 765 5582 videntur,
807 5516 929 5584 quia
962 5515 1013 5569 in
1044 5517 1295 5583 praisenti
1328 5515 1455 5569 mali
1488 5517 1641 5571 bonis
1665 5532 1782 5588 per-

114 5604 342 5667 misti
393 5605 666 5671 videntur,
719 5620 749 5659 a
799 5605 991 5674 quibus
1037 5608 1087 5659 in
1128 5605 1327 5675 judicio
1369 5608 1776 5678 separabantur.

106 5706 404 5769 Sagena
451 5708 626 5752 autem
680 5704 876 5751 sanctte
918 5698 1170 5752 Ecclesia:
1211 5700 1382 5754 malos
1433 5703 1607 5768 pisces
1657 5715 1779 5756 cum

105 5790 355 5856 mnis
380 5792 536 5862 capit,
565 5802 618 5848 et
647 5805 809 5860 usque
848 5789 912 5845 ad
963 5789 1105 5845 littus
1150 5789 1320 5845 ultimi
1367 5792 1625 5849 examinis
1657 5808 1779 5865 per-

1805 3194 1852 3258 C

1882 589 2004 643 mali
2036 589 2177 644 foras
2208 591 2571 660 projicieutur.
2603 592 2692 647 Sic
2722 600 2779 646 et
2806 593 2857 646 in
2897 606 3025 662 agro
3059 591 3270 646 Domini
3313 593 3457 647 ziza-

1882 683 1966 735 nia
1994 696 2112 736 cum
2151 684 2328 738 tritico
2356 684 2679 753 germinant,
2711 684 2804 739 sed
2833 699 2953 739 cum
2997 683 3062 737 ad
3101 697 3281 739 aream
3323 698 3457 739 ven-

1885 782 1995 827 tum
2026 776 2181 830 iuerit
2233 777 2463 831 triticum
2495 777 2558 829 ad
2603 777 2850 830 horreum
2880 774 3219 839 reconditur,
3260 775 3462 829 zizania

1882 880 2009 919 vero
2032 865 2300 923 fasciculis
2343 868 2658 937 colliguntur
2681 876 2736 921 et
2764 868 2871 935 igni
2897 867 3301 920 comburuntur.
3333 866 3460 920 Sive

1882 958 2156 1014 discedere
2184 974 2299 1024 eos,
2330 961 2429 1015 hoc
2452 970 2556 1029 est,
2586 975 2614 1013 a
2642 958 2921 1029 prmsentia
2942 974 3055 1014 suae
3074 956 3292 1013 visionis
3315 957 3466 1027 iubet

1886 1049 2093 1119 projici,
2138 1060 2191 1103 et
2220 1049 2270 1104 in
2316 1051 2562 1106 tenebras
2590 1050 2892 1104 exteriores
2921 1049 3143 1118 expelli.
3178 1048 3466 1104 Discedere

1884 1156 2013 1211 ergo
2062 1142 2331 1195 maledicti
2379 1141 2634 1212 jubentur
2675 1141 2727 1195 in
2775 1142 2949 1210 ignem
2991 1149 3272 1203 aeternum,
3314 1150 3368 1194 ut
3397 1139 3469 1194 ibi

1885 1232 2001 1286 sine
2032 1232 2136 1286 line
2166 1232 2409 1296 ardeant,
2444 1233 2531 1301 qui
2562 1233 2613 1286 in
2643 1234 2894 1301 przesenti
2927 1232 3102 1302 ignem
3131 1233 3381 1285 vitiorum
3412 1231 3465 1285 in

1884 1336 1943 1376 se
1963 1323 2306 1391 exstinguere
2338 1323 2645 1376 noluerunt.
2680 1322 2784 1376 lste
2813 1331 2989 1375 autem
3022 1322 3155 1388 ignis
3183 1320 3395 1375 dialnl»
3418 1329 3471 1375 et

1884 1415 2090 1484 angelis
2119 1415 2240 1485 ejus
2279 1424 2607 1483 praeparatus
2636 1422 2737 1480 est,
2771 1413 2891 1483 quia
2923 1412 3058 1468 sicut
3098 1414 3331 1482 potentia
3376 1412 3469 1466 Ι)ςί

1881 1504 2039 1575 jnstis
2077 1520 2297 1575 regnum
2335 1505 2403 1558 ab
2432 1505 2637 1574 origine
2670 1505 2853 1557 mundi
2883 1503 3224 1573 prmparavit,
3255 1504 3322 1556 ita
3351 1503 3471 1557 dia-

1887 1594 2009 1649 bolo
2039 1604 2093 1649 et
2122 1594 2328 1664 angelis
2358 1594 2476 1663 ejus
2507 1608 2569 1647 ac
2611 1594 2853 1661 reprobis
2900 1591 3073 1663 ignem
3107 1602 3387 1655 aeternum,
3417 1591 3469 1647 in

1884 1701 1989 1754 quo
2035 1684 2361 1739 mternaliter
2412 1685 2750 1747 crucientur,
2811 1684 3203 1753 praeordinavit.
3264 1684 3472 1739 Esurivi

1884 1778 2038 1844 enim,
2083 1787 2130 1829 et
2159 1794 2262 1830 non
2308 1778 2516 1831 dedistis
2564 1778 2688 1830 mihi
2734 1776 3062 1831 manducare.
3093 1768 3261 1839 Sitivi,
3301 1786 3471 1829 etnon

1812 1846 1855 1907 Β
1883 1869 2092 1921 dedistis
2140 1868 2266 1920 mihi
2304 1878 2501 1938 potum.
2552 1866 2751 1937 Hospes
2787 1883 2946 1929 erant,
2994 1875 3039 1919 et
3072 1881 3172 1918 non
3199 1865 3473 1936 collegislis

1883 1976 1982 2013 me.
2012 1958 2197 2013 Nudus
2222 1975 2385 2024 erant,
2419 1968 2464 2012 et
2495 1975 2596 2012 non
2626 1956 2892 2028 aperuistis
2920 1972 3020 2009 me.
3047 1953 3315 2024 Infirmus,
3341 1964 3387 2010 et
3418 1957 3471 2011 in

1883 2066 2101 2115 carcere,
2157 2059 2203 2102 et
2252 2066 2353 2102 non
2400 2050 2605 2102 venistis
2649 2049 2719 2101 ad
2762 2064 2861 2101 me.
2895 2046 3170 2101 Metueudi
3220 2046 3474 2101 multum-

1883 2155 1985 2207 que
2008 2137 2431 2208 pertimescenda
2454 2148 2538 2193 est
2566 2140 2665 2192 ista
2693 2140 2987 2193 sententia.
3010 2137 3124 2192 Non
3154 2137 3295 2192 enim
3320 2130 3470 2206 dicit,

1882 2230 2055 2284 aliena
2087 2230 2353 2298 rapui-tis,
2396 2230 2530 2296 sed,
2579 2246 2679 2283 non
2727 2230 2942 2283 dedistis
2973 2229 3096 2283 mihi
3138 2230 3469 2284 manducare.

1884 2322 1940 2376 Si
1972 2336 2100 2391 ergo
2129 2322 2199 2375 ita
2234 2322 2491 2375 tenacitas
2533 2320 2835 2387 damnatur,
2864 2319 3125 2388 rapacitas
3152 2321 3275 2390 quid
3300 2335 3475 2376 mere-

1886 2414 2004 2468 tur?
2052 2414 2156 2467 Aut
2199 2411 2324 2482 quid
2380 2413 2599 2480 recipiet
2650 2411 2740 2481 qui
2790 2397 3023 2466 alienum
3070 2406 3269 2476 tulerit,
3318 2411 3360 2465 si
3395 2404 3475 2467 sic

1883 2503 2102 2575 punitur
2132 2505 2222 2573 qui
2255 2507 2321 2558 de
2347 2517 2446 2557 suo
2477 2519 2584 2558 non
2613 2503 2857 2557 dederit?
2883 2502 2938 2558 Si
2973 2503 3080 2558 tale
3104 2502 3360 2573 judicium
3390 2512 3475 2558 est

1881 2599 1928 2652 ei
1956 2598 2047 2665 qui
2080 2612 2183 2651 non
2216 2596 2401 2651 iecerit
2432 2595 2879 2662 misericordiam,
2929 2595 3084 2667 quale
3136 2597 3240 2651 erit
3282 2596 3332 2651 ei
3381 2596 3472 2665 qui

1884 2687 2012 2741 fecit
2056 2686 2342 2755 rapinam?
2376 2684 2519 2740 Tunc
2549 2688 2922 2757 respondebunt
2968 2696 3015 2740 et
3054 2686 3175 2754 ipsi,
3207 2686 3429 2741 dicemes
3455 2701 3476 2741 :

1883 2772 2120 2841 Domine,
2146 2777 2354 2845 quando
2384 2777 2617 2830 videmus
2651 2786 2697 2831 te
2725 2777 3047 2845 esurientem,
3078 2786 3169 2830 aut
3197 2779 3474 2844 sitientem,

1882 2877 1971 2921 aut
1990 2868 2261 2938 hospitem,
2287 2877 2381 2921 aut
2402 2868 2618 2933 nudum,
2647 2880 2736 2921 aut
2756 2868 3035 2937 infirmum,
3067 2866 3143 2921 vel
3173 2868 3225 2920 in
3250 2883 3473 2934 carcere,

1883 2969 1930 3013 et
1969 2976 2069 3014 non
2112 2960 2515 3014 ministravimus
2558 2960 2696 3014 tibi?
2735 2959 3004 3015 Excusare
3051 2960 3312 3025 nituntur,
3363 2969 3475 3014 tan-

1882 3068 2040 3121 quam
2070 3051 2238 3108 Deum
2275 3052 2461 3108 fallere
2494 3053 2719 3121 possint,
2752 3053 2890 3106 sicut
2929 3053 3195 3123 quondam
3229 3050 3475 3109 homines

1886 3142 2246 3212 decipiebant.
2280 3143 2387 3199 Sed
2436 3153 2562 3198 tunc
2597 3144 2798 3198 nullam
2843 3144 3245 3199 excusationem
3276 3143 3477 3199 habere

1886 3245 2126 3302 possunt,
2160 3236 2247 3305 qui
2280 3235 2405 3290 dum
2439 3237 2738 3304 potuissent
2782 3236 3044 3302 converti,
3076 3235 3383 3301 noluerunt,
3415 3248 3473 3291 et

1881 3324 2236 3396 elecmosynis
2254 3335 2465 3393 peccata
2486 3341 2577 3379 sua
2592 3326 2771 3380 delere
2792 3326 3159 3395 neglexerunt.
3180 3325 3470 3395 Etrespon-

1881 3422 2026 3480 dens,
2052 3418 2183 3470 dicet
2209 3418 2346 3471 illis:
2376 3417 2533 3470 Amen
2560 3417 2675 3470 dico
2703 3418 2860 3482 vobis,
2885 3416 3111 3486 quandiu
3141 3432 3243 3471 non
3275 3417 3466 3485 fecistis

1882 3510 1971 3561 uni
1997 3509 2059 3562 de
2088 3510 2166 3562 liis
2207 3510 2451 3578 fratribus
2496 3510 2619 3562 meis
2660 3510 2900 3575 minimis,
2946 3526 3039 3564 nec
3086 3510 3215 3563 mihi
3261 3511 3471 3581 fecistis.

1885 3602 1986 3666 Qui
2016 3601 2161 3655 enim
2191 3602 2476 3655 humilibus
2503 3613 2556 3655 et
2583 3600 2851 3669 despectis
2881 3601 3130 3655 membris
3154 3601 3351 3656 Christi
3372 3604 3472 3658 bc-

1887 3694 2133 3748 nelicium
2187 3692 2496 3761 impendere
2546 3693 2799 3762 negligit,
2859 3692 3194 3747 convincitur
3250 3693 3465 3750 Christo

1887 3789 2065 3841 minus
2093 3799 2214 3840 esse
2248 3786 2494 3850 devotus,
2518 3794 2679 3855 atque
2704 3786 3096 3854 ideonunquam
3120 3800 3179 3839 se
3202 3785 3250 3841 ei
3269 3786 3467 3855 aliquid

1890 3876 2140 3930 tribuisse
2166 3875 2433 3944 gaudebit.
2465 3874 2596 3928 Nam
2627 3875 2715 3943 qui
2754 3890 2855 3928 non
2886 3874 3056 3945 diligit
3085 3875 3297 3943 fratrem
3320 3890 3469 3943 quem

1888 3966 2045 4031 videt,
2082 3965 2264 4033 Deum,
2295 3981 2440 4033 quem
2482 3981 2582 4018 non
2611 3966 2766 4029 videt,
2796 3965 3049 4034 quomodo
3076 3974 3237 4032 potest
3262 3965 3472 4035 diligere

1890 4054 1938 4127 (Ι
1962 4053 2122 4110 Joan.
2153 4055 2267 4119 tv)?
2299 4054 2693 4110 Attendendum
2728 4071 2856 4110 vero
2878 4057 3020 4124 quod
3043 4066 3096 4111 et
3125 4056 3230 4119 hic,
3259 4057 3400 4112 sicut
3414 4064 3471 4112 et

1891 4148 2158 4216 superius,
2192 4148 2409 4202 unitatis
2441 4149 2497 4200 lit
2527 4148 2746 4212 mentio,
2779 4162 2899 4202 cum
2923 4146 3117 4203 dicitur
3173 4165 3186 4201 :
3228 4147 3471 4214 Quandiu

1893 4255 1994 4292 non
2044 4239 2230 4308 fecistis
2279 4238 2367 4291 uni
2413 4254 2479 4292 ea:
2524 4238 2748 4291 minimis
2792 4239 2939 4302 meis,
2970 4255 3060 4293 nec
3100 4238 3227 4291 mihi
3257 4240 3471 4310 fecistis.

1896 4329 1999 4384 Per
2043 4329 2184 4399 quod
2218 4329 2459 4383 innuitur
2499 4330 2622 4397 quia
2676 4328 2817 4382 illius
2866 4329 3082 4398 largitas
3129 4337 3348 4397 accepta
3393 4337 3478 4385 est

1900 4421 2030 4485 Deo,
2071 4421 2159 4489 qui
2204 4420 2339 4474 hanc
2384 4419 2612 4488 simplici
2653 4419 2831 4473 cordis
2871 4420 3167 4475 intentione
3194 4421 3246 4475 in
3276 4419 3477 4477 unitate

1816 4549 1870 4608 υ
1899 4513 2018 4567 ﬁdei
2050 4511 2324 4566 catholica
2352 4512 2529 4579 studet
2559 4510 2836 4565 exhibere.
2869 4509 3135 4566 Caeterum
3182 4512 3272 4581 qui
3316 4525 3376 4567 se
3406 4513 3475 4568 ab

1894 4605 2097 4659 unitate
2136 4603 2258 4658 ﬁdei
2299 4603 2547 4657 hmretica
2590 4604 2848 4671 pravitate
2898 4602 3110 4665 dividit,
3144 4604 3227 4658 vel
3269 4603 3336 4658 de
3378 4618 3476 4659 suo

1891 4710 2057 4765 opere
2086 4695 2227 4748 bono
2260 4693 2467 4747 laudem
2498 4695 2688 4762 quaerit
2720 4692 3030 4759 humanam,
3068 4694 3222 4762 hujus
3257 4693 3471 4749 miseri-

1889 4788 2076 4843 cordia
2106 4786 2329 4855 reproba
2379 4800 2409 4839 a
2458 4783 2673 4839 Christo
2720 4784 2988 4854 judicatur
3032 4794 3087 4841 et
3127 4785 3361 4854 indigna.
3405 4784 3472 4838 Et

1888 4882 2031 4935 ibunt
2065 4880 2117 4932 lii
2147 4880 2198 4932 in
2236 4878 2543 4947 supplicium
2585 4886 2850 4941 a'ternum,
2877 4878 3011 4948 justi
3045 4885 3212 4930 autent
3238 4877 3290 4928 in
3319 4876 3473 4928 vitam

1882 4983 2151 5026 mternam.
2207 4970 2463 5041 Origenes
2532 4968 2852 5037 dogmatizat
2921 4981 3110 5023 omnes
3160 4965 3467 5035 reprobus,

1887 5066 2058 5132 ipsum
2097 5062 2257 5116 etiam
2300 5061 2570 5114 diabolum
2614 5070 2665 5114 et
2707 5060 2927 5130 angelos
2973 5060 3091 5129 ejus
3136 5067 3257 5129 post
3301 5059 3468 5113 multa

1886 5156 2083 5212 smcula
2119 5168 2276 5221 posse
2307 5153 2688 5223 indulgentiam
2720 5150 3062 5223 peccatorum
3095 5151 3388 5220 promereri
3417 5158 3471 5205 et

1886 5261 1917 5301 a
1939 5244 2211 5313 suppliciis
2237 5243 2471 5309 liberari,
2497 5257 2743 5297 asserens
2765 5242 2954 5297 divina:
2985 5242 3167 5311 pietati
3195 5239 3472 5310 aptissime

1881 5338 2190 5399 convenire,
2237 5340 2295 5386 ut
2342 5334 2478 5386 sicut
2521 5333 2789 5387 hominem
2837 5333 3097 5398 redemit,
3144 5332 3215 5387 ita
3255 5348 3466 5402 quoque

1884 5426 2351 5500 praevaricatorem.
2369 5424 2611 5493 angelum
2657 5425 2848 5480 salvet.
2884 5425 2978 5480 Cui
3015 5435 3191 5480 tamen
3240 5425 3468 5493 apertis-

1884 5524 2020 5577 sime
2066 5518 2166 5572 hac
2217 5515 2481 5571 sententia
2531 5527 2887 5584 repugnatur:
2921 5515 3077 5571 Ibunt
3105 5516 3156 5570 hi
3188 5517 3240 5571 in
3267 5519 3469 5587 suppli-

1883 5614 2017 5667 cium
2063 5620 2330 5663 teternum.
2371 5604 2478 5661 Sed
2523 5605 2610 5659 ille
2648 5622 2712 5660 ex
2754 5609 2996 5677 opposito
3026 5608 3176 5674 dicit,
3230 5608 3333 5661 hoc
3365 5606 3470 5660 Do-

1886 5702 2093 5756 minum
2133 5696 2333 5753 dixisse
2376 5694 2442 5749 ad
2474 5695 2834 5750 incutiendutn
2887 5698 3129 5753 timorem
3173 5696 3471 5768 quibusque

1886 5790 2176 5864 perversis,
2207 5796 2471 5859 quatenus
2500 5796 2700 5843 aeterna
2725 5798 3081 5859 expavescunt
3104 5789 3387 5861 supplicia,
3415 5796 3471 5843 et

3522 662 3555 674 Δ
