3972 6340
601 327 739 413 iam

1453 336 1657 414 PAULI
1696 350 1967 413 DIACONI
2005 338 2156 410 ore.
2202 344 2377 412 rans
2417 356 2473 412 ιι.
2514 387 2586 400 -
2621 346 2985 416 ascensa.

3623 372 3714 438 1226

600 480 821 543 peccare
843 471 1127 529 desistant.
1165 471 1261 527 Cui
1298 485 1483 528 contra
1514 473 1945 544 respondendum
1981 472 2104 541 quia
2137 469 2180 522 si
2211 468 2257 528 Α
2289 483 2519 540 [minque
2582 473 2811 527 concilio
2837 513 2855 539 ,
2907 472 3303 541 praestolabatur
3351 478 3503 537 horam
3542 502 3615 557 qua
3660 510 3719 560 ιτ..

604 564 706 619 hoc
733 578 915 619 verum
946 579 1051 618 non
1083 575 1182 629 est,
1219 580 1315 618 nec
1362 565 1484 617 illud
1517 580 1697 619 verum
1725 574 1826 628 est,
1858 565 1996 632 quod
2033 563 2183 616 Veri-

600 656 683 708 tas
706 654 881 709 subdit
907 671 921 707 :
950 652 1084 708 Justi
1118 664 1285 708 autem
1317 655 1368 707 in
1396 654 1551 708 vitam
1579 666 1845 709 (sternam.
1871 653 1975 709 Sed
2006 653 2174 724 (quod

601 747 744 801 dictu
792 746 944 801 nefas
973 745 1076 817 est)
1126 746 1264 800 sicut
1312 746 1439 799 illud
1482 745 1614 800 falso
1650 748 1875 799 minatus
1911 743 1994 800 est
2030 754 2086 799 ut
2117 744 2182 798 ti;

538 866 541 869 λ
600 850 751 893 more
777 838 1109 907 percelleret,
1139 839 1208 893 ita
1237 840 1336 892 hoc
1363 836 1493 892 falso
1519 837 1783 906 promisit,
1809 847 1863 890 ιιι
1895 850 2055 891 vacua
2084 849 2180 904 spe

601 930 893 997 deciperet.
934 930 1018 985 Ad
1058 930 1173 985 inec
1215 926 1444 984 fortasse
1477 928 1668 998 aliQuis
1712 926 1883 991 dicat,
1926 928 2177 998 injustam

596 1028 719 1077 esse
751 1032 809 1077 ut
841 1037 941 1091 pro
986 1021 1265 1091 temporali
1316 1032 1370 1076 et
1410 1030 1776 1076 momeutnuea
1819 1020 2175 1075 delectatione

599 1116 721 1186 quis
768 1118 1023 1171 teteruam
1071 1117 1243 1171 Solvat
1293 1130 1523 1183 pteuam.
1571 1115 1693 1193 Sed
1726 1112 2002 1169 sciendum
2057 1113 2180 1167 illos

599 1207 812 1263 :cternis
840 1207 1011 1278 subigi
1054 1209 1335 1262 tormentis
1366 1208 1454 1275 qui
1501 1205 1767 1261 obstinata
1813 1205 2085 1258 voluntate
2127 1204 2179 1256 in

599 1302 741 1355 malo
772 1302 1135 1369 perseverare,
1165 1309 1216 1354 et
1244 1300 1511 1367 nunquam
1536 1299 1646 1352 suis
1680 1295 1968 1351 sceleribus
2001 1293 2184 1348 termi-

599 1408 724 1448 num
760 1399 956 1463 pone’re
995 1393 1299 1447 voluerunt.
1339 1393 1560 1461 Insuper
1596 1401 1650 1446 et
1686 1391 1732 1447 si
1771 1404 1981 1459 semper
2012 1389 2181 1443 vixis-

596 1493 735 1548 sent,
768 1498 982 1552 semper
1004 1485 1194 1552 utique
1226 1494 1446 1545 peccare
1480 1482 1791 1537 voluissent.
1830 1480 1983 1536 Justo
2016 1479 2178 1548 igitur

598 1575 690 1631 Dei
741 1575 941 1646 judicio
996 1575 1129 1630 tales
1186 1574 1338 1629 ibunt
1394 1574 1445 1628 in
1502 1573 1820 1644 supplicium
1889 1581 2173 1627 aeternum.

599 1665 832 1720 Proinde
863 1664 1062 1719 oranda
1100 1676 1179 1720 est
1210 1666 1302 1721 Dei
1339 1664 1725 1731 misericordia,
1759 1673 1813 1719 et
1850 1664 2011 1717 corda
2058 1677 2179 1716 cum

602 1757 848 1811 manibus
882 1756 1343 1827 elee'mosyuarum
1367 1757 1609 1820 I‘evanda,
1636 1766 1691 1810 ιιι
1715 1756 1767 1810 in
1799 1758 2043 1825 pra'seuti
2074 1755 2178 1809 vlta

597 1846 739 1917 ignis
771 1846 976 1900 timoris
1004 1846 1087 1900 sui
1119 1825 1255 1901 mala
1289 1856 1470 1901 nostra
1500 1847 1786 1917 decoquat,
1830 1857 2091 1916 quatenus
2122 1847 2176 1902 in
2212 1825 2255 1886 Β

602 1936 862 1991 tremendi
896 1938 1159 1992 examinis
1195 1938 1397 2007 judicio
1431 1953 1460 1992 a
1489 1939 1749 1993 malorum
1794 1938 2010 1992 sintsua
2036 1938 2175 1992 loca-

600 2028 747 2082 tioue
777 2027 1050 2093 liberatos,
1085 2029 1137 2083 in
1165 2028 1387 2085 dextera
1418 2042 1540 2084 cum
1571 2027 1818 2082 omnibus
1847 2029 2045 2082 sanctis
2076 2028 2183 2082 mi-

599 2117 947 2173 sericorditer
1001 2120 1287 2187 collocare,
1340 2131 1395 2175 et
1448 2121 1500 2175 in
1546 2121 1709 2176 vitam
1757 2129 2010 2175 a-ternam
2060 2135 2181 2175 cum

596 2215 796 2269 sanctis
821 2216 1024 2286 angelis
1049 2230 1440 2271 counumerare
1464 2216 1731 2285 dignetur,
1764 2215 1814 2270 iu
1839 2220 1943 2286 qua
1969 2217 2098 2271 vivit
2127 2224 2184 2271 et

591 2316 778 2375 regnat
805 2306 857 2361 in
892 2308 1090 2362 ‘sazcula
1122 2308 1470 2361 smculorunt.
1502 2310 1693 2361 Amen.

1119 2436 1398 2492 ElUMILlA
1422 2435 1660 2490 LXXlV.

918 2582 969 2625 IN
999 2578 1155 2624 stata
1187 2585 1381 2623 TERTIA
1410 2578 1538 2624 rost
1574 2566 1852 2624 Invocovit.

668 2700 733 2755 In
778 2700 870 2756 illo
910 2712 1160 2771 tempore,
1210 2715 1324 2754 cum
1373 2700 1609 2753 intrasset
1660 2697 1814 2754 Iesus
1868 2696 2179 2768 Hierosoly-

595 2809 752 2862 mam,
782 2802 1030 2848 commota
1065 2803 1133 2847 est
1164 2794 1400 2845 universa
1432 2792 1627 2856 civitas,
1663 2800 1765 2845 etc.
1795 2790 2005 2860 (Matth.
2043 2792 2181 2860 nt).

662 2909 919 2964 Dominus
949 2919 1001 2963 et
1032 2909 1171 2962 Deus
1212 2918 1399 2962 auctor
1426 2915 1480 2962 et
1527 2916 1805 2975 reparator
1848 2904 2063 2967 humani
2091 2920 2184 2973 ge-

591 3002 739 3058 neris
769 2983 1031 3066 (ὶιιιῗειιιδ,
1056 3012 1181 3054 ante
1210 2998 1390 3053 mundi
1423 2998 1857 3053 constitutionem
1892 2998 2181 3064 praeelege-

597 3104 679 3147 rat
698 3108 819 3146 cum
848 3092 1026 3156 Patre,
1049 3101 1102 3146 et
1130 3092 1341 3161 quando
1372 3098 1427 3144 et
1456 3089 1545 3143 ubi
1576 3097 1848 3158 pateretur
1879 3103 1975 3156 pro
2002 3088 2179 3143 salute

591 3276 828 3331 instante
867 3275 978 3343 jam
1030 3275 1300 3344 passione,
1352 3273 1784 3345 appmpinquare
1838 3274 2009 3327 voluit
2056 3272 2176 3326 loco

590 3376 702 3422 suae
750 3363 1032 3435 passionis,
1077 3364 1164 3418 ubi
1195 3364 1423 3419 inveniri
1453 3373 1635 3433 posset
1664 3365 1733 3419 ab
1760 3363 1843 3418 bis
1888 3377 1985 3433 per
2040 3378 2174 3431 quos

591 3456 779 3511 eadem
823 3458 1000 3525 passio
1044 3465 1160 3512 erat
1208 3458 1552 3521 celebranda,
1596 3472 1665 3511 ne
1704 3459 1857 3526 quasi
1905 3454 2177 3525 refugiens

590 3558 820 3602 mortem
843 3548 1219 3602 :cstiutaretur.
1253 3547 1371 3602 Non
1404 3548 1546 3602 enim
1599 3548 1870 3603 metuebat
1921 3557 2175 3615 mortem,

589 3640 684 3695 sed
743 3650 1008 3710 potestate
1054 3640 1352 3710 imperabat
1399 3644 1579 3696 morti.
1624 3642 1715 3697 Ait
1758 3657 1886 3712 ergo
1937 3656 2174 3711 evangeo

590 3734 711 3789 lista
738 3752 752 3787 :
795 3733 929 3801 Quia
963 3751 1079 3788 cum
1109 3735 1344 3788 intrasset
1372 3733 1529 3788 Jesus
1563 3734 2004 3804 Hierosolymam,
2039 3749 2179 3787 com-

589 3836 730 3881 mota
758 3838 832 3881 est
852 3829 1110 3882 universa:
1130 3829 1328 3894 civitas,
1351 3830 1524 3883 dicens
1546 3844 1564 3882 :
1592 3828 1714 3894 Quis
1741 3837 1810 3883 est
1838 3827 1921 3880 hic
1942 3828 1964 3880 ?
1987 3827 2065 3881 Ad
2096 3826 2178 3881 in-

589 3933 831 3989 gressum
881 3919 1172 3975 Salvatoris
1226 3934 1489 3976 commeta
1540 3932 1624 3975 est
1665 3921 1877 3986 civitas,
1919 3920 2177 3974 admirata

589 4022 672 4067 est
706 4013 881 4082 populi
915 4013 1287 4081 frequentiam.
1320 4014 1505 4070 Simile
1529 4014 1653 4084 quid
1681 4022 1737 4067 et
1760 4015 1812 4067 in
1843 4014 1958 4083 ejus
1986 4025 2177 4069 ascen-

588 4104 742 4159 sione
771 4105 837 4159 de
867 4104 1071 4174 angelis
1114 4104 1362 4175 legimus,
1394 4110 1484 4175 qui
1518 4107 1641 4158 dum
1676 4105 1959 4158 Dominqu
1991 4106 2180 4158 trimu-

591 4195 737 4265 pbali
768 4210 958 4265 pompa
995 4198 1372 4252 ascendentem
1395 4207 1699 4263 cernerent,
1733 4207 1788 4252 et
1824 4211 2040 4251 carnem
2062 4197 2173 4265 jam

590 4288 945 4358 gloriﬁcatam
976 4289 1040 4343 ad
1072 4290 1247 4344 corios
1272 4287 1604 4353 'velientem,
1648 4290 1973 4344 admirantes
2030 4290 2178 4345 dice-

589 4380 756 4434 bant:
785 4379 910 4446 Quis
935 4390 1009 4435 est
1034 4381 1128 4436 iste
1163 4398 1253 4436 rex
1293 4383 1474 4454 gloria
1515 4382 1690 4453 (Psal.
1718 4384 1921 4453 xxut)?
1964 4384 2166 4438 Notati-

592 4476 719 4530 dum
757 4490 885 4532 vero
928 4478 1067 4546 quod
1109 4490 1233 4533 ante
1259 4493 1353 4533 Sex
1400 4480 1515 4535 dies
1561 4480 1801 4544 Pasclize,
1856 4482 1993 4534 sicut
2040 4481 2176 4533 alius

591 4567 922 4636 evangelista
950 4569 1078 4622 dicit
1119 4568 1301 4639 (.loan.
1334 4571 1455 4639 xu),
1502 4575 1646 4624 venit
1678 4573 1929 4627 Dominus
1978 4572 2175 4626 lietlta-

594 4657 764 4721 niam,
799 4660 888 4712 ubi
917 4658 1175 4714 Lazarum
1202 4661 1568 4728 suscitarent,
1603 4673 1761 4731 atque
1791 4665 1842 4715 iu
1883 4664 2175 4716 crastinum

593 4744 650 4802 in
697 4747 849 4800 asino
887 4747 1103 4812 sedens,
1150 4750 1316 4804 turbis
1346 4752 1549 4805 divinas
1599 4754 1781 4807 Iaudes
1830 4752 2174 4807 acclamanti-

593 4836 713 4904 bus,
769 4831 1201 4910 Hierosolymam
1262 4843 1537 4912 ingressiis
1589 4855 1693 4909 est,
1735 4842 1875 4909 quod
1927 4845 2053 4897 olim
2117 4842 2170 4899 in

590 4932 833 5002 paschali
892 4946 1031 5002 agno
1079 4933 1305 5003 mystice
1333 4934 1503 4989 fuerat
1534 4936 1931 5005 praesigttatum.
1985 4936 2169 5004 Scrip-

593 5033 705 5077 tum
727 5038 955 5094 namque
982 5035 1063 5079 est
1088 5026 1139 5079 in
1165 5026 1279 5096 lege
1309 5026 1507 5099 (Exod.
1532 5027 1628 5097 xu)
1656 5043 1670 5082 :
1696 5027 1905 5082 Decima
1935 5030 2016 5083 die
2041 5047 2173 5083 mea-

591 5116 664 5169 sis
688 5117 838 5187 primi
866 5118 1014 5171 tollat
1045 5120 1393 5190 unusquisque
1414 5137 1605 5192 agnum
1648 5136 1737 5190 per
1760 5124 1981 5190 familias
2002 5132 2048 5176 et
2075 5124 2169 5176 do—

596 5224 709 5265 mus
750 5227 891 5278 suas,
936 5220 985 5265 et
1012 5213 1274 5267 servabitis
1303 5229 1417 5268 eum
1460 5231 1621 5283 usque
1670 5215 1737 5268 ad
1767 5225 2007 5286 quartum
2030 5216 2169 5270 deci‘

596 5321 735 5358 mum
779 5304 912 5359 diem
958 5307 1145 5359 mensis
1183 5307 1359 5377 hujus,
1400 5308 1776 5377 immolabitque
1832 5325 1945 5361 eum
2001 5311 2165 5364 omnis

504 5451 511 5471 ι
597 5394 871 5450 multitudo
892 5396 1301 5467 ﬁliorumlsrael
1330 5415 1491 5467 usque
1521 5400 1588 5453 ad
1611 5418 1891 5470 vesperam.
1924 5404 2063 5472 Ergo
2086 5420 2173 5459 se-

514 5488 520 5497 '
590 5488 824 5543 cundum
870 5493 1006 5545 Itauc
1046 5492 1115 5547 de
1144 5493 1376 5563 paschali
1407 5510 1543 5565 agno
1573 5498 1932 5563 pr0pltetiam,
1990 5498 2171 5552 Domi-

592 5594 693 5633 nus
747 5578 903 5636 Jesus
934 5583 1140 5639 decima
1174 5585 1261 5640 die
1300 5588 1499 5641 mensis
1530 5588 1704 5656 primi,
1738 5587 1839 5643 hoc
1885 5599 1987 5653 est,
2040 5598 2165 5647 ante

594 5671 827 5741 quinque
856 5674 970 5727 dies
1017 5677 1251 5744 paschae,
1300 5677 1564 5732 civitatem
1612 5678 2039 5750 Hierosolymam
2088 5683 2169 5736 in~

594 5760 829 5836 gressus,
864 5767 1176 5837 conjurante
1226 5769 1505 5829 adversum
1552 5786 1612 5828 se
1642 5771 1916 5831 seniorum
1969 5774 2168 5844 princi-

2285 564 2462 617 mundi
2524 567 2696 619 salute
2749 566 2861 619 Deo
2910 565 3056 620 Patri
3103 581 3161 621 se
3205 567 3253 620 in
3303 571 3489 628 odorem
3533 582 3721 640 suavitatis

2285 655 2515 709 hostiam
2564 656 2809 711 olIerrct.
2862 657 3059 726 Populi
3099 668 3259 712 autem
3297 661 3537 720 dicebant:
3578 666 3649 725 Hic
3676 686 3723 729 est

2281 745 2432 801 Iesus
2478 766 2509 802 α
2549 748 2811 803 Nazarelh
2864 750 3135 817 prapheta.
3180 752 3411 822 Superbis
3436 755 3593 815 ludatis
3633 768 3725 833 quis-

2285 856 2404 894 nam
2440 849 2604 906 esset,
2656 842 2747 910 qui
2800 858 2922 895 cum
2964 852 3109 897 tanta
3141 846 3297 911 gloria
3325 848 3550 904 civitatem
3572 852 3727 912 intrabat

2286 930 2763 999 interrogantibus,
2795 933 3023 1000 simplex
3055 935 3203 987 turba
3233 936 3362 1004 quod
3393 953 3573 995 noverat
3596 944 3727 1001 lateba-

2285 1027 2389 1074 tur.
2439 1018 2539 1072 Ilic
2589 1029 2686 1084 est,
2723 1021 2908 1089 inquit,
2940 1019 3093 1074 Iesus
3122 1024 3366 1090 prop/tcta.
3403 1026 3729 1104 Prophetamap-
3778 1080 3779 1083 η

2284 1109 2579 1178 pellabant,
2626 1111 2748 1178 quia
2779 1111 3055 1177 errabant,
3104 1115 3159 1165 et
3198 1111 3315 1181 quid
3345 1113 3551 1171 dicerent
3587 1121 3731 1188 ignora-

2283 1202 2431 1256 bant.
2483 1202 2804 1258 Nesciebaut
2856 1204 3000 1259 euitn
3028 1219 3150 1257 eum
3198 1206 3353 1259 Deum
3399 1219 3476 1261 aut
3500 1209 3576 1263 Dei
3609 1211 3731 1266 l‘ilimn

2281 1293 2577 1360 appellare,
2624 1294 2718 1348 sed
2766 1308 2920 1349 error
2953 1309 3137 1349 eorum
3170 1295 3389 1363 perfecta
3412 1299 3594 1353 scientia
3612 1302 3733 1369 plenus

2282 1396 2417 1440 erat.
2470 1384 2603 1440 Nam
2649 1385 2825 1441 Moses
2855 1384 2923 1441 de
2959 1396 3024 1439 eo
3071 1387 3313 1441 dixerat:
3345 1386 3607 1459 PrOphetam
3638 1391 3735 1446 vobis

2284 1473 2546 1530 suscitabit
2589 1476 2841 1532 Dominus
2866 1477 2929 1532 de
2960 1477 3212 1549 fratribus
3248 1479 3444 1546 vestris,
3479 1480 3596 1534 illum
3618 1482 3736 1537 audie-

2294 1570 2359 1623 tis
2392 1580 2640 1639 tanquam
2673 1586 2758 1626 me
2784 1560 2961 1641 (Deut.
2991 1574 3166 1641 xrtu).
3194 1573 3255 1627 Et
3285 1572 3391 1642 ipse
3409 1574 3468 1629 de
3486 1589 3535 1628 se
3553 1576 3735 1644 loquitur:

2286 1658 2406 1712 Non
2426 1661 2561 1729 capit
2578 1660 2872 1728 prophetam
2887 1662 3056 1730 perire
3082 1671 3229 1715 extra
3252 1661 3511 1717 Jerusalem
3523 1664 3638 1735 (Luc.
3651 1667 3738 1735 xm).

2258 1748 2359 1805 'lta
2392 1766 2519 1805 vero
2557 1752 2930 1821 accipiendum
2959 1761 3043 1807 est
3088 1753 3356 1825 praplteto,
3389 1765 3441 1810 ut
3477 1756 3533 1810 sit
3570 1758 3741 1813 Dominut

2286 1844 2850 1913 prophetarunt,osicut
2870 1850 2951 1899 est
2979 1843 3090 1901 Rex
3120 1861 3298 1913 regum
3327 1850 3378 1903 'et
3401 1847 3614 1903 Dominus
3632 1851 3744 1903 domi-

2284 1935 2550 1989 nantium.
2606 1933 2672 1989 Et
2705 1936 2916 1989 intravit
2953 1935 3105 1991 Iesus
3133 1943 3188 1991 in
3216 1939 3461 2007 templum.
3488 1940 3608 2007 Quod
3632 1941 3743 1994 Domi-

2284 2032 2386 2081 nus
2435 2026 2489 2081 itt
2517 2028 2791 2083 civitatem
2837 2030 3129 2098 ingressus,
3181 2031 3350 2100 primo
3398 2032 3608 2100 templum
3649 2034 3743 2095 adiit,

2286 2120 2515 2176 formam
2567 2122 2830 2191 religiosa:
2874 2125 3319 2189 conversationis,
3353 2139 3494 2191 quam
3533 2125 3651 2194 sequi
3690 2126 3744 2177 de-

2286 2212 2528 2278 beamus,
2593 2210 2847 2267 ostendit.
2887 2211 3021 2268 Cum
3064 2217 3208 2269 enim
3250 2215 3483 2285 Oppidum
3512 2217 3578 2271 vel
3622 2217 3745 2270 castel-

2286 2305 2419 2370 lum,
2450 2304 2565 2359 sive
2610 2305 2840 2375 aliquem
2874 2307 3053 2361 locum
3104 2309 3193 2362 ubi
3225 2307 3407 2363 domus
3454 2308 3658 2362 orationis
3680 2308 3747 2360 lico

2284 2402 2353 2454 sit
2380 2411 2714 2465 consecrata,
2749 2401 3102 2471 ingredimur,
3138 2403 3287 2469 prius
3318 2403 3380 2455 ad
3421 2401 3547 2455 illam
3575 2400 3750 2455 festinate

2287 2492 2565 2556 debemus,
2596 2501 2651 2545 et
2692 2502 2972 2560 postquam
3020 2500 3119 2546 nos
3152 2501 3247 2563 per
3274 2495 3511 2547 orationis
3534 2492 3662 2547 studia
3684 2492 3750 2545 Deo

2286 2582 2869 2647 conuuendaveriutus,
2911 2584 2989 2639 sic
3011 2585 3228 2639 demum
3260 2587 3324 2640 ad
3346 2600 3404 2641 ea
3426 2602 3528 2656 qua:
3549 2586 3752 2640 necessitas

2291 2674 2493 2745 fragilis
2532 2676 2654 2729 vitae
2686 2675 2870 2744 exigit,
2905 2679 3432 2748 peragenda'ncgotia
3480 2677 3668 2746 protinus
3694 2689 3751 2727 ac-

2286 2768 2560 2821 cedamus.
2595 2766 2658 2819 Et
2676 2769 2822 2837 coepit
2847 2768 3035 2837 ejicere
3055 2772 3328 2824 uendentes
3347 2773 3396 2823 in
3417 2769 3515 2833 illo,
3537 2778 3575 2823 et
3592 2776 3753 2825 cauata.

2286 2866 2332 2911 et
2379 2862 2580 2911 titensas
2610 2860 3095 2925 nummulariorum,
3146 2870 3193 2914 et
3236 2862 3490 2915 cathedras
3531 2860 3755 2913 vendentium

2286 2949 2544 3002 columbas
2588 2950 2781 3003 evertit.
2816 2949 2959 3003 lnter
2995 2953 3176 3004 omnia
3227 2950 3472 3005 miracula
3500 2965 3596 3019 quae
3637 2946 3757 3001 Doni-

2286 3054 2383 3094 nus
2409 3040 2461 3093 itt
2502 3039 2700 3093 mundo
2729 3040 3078 3106 corporaliter
3107 3043 3298 3111 gessit,
3318 3044 3411 3097 hoc
3444 3034 3758 3111 pratcellentissi-

597 3129 819 3196 ""7""
848 3129 868 3146 ⁸
890 3129 1026 3156 “³“““’
1049 3129 1102 3146 “’”
1130 3129 1341 3161 “¹“”“⁵““’
1373 3129 1427 3196 ','
1459 3129 1545 3143 ““”
1578 3129 1838 3193 ¹’““”,⁹’““
1879 3129 1974 3192 "',"
2002 3129 2179 3190 ’”,“”“’
2235 3172 2249 3201 ,
2287 3148 2432 3186 tuum
2459 3141 2515 3187 et
2545 3133 2833 3186 maximum
2862 3142 2963 3186 est.
2999 3134 3123 3188 l’lus
3156 3138 3301 3190 enim
3343 3136 3451 3199 fuit,
3476 3144 3525 3188 ut
3560 3132 3659 3186 dicit
3677 3129 3755 3181 bea-

590 3186 886 3241 hominum.
916 3185 1131 3253 Impleta
1169 3198 1298 3252 ergo
1326 3186 1482 3253 huius
1509 3192 1764 3251 temporis
1809 3180 2165 3250 plenitudine,
2204 3177 2250 3241 (Ἰ
2284 3232 2365 3253 ,Μ
2401 3222 2759 3253 ,ιεηηηωηο
2816 3222 2917 3253 ..Μ
2940 3224 3079 3253 mw,
3276 3224 3427 3253 Imm“
3454 3222 3629 3253 ,mmh
3654 3217 3755 3253 mn,”

2284 3232 2368 3277 tus
2401 3222 2782 3293 Hieronymus,
2816 3222 2918 3276 huc
2940 3224 3079 3293 quod
3114 3237 3254 3279 unus
3275 3224 3427 3279 ltutuo
3454 3222 3630 3279 inermis
3654 3217 3757 3271 multa

2282 3316 2441 3370 millia
2461 3325 2786 3370 armatorum
2801 3315 2865 3369 de
2881 3317 3078 3384 templo
3094 3318 3273 3385 eiecit,
3289 3332 3438 3385 quam
3454 3314 3573 3384 quod
3586 3313 3757 3367 Lazarum

2282 3407 2694 3476 quatriduanum
2740 3421 2769 3459 a
2802 3409 3021 3462 mortuis
3060 3409 3356 3463 suscitavit.
3390 3404 3565 3475 Fulgor
3592 3402 3693 3456 enim
3712 3398 3760 3448 div

2279 3500 2514 3554 vinitatis
2551 3498 2923 3568 reSplendebat
2954 3501 3006 3553 iu
3050 3509 3271 3569 aspectu
3306 3496 3637 3554 humanitatis:
3659 3496 3760 3557 atque
3856 3484 3857 3489 “

2281 3591 2403 3645 ideo
2450 3590 2692 3645 ridentes
2736 3590 3005 3646 inSolitam
3051 3592 3348 3648 claritatem
3398 3591 3445 3645 in
3476 3590 3587 3643 facie
3608 3579 3758 3638 battiiui!

2281 3684 2577 3737 radiantem
2603 3716 2619 3747 ,
2672 3685 2939 3738 intuentes
2983 3686 3131 3753 terga
3178 3684 3415 3739 caedendi
3452 3682 3615 3737 dabant
3641 3682 3679 3731 et
3703 3685 3757 3726 re-

2282 3774 2477 3828 sistere
2530 3788 2634 3826 nou
2688 3772 2979 3827 audebant.
3033 3775 3097 3829 Et
3149 3776 3280 3829 dicit
3322 3776 3397 3830 eis
3429 3791 3441 3827 :
3472 3770 3759 3838 Scriptorum:

2280 3859 2475 3915 Domus
2506 3877 2617 3914 mea
2648 3862 2830 3915 domus
2860 3864 3105 3916 orationis
3138 3864 3421 3931 vocabitur,
3460 3877 3535 3916 vos
3572 3850 3759 3920 nutanti"

2280 3956 2419 4006 cistis
2460 3953 2605 4005 illam
2649 3954 2943 4024 speluncam
2992 3949 3277 4009 latronum.
3321 3954 3505 4008 Domus
3542 3951 3609 4003 illa
3637 3937 3761 3999 Deitd

2282 4045 2384 4099 ltoc
2413 4058 2441 4096 a
2481 4044 2774 4100 Salomone
2803 4048 3053 4114 primum,
3081 4057 3140 4102 et
3171 4059 3358 4117 postea
3388 4061 3416 4100 a
3443 4044 3553 4098 lesu
3572 4033 3760 4092 sacerdote

2280 4146 2333 4190 et
2376 4137 2673 4191 Zurobabel
2722 4146 3028 4192 constructa
3078 4135 3277 4205 fuerat,
3313 4153 3414 4192 non
3451 4133 3571 4193 dumi
3606 4131 3702 4183 08⁸1⁵
3731 4121 3761 4172 in

2281 4227 2602 4282 manufactis
2650 4229 2859 4297 templis
2903 4228 3121 4293 habitet,
3177 4229 3273 4284 sed
3318 4235 3376 4283 ut
3413 4227 3478 4281 ibi
3506 4233 3659 4278 nomen
3689 4213 3759 4279 Pii“

2281 4317 2597 4385 invocetur,
2645 4320 2822 4389 ibique
2867 4319 3073 4375 devota:
3111 4320 3284 4389 plebis
3329 4319 3576 4374 oratio..es
3611 4307 3761 4363 audiret.

2280 4421 2400 4463 vota
2446 4410 2764 4479 susciperet,
2820 4424 3043 4465 munera
3092 4419 3149 4465 et
3196 4411 3491 4465 oblationes
3536 4400 3761 4468 θεωρείτω·
3856 4400 3857 4403 η

2208 4540 2256 4601 D
2283 4502 2387 4559 Sed
2414 4503 2491 4557 illi
2521 4518 2639 4557 eam
2682 4503 2992 4573 speluncam
3037 4504 3309 4558 latronum
3350 4503 3584 4562 fecerant,
3619 4484 3762 4601 quinti]

2291 4596 2391 4650 ltoc
2421 4596 2472 4649 in
2506 4595 2709 4663 templo
2738 4596 3066 4661 residebant,
3097 4606 3155 4649 ut
3185 4605 3280 4650 aut
3310 4611 3410 4649 non
3441 4594 3600 4645 da:-les
3622 4585 3763 4638 munera

2287 4684 2645 4755 corporaliter
2669 4683 2940 4753 punirent,
2987 4696 3079 4739 aut
3111 4686 3305 4741 dantes
3335 4681 3764 4754 spiritualiiernw-

2287 4789 2426 4834 rent.
2457 4777 2616 4847 Legis
2646 4777 2911 4848 siquidem
2943 4789 3271 4849 praeceptum
3317 4787 3434 4833 erat
3469 4773 3616 4846 (Deut.
3640 4760 3764 4849 ﬁlim

2286 4878 2365 4923 ter
2398 4868 2449 4922 in
2483 4877 2628 4922 anno
2656 4868 3010 4923 convenirent
3039 4884 3230 4924 omnes
3263 4885 3331 4924 ex
3361 4864 3566 4922 diversis
3586 4852 3694 4925 regni
3712 4846 3765 4946 lt-

2285 4961 2423 5015 daici
2469 4962 2706 5029 partibus
2742 4961 2809 5015 ad
2841 4961 3277 5030 augustissimum
3312 4972 3363 5015 et
3398 4950 3763 5012 sanctissimumm

2281 5051 2411 5104 orbe
2465 5052 2743 5120 templum,
2796 5053 2847 5106 in
2895 5051 3098 5106 Pascha
3156 5052 3420 5114 videlicet,
3465 5036 3766 5102 Pentecosteet

2286 5145 2615 5214 Scenopegia
2648 5162 2659 5197 :
2694 5154 2749 5199 et
2791 5144 3030 5214 ejusdem
3081 5147 3213 5213 legis
3265 5146 3567 5214 prmceptum
3612 5137 3694 5186 erat
3727 5132 3764 5173 ηε
3856 5144 3857 5163 π

2289 5235 2444 5288 vacui
2477 5236 2527 5287 ian
2557 5245 2844 5303 conspectu
2870 5235 3079 5290 Domini
3107 5245 3447 5305 apparerent.
3471 5232 3529 5286 Et
3548 5226 3765 5295 pleruzn‘i‘”

2281 5326 2627 5396 contingebat
2676 5338 2733 5379 ut
2774 5328 2862 5397 qui
2914 5330 2980 5384 de
3022 5329 3400 5383 remotioribus
3428 5321 3631 5396 partibus
3651 5306 3763 5364 venitL
3856 5312 3857 5373 ἲ

2285 5415 2413 5471 bant
2454 5431 2557 5470 non
2604 5416 2859 5471 baberent
2888 5418 3028 5487 quod
3073 5418 3124 5472 in
3157 5419 3429 5473 sacrificio
3464 5405 3636 5466 Domini
3662 5397 3764 5453 ollae

2273 5518 2440 5577 rent,
2504 5508 2626 5578 quia
2685 5507 2751 5562 ad
2818 5506 3202 5578 longitudinem
3272 5504 3470 5562 itineris
3523 5507 3665 5553 secum

2274 5613 2396 5652 cora
2446 5613 2538 5652 sua
2591 5597 2855 5653 adducere
2889 5615 2991 5653 non
3024 5598 3274 5653 valebant
3309 5616 3324 5654 :
3360 5594 3561 5667 proinde
3596 5576 3766 5641 sacerdo'

2276 5697 2355 5743 trs
2416 5686 2679 5742 habebant
2736 5688 3077 5757 pinguissima
3132 5689 3379 5742 animalia
3430 5696 3535 5753 qua:
3576 5686 3671 5729 usus
3708 5678 3762 5715 SJ'

2272 5780 2459 5865 critici
2501 5780 2780 5852 exposcit,
2830 5787 2885 5836 et
2927 5794 2989 5837 ea
3033 5796 3137 5838 non
3188 5779 3497 5838 babeniibus
3538 5765 3763 5827 νεοάειιιεεν
