3972 6340
238 344 342 403 1221
1171 342 1629 402 llOlllLlAlllCS.
1652 374 1721 386 --
1742 343 1974 399 HOMIL.
2019 343 2105 400 DE
2142 344 2489 404 TEMPORE.
3315 348 3452 403 121‘:

232 468 401 531 accepta
446 462 662 532 pecunia
713 474 899 517 rursus
947 474 1123 531 empta
1177 463 1545 532 suscipiebant
1574 502 1590 528 ,
1648 464 1749 516 hoc
1782 463 1832 520 Α
1860 472 1983 513 num
2015 459 2263 525 cilicitur,
2296 477 2394 517 nec
2417 463 2525 532 jam
2566 463 2754 518 domus
2781 462 3040 519 orationis
3070 470 3310 528 vocatur,
3348 463 3442 519 sed

229 559 359 614 modo
384 555 597 625 praédam
627 555 694 609 de
734 554 965 621 simplici
1008 555 1204 623 populo
1243 555 1522 609 facientes.
1557 554 1753 609 Verum
1869 551 2145 606 latibulum
2171 552 2456 607 latronum.
2478 552 2608 607 Nam
2637 554 2761 607 illud
2792 554 3077 606 meditatur
3098 566 3274 621 agerc,
3307 555 3451 610 unde

228 658 354 705 erant
382 646 580 718 quidam
626 645 698 701 ita
744 660 1021 715 pauperes,
1052 646 1143 712 qui
1190 647 1351 699 etiam
1381 646 1678 712 sumptibus
1706 657 1762 702 et
1865 642 2106 711 proximo
2127 657 2224 695 suo
2248 644 2411 711 possit
2454 658 2669 699 nocere.
2698 642 2810 698 Non
2835 658 2960 709 ergo
2980 646 3049 697 sit
3078 643 3131 697 in
3155 643 3316 697 domo
3359 659 3457 713 pe-

230 742 344 796 vietu
377 738 686 809 indigebant,
726 747 780 791 et
810 753 914 791 non
958 737 1136 790 solum
1166 736 1387 795 hostias.
1421 738 1513 792 sed
1542 752 1640 791 nec
1668 743 1761 793 eas
1864 737 2030 789 ctoris
2046 734 2210 788 nostri
2239 735 2545 803 negotiatio,
2566 751 2667 787 non
2690 736 2975 790 ementium
3000 734 3453 802 vendentinmque

229 833 345 888 unde
368 840 589 887 emerent
611 844 712 883 non
746 829 1031 884 habebant.
1076 828 1156 883 Ad
1190 828 1290 883 hoc
1320 828 1478 883 iidem
1508 828 1761 883 sacerdo-
1864 824 2210 891 commercia,
2245 840 2309 878 ne
2340 825 2508 879 iratus
2539 825 2695 881 lesus
2723 826 2903 888 intret,
2934 836 2989 879 et
3019 824 3235 894 ﬂagello
3276 824 3461 879 distri-

230 928 299 974 tes
319 915 672 971 nummularius
715 930 767 967 ιιι
818 913 1014 982 templo
1041 921 1361 978 statuerunt,
1396 912 1485 981 qui
1518 920 1756 967 mutuam
1865 924 1967 969 clas
1996 913 2298 970 severitatis
2336 916 2517 982 puniat
2547 926 2827 970 concretas
2857 912 3044 969 sordes
3081 930 3191 969 sua:
3220 915 3458 969 mansio-

228 1013 296 1067 eis
324 1009 405 1065 sub
442 1008 537 1062 hac
577 1008 861 1062 occasione
906 1006 1183 1075 pécttniam
1231 1005 1439 1060 darent.
1483 1003 1589 1059 Sed
1638 1007 1761 1070 quia
1868 1004 1979 1059 nis.
2014 1004 2077 1057 Et
2113 1014 2428 1059 accesserunt
2448 1004 2516 1058 ad
2543 1021 2658 1059 eum
2682 1006 2801 1059 cruci
2836 1014 2882 1058 et
2906 1002 3083 1058 claudi
3112 1006 3165 1057 in
3192 1003 3458 1073 templum,
3516 1034 3519 1041 -

228 1104 303 1158 lex
339 1114 506 1156 usuras
543 1099 927 1169 prohibuerat,
970 1114 1067 1154 nec
1105 1109 1286 1167 aperte
1324 1100 1404 1153 eis
1435 1099 1757 1168 duplicatain
1867 1104 1913 1149 et
1939 1096 2149 1151 curavit
2178 1111 2286 1149 eos.
2317 1096 2512 1163 Ejectis
2535 1095 2766 1166 indignis
2792 1105 2845 1150 et
2874 1095 3298 1164 profanatoribus
3325 1105 3463 1149 ten:-

228 1192 467 1262 pecuniam
512 1192 727 1259 exigere
771 1200 1049 1258 poterant,
1091 1191 1533 1260 excogitaverunt
1578 1197 1763 1245 rursus

228 1286 361 1341 aliam
385 1284 629 1351 fraudem,
657 1292 716 1337 ut
750 1299 844 1352 pro
882 1284 1058 1338 usuris
1099 1284 1402 1352 reciperent
1431 1285 1607 1338 varias
1640 1298 1765 1350 spe-

227 1379 321 1433 cies
363 1390 650 1441 munerum,
691 1380 849 1428 u‘vam
899 1389 1107 1443 passam
1156 1374 1423 1439 videlicet,
1466 1384 1523 1429 et
1561 1374 1763 1428 diversi

226 1466 407 1536 generis
429 1480 601 1535 poma,
629 1464 845 1533 utquod
876 1463 927 1517 in
960 1477 1178 1517 nummo
1222 1478 1325 1517 non
1360 1463 1573 1528 licebat,
1606 1464 1659 1516 in
1688 1461 1769 1518 his

226 1557 369 1614 rebus
389 1557 650 1625 exigerent
678 1570 795 1622 quae
824 1556 1057 1609 nummis
1084 1566 1354 1609 emuntur.
1390 1555 1499 1609 lloc
1530 1553 1772 1622 appella-

223 1647 338 1703 bant
360 1648 443 1717 ipsi
478 1648 688 1716 proprio
718 1661 966 1702 sermone
995 1646 1305 1717 colybistas,
1337 1646 1425 1714 qui
1449 1645 1681 1715 colybia,
1712 1645 1767 1699 id

226 1750 302 1797 est
332 1742 436 1795 vilia
482 1741 817 1808 munuscula,
848 1741 1068 1803 dabant,
1101 1753 1221 1807 qum
1249 1754 1421 1807 graece
1452 1745 1768 1807 tragemata,

1871 1187 1965 1256 pli,
1994 1200 2168 1240 caecos
2195 1195 2249 1239 et
2286 1185 2508 1239 claudos
2548 1185 2861 1241 mirabiliter
2899 1186 3124 1251 sauaVit,
3157 1186 3212 1241 ut
3241 1194 3334 1254 per
3363 1187 3464 1241 hoc

1872 1277 2087 1330 virtutis
2117 1292 2227 1329 sua:
2249 1276 2360 1330 suis
2378 1276 2697 1331 adversariis
2725 1278 2875 1332 daret
2901 1278 3175 1340 indicium,
3198 1284 3257 1331 ‘et
3281 1292 3467 1332 vocem

1871 1368 1931 1421 se
1956 1366 2279 1421 laudantium
2305 1382 2611 1436 puerorum;
2639 1364 2885 1422 llosanna
2906 1368 2961 1422 in
2984 1369 3211 1423 excelsis
3237 1368 3469 1422 claman-

1875 1461 2027 1525 tium,
2074 1460 2162 1513 tali
2212 1461 2521 1514 testimonio
2561 1461 2906 1518 conﬁrmaret
2939 1480 2950 1515 :
2984 1461 3274 1517 ostendens
3303 1476 3468 1531 Opere

1873 1554 2012 1623 quod
2052 1554 2123 1608 illi
2169 1555 2387 1609 vocibus
2425 1556 2795 1611 consonabant
2827 1556 2982 1610 simul
3017 1559 3176 1611 etiam
3222 1564 3309 1622 ut,
3356 1554 3466 1609 visa

1874 1646 2070 1700 Christi
2104 1655 2250 1700 tanta
2298 1650 2551 1716 potentia,
2587 1656 3028 1702 converterentur
3072 1657 3126 1702 et
3160 1648 3465 1702 crederent.

1878 1736 2002 1791 Ideo
2044 1739 2187 1792 enim
2237 1739 2339 1791 illis
2370 1740 2713 1794 cernentibus
2742 1754 2913 1795 caecos
2940 1739 3277 1805 illuminavit,
3307 1750 3362 1793 ut
3394 1738 3470 1795 illi

226 1833 391 1890 Latine
412 1832 623 1889 bellaria
655 1833 922 1887 dicuntur.
968 1829 1268 1886 Istiusmodi
1302 1833 1692 1901 negotiationes
1723 1838 1778 1884 et
1811 1807 1855 1867 Β
1884 1834 2007 1887 lldei
2056 1833 2233 1887 lumen
2281 1835 2599 1901 reciperem,
2634 1835 2755 1888 ideo
2795 1835 3012 1889 claudos
3042 1834 3257 1899 direxit,
3298 1842 3353 1887 ut
3382 1833 3472 1888 isti

224 1926 415 1984 fraudes
445 1940 671 1980 cernens
716 1927 969 1979 Dominus
1011 1928 1061 1979 in
1112 1928 1272 1979 doiun
1317 1926 1488 1978 l’att‘is
1529 1924 1613 1977 sui
1642 1924 1776 1990 ﬁeri,

221 2021 347 2076 sicut
381 2021 558 2075 beatus
591 2015 825 2074 Joannes
852 2019 1002 2085 dicit,
1043 2019 1181 2074 laeto
1212 2017 1422 2088 ﬂagello
1451 2018 1519 2071 de
1557 2018 1784 2072 resticu-

219 2110 299 2174 lis.
325 2112 641 2165 innumeram
674 2111 1069 2165 multitudinem
1094 2111 1160 2166 de
1189 2110 1387 2178 templo
1414 2108 1575 2180 eiecit
1595 2109 1781 2179 (Joan.

220 2200 298 2268 It).
324 2200 605 2255 Attendaut
642 2201 780 2253 istud
811 2200 1065 2256 Ecclesia:
1110 2201 1438 2265 sacerdotes,
1472 2208 1525 2255 et
1553 2208 1785 2254 caveant

222 2306 288 2348 ne
306 2293 506 2346 domum
535 2292 627 2347 Dei
659 2291 712 2345 in
740 2292 1047 2360 speluncam
1071 2292 1342 2346 latronum
1370 2300 1597 2347 vertant.
1627 2289 1787 2342 Latro

222 2388 358 2444 enim
384 2396 460 2443 est
483 2389 573 2458 qui
598 2387 743 2441 lucra
768 2387 835 2441 de
864 2386 1126 2455 religione
1153 2394 1411 2450 sectatur,
1448 2395 1502 2440 et
1531 2399 1596 2438 ex
1636 2383 1785 2437 cultu

218 2477 500 2533 sanctitatis
557 2479 739 2532 studet
790 2479 1062 2533 occasioni
1099 2476 1496 2546 negotiationis.
1556 2470 1789 2530 Proinde

219 2570 548 2625 metuendum
575 2578 661 2624 est
686 2569 815 2636 illis,
847 2583 916 2623 ne
937 2569 1077 2623 sicut
1105 2570 1178 2623 illi
1201 2569 1266 2625 de
1298 2569 1500 2637 templo
1525 2566 1787 2621 materiali

215 2661 366 2729 ejecti
406 2671 549 2727 sunt,
592 2660 663 2715 ita
710 2661 796 2714 isti
833 2659 900 2715 de
939 2660 1140 2729 templo
1179 2658 1440 2726 Spirituali
1483 2659 1784 2727 eliciantur.

209 2750 455 2819 Quotidie
493 2749 636 2806 enim
676 2748 938 2805 Dominus
965 2751 1181 2805 domum
1216 2751 1388 2805 Patris
1413 2751 1519 2819 sui,
1548 2760 1787 2805 sanctam

209 2845 448 2901 videlicet
468 2844 758 2900 Ecclesiam
779 2846 959 2909 intrat.
975 2853 1028 2899 et
1049 2844 1337 2913 occupatos
1360 2841 1522 2898 lucris
1544 2844 1791 2910 turpibus

206 2939 371 3007 ejicit,
413 2947 573 3007 atque
602 2938 759 2991 unius
788 2936 1029 2991 criminis
1070 2936 1228 2991 habet
1255 2935 1551 2989 vendentes
1591 2936 1790 3003 pariter

204 3042 258 3088 et
286 3040 543 3086 ementes.
578 3029 881 3085 Vendentes
911 3030 1051 3084 enim
1084 3038 1209 3084 sunt
1238 3028 1326 3099 qui
1359 3041 1545 3082 sacros
1575 3026 1791 3081 ordines

1886 1922 2328 1979 claudicationem
2369 1925 2563 1979 mentis
2593 1925 2908 1995 ahjicerent,
2940 1934 2995 1980 et
3036 1925 3282 1979 meliores
3310 1924 3472 1994 pedes

1888 2017 1940 2091 ip
1974 2027 2117 2070 recta
2162 2018 2474 2085 operatione
2512 2017 2708 2071 habere
2752 2018 3067 2084 inciperent.
3109 2015 3346 2071 Videntes
3380 2031 3476 2068 au-

1888 2115 1986 2159 tent
2033 2123 2217 2177 pueros
2264 2107 2496 2162 clamare
2537 2109 2590 2161 in
2633 2108 2824 2175 templo
2866 2106 3138 2172 Hosanna,
3189 2106 3477 2162 benedictus

1887 2197 1972 2265 qui
2001 2197 2130 2250 venit
2160 2198 2213 2250 in
2242 2199 2445 2252 nemine
2475 2197 2677 2253 Domini
2701 2200 2944 2253 dixerunt
2976 2216 2995 2253 :
3023 2198 3180 2253 Audis
3220 2200 3343 2269 quid
3392 2199 3477 2253 isti
3534 2230 3541 2233 -

1888 2288 2109 2342 dicunt?
2133 2286 2353 2358 indigne
2392 2288 2625 2343 ferentes
2659 2289 2801 2357 quod
2850 2288 3065 2343 Christo
3095 2290 3242 2356 quasi
3272 2288 3479 2343 divinas

1889 2378 2071 2433 laudes
2093 2388 2147 2433 et
2170 2396 2286 2447 qua:
2322 2380 2419 2434 soli
2456 2381 2563 2435 Deo
2599 2381 2919 2435 conveniunt
2947 2381 3326 2435 acclamarunt.
3367 2380 3472 2434 \ie-

1890 2486 2007 2525 rum
2056 2471 2308 2526 Dominus
2340 2475 2410 2525 ita
2453 2486 2767 2542 responsum
2815 2488 2968 2528 suum
3015 2487 3086 2527 ex
3130 2474 3275 2526 omni
3325 2482 3476 2541 parte

1889 2563 2250 2634 prmmunivit,
2292 2572 2346 2617 et
2382 2563 2521 2631 quod
2562 2563 2768 2618 diceret
2796 2564 2866 2619 ita
2900 2565 3237 2635 temperavit,
3280 2572 3336 2617 ιιι
3383 2572 3480 2617 nec

1891 2656 2333 2710 calumniatorum
2358 2656 2565 2711 insidiis
2585 2668 2819 2727 pateret,
2844 2659 2930 2713 vel
2961 2660 3142 2714 laudes
3167 2657 3302 2723 illas,
3329 2657 3480 2724 quasi

1890 2754 1921 2800 tt
1949 2745 2124 2815 pueris
2160 2746 2459 2802 errantibus
2501 2748 2601 2802 sibi
2633 2748 2990 2816 deferrentur,
3030 2750 3309 2819 abjiceret.
3364 2749 3479 2803 Non

1891 2836 2039 2891 enim
2083 2837 2438 2904 reSpondebat
2477 2837 2617 2906 quod
2668 2840 2741 2892 illi
2774 2840 2958 2895 audire
3003 2841 3287 2907 volebant,
3339 2840 3481 2894 Bene

1892 2926 2075 2981 dicunt
2104 2926 2278 2995 pueri,
2308 2927 2451 2996 juste
2493 2929 2559 2983 de
2598 2944 2683 2982 me
2724 2932 2981 2984 sentiunt.
3014 2930 3122 2985 Nec
3154 2947 3338 2984 rursus
3367 2932 3479 2984 ait:

1898 3016 2093 3071 Errant
2114 3018 2281 3085 pttcti,
2302 3017 2508 3072 debetis
2528 3018 2802 3089 ignoscere
2829 3021 3114 3075 inscietati.
3142 3021 3245 3076 Sed
3271 3035 3483 3090 reSpons

205 3123 275 3177 ad
307 3121 583 3191 prmmium
616 3122 933 3191 largiuntur.
964 3122 1215 3176 Ementes
1238 3130 1387 3184 vero,
1415 3119 1502 3188 qui
1532 3133 1627 3188 pro
1656 3118 1787 3187 inju-
1817 3157 1864 3220 Ο
1894 3116 2003 3171 dit:
2028 3116 2224 3184 Audin,
2248 3116 2429 3188 sicque
2445 3134 2604 3174 voces
2630 3119 2839 3174 illorum
2863 3120 3482 3177 tesdmoniol'salmistm

206 3215 351 3269 stitia
398 3213 673 3281 pecuniam
725 3213 985 3277 tribuunt,
1030 3221 1083 3267 et
1127 3211 1251 3265 dato
1306 3212 1477 3279 pretio
1531 3212 1785 3279 patronis,

205 3314 393 3362 emunt
418 3315 716 3375 peccatum.
751 3305 1052 3360 Notandum
1074 3312 1203 3360 vero
1232 3305 1372 3374 quod
1400 3290 1614 3369 dicitur,
1647 3316 1788 3356 men-‘-

200 3413 288 3452 sas
317 3396 772 3450 nummulariorum
794 3406 841 3449 et
881 3396 1147 3450 cathedras
1186 3396 1507 3450 dentientium
1532 3395 1792 3449 columbus

199 3487 402 3542 evertit.
431 3485 569 3553 Quid
602 3486 745 3540 enim
790 3500 887 3556 per
918 3500 1130 3540 mensas
1173 3484 1648 3540 nummulariorum
1691 3484 1793 3540 uisi

199 3576 396 3631 altaria
427 3576 818 3645 intelliguntur,
846 3590 964 3645 qum
991 3588 1086 3646 per
1116 3576 1391 3631 avaritiam
1426 3577 1683 3631 malorum
1707 3590 1794 3631 sa-

196 3666 509 3730 cerdotum,
541 3680 742 3735 mensa:
778 3666 1083 3721 efficiuntur
1123 3666 1621 3721 nummulariorum.
1656 3665 1793 3734 Quid

196 3773 337 3814 vero
370 3773 467 3826 per
504 3758 786 3812 cathedras
821 3757 1166 3812 vendentium
1197 3758 1489 3821 columbas,
1537 3757 1637 3811 nisi
1685 3771 1799 3811 ma-

191 3850 446 3920 gistralis
484 3848 711 3919 dignitas
757 3848 812 3903 in
848 3848 1086 3903 Ecclesia
1124 3849 1404 3917 accipitur,
1434 3860 1553 3917 qua:
1589 3856 1642 3901 et
1682 3848 1797 3916 ipsa

190 3952 329 3995 cum
376 3939 444 3992 ad
482 3939 625 3993 lucra
670 3939 974 4006 deﬂexerit,
995 3938 1061 3993 ad
1094 3938 1318 3993 nihilum
1349 3938 1638 4007 redigitur?
1661 3937 1798 4006 Quid

192 4042 338 4084 vero
368 4043 468 4097 per
496 4028 791 4093 columbas,
814 4030 913 4082 nisi
929 4029 1156 4098 Spiritus
1177 4037 1392 4084 sanctus
1413 4030 1687 4098 accipitur,
1709 4029 1800 4099 qui

185 4132 368 4189 super
402 4117 688 4187 Dominum
716 4119 1038 4188 baptizatum
1072 4121 1122 4173 in
1149 4122 1326 4188 specie
1348 4122 1612 4176 columbae
1632 4136 1801 4189 appa-

188 4210 350 4265 ruit?
386 4207 495 4274 Qui
521 4217 701 4264 autem
728 4219 851 4264 sunt
891 4210 980 4279 qui
1002 4209 1280 4266 columbas
1320 4211 1575 4275 vendunt,
1615 4211 1715 4265 nisi
1750 4210 1801 4265 hi

186 4304 291 4374 qui
309 4303 577 4373 Spiritum
597 4311 835 4358 sanctum
853 4317 948 4374 per
963 4319 1148 4359 manus
1170 4305 1558 4373 impositiouem
1581 4306 1645 4359 ad
1670 4321 1805 4376 praea-

186 4398 380 4453 miuin
432 4397 704 4453 tribuunt?
742 4397 847 4453 Sed
889 4398 1148 4453 Dominus
1191 4400 1458 4457 cathedras
1487 4402 1805 4456 vendentium

176 4487 479 4542 columbas
494 4489 687 4552 euertit,
701 4489 822 4559 quia
844 4489 1027 4543 talium
1050 4490 1405 4545 sacerdotium
1422 4491 1664 4546 deStruit.
1684 4492 1801 4559 Qui-

172 4592 427 4647 cunque
450 4577 595 4632 enim
625 4580 908 4649 episcopus
930 4579 1151 4649 gratiam
1195 4579 1425 4649 Spiritus
1459 4585 1628 4637 sancti
1672 4599 1801 4639 ven-

169 4673 431 4739 diderit,
464 4672 625 4729 etiam
666 4673 713 4728 si
745 4689 885 4729 nunc
920 4675 971 4729 in
999 4685 1285 4743 conspectu
1318 4675 1592 4732 hominum
1636 4679 1809 4748 ponti-

171 4764 343 4820 ﬁcali
402 4765 543 4820 stola
597 4764 801 4835 fulgere
830 4766 1091 4833 videatur,
1140 4766 1248 4837 jam
1301 4778 1425 4824 ante
1475 4767 1566 4824 Dei
1620 4771 1809 4827 oculos

164 4854 523 4909 sacerdotio
566 4856 800 4924 privatus
829 4867 929 4911 est.
964 4857 1095 4912 llinc
1122 4869 1175 4913 et
1203 4860 1339 4913 sacri
1369 4874 1603 4916 canones
1630 4862 1729 4916 sim
1743 4876 1806 4917 o-

163 4944 425 5000 niacam
454 4945 701 4999 ltazresim
723 4947 1199 5013 anathematizant,
1216 4958 1267 5002 et
1291 4950 1590 5004 sacerdotio
1613 4951 1807 5020 privari

165 5032 542 5105 praecipiunt
568 5049 662 5089 eos
684 5036 774 5104 qui
799 5049 897 5105 pro
922 5036 1184 5103 Spirituali
1207 5040 1377 5109 gratia
1407 5043 1646 5109 impensa
1665 5058 1809 5112 quas-

162 5135 332 5183 runt
386 5130 649 5197 pretium.
688 5127 956 5184 Moraliter
991 5146 1005 5182 :
1039 5132 1247 5185 sicutin
1293 5132 1512 5187 civitate
1558 5135 1810 5203 templum

158 5216 436 5272 ceteris
462 5217 699 5273 adiﬁciis
721 5220 1050 5287 praeminet,
1077 5221 1145 5273 ita
1178 5221 1230 5275 in
1256 5223 1410 5293 plebe
1439 5223 1672 5279 ﬁdelium
1703 5224 1809 5278 vita

157 5306 622 5376 religiosorum.
654 5308 930 5378 Templum
962 5325 1091 5383 ergo
1128 5312 1219 5367 Dei
1256 5326 1337 5368 est
1363 5314 1477 5383 ipsa
1502 5330 1652 5369 meus
1686 5315 1815 5369 ﬁde-

155 5396 364 5461 lium,
391 5397 615 5454 dicente
637 5401 892 5468 Apostolo
921 5419 933 5453 :
972 5401 1073 5456 Vos
1099 5404 1216 5458 estis
1240 5409 1482 5473 templum
1514 5406 1602 5461 De:
1626 5419 1671 5461 et
1695 5407 1817 5475 Spi-

152 5492 334 5543 ritus
351 5501 579 5545 sanctus
592 5490 849 5548 Itabitatin
867 5496 1001 5550 vobis
1024 5496 1073 5568 (1
1095 5495 1212 5551 Cor.
1230 5501 1329 5569 ιιι).
1354 5499 1478 5555 Haec
1496 5501 1651 5571 igitur
1668 5516 1816 5556 mens

150 5590 390 5646 ﬁdelis
445 5595 513 5661 si,
559 5596 741 5651 relicta
793 5598 1120 5667 innocentia,
1169 5601 1221 5656 in
1266 5601 1539 5659 lwsiouem
1588 5608 1815 5675 proximi

147 5704 512 5779 perversos
540 5694 742 5766 profert
767 5698 1136 5783 cogitationes,
1163 5700 1411 5770 spelunca
1439 5705 1619 5777 utique
1651 5708 1815 5767 latro-

1895 3210 2231 3265 conﬁrmavit
2247 3211 2427 3267 dicens
2447 3230 2457 3265 :
2481 3210 2753 3282 Nunquam
2774 3214 2986 3284 legistis,
3002 3213 3087 3268 Ea:
3107 3232 3192 3269 ore
3206 3215 3479 3285 infamiam

1894 3311 1941 3354 et
1971 3301 2270 3355 laetantium
2306 3302 2562 3372 perfecisti
2586 3303 2841 3358 laudent?
2882 3305 3019 3359 Deus
3049 3307 3189 3360 ClliLII
3224 3307 3378 3359 Pater
3416 3321 3481 3359 ea:

1895 3407 1982 3445 ore
2011 3391 2287 3461 infantium
2315 3402 2357 3447 et
2388 3395 2686 3449 iacientium
2724 3397 2927 3452 laudem
2958 3399 3205 3469 perfecit,
3239 3399 3361 3466 quia
3391 3410 3486 3467 per

1896 3482 2168 3553 simplices
2196 3492 2249 3537 et
2280 3484 2597 3540 innocentes
2626 3485 2763 3540 Filio
2792 3503 2889 3542 suo
2912 3490 3275 3544 testimonium
3311 3490 3488 3558 perhi-

1900 3573 2037 3640 buit,
2078 3590 2175 3644 per
2212 3578 2349 3645 quod
2388 3577 2632 3633 inimicos
2676 3594 2801 3633 suos
2852 3579 3066 3635 Jndmos
3115 3581 3490 3636 infestissimos

1899 3676 2268 3743 persecutores
2298 3667 2698 3725 evidentissime
2740 3671 3003 3725 confudit.
3039 3671 3103 3725 Et
3134 3674 3326 3727 relictis
3364 3672 3489 3738 illis,

1899 3759 2020 3812 abiit
2065 3760 2204 3825 foras
2230 3760 2282 3813 in
2324 3758 2649 3827 Bethaniam,
2683 3778 2801 3832 qua:
2827 3763 3016 3818 domus
3047 3763 3372 3820 obedientim
3403 3765 3492 3818 in-

1903 3866 2244 3928 terpretatur.
2278 3857 2393 3925 Quo
2418 3858 2528 3927 jam
2552 3861 3066 3928 prteritonstrabatur
3093 3862 3219 3931 quia
3247 3861 3492 3932 Synago-

1901 3964 2020 4019 gam
2060 3957 2177 4003 erat
2222 3950 2527 4020 relicturus,
2551 3960 2604 4006 et
2645 3952 2711 4005 ad
2748 3952 2963 4007 domum
3012 3952 3350 4021 obedientiaa,
3388 3953 3489 4007 hoc

1903 4058 1986 4102 est
2018 4048 2084 4100 ad
2117 4046 2414 4109 Ecclesium
2458 4050 2718 4118 gentium,
2764 4050 3105 4105 transiturus.
3136 4051 3311 4107 Simul
3347 4061 3399 4107 et
3426 4050 3492 4107 il—

1904 4137 1992 4192 lud
2020 4136 2329 4192 intuendum
2355 4140 2494 4208 quod
2524 4138 2594 4193 ita
2629 4156 2828 4210 pauper
2846 4130 2982 4207 erat,
3014 4154 3074 4197 ιιι
3095 4158 3193 4198 nec
3220 4146 3486 4213 tugurium

1907 4229 2164 4293 haberet;
2198 4230 2270 4282 ita
2303 4230 2436 4283 nulli
2468 4230 2807 4296 adulabatur,
2838 4243 2895 4286 ut
2928 4232 2978 4285 in
3017 4243 3157 4287 tanta
3190 4234 3322 4289 urbe
3354 4244 3495 4290 tam-

1906 4334 2009 4390 que
2052 4320 2308 4389 pepulosa
2349 4336 2379 4375 a
2426 4322 2641 4378 nemine
2681 4324 3028 4391 reciperetur.
3066 4324 3130 4379 Et
3159 4326 3246 4382 die
3274 4329 3489 4397 quidem

1908 4422 1959 4477 in
1991 4418 2319 4474 Hierusalem
2348 4420 2694 4489 prwdicabat,
2730 4437 2851 4477 sero
2882 4439 3011 4478 vero
3041 4427 3410 4499 revertebatur
3435 4430 3490 4484 in

1828 4513 1880 4573 l)
1909 4518 2239 4584 Bethaniam,
2270 4520 2357 4575 ubi
2387 4530 2503 4575 erat
2542 4524 2743 4577 amicus
2779 4524 2895 4591 ejus
2931 4524 3163 4582 Latarus
3194 4543 3314 4583 cum
3346 4529 3488 4584 Mar-

1913 4612 2002 4665 tha
2047 4621 2101 4666 et
2151 4612 2314 4665 Maria
2359 4612 2658 4669 sororibus.
2719 4615 2922 4673 Felices
2968 4626 3114 4673 certe
3163 4620 3495 4691 multumque

1909 4701 2073 4770 beati,
2117 4702 2206 4773 qui
2260 4701 2542 4757 Dominum
2593 4704 2858 4774 hospitem
2914 4707 3111 4764 habere
3160 4719 3493 4778 meruerunt,

1910 4792 2063 4860 cujus
2091 4792 2377 4862 praesentia
2410 4794 2579 4849 tristia
2625 4806 2810 4850 cuneta
2860 4799 3233 4863 movebantur,
3265 4801 3494 4854 salubria

1907 4886 2251 4957 jucundaque
2273 4890 2452 4943 omnia
2486 4891 2924 4959 providebantur.
2960 4892 3065 4949 Sed
3090 4900 3145 4947 et
3190 4893 3265 4947 illi
3299 4891 3498 4948 nihilo;

1919 4979 2095 5033 minus
2125 4978 2439 5046 felicissimi,
2470 4994 2788 5049 summeque
2836 4982 3151 5046 beatissimi,
3200 4984 3290 5051 qui
3320 4983 3392 5037 ita
3438 4993 3498 5039 se

1912 5067 1981 5122 ab
2009 5069 2154 5121 omni
2202 5068 2402 5121 malitia
2447 5078 2626 5125 castos
2674 5070 3044 5139 immunesque
3075 5072 3400 5136 custodiunt,
3441 5081 3499 5127 ut

1915 5156 2033 5211 illos
2066 5157 2322 5212 Dominus
2343 5157 2644 5214 inhabitare
2670 5171 2722 5214 et
2750 5162 2890 5229 apud
2923 5174 3017 5216 eos
3060 5176 3278 5218 manere
3303 5163 3492 5233 digne-

1919 5261 2025 5309 tur.
2076 5255 2190 5310 lloe
2229 5271 2361 5328 ergo
2410 5257 2547 5313 votis
2588 5259 2810 5328 sedulis,
2842 5256 2945 5316 hoc
2981 5264 3181 5318 Sanctis
3216 5265 3499 5321 desideriis

1917 5362 2289 5417 exposcamtts,
2323 5362 2382 5406 ut
2420 5352 2485 5405 ita
2521 5353 2572 5407 in
2624 5353 2777 5409 nobis
2823 5356 3070 5412 universa
3116 5358 3237 5413 vitia
3263 5363 3318 5413 et
3346 5360 3500 5429 qttid-

1918 5439 2042 5509 quid
2074 5440 2319 5509 fetidum,
2351 5443 2602 5513 quidquid
2627 5447 2926 5513 aspectibus
2952 5449 3064 5503 suis
3091 5456 3175 5503 est
3201 5448 3496 5519 indignum,

1918 5541 2179 5600 expurget
2206 5549 2219 5583 :
2245 5532 2324 5587 sic
2351 5548 2446 5589 nos
2470 5535 2727 5589 virtutum
2749 5535 2967 5592 ﬂoribus
2992 5550 3214 5594 exornet
3236 5549 3499 5609 quatenus

1912 5624 2213 5694 penetralia
2235 5626 2413 5681 cordis
2444 5628 2612 5682 nostri
2641 5627 2977 5695 aptissimum
3005 5631 3105 5685 sibi
3140 5633 3498 5688 habitaculum

1920 5716 2133 5776 efﬁcere
2154 5719 2406 5787 dignetur
2430 5722 2685 5779 Dominus
2715 5732 2767 5781 et
2797 5724 3122 5795 Redemptor
3146 5735 3325 5783 noster
3344 5726 3498 5783 lesus
