3972 6340
585 330 727 399 less

1435 343 1640 401 PAULI
1687 343 1949 400 DlACONl
1988 343 2138 400 OPP.
2187 344 2362 403 PARS
2401 346 2464 402 ll.
2505 377 2571 388 —
2613 328 2973 405 ASCETICA.

3622 354 3716 423 liii

582 456 845 521 Christus,
871 466 959 523 qut
987 465 1106 508 cum
1146 450 1256 508 Deo
1283 451 1440 509 Patre
1479 464 1535 546 et
1560 455 1758 546 Spiritu
1800 463 1989 510 sancto
2028 454 2155 509 vivit
2183 459 2237 518 Α
2264 464 2527 524 poterant.
2561 458 2756 513 Verum
2789 459 2863 513 illi
2908 460 3083 515 solum
3116 424 3285 515 carnis
3328 462 3580 525 libertatem
3617 480 3719 546 cogi.

582 556 639 605 et
664 554 850 617 regnat
876 545 1015 599 Deus
1046 559 1139 613 per
1162 546 1339 599 omnia
1366 545 1559 599 saecula
1589 545 1931 601 saeculorum.
1961 548 2154 601 Amen.

1115 657 1394 713 ilOMlLlA
1431 658 1641 713 LXXV.

890 776 947 826 in
987 785 1145 825 reme
1183 784 1395 833 ausura
1430 784 1558 826 ros'r
1590 771 1876 825 Invocavit.

874 882 977 952 (Ex
1012 883 1146 950 Upp.
1185 894 1305 934 ven.
1339 880 1495 935 [tedae
1530 876 1879 951 presbyteri.)

652 996 721 1052 In
741 996 833 1053 illo
856 1005 1079 1065 tempore
1098 1004 1418 1048 accesserunt
1439 993 1506 1046 ad
1543 991 1724 1047 Iesum
1756 993 1935 1046 scriba:
1959 1001 2005 1047 et
2033 991 2161 1062 plta-

581 1090 719 1144 risari
742 1088 965 1142 dicentes
988 1101 1008 1139 :
1040 1085 1307 1155 Magister,
1354 1094 1459 1140 etc.
1492 1084 1705 1155 (Matth.
1745 1082 1867 1152 xu).

659 1180 918 1235 Narratur
974 1175 1028 1231 in
1090 1175 1490 1243 superioribus,
1540 1185 1644 1231 etc.
1698 1174 1852 1229 Hanc
1898 1176 2158 1228 homiliam

578 1273 767 1327 videsis
786 1270 925 1339 apud
938 1283 1048 1323 ven.
1075 1266 1295 1333 Bedam,
1324 1267 1548 1339 Operum
1570 1269 1679 1338 ejus
1699 1278 1833 1320 torno
1863 1266 1932 1330 V,
1959 1266 2155 1320 Patro-

579 1364 729 1431 lugite
770 1358 976 1425 XCIV,
1021 1357 1123 1412 col.
1178 1357 1307 1425 ὅθι,
1366 1358 1451 1411 ubi
1501 1359 1836 1413 inscribitur:
1886 1358 1936 1412 lu
1990 1369 2158 1413 FERIA

578 1466 789 1515 ausura
820 1464 993 1504 PRIIE
1022 1463 1351 1503 useoousuts
1393 1449 1844 1515 Qusoaacssruss.

1075 1584 1358 1641 llOMlLlA
1418 1584 1651 1639 LXXVI.

910 1713 961 1752 IN
998 1714 1153 1753 rents
1180 1713 1373 1760 unum
1403 1712 1528 1751 rosr
1559 1695 1835 1752 Invocavit.

2262 556 2456 637 tantes,
2483 558 2765 618 coeperunt
2806 564 2866 604 se
2917 550 2985 605 de
3033 550 3303 607 nobilitate
3326 557 3481 611 carnis
3516 564 3720 637 extollere,

2259 636 2497 693 dicentes
2528 655 2542 693 :
2570 638 2757 694 Semen
2786 640 3003 695 Abrahw
3028 657 3218 705 sumus,
3244 650 3287 694 et
3312 645 3480 697 nemini
3509 652 3725 711 seruiuimus

2259 746 2503 799 unquam.
2544 731 2715 786 Stulta
2742 741 2796 785 et
2825 746 2960 787 vana
3004 732 3268 800 superbia.
3311 733 3433 798 Quid
3458 744 3650 809 estquod
3669 745 3724 801 di.

2258 829 2386 873 cunt
2412 836 2426 874 :
2461 819 2669 874 Nemini
2697 821 2992 875 seruiuimus
3021 822 3290 888 unquam?
3315 821 3491 893 .loseph
3516 829 3666 901 quippe
3685 835 3721 891 in

2259 910 2494 981 JEgypto
2520 913 2764 976 servivit,
2795 912 2862 968 de
2906 928 3012 982 quo
3061 915 3313 983 scriptum
3342 927 3415 971 est
3440 934 3453 971 :
3482 918 3633 977 Manus
3652 930 3728 998 ιλιι

2259 1001 2314 1055 in
2357 1001 2577 1068 cophino
2617 1005 2905 1057 servierunt
2937 1002 3112 1074 (Psal.
3159 1006 3339 1075 LI“).
3380 1008 3484 1076 Ipse
3510 1013 3635 1067 etiam
3667 1017 3729 1070 lu-

2260 1090 2443 1147 daicus
2488 1093 2716 1162 populus
2757 1094 2809 1147 in
2855 1093 3148 1166 Egyptum
3200 1098 3468 1154 translatus
3494 1107 3728 1170 gravissimi

2260 1182 2538 1248 servitute,
2571 1198 2677 1237 non
2701 1184 2892 1239 saltem
2923 1185 3040 1239 auri
3062 1197 3115 1240 et
3144 1188 3365 1256 argenti,
3393 1191 3478 1245 sed
3506 1193 3585 1247 luti
3606 1206 3645 1249 et
3672 1198 3730 1250 la-

2263 1272 2409 1337 teris,
2442 1285 2473 1325 a
2497 1273 2779 1329 Pharaone
2808 1284 2862 1329 et
2906 1274 3176 1346 ASgyptiis
3217 1293 3490 1349 Oppressus
3525 1294 3607 1338 est.
3633 1285 3736 1342 Unde

2258 1372 2314 1418 et
2341 1364 2639 1433 saepissime
2664 1365 2770 1421 illis
2795 1365 3053 1421 Dominus
3086 1355 3309 1437 imputat
3348 1372 3476 1439 quod
3502 1387 3579 1428 eos
3598 1375 3648 1429 de
3672 1376 3735 1430 do-

2259 1468 2348 1509 mo
2372 1454 2654 1511 servitutis
2696 1466 2750 1510 et
2796 1455 3018 1513 fornace
3073 1458 3247 1514 ferrea
3300 1461 3499 1533 Egypti
3537 1466 3736 1522 eduxerit.

2256 1548 2361 1604 Sed
2393 1550 2529 1604 forte
2557 1549 2752 1604 dicturi
2784 1560 2958 1615 erant,
3007 1560 3190 1621 patres
3220 1567 3366 1619 suos,
3400 1569 3492 1609 non
3533 1567 3669 1611 autem
3699 1572 3738 1612 se

2258 1640 2518 1705 servisse,
2561 1642 2755 1710 quibus
2784 1642 3044 1696 Dominus
3085 1652 3212 1697 tunc
3239 1645 3548 1713 loquebatur.
3574 1647 3627 1701 Et
3657 1650 3739 1718 quid

2259 1734 2504 1801 estquod
2546 1733 2801 1789 Romanis
2837 1735 3033 1789 tributa
3064 1736 3365 1791 solvebant.
3405 1739 3521 1792 Nam
3549 1739 3645 1793 hinc
3668 1742 3735 1793 θοι

646 1808 713 1863 In
736 1809 830 1863 illo
858 1818 1079 1876 tempore
1110 1808 1304 1861 dicebat
1332 1806 1481 1860 Iesus
1507 1808 1574 1860 ad
1609 1823 1691 1861 eos
1716 1808 1802 1877 qui
1831 1808 2150 1862 crediderant

2259 1824 2403 1876 mino
2433 1824 2678 1893 laqueum
2724 1826 3008 1881 calumniae
3060 1829 3428 1884 tetenderant?
3463 1832 3637 1900 quando
3658 1845 3737 1886 eum

574 1918 637 1957 ex
661 1900 860 1955 Jndwis
884 1916 904 1956 :
935 1900 996 1955 Si
1033 1899 1322 1953 tnanseritis
1346 1899 1399 1951 in
1425 1913 1653 1951 sermone
1680 1914 1811 1963 meo,
1848 1913 1959 1952 vere
1997 1897 2153 1951 disci-

573 1998 685 2067 puli
712 1997 809 2049 mei
847 1995 1010 2061 eritis,
1047 2003 1152 2049 etc.
1197 1991 1373 2064 (Joan.
1421 1992 1561 2061 vtn.)

646 2085 920 2151 Loquente
950 2083 1018 2138 ad
1068 2084 1252 2138 turbas
1303 2084 1552 2147 Domino,
1598 2092 1652 2135 et
1697 2081 1990 2136 divinitatis
2045 2095 2155 2137 sure

576 2157 834 2246 mysteria
862 2175 1238 2241 annuntiante,
1273 2174 1412 2228 sicut
1452 2172 1702 2241 superius
1745 2183 1961 2227 sanctus
1988 2172 2154 2228 Joan-

574 2282 670 2323 nes
697 2267 1022 2337 evangelista
1051 2266 1204 2332 dicit,
1233 2266 1386 2320 multi
1406 2265 1752 2320 crediderunt
1780 2266 1832 2319 in
1861 2277 2003 2320 eum.
2037 2266 2153 2321 Jam

574 2356 727 2411 multi
773 2359 825 2410 in
856 2370 1001 2419 eum,
1049 2369 1153 2409 non
1202 2364 1380 2409 tamen
1408 2369 1618 2422 omnes,
1668 2354 1984 2422 credebant,
2032 2357 2153 2426 quia

574 2447 804 2503 necdum
854 2446 1105 2500 omnibus
1154 2448 1496 2514 praedicatum
1565 2444 1777 2514 fuerat;
1826 2450 2052 2503 necdum
2102 2451 2152 2504 in

578 2552 794 2593 omnem
829 2546 1025 2591 terram
1076 2537 1385 2604 apostolica:
1423 2538 1816 2605 praedicationis
1853 2552 2019 2593 sonus
2062 2554 2155 2595 ex-

578 2631 735 2695 ierat,
770 2629 993 2685 necdum
1034 2629 1293 2699 apostolis
1325 2639 1649 2699 praeceptum
1674 2630 1845 2684 fuerat
1877 2646 1891 2684 :
1927 2631 2023 2699 lte,
2052 2632 2153 2685 do-

575 2730 678 2776 cete
704 2737 874 2775 omnes
905 2728 1077 2790 gentes
1110 2719 1325 2791 (Matth.
1360 2719 1575 2792 xxviii).
1630 2721 1712 2775 Ad
1756 2720 1854 2776 tios
1899 2736 2028 2790 ergo
2058 2720 2151 2791 qui

573 2811 628 2868 in
661 2827 720 2868 se
746 2812 1090 2867 crediderant
1120 2811 1456 2880 loquebatur,
1484 2813 1672 2868 dicens
1706 2830 1720 2865 :
1753 2812 1815 2868 Si
1843 2828 2153 2869 permanse-

573 2896 687 2956 ritis
715 2902 767 2956 in
796 2917 1025 2956 sermone
1050 2917 1182 2965 meo,
1209 2916 1320 2954 vere
1346 2902 1590 2971 discipuli
1611 2904 1706 2957 mei
1727 2904 1886 2958 eritis.
1916 2903 2030 2959 Jam
2057 2904 2153 2958 do-

577 2992 748 3047 ctrina
780 2992 1042 3062 spirituali
1063 2991 1255 3046 initiati
1279 3002 1453 3059 erant,
1476 2997 1585 3061 jam
1617 2993 1686 3047 ibi
1710 3008 1830 3048 esse
1855 3002 2149 3063 carperent,

577 3094 628 3138 et
661 3082 782 3136 ideo
811 3082 942 3136 dicit
967 3099 980 3135 :
1012 3080 1071 3137 Si
1102 3083 1387 3136 manseritis
1410 3084 1462 3135 in
1488 3099 1718 3136 sermone
1744 3100 1882 3150 meo,
1908 3083 2009 3138 hoc
2042 3093 2146 3151 est,

574 3173 628 3228 in
654 3172 781 3270 fide,
809 3174 1012 3270 quas-in
1041 3171 1197 3270 vobis
1227 3172 1574 3270 credentibus
1600 3174 1775 3228 inesse
1813 3177 1995 3243 C(Bpit,
2025 3187 2147 3230 tunc
2178 3185 2223 3249 ο
2254 3196 2378 3264 [acu
2417 3208 2681 3263 peccatum
2705 3171 2878 3254 um},
2904 3211 2976 3255 es,
3003 3205 3203 3270 peccan-

576 3274 690 3317 vere
719 3263 957 3333 discipuli
986 3265 1081 3317 mei
1124 3264 1287 3318 eritis.
1338 3263 1589 3335 Discipuli
1646 3267 1825 3337 utique
1872 3269 2149 3337 bonitatis,

577 3351 826 3419 discipuli
854 3351 1075 3419 justitite
1103 3360 1155 3406 et
1184 3367 1405 3407 summas
1435 3353 1694 3409 veritatis.
1726 3355 1831 3412 Sed
1862 3372 1967 3427 quo
1996 3360 2149 3415 nobis

576 3439 996 3510 perveniendum
1023 3442 1140 3494 est?
1165 3441 1293 3494 Nam
1334 3440 1465 3497 fides
1505 3441 1900 3501 fundamentum
1948 3459 2048 3503 est.
2093 3451 2155 3504 Et

559 3548 642 3589 'ex
675 3534 775 3588 hoc
814 3533 1156 3588 fundamento
1186 3534 1251 3588 ad
1295 3550 1450 3604 quam
1504 3532 1868 3592 celsitudinem
1909 3537 2154 3610 prolicie-

558 3622 741 3679 ‘mus?
768 3622 1114 3695 Cognoscetis,
1146 3624 1337 3693 inquit,
1362 3628 1646 3682 ceritatem.
1680 3628 1884 3684 Veritas
1904 3629 2148 3687 Christus

558 3724 679 3779 est,
708 3715 797 3785 qui
841 3715 1007 3770 dicit:
1058 3715 1168 3785 Ego
1215 3730 1326 3769 sum
1363 3718 1462 3782 uia,
1506 3721 1690 3774 veritas
1730 3730 1779 3773 et
1822 3722 1929 3773 ritd
1968 3719 2149 3791 (Joan.

577 3806 714 3875 xrv).
744 3805 844 3873 Qui
874 3819 1002 3874 ergo
1048 3805 1327 3861 veritatem
1358 3810 1669 3876 cognoscit,
1724 3809 2009 3865 Dominum
2060 3826 2149 3865 co-

580 3897 809 3967 gnoscit.
846 3897 1177 3950 Pensandum
1207 3904 1311 3962 est,
1343 3912 1667 3968 cognoscere
1706 3898 1835 3953 illud
1881 3900 2022 3969 quod
2051 3916 2152 3955 nec

579 3988 757 4043 oculus
777 3988 922 4053 vidit,
953 4003 1043 4041 nec
1068 3989 1210 4042 auris
1237 3989 1453 4056 audivit,
1487 4004 1580 4044 nec
1601 3989 1655 4042 in
1699 4005 1785 4042 cor
1824 3991 2041 4045 hominis
2067 4007 2154 4046 as-

584 4080 756 4134 cendit
775 4078 825 4152 (ι
847 4080 964 4133 Cor.
983 4078 1062 4149 ιι).
1076 4078 1207 4133 Nam
1222 4079 1353 4134 fides
1373 4089 1455 4135 est
1474 4080 1611 4149 quod
1624 4095 1725 4135 non
1740 4081 1887 4136 vides
1909 4070 2151 4149 credere;

579 4174 776 4226 veritas
797 4186 944 4237 vero,
966 4172 1104 4239 quod
1127 4172 1394 4226 credidisti
1418 4172 1616 4227 videre.
1636 4172 1768 4227 liinc
1787 4173 1897 4241 ipse
1924 4175 2044 4228 alibi
2070 4176 2148 4228 di-

580 4264 655 4318 cit
676 4282 687 4317 :
715 4264 815 4328 Qui
836 4265 1004 4335 diligit
1023 4280 1121 4330 me,
1140 4264 1378 4334 diligetur
1391 4282 1420 4317 a
1435 4264 1588 4318 Patre
1608 4282 1715 4319 meo
1730 4280 1749 4319 :
1775 4275 1820 4319 et
1835 4283 1925 4337 ego
1940 4266 2153 4335 diligant

576 4371 737 4421 eum,
786 4365 835 4410 et
878 4356 1211 4426 manifestabo
1260 4357 1305 4410 ei
1344 4357 1589 4425 meipsum
1622 4355 1808 4427 (Joan.
1850 4353 1994 4430 xrv).
2044 4359 2155 4413 lluc

587 4460 718 4514 ergo
748 4447 1023 4514 praemium
1053 4447 1187 4502 hanc
1214 4447 1510 4502 satietatem
1539 4447 1753 4501 nobisin
1782 4464 1878 4505 suo
1904 4464 2151 4503 sermone

2253 1914 2306 1968 in
2334 1914 2457 1969 dulo
2484 1916 2907 1987 interrogabant,
2954 1917 3200 1974 dicentes
3231 1938 3245 1972 :
3278 1920 3413 1974 Licet
3457 1937 3631 1974 censum
3658 1924 3740 1975 dare

2254 2002 2462 2069 Βίτων-ἰ,
2486 2021 2552 2058 an
2582 2022 2683 2059 non
2706 2007 2730 2061 .9
2756 2006 3050 2063 Audiamus
3075 2008 3187 2077 jam
3219 2011 3343 2079 quid
3388 2011 3613 2067 Dominus
3644 2027 3742 2066 metu

2258 2094 2513 2151 tientibus
2550 2107 2603 2152 et
2647 2097 2715 2152 de
2752 2113 2888 2153 vana
2922 2099 3171 2155 libertate
3203 2103 3513 2157 tumentibus
3534 2103 3743 2171 responde

2256 2184 2356 2239 rit:
2407 2186 2589 2251 Arnen,
2619 2204 2769 2243 amen
2808 2189 2926 2244 dico
2953 2190 3113 2248 vobis.
3164 2191 3345 2246 Omnis
3372 2193 3453 2260 qui
3495 2193 3597 2262 facit
3620 2208 3741 2260 pects.

2256 2286 2386 2340 tum,
2411 2294 2588 2332 servus
2616 2289 2691 2334 est
2738 2282 2952 2348 peccati.
2999 2286 3173 2340 Amen
3208 2282 3455 2338 Hebraeus
3496 2291 3569 2338 est
3605 2296 3744 2348 sermo,

2254 2367 2444 2423 Latine
2474 2384 2586 2423 vere
2614 2371 2949 2439 interpretari
2984 2383 3179 2442 potest.
3217 2371 3314 2427 Est
3336 2383 3501 2428 autem
3524 2373 3563 2426 si
3592 2372 3670 2426 dici
3691 2371 3743 2426 iis

2252 2472 2353 2527 est,
2385 2463 2745 2532 juramentum
2768 2466 2979 2522 Domini
3015 2484 3031 2521 :
3059 2468 3206 2537 quod
3231 2470 3447 2523 verbum
3480 2469 3604 2523 solus
3626 2466 3744 2522 learn

2253 2567 2351 2607 nes
2392 2554 2715 2623 evangelista
2765 2556 2962 2626 legitur
3008 2558 3244 2614 subinde
3292 2558 3526 2627 iterasse,
3572 2568 3619 2613 et
3648 2554 3746 2626 apud

2253 2659 2444 2700 omnes
2465 2645 2538 2699 ita
2567 2646 2836 2702 invenitur
2864 2649 3211 2718 interpretes,
3245 2665 3345 2705 nec
3372 2652 3436 2705 ab
3461 2650 3559 2704 ullo
3589 2649 3747 2702 transb-

2255 2744 2364 2790 tum
2393 2746 2478 2791 est
2504 2738 2556 2793 in
2583 2738 2744 2793 aliam
2790 2738 3045 2809 linguam,
3080 2752 3307 2811 propter
3349 2741 3582 2797 honorem
3618 2739 3748 2794 Domi.

2254 2829 2365 2883 nici
2396 2832 2742 2886 sacramenti.
2797 2832 3091 2901 lngeminat
3144 2849 3281 2889 vero
3331 2850 3499 2902 amen,
3538 2848 3678 2894 amen,
3708 2838 3747 2883 ut

2252 2922 2365 2989 ipsa
2410 2921 2691 2977 iteratione
2739 2933 2972 2980 attentos
3020 2925 3179 2981 faciat
3223 2928 3511 2983 audientes.
3548 2924 3748 2982 Sententia

2253 3009 2368 3065 haec
2396 3027 2517 3067 cum
2548 3028 2743 3083 magno
2798 3016 2990 3071 timore
3038 3018 3317 3073 audienda
3362 3028 3461 3074 est.
3509 3018 3617 3085 Quis
3654 3016 3750 3070 enim

2268 3118 2377 3159 non
2433 3105 2764 3161 intremiscat
2811 3111 2951 3177 quod
3008 3109 3268 3165 Dominus
3309 3112 3476 3168 dicit:
3523 3110 3663 3164 Omnis
3695 3108 3751 3175 qui

3218 3206 3245 3257 .9
3273 3221 3397 3260 nam
3427 3207 3534 3273 quis
3554 3214 3620 3259 est
3643 3204 3750 3257 homo

2254 3287 2345 3358 qui
2372 3303 2433 3343 se
2461 3288 2654 3344 audeat
2682 3290 2860 3345 dicere
2906 3302 3246 3360 peccatorem
3277 3311 3384 3350 non
3424 3296 3563 3350 esse?
3597 3293 3639 3350 Si
3659 3304 3746 3359 ergo

2253 3379 2427 3433 omnis
2451 3378 2614 3434 homo
2652 3388 2735 3435 est
2765 3389 3033 3448 peccator,
3068 3382 3177 3453 utiq
3191 3400 3260 3441 ue
3301 3387 3471 3440 omnis
3514 3387 3644 3438 homo
3663 3396 3747 3437 ser-

2254 3487 2352 3527 vus
2382 3472 2605 3541 peccati.
2635 3471 2951 3529 Miserabilis
2989 3476 3147 3544 plane
3176 3479 3442 3541 conditio,
3474 3487 3748 3533 servantem

2253 3563 2479 3632 peccati,
2508 3576 2724 3616 servum
2756 3573 2810 3617 et
2840 3548 3061 3631 diaboli,
3095 3570 3187 3636 qui
3246 3570 3449 3636 peccati
3495 3577 3649 3625 auctor
3680 3572 3749 3618 est.

2254 3652 2318 3706 Et
2354 3651 2622 3706 hominum
2660 3654 2875 3721 quidem
2909 3656 3230 3726 plerumque
3258 3662 3398 3713 servi
3430 3655 3581 3729 duros
3605 3668 3647 3712 et
3679 3656 3747 3709 ιιιιι

2252 3743 2410 3797 mites
2431 3742 2674 3798 dominos
2694 3742 2923 3814 fugiunt,
2952 3746 3211 3817 fugiendo
3233 3753 3591 3821 requiescunt;
3616 3760 3747 3803 servus

2253 3850 2380 3889 vero
2408 3836 2609 3903 peccati
2658 3851 2764 3904 quo
2811 3837 2973 3906 fugiat
2999 3854 3106 3895 non
3164 3841 3351 3898 habet.
3408 3843 3629 3915 Sequitur
3655 3842 3748 3895 enim

2252 3940 2372 3979 enm
2405 3927 2591 3982 vindex
2627 3929 2974 3995 conscientia,
3008 3946 3128 4001 quae
3161 3935 3214 3989 ei
3245 3950 3459 4005 semper
3487 3937 3752 3990 inhiantes.

2252 4016 2496 4070 crucians
2524 4031 2669 4083 eum,
2702 4031 2801 4073 nec
2824 4020 2905 4073 vel
2946 4018 3012 4074 ad
3062 4023 3345 4078 modicum
3376 4033 3541 4079 cessat
3565 4019 3749 4093 gravissi-

2255 4106 2356 4158 mis
2382 4106 2582 4174 agitare
2611 4108 2861 4173 stimulis,
2897 4123 3032 4178 quos
3078 4122 3424 4177 peccatorum
3470 4109 3754 4166 subministrat

2254 4194 2573 4249 recordatio.
2598 4194 2730 4250 Cum
2767 4212 2895 4268 ergo
2938 4200 3103 4253 omnis
3128 4202 3223 4269 qui
3269 4203 3397 4271 facit
3441 4209 3661 4270 peccatum
3682 4209 3752 4248 ter-

2253 4300 2343 4339 ι’κι
2365 4298 2437 4339 εει
2465 4287 2678 4351 Ρεεεαιὶ,
2703 4302 2821 4356 quae
2850 4297 3026 4358 potest
3054 4304 3183 4359 Spes
3212 4306 3497 4361 superesse
3530 4283 3755 4346 libertatis?

2252 4376 2357 4432 Sed
2385 4376 2682 4434 audivimus
2712 4379 2995 4437 Dominum
3024 4392 3344 4452 terrentem,
3380 4386 3629 4439 audiamus
3644 4380 3751 4435 etiam

2254 4466 2645 4523 consolantem.
2678 4468 2754 4523 Ita
2789 4471 2932 4526 enim
2987 4474 3238 4530 timorem
3281 4477 3490 4543 incutit,
3536 4485 3586 4529 ut
3624 4470 3753 4525 alieni

587 4538 1021 4606 permanentibus
1048 4537 1302 4591 Dominus
1330 4538 1618 4607 promittit,
1664 4555 1822 4607 quam
1871 4540 2148 4594 Psalmista

2255 4556 2611 4611 securitatem.
2645 4557 2927 4627 Sequitur:
2976 4560 3167 4615 Servus
3210 4574 3386 4619 autem
3428 4528 3522 4617 min
3555 4567 3689 4615 manet
3718 4556 3752 4607 in

580 4637 821 4699 exoptat,
852 4629 1072 4683 dicens:
1105 4629 1345 4684 Satiabor
1368 4646 1481 4683 cum
1519 4631 1813 4701 apparuerit
1855 4631 2020 4700 gloria
2060 4641 2150 4684 tua

584 4719 759 4788 (Psal.
783 4719 919 4787 xvi).
950 4718 1017 4773 Et
1047 4719 1243 4774 veritas
1275 4719 1518 4774 liberabit
1546 4734 1662 4786 vos,
1693 4722 1793 4774 hoc
1821 4729 1925 4788 est,
1955 4719 2149 4774 liberos

580 4811 757 4877 iacict,
804 4819 860 4863 ut
907 4808 1113 4863 liberati
1144 4810 1210 4865 ab
1251 4824 1436 4864 amore
1474 4810 1675 4876 saeculi,
1707 4809 1873 4863 Deum
1922 4812 2013 4878 qui
2059 4825 2149 4864 sn-

578 4917 674 4971 per
699 4900 878 4956 omnia
909 4902 1064 4955 solus
1110 4902 1415 4971 diligendus
1463 4910 1565 4969 est,
1615 4903 1788 4955 securi
1838 4904 2047 4968 ametis,
2095 4912 2148 4957 et

582 5007 705 5047 cum
734 4991 1014 5045 Psalmista
1062 4991 1293 5045 dicatis:
1347 4991 1481 5044 Mihi
1525 5001 1693 5044 autem
1738 4990 1996 5045 adhaerere
2039 4993 2148 5046 Deo

582 5085 773 5136 bonum
795 5092 867 5137 est
894 5081 1061 5153 (Psal.
1091 5081 1277 5144 Lxxu).
1305 5083 1556 5137 Dixerunt
1582 5097 1708 5151 ergo
1723 5083 1888 5137 iudici
1907 5085 1969 5137 ad
1992 5100 2111 5139 eum
2134 5103 2145 5137 :

581 5173 764 5227 Semen
791 5172 1008 5226 Abraha:
1036 5188 1232 5238 sumus,
1256 5181 1305 5226 et
1349 5175 1535 5226 nemini
1562 5174 1854 5227 seruiuimus
1894 5190 2142 5244 unquam.

580 5264 695 5317 Non
727 5262 829 5316 huc
859 5261 1106 5318 dicebant
1130 5264 1219 5330 qui
1234 5263 1593 5330 crediderant,
1620 5264 1714 5319 sed
1738 5264 1875 5319 inter
1899 5279 1993 5319 eos
2024 5269 2146 5336 qui-

582 5355 705 5409 dam
734 5354 826 5423 qui
857 5369 962 5408 non
1000 5354 1311 5423 credebant,
1341 5356 1539 5426 quique
1566 5370 1686 5410 cum
1716 5356 1994 5412 audissent
2042 5359 2148 5415 Do-

583 5445 784 5500 minum
816 5445 1183 5499 liberationem
1223 5446 1325 5500 sibi
1370 5446 1789 5514 promittentem,
1836 5448 1977 5504 unde
2024 5465 2148 5521 gra-

583 5534 707 5589 tiosi
736 5544 793 5588 et
819 5533 1015 5589 subditi
1044 5547 1166 5588 esse
1194 5534 1508 5601 debuerant,
1538 5537 1660 5592 inde
1687 5538 1855 5606 magis
1891 5539 2148 5609 indignati

585 5630 727 5690 sunt,
755 5628 906 5694 quasi
927 5640 1115 5681 servos
1134 5640 1228 5701 eos
1248 5626 1606 5697 denotaverit,
1634 5631 1827 5700 quibus
1847 5632 2147 5688 libertatem

585 5714 945 5783 pollicebatur.
999 5716 1066 5769 Et
1110 5731 1294 5771 revera
1330 5718 1654 5774 servierant
1702 5721 1922 5788 peccati,
1968 5736 1998 5775 a
2047 5738 2148 5791 qua

588 5804 815 5874 pessima
864 5805 1116 5861 servitute
1156 5821 1259 5861 non
1305 5809 1407 5864 nisi
1457 5825 1551 5880 per
1599 5814 1877 5868 veritatem
1932 5814 2150 5870 liberari

2252 4647 2482 4701 domoin
2507 4656 2771 4713 wternum,
2810 4650 2952 4719 ﬁlius
2996 4664 3165 4707 manet
3212 4656 3268 4709 in
3316 4665 3571 4710 cateruam.
3613 4652 3755 4706 Domus

2259 4737 2351 4792 Dei
2375 4748 2461 4794 est
2492 4739 2730 4794 Ecclesia
2764 4741 2880 4795 Dei.
2902 4744 3191 4811 Apostolus
3220 4746 3369 4801 enim
3399 4747 3609 4817 loquitur
3632 4741 3749 4795 fideli

2253 4828 2371 4893 bus,
2412 4829 2631 4886 dicens:
2664 4823 2932 4900 Templum
2974 4833 3073 4888 Dei
3112 4847 3355 4891 sanctum
3399 4849 3491 4903 est,
3529 4835 3643 4907 quod
3673 4830 3753 4887 wit

2252 4936 2339 4975 vos
2375 4919 2425 4991 (1
2459 4920 2581 4975 Cor.
2604 4922 2707 4992 ιιι).
2741 4922 2929 4977 Servus
2955 4936 3127 4978 autem
3152 4932 3379 4997 peccati,
3431 4944 3529 4983 non
3568 4920 3753 4980 mortem

2256 5011 2404 5065 domo
2433 5013 2485 5065 in
2516 5023 2784 5080 retentum,
2812 5016 2934 5085 quia
2964 5017 3057 5085 qui
3098 5028 3289 5075 manet
3340 5021 3395 5075 in
3439 5026 3647 5088 peccato,
3684 5023 3753 5065 00°

2255 5111 2529 5168 permanet
2579 5104 2629 5155 in
2678 5104 2935 5159 Ecclesia.
2996 5106 3134 5161 Ecce
3182 5119 3379 5175 aperte
3435 5106 3642 5163 ostendit
3672 5098 3753 5167 quia

2254 5192 2394 5246 aliud
2428 5200 2509 5247 est
2538 5207 2776 5259 peccare,
2807 5196 2948 5251 aliud
2973 5212 3190 5252 servum
3220 5213 3350 5256 esse
3396 5198 3600 5270 peccati.
3634 5191 3753 5248 Nemo

2252 5285 2395 5338 enim
2418 5292 2594 5353 potest
2626 5301 2733 5340 non
2762 5300 2883 5342 esse
2924 5298 3197 5357 peccator,
3248 5293 3347 5348 sed
3377 5301 3541 5362 potest
3567 5302 3653 5343 non
3674 5294 3753 5337 esse

2252 5387 2441 5429 servus
2472 5375 2694 5444 peccati.
2740 5377 3061 5436 Permanere
3108 5392 3291 5439 autem
3340 5385 3395 5439 in
3445 5390 3652 5454 peccato.
3689 5374 3755 5427 hi“

2255 5470 2338 5516 est
2360 5476 2571 5517 servum
2604 5478 2723 5520 esse
2750 5467 2973 5535 peccati.
3015 5470 3215 5526 Servus
3244 5474 3392 5527 enim
3422 5487 3520 5527 non
3545 5472 3689 5523 manet
3718 5462 3751 5509 ⁵η

2254 5548 2489 5606 domoin
2511 5562 2791 5620 aeternum,
2832 5557 2960 5625 quia
2989 5559 3091 5613 etsi
3123 5561 3255 5615 mali
3283 5561 3422 5617 intra
3446 5562 3602 5617 sinum
3625 5549 3753 5608 Ecde‘

2256 5640 2349 5693 size
2377 5640 2657 5697 videantur
2686 5645 2865 5712 positi,
2911 5646 3018 5716 iam
3051 5658 3227 5704 tamen
3282 5653 3336 5707 in
3368 5651 3459 5707 Dei
3496 5656 3653 5705 cuncta
3673 5653 3752 5693 crr-

2258 5719 2431 5785 nentis
2457 5720 2744 5799 praesentiri
2779 5736 2847 5789 ab
2896 5738 3133 5794 Ecclesia
3184 5743 3435 5812 projecti,
3464 5749 3513 5797 et
3532 5732 3747 5795 novissime

2259 5820 2311 5873 in
2342 5821 2427 5877 die
2455 5822 2640 5887 judicii
2683 5825 2750 5881 ab
2780 5826 3075 5887 electorum
3121 5831 3384 5889 societate
3428 5824 3677 5898 segregati,
3703 5814 3747 5870 ad
