3972 6340
217 358 337 417 ωε

1176 349 1716 410 ηοωιιιΑκιυερ-
1757 349 1925 408 HOM.
1971 349 2058 408 DE
2097 348 2453 409 TEMPORE.

3325 351 3463 410 ωδ

216 473 459 531 sinistram
490 474 614 523 sunt
655 464 947 523 statuendi.
995 463 1371 537 Unusquisque
1411 480 1540 537 ergo
1568 464 1659 536 qui
1704 478 1766 522 se
1794 470 1848 529 Α
1872 462 2132 519 lnmniam
2182 463 2407 520 Domino
2443 464 2798 535 struentibus,
2841 479 2951 522 non
2980 463 3259 536 respondit
3285 464 3466 523 Domi-

214 561 527 633 recognoscit
571 573 784 615 servum
825 571 947 613 esse
972 558 1207 628 peccati,
1265 558 1481 613 studeat
1534 555 1773 627 abjicere

211 656 372 727 jugqu
414 651 716 709 durissimae
745 650 1017 706 servitutis
1049 667 1061 705 :
1106 650 1290 706 credat
1327 650 1379 705 in
1420 646 1618 705 Filium
1653 647 1770 714 Dei,

214 750 525 817 obtemperet
572 744 855 815 prteceptis
893 741 1038 813 Filii,
1079 751 1138 798 ut
1181 741 1352 812 possit
1380 750 1434 797 et
1473 741 1593 810 ipse
1630 738 1771 796 efﬁci

211 840 356 897 Filius
385 840 495 895 Dei.
532 840 681 894 Hanc
704 840 845 895 enim
872 838 1100 909 gratiam
1150 836 1300 892 dedit
1338 834 1688 891 credentibus
1718 841 1774 890 et

211 950 264 990 se
304 932 640 1004 diligentibus
693 933 880 987 unicus
931 930 1105 987 Filius
1158 931 1274 998 Dei,
1306 939 1365 985 ut
1408 930 1509 1000 ipsi
1560 942 1772 1001 quoque

211 1035 495 1084 mereantur
524 1024 639 1080 ﬁeri
671 1023 761 1078 ﬁlii
808 1022 928 1078 Dei.
972 1023 1034 1080 Si
1072 1039 1190 1095 ergo
1226 1038 1312 1077 vos
1333 1023 1476 1093 ﬁlius
1526 1022 1771 1078 liberave-

209 1120 286 1185 rit,
311 1134 416 1174 vere
446 1116 592 1173 liberi
632 1116 794 1171 eritis.
841 1113 969 1171 Haec
996 1124 1078 1171 est
1106 1130 1232 1171 vera
1263 1128 1410 1183 spes,
1444 1124 1552 1168 uta
1603 1113 1774 1169 libero

208 1211 506 1277 liberemur;
556 1219 611 1264 et
651 1208 862 1265 liberati
890 1224 920 1263 a
965 1217 1209 1279 peccato,
1249 1207 1388 1263 servi
1418 1205 1617 1261 Christi
1656 1204 1777 1261 efﬁ-

206 1305 421 1371 ciamur;
451 1302 660 1359 liberati
705 1316 735 1356 a
762 1301 1078 1372 cupiditate,
1125 1302 1269 1356 servi
1315 1297 1614 1355 eiﬁciamur
1636 1297 1774 1354 'cha-

205 1398 383 1454 ritatis.
416 1395 542 1452 Haec
562 1402 648 1452 est
672 1408 799 1449 vera
825 1403 880 1450 et
912 1396 1149 1463 perlecta
1182 1392 1422 1457 libertas,
1473 1390 1588 1445 Deo
1613 1388 1773 1445 Chri-

205 1499 282 1546 sto
307 1490 523 1552 servire,
567 1486 851 1558 ipsumque
880 1486 1109 1558 diligere
1156 1484 1248 1555 qui
1275 1498 1375 1539 nos
1414 1482 1483 1539 de
1508 1481 1773 1537 servitute

204 1586 533 1640 tenebrarum
572 1581 791 1651 eripuit,
820 1588 878 1635 et
903 1579 1116 1635 vocavit
1153 1577 1207 1633 in
1249 1577 1557 1633 libertatem
1584 1573 1773 1645 gloria

206 1678 419 1733 ﬁliorum
452 1675 569 1731 Dei.
612 1674 721 1732 Sed
761 1672 933 1729 Judaei
979 1672 1047 1727 de
1094 1670 1273 1727 carnis
1322 1683 1434 1724 suae
1491 1666 1773 1723 nobilitate

200 1769 590 1838 superbientes,
622 1764 898 1836 dedignati
927 1774 1052 1818 sunt
1081 1762 1195 1818 ﬁeri
1226 1761 1407 1828 liberi,
1433 1774 1553 1815 cum
1581 1766 1769 1815 essent

1880 574 1981 615 nus
2001 562 2142 630 quod
2171 559 2246 615 illi
2276 560 2463 618 audire
2490 560 2748 617 volebant
2772 579 2785 617 :
2815 562 2911 619 sed
2940 563 3126 619 nolens
3146 562 3252 618 illis
3283 563 3459 621 locum

1877 653 2005 710 dare
2025 652 2332 721 calumnia,
2366 653 2416 709 id
2459 653 2600 725 quod
2631 654 2909 725 videbant,
2941 666 2998 737 et
3040 655 3182 725 quod
3223 671 3345 712 eum
3368 671 3457 711 so-

1877 747 2153 804 lummodo
2197 762 2320 804 esse
2369 748 2649 817 putabant,
2700 749 2972 805 hominem
3016 749 3324 817 appellavit.
3371 750 3464 806 Ait

1875 854 2006 910 ergo
2030 858 2043 894 :
2078 839 2141 897 Si
2164 840 2265 910 ﬁlii
2289 838 2509 895 Abraha:
2533 841 2745 908 essetis,
2773 857 2927 913 opera
2947 840 3169 895 Abrahae
3191 841 3466 908 faceretis,

1874 932 1927 989 id
1957 942 2069 1002 est,
2098 934 2177 988 sic
2206 948 2294 989 me
2325 933 2613 1001 amaretis,
2644 934 2725 990 sic
2752 933 2821 989 de
2862 948 2981 989 mea
3016 934 3304 1003 praesentia
3329 948 3467 1004 gau-

1877 1027 2097 1095 deretis,
2129 1027 2274 1083 sicut
2295 1028 2569 1085 Abraham
2588 1070 2603 1097 ,
2629 1029 2718 1100 qui
2742 1029 3018 1085 exsultavit
3042 1036 3094 1083 ut
3122 1029 3312 1083 uideret
3334 1030 3469 1083 diem

1875 1141 2065 1193 meum,
2089 1136 2135 1180 et
2158 1125 2308 1193 uidit,
2334 1135 2381 1180 et
2406 1126 2607 1197 gavisus
2630 1134 2705 1181 est
2732 1124 2914 1193 (Joan.
2936 1126 3075 1196 xiv).
3104 1124 3257 1181 Nunc
3286 1132 3467 1180 autem

1875 1218 2116 1290 probatis
2128 1234 2226 1275 vos
2249 1234 2355 1274 non
2382 1217 2526 1274 ﬁlios
2547 1234 2671 1275 esse
2700 1220 2957 1275 Abrahae:
2992 1220 3113 1289 quia
3142 1219 3370 1290 quaeritis
3390 1234 3473 1275 me
3506 1207 3524 1253 ἶ

1873 1312 2183 1380 interﬁcere,
2222 1311 2482 1366 hominem
2514 1312 2602 1383 qui
2638 1313 2898 1367 veritatem
2939 1314 3140 1367 locutus
3166 1330 3278 1367 sum
3312 1296 3472 1370 nobis.

1880 1402 2169 1460 Veritatem
2209 1404 2315 1461 illis
2346 1405 2688 1476 loquebatur,
2734 1418 2857 1460 cum
2917 1419 2977 1461 se
3031 1414 3087 1460 et
3143 1404 3353 1460 Patrem
3405 1405 3508 1460 il-'

1874 1495 1943 1553 lis
1986 1497 2348 1564 annuntiaret,
2379 1504 2435 1553 et
2465 1497 2602 1551 hanc
2648 1496 2926 1553 veritatem
2955 1512 2982 1551 a
3024 1496 3134 1551 Deo
3176 1498 3426 1552 audierat
3451 1539 3467 1562 ,
3504 1484 3511 1529 ξ

1874 1593 1999 1662 quia
2028 1591 2147 1663 ipse
2176 1592 2265 1664 qui
2292 1601 2377 1649 est
2399 1593 2619 1658 veritas,
2650 1607 2680 1648 a
2728 1593 2838 1649 Deo
2886 1593 3044 1650 Patre
3089 1594 3302 1664 genitus
3330 1607 3465 1651 erat.

1879 1685 2085 1741 Audire
2106 1684 2249 1742 enim
2276 1687 2443 1754 illius,
2477 1685 2609 1741 nihil
2636 1684 2777 1741 aliud
2799 1694 2884 1742 est
2903 1702 3060 1757 quam
3089 1703 3207 1745 esse
3233 1703 3260 1741 a
3294 1688 3473 1745 Patre.

1879 1775 2143 1843 Quantis,
2171 1778 2363 1847 inquit,
2389 1794 2468 1833 me
2491 1777 2761 1846 occidere,
2795 1778 2889 1832 hoc
2910 1778 3167 1834 Abraham
3197 1795 3300 1834 non
3330 1782 3472 1850 fecit,

200 1862 331 1917 servi
361 1860 587 1932 peccati,
617 1857 740 1914 ideo
765 1863 1160 1926 consequenter
1201 1854 1275 1907 ait
1304 1852 1605 1907 Dominus:
1647 1848 1773 1906 Scio
1805 1866 1853 1928 Β
1879 1884 2009 1941 ει.εο
2063 1869 2180 1940 eius
2234 1870 2373 1926 “nos
2420 1885 2517 1926 vos
2568 1885 2672 1925 non
2727 1885 2847 1926 esse
2903 1871 3241 1941 cominius,
3273 1848 3398 1928 dam
3425 1871 3479 1928 ei

200 1954 312 2025 quia
354 1953 449 2023 filii
498 1950 719 2005 Abrahte
747 1949 890 2004 estis.
920 1950 998 2003 Ac
1027 1946 1070 2001 si
1101 1946 1307 2001 diceret
1332 1962 1344 1997 :
1405 1943 1527 1999 Filii
1556 1941 1771 2013 quidem

199 2045 416 2102 Abraba:
455 2046 585 2100 estis
634 2041 927 2098 secundum
960 2054 1203 2105 carnem,
1231 2038 1326 2093 sed
1371 2054 1474 2093 non
1520 2035 1652 2092 estis
1696 2049 1769 2090 se-

197 2138 418 2194 cundum
461 2135 837 2191 imitationem.
875 2136 1123 2203 Agnosco
1152 2132 1207 2187 in
1237 2131 1391 2186 vobis
1436 2128 1613 2185 carnis
1659 2127 1776 2183 ori-

197 2232 386 2301 ginem,
415 2230 508 2285 sed
552 2245 657 2283 non
687 2242 922 2299 agnosco
964 2225 1146 2281 ﬁdem.
1176 2223 1284 2279 Sed
1330 2222 1560 2291 quaeritis
1588 2237 1667 2274 me
1694 2220 1778 2274 in-

195 2324 437 2389 terﬁcere.
473 2320 612 2376 Ecce
660 2323 801 2375 unde
838 2318 1154 2389 degeneres,
1184 2329 1311 2371 ecce
1355 2314 1497 2368 unde
1527 2312 1622 2367 ﬁlii
1668 2325 1775 2366 non

198 2420 445 2474 Abrahae.
478 2416 724 2484 Quwritis
772 2431 876 2483 me,
924 2415 1118 2485 inquit,
1149 2412 1415 2468 occidere.
1449 2408 1600 2477 Quod
1630 2416 1778 2464 certe

195 2522 460 2579 nunquam
488 2506 820 2578 cogitaretis,
853 2507 899 2560 si
948 2505 1043 2559 ﬁlii
1095 2502 1328 2558 Abrahae
1378 2501 1596 2557 essetis.
1641 2498 1779 2566 Quia

194 2620 357 2659 sermo
386 2619 528 2657 meus
556 2618 656 2656 non
686 2603 822 2671 capit
844 2600 900 2655 in
925 2598 1088 2662 vobis,
1139 2596 1190 2652 id
1230 2605 1336 2660 est,
1366 2609 1471 2649 non
1502 2593 1666 2648 habet
1693 2590 1776 2647 lo-

192 2711 312 2753 cum
342 2698 396 2752 in
422 2696 678 2752 cordibus
706 2694 917 2749 vestris.
950 2691 1315 2761 Non,’inquit,
1346 2691 1486 2759 capit
1523 2690 1578 2742 in
1617 2686 1776 2751 vobis,

191 2790 295 2846 hoc
318 2799 420 2854 est,
456 2805 563 2846 non
605 2788 860 2859 recipitur
890 2802 918 2840 a
961 2785 1136 2839 vobis.
1185 2783 1243 2838 Si
1298 2782 1441 2838 enim
1492 2788 1780 2850 caperetur

191 2876 243 2932 in
272 2878 442 2945 vobis,
494 2885 710 2946 caperet
757 2875 944 2944 utique
1003 2885 1119 2926 vos.
1152 2868 1263 2941 Ego
1283 2868 1450 2939 'quod
1502 2868 1610 2922 vidi
1638 2868 1780 2938 apud

190 2968 401 3026 Patrem
427 2986 617 3037 meum,
660 2969 761 3023 hoc
789 2968 986 3034 loquor.
1020 2964 1159 3033 Quid
1188 2963 1317 3018 vidit
1360 2960 1608 3018 Christus
1636 2959 1779 3031 apud

191 3063 443 3121 Patrem?
467 3062 760 3119 Veritatem
789 3060 946 3123 vidit,
984 3060 1227 3129 seipsum
1248 3058 1432 3115 utiuue
1470 3054 1623 3128 vidit,
1653 3053 1779 3124 quia

189 3158 307 3228 ipse
338 3167 423 3214 est
444 3155 682 3212 Verbum
712 3154 855 3226 quod
888 3161 1008 3209 erat
1036 3152 1089 3206 in
1123 3152 1388 3221 principio
1413 3147 1555 3219 apud
1585 3147 1778 3203 Deum.

1874 1963 2148 2019 contraria
2178 1977 2341 2031 opera
2392 1962 2570 2034 agitis.
2623 1962 2796 2032 Supra
2847 1961 2992 2018 enim
3045 1964 3299 2020 dixerat:
3351 1964 3476 2019 Scio

1875 2058 1993 2127 quia
2018 2056 2113 2125 ﬁlii
2138 2054 2359 2110 Abrahae
2384 2054 2784 2124 estis,'probans
2811 2054 2864 2111 in
2904 2054 3011 2110 illis
3049 2055 3311 2126 originem
3351 2070 3471 2112 car-

1875 2145 1979 2202 nis.
2013 2146 2119 2203 Sed
2168 2160 2311 2202 nuuc
2340 2147 2571 2202 ostendit
2600 2145 2723 2202 illos
2750 2161 2854 2202 non
2894 2162 3014 2203 esse
3045 2148 3182 2204 ﬁlios
3211 2148 3463 2216 Abrahae,

1875 2238 1999 2310 quia
2033 2237 2289 2294 nolebant
2333 2239 2528 2293 imitari
2587 2252 2750 2306 opera
2800 2238 3048 2294 Abrahae.
3101 2238 3264 2295 Multo
3318 2241 3463 2294 enim

1877 2332 2072 2388 melius
2117 2331 2405 2388 Christiani
2452 2331 2703 2387 dicuntur
2732 2331 2826 2386 ﬁlii
2876 2332 3125 2401 Abrahae,
3177 2331 3477 2390 imitatores

1877 2426 2002 2481 ﬁdei
2028 2433 2085 2482 et
2112 2440 2338 2496 operum
2378 2425 2633 2493 Abralue,
2683 2438 2843 2494 quam
2872 2425 3065 2489 Judzi,
3100 2439 3323 2496 quorum
3351 2440 3481 2482 caro

1876 2536 1941 2578 ex
1973 2521 2066 2576 illo
2096 2531 2234 2588 erat,
2268 2522 2374 2575 vita
2400 2529 2581 2576 autem
2612 2535 2720 2574 non
2746 2532 2883 2575 erat.
2933 2517 3057 2577 Vos.
3090 2520 3278 2590 inquit,
3312 2521 3482 2589 facitis

1880 2629 2040 2681 opera
2061 2613 2226 2684 patris
2264 2613 2441 2677 vestri,
2474 2612 2527 2666 id
2555 2620 2640 2666 est
2683 2610 2905 2676 diaboli,
2949 2612 3072 2681 quia
3120 2610 3209 2665 ille
3236 2609 3303 2665 ab
3328 2610 3483 2664 initio

1880 2702 2149 2758 homicida
2190 2712 2294 2766 est,
2344 2711 2399 2758 et
2445 2716 2564 2771 vos,
2610 2715 2865 2772 sequaces
2918 2699 3057 2771 ejus,
3112 2702 3343 2772 quwritis
3394 2716 3476 2755 nte

1878 2794 2184 2864 interﬁcere.
2235 2792 2496 2849 Dixerunt
2536 2792 2714 2863 itaque
2751 2792 2840 2848 ei:
2885 2790 2997 2847 Nos
3037 2807 3104 2846 ea:
3135 2792 3501 2863 fornicatione,

1881 2905 1984 2944 non
2011 2903 2187 2944 sumus
2208 2889 2337 2955 nati,
2369 2904 2528 2941 unum
2566 2896 2765 2957 patrem
2796 2886 3037 2940 habemus
3072 2885 3254 2940 Deum.
3301 2884 3484 2940 Tolies

1884 2980 2225 3036 nobilitatem
2276 2979 2491 3049 generis
2522 2979 2751 3034 Abrahae
2799 2978 3169 3049 praeferentes,
3211 2987 3477 3047 tonesque

1883 3074 2114 3130 convicti
2144 3072 2286 3144 quod
2318 3088 2426 3128 non
2469 3080 2653 3135 essent
2698 3071 2795 3127 ﬁlii
2840 3070 3091 3138 Abrahae,
3126 3069 3338 3125 tandem
3370 3083 3484 3126 cte-

1886 3177 2081 3238 perunt
2108 3167 2433 3238 intelligere,
2485 3165 2772 3222 Dominum
2805 3181 2910 3221 non
2949 3164 3016 3220 de
3045 3165 3224 3221 carnis
3250 3180 3479 3236 genera-

188 3250 486 3308 Veritatem
513 3265 642 3320 ergo
665 3248 800 3304 vidit
828 3247 969 3319 apud
1004 3247 1241 3312 Patrem,
1274 3244 1554 3301 veritatem
1589 3243 1776 3313 loque-

1889 3237 2053 3325 tione,
2096 3258 2189 3313 sed
2241 3237 2365 3314 vitae
2419 3257 2773 3314 similitudine
2823 3272 3139 3326 morumque
3189 3255 3488 3313 imitatione

187 3344 350 3401 batur
372 3342 426 3398 in
454 3343 691 3409 mundo,
731 3341 854 3410 quia
882 3356 941 3395 se
970 3347 1023 3395 et
1048 3338 1215 3393 Deum
1246 3338 1461 3392 Patrem
1496 3334 1782 3390 annuntia-

188 3436 284 3492 bat
308 3435 532 3491 mundo.
571 3434 640 3489 Et
666 3450 753 3489 vos
778 3448 891 3504 qua
927 3432 1127 3487 uidistis
1155 3431 1297 3501 apud
1322 3440 1519 3501 patrem
1540 3440 1784 3495 vestrum,

187 3533 385 3604 facitis.
415 3530 556 3599 Quid
602 3529 866 3594 facerent,
909 3541 1071 3597 supra
1113 3527 1193 3581 eis
1235 3526 1464 3581 dixerat.
1517 3522 1785 3590 Quwritis,

188 3624 387 3697 inquit,
417 3640 500 3678 me
537 3621 808 3678 occidere.
838 3619 945 3675 Sed
974 3620 1076 3675 hoc
1104 3617 1244 3690 apud
1274 3618 1550 3673 Abraham
1580 3628 1789 3686 patrem

186 3734 300 3774 non
350 3718 625 3781 viderunt,
679 3730 838 3786 quem
883 3717 1118 3769 amicum
1170 3712 1263 3768 Dei
1310 3712 1477 3767 luisse
1518 3708 1787 3776 Scriptura

185 3818 449 3866 testatur.
488 3810 561 3865 De
601 3823 706 3877 quo
745 3821 874 3877 ergo
911 3820 1054 3861 nunc
1084 3814 1235 3875 patre
1264 3802 1408 3858 dicat
1433 3800 1588 3870 cujus
1627 3812 1789 3869 opera

183 3902 442 3958 facerent
468 3901 660 3966 .lndcei,
694 3900 749 3956 in
784 3901 1136 3970 sequentibus
1177 3896 1517 3967 apertissime
1558 3890 1790 3947 manife-

182 3996 449 4052 stabitur.
486 3995 733 4050 Dicturus
756 4002 841 4049 est
865 3993 1009 4048 enim
1053 4000 1264 4061 patrem
1304 4000 1491 4043 eorum
1522 3998 1643 4040 esse
1678 3983 1793 4037 dia-

183 4088 402 4151 bolum,
435 4100 540 4140 non
572 4084 713 4156 quod
742 4083 810 4138 ab
838 4097 903 4137 eo
935 4080 1101 4152 geniti
1155 4094 1219 4133 ac
1265 4076 1431 4133 creati
1459 4086 1663 4142 essent,
1697 4073 1792 4129 sed

183 4190 380 4235 tamen
411 4177 505 4233 ﬁlii
537 4176 652 4247 ejus
682 4185 863 4240 erant,
898 4177 949 4228 in
988 4181 1248 4244 quantum
1296 4170 1422 4225 mali
1452 4177 1627 4225 erant.
1670 4166 1793 4222 Filii

180 4276 314 4345 ejus
358 4274 545 4343 utique
572 4281 727 4328 erant
755 4286 852 4340 per
882 4268 1261 4332 imitationem,
1295 4280 1401 4319 non
1445 4278 1539 4334 per
1570 4262 1797 4317 creatio-

180 4383 341 4423 nem.
379 4364 536 4435 Apud
568 4364 711 4419 hunc
750 4364 927 4433 itaque
955 4371 1160 4429 patrem
1196 4358 1441 4411 viderant
1471 4369 1639 4425 opera
1670 4367 1792 4423 quas

180 4460 492 4525 faciebant,
522 4458 644 4528 quia
681 4458 978 4511 imitatores
1003 4453 1204 4509 diaboli
1234 4451 1359 4527 lacti
1393 4451 1626 4512 fuerant,
1664 4463 1787 4504 cum

1884 3351 2088 3410 dicere.
2121 3352 2286 3421 Quasi
2317 3354 2460 3408 enim
2491 3352 2791 3408 adinvicem
2825 3352 3224 3424 loquebantur:
3265 3354 3485 3422 Quoties

1886 3448 2347 3504 nominaverimus
2376 3444 2673 3513 Abraham,
2699 3446 2944 3502 dicturus
2969 3456 3087 3502 est:
3127 3445 3307 3513 Quare
3332 3446 3481 3502 illum

1888 3556 1997 3597 non
2052 3541 2360 3606 imitamini,
2416 3538 2483 3595 de
2532 3540 2685 3609 cujus
2740 3539 3088 3610 generatione
3140 3538 3491 3609 gloriamini?

1890 3633 2140 3690 Dicamus
2189 3634 2354 3690 Deum
2402 3641 2608 3703 patrem
2640 3642 2903 3700 nostrum,
2946 3640 3001 3688 et
3041 3630 3316 3687 videamus
3346 3630 3493 3702 quid.

1889 3727 2048 3781 nobis
2095 3725 2443 3794 respondeat.
2506 3723 2618 3778 Nos
2654 3734 2824 3779 autem
2872 3739 2935 3780 es:
2981 3724 3325 3793 fornicatione
3377 3740 3484 3777 non

1890 3834 2069 3874 sumus
2093 3817 2247 3872 nati:
2287 3832 2447 3871 unum
2472 3823 2670 3886 patrem
2702 3815 2945 3870 habemus
2992 3814 3175 3869 Deum.
3228 3814 3493 3886 Legerant

1894 3908 1946 3964 in
1995 3906 2337 3975 Scripturis,
2385 3905 2791 3961 fornicationem
2843 3904 3178 3974 spiritualem
3227 3903 3491 3974 appellari

1895 4001 2282 4066 idololatriatn,
2339 4014 2433 4069 per
2482 4014 2642 4070 quam
2693 4000 2888 4053 misera
2941 4000 3119 4053 anima
3158 3998 3492 4053 daemonibus

1895 4092 2047 4161 quasi
2099 4092 2383 4161 prostituta
2434 4088 2734 4161 subjicitur.
2787 4089 2913 4144 Ideo
2959 4089 3247 4144 dixerunt:
3289 4088 3491 4146 Nosea:

1896 4184 2238 4255 fornicatione
2278 4199 2382 4237 non
2427 4198 2603 4236 sumus
2629 4181 2737 4235 nati
2766 4196 2787 4236 .°
2824 4197 2985 4235 unum
3016 4188 3208 4249 patrem
3249 4179 3493 4235 habemus

1900 4277 2086 4335 Deum.
2126 4278 2470 4335 lactaverunt
2498 4290 2627 4347 ergo
2665 4290 2725 4331 se
2766 4274 2907 4344 quod
2945 4289 3157 4345 semper
3200 4273 3364 4328 Deum
3396 4288 3492 4330 co-

1899 4372 2136 4438 luerunt,
2186 4369 2272 4440 qui
2316 4367 2478 4423 Israel
2528 4383 2682 4423 suum
2725 4366 3138 4436 primogenitum
3186 4364 3493 4434 appellavit.

1901 4463 2005 4518 Sed
2036 4461 2318 4516 audiamus
2346 4458 2475 4525 quid
2502 4458 2607 4514 illis
2654 4472 2971 4527 responsum
3021 4457 3130 4511 sit:
3184 4454 3266 4522 Si,
3304 4455 3498 4525 inquit,

179 4568 302 4608 non
362 4551 539 4607 solum
594 4548 804 4604 nollent
858 4546 1048 4602 Filium
1103 4544 1195 4600 Dei
1254 4543 1555 4610 suscipere,
1608 4554 1785 4595 verum

1904 4553 2046 4608 Deus
2110 4562 2252 4623 pater
2293 4559 2454 4605 vester
2484 4557 2639 4616 esset,
2677 4550 2955 4619 diligentis
2982 4564 3063 4602 me
3104 4548 3297 4618 utique.
3350 4548 3429 4602 Ac
3456 4547 3501 4602 si

176 4648 361 4704 etiam
410 4645 798 4700 meditarentur
828 4640 1097 4694 occidere.
1144 4635 1539 4707 Responderunt
1566 4635 1651 4688 ei:
1692 4631 1799 4687 Pa-

177 4748 267 4793 ter
297 4746 478 4792 noster
506 4736 767 4790 Abraham
812 4742 906 4788 est.
940 4733 1104 4798 Quasi
1134 4744 1261 4784 vero
1303 4728 1502 4797 aliquid
1538 4728 1709 4795 possit
1734 4726 1809 4779 di.

175 4848 325 4887 cere
358 4840 552 4885 eontra
586 4828 886 4892 Abraham,
932 4832 1024 4878 aut
1061 4824 1113 4877 in
1162 4823 1338 4890 aliquo
1368 4818 1805 4898 reprehendere.

174 4924 305 4979 Sed
343 4923 606 4977 Dominus
648 4935 752 4974 non
796 4919 865 4974 de
896 4916 1166 4973 Abraham
1195 4914 1427 4980 dicebat,
1456 4914 1579 4984 quia
1631 4912 1806 4966 Abra-

176 5017 327 5073 ham
364 5032 474 5070 non
512 5016 608 5069 luit
648 5013 769 5068 talis
812 5011 900 5082 qui
933 5002 1441 5079 reprehenderetur,
1468 5005 1563 5060 sed
1593 5004 1684 5074 qui
1717 5017 1807 5074 po—

176 5112 308 5165 tius
337 5124 368 5161 a
408 5106 634 5163 Domino
662 5107 975 5160 laudaretur
1010 5122 1022 5156 :
1055 5103 1148 5157 sed
1175 5102 1258 5155 isti
1289 5115 1410 5155 eum
1436 5096 1806 5168 provocabunt

174 5210 250 5256 ut
303 5200 522 5255 diceret
565 5197 764 5267 aliquid
812 5206 998 5252 contra
1042 5195 1332 5259 Abraham,
1382 5200 1649 5261 quatenus
1686 5201 1804 5257 pos-

175 5300 324 5347 sent
374 5291 430 5343 in
460 5304 583 5345 eum
616 5287 890 5343 vindicare
926 5297 1176 5357 tanquam
1227 5284 1501 5339 inimicum
1548 5282 1800 5337 Abrahae.

176 5383 314 5440 Sed
348 5383 637 5437 audiamus
667 5378 791 5450 quid
821 5384 898 5434 eis
930 5379 1186 5433 Dominus
1235 5374 1598 5446 responderit,
1640 5373 1804 5428 Abra-

176 5477 333 5533 ham
365 5474 618 5540 laudans,
677 5475 806 5527 istos
840 5486 965 5527 vero
1013 5472 1300 5524 damnans.
1351 5468 1411 5523 Si
1454 5466 1551 5535 lilii
1581 5465 1801 5519 Abrahae

173 5567 435 5632 essetis,
466 5582 621 5635 opera
654 5564 872 5617 Abrahae
915 5564 1180 5618 faceretis.
1218 5561 1373 5615 Nunc
1401 5571 1571 5637 autem
1616 5560 1804 5630 qutzri-

176 5662 261 5715 tis
299 5676 393 5714 me
424 5659 688 5722 occidere,
728 5656 980 5711 hominem
1020 5657 1107 5727 qui
1149 5656 1414 5709 veritatem
1462 5655 1662 5707 locutus
1691 5665 1807 5704 sum

171 5755 377 5821 vobis,
412 5770 567 5826 quam
593 5753 767 5807 audivi
794 5769 826 5806 a
872 5749 1020 5807 Deo:
1068 5751 1162 5803 hoc
1213 5746 1467 5801 Abraham
1516 5761 1618 5801 non
1666 5745 1806 5817 fecit.

172 5847 426 5906 Iudaeis
473 5845 740 5906 Abraham
787 5859 884 5915 pro
910 5859 970 5899 se
996 5844 1346 5914 jactantibus,
1380 5850 1450 5911 et
1480 5840 1540 5897 in
1580 5839 1684 5897 hoc
1712 5854 1806 5897 ca-

507 5959 783 6024 Psraon.
828 5955 1022 6020 XCV.

1606 6054 1637 6062 θ’
1670 6054 1737 6067 vv».

1828 4603 1884 4666 D

1908 4644 2399 4703 diceretzlactatis
2438 4658 2535 4699 vos
2587 4643 2755 4698 Deum
2808 4642 3007 4695 habere
3056 4652 3284 4711 patrem,
3336 4656 3515 4711 agno-g

1909 4739 2041 4793 scite
2068 4752 2153 4791 me
2207 4737 2286 4792 vel
2316 4734 2554 4791 fratrem.
2604 4735 2670 4790 Et
2707 4733 2753 4789 si
2796 4735 3030 4788 nondum
3075 4749 3159 4789 me
3199 4740 3257 4815 ut
3307 4732 3501 4799 Deum,

1909 4841 2001 4885 aut
2030 4829 2125 4885 Dei
2165 4827 2359 4883 Filium
2409 4828 2573 4883 vultis
2626 4823 2896 4893 venerari,
2945 4829 3134 4880 saltem
3166 4840 3251 4879 me
3298 4833 3355 4879 ut
3396 4824 3503 4878 fra-

1911 4934 2045 4981 trem
2072 4923 2294 4995 diligite.
2327 4923 2441 4995 Ego
2470 4923 2606 4977 enim
2624 4938 2689 4977 ex
2717 4920 2823 4977 Deo
2863 4923 3088 4988 processi
3113 4930 3160 4975 et
3185 4918 3322 4976 veni.
3369 4919 3503 4976 Pro-

1912 5015 2087 5071 cessio
2114 5015 2214 5069 ista
2235 5025 2434 5069 aeterna
2475 5027 2557 5069 est
2586 5023 2640 5069 et
2667 5012 2950 5069 ineﬁabilis
2988 5012 3189 5081 absque
3235 5019 3499 5081 tempore,

1912 5110 2034 5175 quia
2065 5105 2231 5162 Filius
2263 5107 2520 5175 processit
2546 5120 2577 5160 a
2616 5106 2774 5161 Patre
2804 5115 2860 5159 ut
2914 5105 3074 5169 Deus,
3116 5112 3172 5159 et
3197 5106 3417 5172 aqualis
3444 5113 3503 5160 ut

1911 5198 2078 5253 Filius
2104 5208 2156 5253 et
2186 5198 2409 5254 verbum
2440 5199 2633 5254 Patris.
2686 5197 2955 5253 Processit
2982 5214 3047 5253 ex
3088 5197 3199 5253 Deo
3228 5208 3282 5253 et
3328 5198 3502 5266 venit,

1910 5290 2034 5359 quia
2070 5288 2292 5343 Verbum
2312 5289 2454 5359 quod
2480 5298 2595 5345 erat
2624 5290 2678 5344 in
2723 5288 3005 5359 principio,
3037 5305 3155 5343 caro
3183 5289 3377 5359 factum
3404 5300 3503 5361 est,

1910 5390 1956 5435 et
1994 5380 2238 5433 habitavit
2278 5382 2333 5433 in
2376 5380 2541 5433 nobis.
2579 5379 2773 5435 Venire
2816 5381 2959 5434 enim
3006 5380 3354 5436 humanitatis
3391 5391 3500 5447 est,

1911 5474 2049 5529 sicut
2075 5488 2289 5528 manere
2319 5470 2630 5528 divinitatis.
2665 5472 2935 5528 Processit
2963 5486 2992 5527 a
3049 5473 3205 5528 Patre
3248 5485 3301 5528 et
3331 5475 3502 5543 venit,

1911 5565 2035 5636 quia
2066 5582 2095 5620 a
2142 5565 2300 5621 Patre
2332 5566 2385 5619 in
2437 5565 2695 5620 mundum
2744 5565 2940 5621 missus
2984 5574 3091 5633 est,
3138 5564 3280 5620 sicut
3328 5563 3498 5621 dicit:

1914 5660 2038 5716 Non
2065 5660 2199 5715 enim
2218 5677 2251 5715 a
2273 5661 2465 5731 meipso
2494 5659 2625 5727 veni,
2656 5659 2746 5715 sed
2774 5659 2864 5715 ille
2883 5676 2964 5715 me
3002 5660 3159 5714 misit.
3208 5658 3338 5727 Quae
3366 5658 3502 5714 misv

1913 5753 1998 5811 sio
2022 5754 2207 5821 utique
2236 5751 2533 5809 incarnatio
2563 5752 2905 5824 intelligenda
2960 5762 3063 5809 est.
3115 5751 3289 5820 Quare
3326 5750 3503 5823 loque-

1914 5846 2023 5902 lam
2049 5860 2217 5903 meum
2241 5860 2346 5901 non
2382 5844 2687 5917 cognoscitis
2706 5845 2733 5901 2
2776 5844 2898 5916 quia
2927 5858 3034 5901 non
3067 5841 3290 5913 potestis
3318 5840 3504 5898 audire
