3972 6340
557 353 685 413 1251

1413 339 1616 398 PAULI
1657 332 1927 395 DIACONI
1971 330 2127 387 OPP.
2170 327 2344 386 PARS
2381 331 2443 386 ll.
2481 361 2556 378 -ι
2592 330 2947 389 ASCETICA.
3596 341 3687 401 mg

553 468 646 524 diu
668 462 965 522 sustinuisti
989 458 1257 531 languoris
1286 466 1502 521 excute,
1522 466 1576 511 et
1594 455 1658 509 ad
1686 455 1940 509 virtutum
1967 462 2129 505 exer-
2162 446 2216 505 Δ
2240 462 2325 501 sus
2344 458 2511 504 autem
2548 450 2886 504 declinaverat
2915 464 2949 502 a
2974 447 3124 500 turba
3152 448 3399 504 constituta
3417 451 3462 505 in
3482 451 3584 511 loco.
3609 460 3687 517 ne.

554 563 736 618 citium
765 562 990 630 erigere.
1025 555 1174 610 Tolle
1200 554 1393 609 lectum
1449 563 1614 608 tuum.
1647 548 1801 603 Porta
1834 547 2135 617 proximum

555 665 737 719 tuum,
774 652 890 722 ejus
926 648 1135 705 inﬁrma
1189 648 1450 717 patienter
1507 641 1783 699 tolerando
1810 682 1827 707 ,
1869 654 1900 694 a
1934 652 2040 707 quo
2081 650 2139 692 es

554 745 645 800 diu
673 744 1004 811 multumque
1049 753 1170 793 eum
1202 736 1378 792 adhuc
1406 738 1506 790 sub
1534 733 1681 804 gravi
1711 730 1857 787 fasce
1888 726 2138 785 tentatio-

558 852 683 891 num
714 847 976 903 gemeres,
1010 840 1354 886 sustentatus.
1388 828 1522 882 llinc
1551 836 1606 882 et
1631 824 1918 895 Apostolus
1966 821 2137 876 dicit:

558 932 697 984 Alter
719 929 924 983 alterius
966 941 1118 979 onera
1166 933 1360 995 portate
1415 919 1555 991 (Gal.
1598 920 1693 987 vt).
1721 916 1954 971 Ambula
2012 926 2138 967 vero

558 1020 879 1093 quotidianis
901 1020 1158 1074 bonorum
1187 1033 1408 1087 operum
1432 1014 1756 1086 profectibus
1785 1054 1799 1077 ,
1844 1012 1911 1067 de
1942 1012 2141 1064 virtute

559 1116 613 1168 in
643 1114 891 1168 virtutem
925 1110 1259 1180 progredere.
1315 1106 1484 1177 Surge
1516 1118 1730 1176 peccata
1755 1100 2132 1170 relinquendo,

561 1206 690 1261 tolle
712 1206 905 1260 lectum
937 1214 1083 1257 tuutr.
1111 1200 1262 1255 fratri
1297 1198 1679 1263 succurrendo,
1713 1197 1927 1251 ambula
1953 1210 2147 1263 super-

562 1316 684 1355 nam
717 1299 935 1367 patriam
969 1295 1343 1359 desiderando,
1374 1302 1427 1348 et
1447 1293 1510 1345 ad
1561 1290 1838 1345 videndam
1876 1287 2147 1343 Creatoris

563 1391 748 1445 faciem
795 1388 1111 1442 festinando.
1146 1386 1270 1439 Erat
1295 1395 1461 1438 autem
1500 1383 1765 1438 sabbatum
1802 1383 1855 1434 in
1904 1381 1996 1433 illa
2041 1379 2145 1434 die.

567 1480 807 1535 Dicebant
834 1495 954 1548 ergo
992 1478 1163 1531 Iudici
1210 1477 1254 1530 ei
1278 1477 1364 1545 qui
1388 1484 1597 1528 sanatus
1627 1478 1794 1544 fuerat
1815 1488 1833 1524 :
1867 1471 2147 1527 Sabbatum

561 1587 656 1643 est,
686 1593 784 1630 non
814 1577 925 1630 licet
958 1574 1048 1628 tibi
1076 1573 1250 1627 tollere
1272 1572 1540 1643 grabatum
1595 1580 1755 1624 tuum.
1784 1567 1917 1623 Mira
1949 1574 2005 1621 et
2051 1579 2151 1620 ve-

563 1669 838 1724 hementer
870 1666 1127 1736 stupenda
1150 1665 1452 1719 latinorum
1505 1661 1794 1717 dementia.
1826 1659 1962 1714 Cum
2008 1656 2151 1711 enim

559 1761 625 1815 ad
661 1769 766 1814 tam
819 1761 1148 1827 inopinatam
1184 1755 1417 1810 hominis
1470 1755 1560 1807 diu
1604 1752 1907 1823 languentis
1949 1749 2153 1803 sanita-

2244 541 2557 607 clinaverat,
2590 542 2776 611 inquit,
2810 557 2839 595 a
2869 541 3021 597 turba
3072 542 3291 609 turbata,
3313 543 3469 600 divino
3490 563 3563 605 eos
3584 553 3691 611 dese.

2245 647 2368 687 rens
2391 634 2613 700 auxilio,
2644 633 2874 686 iunuens
2899 630 3054 702 cujus
3096 633 3357 688 virtutibus
3397 638 3604 696 obstinata
3620 660 3694 701 tua.

2245 722 2353 777 litia
2401 725 2729 779 conabantur
2769 726 3042 779 resistere.
3088 721 3454 781 Posteainvenit
3489 746 3578 785 eum
3597 732 3697 790 lem

2246 815 2299 867 in
2329 814 2533 883 templo,
2576 823 2622 867 et
2649 816 2778 868 dixit
2800 815 2878 868 illi
2902 830 2922 868 :
2946 812 3082 870 Ecce
3109 833 3258 871 sanus
3284 818 3431 888 factus
3456 836 3514 874 es.
3542 822 3615 877 Pet
3634 826 3700 881 hoc

2247 911 2387 980 quod
2412 912 2457 965 is
2487 912 2574 980 qui
2601 919 2818 966 sanatus
2849 911 3040 977 fuerat,
3071 910 3247 968 Iesum
3272 916 3431 969 nonin
3475 918 3617 983 turba,
3639 924 3699 977 sed

2249 1002 2301 1057 in
2331 1005 2529 1071 templo
2572 1004 2868 1073 cognoscit,
2887 1006 3112 1077 mystice
3166 1021 3258 1062 nos
3294 1006 3588 1076 instruimur,
3621 1015 3706 1069 utsi

2248 1098 2471 1166 gratiam
2498 1097 2789 1153 conditoris
2814 1101 2979 1153 nostri
3018 1103 3353 1172 cognoscere,
3380 1114 3424 1158 et
3450 1104 3504 1158 ad
3543 1106 3626 1173 ejus
3660 1111 3710 1163 vi-

2251 1190 2456 1245 sionem
2488 1190 2854 1245 desideramus
2880 1193 3182 1261 pervenire,
3210 1192 3452 1263 fugiamus
3472 1199 3632 1252 turbam
3652 1215 3709 1254 co-

2250 1284 2565 1353 gitationum
2595 1296 2647 1339 et
2677 1285 2961 1341 affectuum
3010 1302 3310 1358 pravorum,
3328 1290 3601 1347 declinemus
3615 1296 3710 1348 solli-

2252 1378 2359 1434 cite
2386 1381 2753 1434 conventicula
2790 1380 3062 1435 hominum
3089 1382 3453 1451 improborum.
3479 1387 3551 1454 qui
3583 1389 3715 1442 bonum

2255 1480 2497 1526 nostrum
2529 1474 2888 1543 propositum,
2925 1477 3006 1529 vel
3037 1474 3176 1528 mala
3207 1478 3433 1545 exempla
3448 1478 3720 1534 demonstrau-

2255 1563 2444 1633 do,vel
2465 1577 2645 1620 nosua
2660 1581 2820 1636 opera
2843 1568 3162 1637 deridendo,
3197 1570 3444 1625 autetiam
3467 1575 3718 1640 perhibendo,

2255 1668 2519 1713 conantur
2548 1658 2824 1727 impedire.
2860 1659 3239 1730 Confugiamus
3265 1664 3432 1719 devoti
3456 1667 3512 1719 ad
3547 1670 3720 1736 templum

2262 1748 2374 1815 Dei,
2402 1749 2488 1803 ubi
2513 1750 2585 1805 illi
2617 1753 2684 1806 de
2726 1756 3005 1822 praeceptis
3053 1755 3320 1812 beneficiis
3345 1762 3519 1826 gratias
3538 1774 3669 1829 agere,
3687 1776 3723 1815 ac

562 1863 668 1908 tem
695 1824 937 1919 credere,
971 1860 1026 1906 et
1049 1850 1282 1904 divinam
1321 1847 1613 1917 potentiam
1666 1844 1888 1900 laudare
1943 1841 2151 1898 debue-
2186 1824 2235 1885 Β
2263 1854 2361 1909 pro
2392 1841 2749 1912 percipiendis
2778 1859 3001 1900 exorare
3042 1824 3375 1916 satagamus,
3432 1824 3598 1917 nosque
3636 1853 3727 1921 ipsos

558 1954 700 2010 rant,
727 1960 760 2002 e
790 1943 1062 2000 contrario
1082 1941 1604 2004 scandalizabantur,
1627 1947 1682 1995 et
1706 1936 2031 1992 salvatorem
2067 1949 2154 2002 pa-

561 2039 797 2109 riterque
830 2037 1093 2093 salvatum
1147 2036 1628 2091 caluntniabantur.
1662 2030 1996 2088 Salvatorem
2036 2028 2154 2098 qui-

560 2132 706 2198 dem,
738 2131 880 2203 quod
910 2131 1000 2185 die
1021 2128 1226 2184 sabbati
1280 2127 1552 2181 hominem
1600 2130 1876 2187 curasset,
1933 2122 2157 2175 lectum-

562 2242 664 2295 que
690 2240 845 2279 suum
875 2225 1061 2278 tollere
1092 2222 1441 2291 praeceperit;
1496 2218 1755 2272 salvatum
1800 2228 1928 2268 vero
1972 2226 2155 2279 repre-

563 2319 821 2384 hendunt,
844 2316 971 2386 quia
1000 2315 1223 2368 sabbato
1255 2313 1536 2384 grabatum
1569 2307 1878 2378 portaverit.
1905 2304 2154 2359 Dicebant

563 2430 683 2483 ergo
702 2414 749 2467 ei
778 2413 865 2481 qui
895 2420 1103 2465 sanatus
1128 2410 1293 2478 fuerat
1321 2424 1334 2460 :
1364 2404 1646 2461 Sabbatum
1675 2411 1767 2468 est,
1792 2417 1893 2455 non
1922 2401 2036 2453 licet
2066 2397 2157 2450 tibi

568 2506 744 2558 tollere
759 2504 1029 2575 grabatum
1046 2511 1208 2566 tuum.
1229 2500 1385 2570 Legis
1399 2500 1629 2553 litteram
1643 2497 1958 2553 stultissime
1972 2491 2158 2547 defen—

565 2598 787 2662 debant,
816 2599 1122 2667 ignorantes
1151 2595 1605 2664 dispensationem
1630 2590 1841 2646 Domini
1872 2588 2157 2642 salvatoris

565 2696 654 2764 qui
688 2694 855 2763 ipsam
890 2694 1061 2763 legem
1090 2693 1357 2761 quondam
1394 2704 1486 2757 per
1538 2702 1755 2743 servum
1790 2685 2037 2748 dederat,
2095 2695 2158 2735 ac

567 2802 708 2842 nunc
736 2802 831 2857 per
882 2792 1230 2857 semetipsum
1276 2786 1534 2849 veniens,
1582 2781 1827 2839 eamdem
1877 2781 2048 2852 legem
2103 2779 2157 2836 ia

565 2882 793 2953 gratiam
823 2882 995 2937 sancti
1021 2881 1296 2951 Evangelii
1330 2890 1538 2933 mutare
1552 2876 1892 2958 disponebat,
1925 2884 1980 2929 ut
2014 2872 2157 2943 quod

566 2983 721 3028 antea
757 2972 908 3043 juxta
936 2973 1170 3027 litteram
1214 2971 1502 3027 carnaliter
1551 2984 1581 3023 a
1616 2967 1924 3024 carnalibus
1970 2965 2159 3021 obser-

568 3066 814 3135 vabatur,
841 3065 1099 3134 deinceps
1142 3065 1450 3136 spirituales
1478 3061 1828 3133 spiritualiter
1866 3059 2158 3115 observan-

566 3159 693 3214 dum
730 3160 1083 3229 susciperent.
1122 3159 1357 3229 Denique
1400 3158 1487 3212 die
1535 3156 1769 3226 septimo
1810 3154 2039 3224 populus
2089 3152 2157 3207 ab

2259 1933 2513 2003 templum
2541 1934 2656 2001 Dei,
2685 1935 2739 1989 in
2795 1952 2899 2006 quo
2931 1938 3342 1996 misericorditer
3367 1942 3525 1997 venire
3559 1955 3599 1995 et
3634 1959 3727 1996 mtu-

2258 2028 2463 2084 sionem
2493 2029 2669 2086 facere
2708 2031 2976 2101 dignetur,
3002 2049 3305 2105 prmparare
3357 2050 3579 2090 curemus.
3604 2039 3728 2091 Atten-

2259 2124 2389 2180 dere
2418 2136 2594 2179 autem
2623 2125 2902 2194 debemus,
2946 2127 3074 2197 quid
3102 2144 3132 2182 a
3180 2145 3239 2184 se
3267 2140 3442 2185 sanato
3471 2130 3666 2184 Dominus
3684 2130 3730 2183 di

2259 2218 2333 2272 cit
2360 2234 2371 2269 :
2400 2216 2533 2272 Ecce
2553 2235 2707 2273 sanus
2738 2221 2903 2289 factus
2924 2236 2998 2285 es,
3022 2220 3135 2292 jam
3164 2223 3269 2276 noli
3287 2238 3499 2294 peccare,
3518 2240 3568 2276 ne
3584 2222 3731 2276 deterius

2259 2311 2348 2365 tibi
2383 2312 2579 2381 aliquid
2609 2315 2893 2383 contingat.
2928 2315 3134 2381 Quibus
3160 2318 3334 2372 verbis
3354 2317 3588 2387 ostendit,
3624 2318 3729 2386 quia,

2262 2416 2477 2474 propter
2499 2416 2719 2474 peccata
2749 2421 2841 2461 sua
2865 2407 3160 2479 languerat,
3194 2424 3295 2466 nec
3323 2411 3415 2464 nisi
3445 2412 3533 2464 illis
3568 2409 3730 2463 dimissis

2261 2498 2439 2552 sanari
2472 2509 2699 2568 poterat.
2732 2500 2838 2555 Sed
2868 2502 3194 2557 credendum
3240 2503 3388 2557 nobis
3426 2514 3514 2567 est,
3543 2502 3652 2571 quod
3674 2501 3739 2554 Do-

2260 2592 2438 2647 minus
2467 2593 2557 2663 qui
2588 2609 2712 2650 eum
2737 2596 2947 2649 sanavit
2982 2597 3226 2651 exterius
3262 2598 3328 2653 ab
3351 2597 3632 2658 infirmitate,
3655 2596 3743 2648 intus

2261 2686 2419 2740 etiam
2453 2686 2685 2741 absolvit
2713 2701 2741 2739 a
2760 2686 2985 2743 scelere.
3016 2688 3168 2744 Unde
3195 2700 3254 2745 et
3274 2705 3391 2746 eum
3416 2689 3629 2744 Dominus
3643 2695 3741 2741 caute

2263 2778 2602 2847 praemonuit,
2637 2794 2705 2834 ne
2728 2779 2951 2835 ulterius
2976 2792 3248 2850 peccaret,
3277 2800 3344 2840 ne
3361 2784 3535 2839 iterum
3560 2776 3747 2852 peccando

2261 2869 2522 2940 gravioris
2569 2874 2893 2931 sententiam
2941 2875 3311 2933 damnationis
3366 2877 3637 2932 incurreret.
3675 2872 3746 2927 Non

2262 2976 2438 3021 autem
2468 2980 2682 3036 semper
2710 2979 2930 3038 propter
2954 2971 3068 3025 sola
3118 2979 3340 3039 peccata
3368 2970 3510 3025 datur
3529 2965 3743 3023 hominibus

2261 3058 2564 3114 intirmitas.
2589 3059 2837 3130 Quinque
2873 3062 3018 3118 enim
3055 3064 3260 3119 modia
3290 3065 3478 3120 sanctis
3526 3058 3745 3117 doctoribus

2263 3149 2585 3220 deprehensi
2618 3162 2764 3220 sunt,
2792 3154 2986 3223 quibus
3034 3155 3321 3212 infirmitas
3372 3154 3631 3212 hominibus
3665 3165 3746 3206 oon-

566 3251 714 3306 omni
742 3215 906 3321 opere
921 3252 1098 3306 servili
1123 3215 1311 3305 vacar-e
1328 3215 1626 3319 praeceptus
1643 3215 2158 3316 fuerat'.S.piritualis
2185 3215 2234 3279 (ἶ
2265 3215 2437 3314 tiu-git.
2473 3215 2772 3315 Aliquando
2811 3215 2965 3305 enim
3013 3251 3176 3308 datur
3224 3253 3495 3309 infirmitas
3540 3247 3747 3304 hominibus

570 3355 701 3396 vero
729 3340 936 3395 sabbati
984 3341 1381 3404 observatione,
1401 3338 1546 3410 quod
1574 3346 1658 3393 est
1683 3339 1738 3393 in
1766 3336 1888 3392 luce
1909 3334 2161 3405 septifor-

568 3434 670 3488 mis
696 3432 928 3503 Spiritus
956 3433 1149 3495 sancti,
1202 3432 1270 3487 ab
1298 3432 1443 3486 omni
1475 3439 1693 3500 peccato
1716 3471 1734 3497 ,
1777 3427 1921 3500 quod
1972 3441 2162 3484 revera

568 3527 765 3583 servile
806 3541 943 3597 opus
975 3526 1256 3596 accipitur,
1294 3540 1400 3580 non
1432 3540 1533 3580 una
1562 3526 1651 3581 die
1674 3564 1689 3589 ,
1732 3525 1827 3580 sed
1864 3525 2010 3579 omni
2038 3523 2162 3579 vita

571 3625 767 3672 nostrae
796 3625 1041 3687 tempore
1101 3615 1274 3671 feriati
1302 3630 1423 3672 esse
1454 3616 1818 3686 praecipimur,
1847 3631 1953 3671 non
1983 3614 2160 3670 solum

568 3723 598 3763 a
622 3709 800 3778 pravis
828 3708 1083 3777 operibus
1112 3709 1383 3765 abstinere
1404 3749 1421 3775 ,
1472 3709 1570 3765 sed
1600 3710 1759 3764 etiam
1793 3708 1948 3763 bonis
1977 3709 2159 3777 operi-

570 3802 669 3858 bus
698 3802 944 3856 insistere
969 3800 1240 3871 jubemur.
1272 3798 1424 3866 Quod
1448 3809 1503 3855 et
1537 3800 1593 3854 in
1624 3800 1780 3868 hujus
1809 3799 2045 3854 hominis
2074 3814 2162 3854 sa-

571 3896 786 3951 natione
811 3895 1012 3964 liquide
1044 3904 1393 3950 monstratutn
1419 3904 1541 3961 est,
1599 3909 1718 3949 eum
1748 3895 2006 3950 Dominus
2035 3910 2159 3949 eum

571 4006 731 4059 quem
754 4005 785 4044 a
816 3991 1068 4061 languore
1097 3990 1376 4057 liberabat,
1393 4005 1498 4045 non
1516 3991 1687 4045 solum
1710 4004 1950 4059 surgere,
1974 4005 2160 4045 verum

572 4085 734 4137 etiam
800 4082 995 4136 lectum
1053 4094 1206 4136 suum
1252 4082 1442 4136 tollere
1494 4083 1855 4152 praeciperet,
1910 4080 2162 4137 videlicet

571 4183 756 4248 aperte
779 4177 1072 4244 insinuans,
1105 4190 1201 4231 eos
1231 4176 1319 4246 qui
1348 4176 1532 4231 volunt
1578 4192 1607 4228 a
1637 4173 1887 4230 vitiorum
1931 4178 2052 4231 tabe
2082 4190 2161 4231 re-

571 4282 814 4339 surgere,
847 4267 1091 4321 discnsso
1124 4277 1340 4335 torpore
1372 4265 1729 4338 negligentiae,
1759 4281 1880 4321 cum
1908 4267 2158 4322 fraterna:

571 4360 846 4414 charitatis
879 4363 1119 4429 pignore,
1150 4361 1215 4413 ad
1264 4360 1557 4428 jussionem
1590 4360 1671 4414 sui
1722 4361 2012 4417 conditoris
2065 4361 2161 4416 de-

577 4452 706 4505 bere
738 4465 1027 4517 properare
1055 4490 1072 4516 ,
1132 4465 1230 4503 nec
1285 4451 1544 4505 malorum
1589 4453 2012 4508 contradictione
2062 4468 2157 4510 seu

571 4543 943 4612 persecutione
992 4558 1023 4595 a
1078 4551 1255 4611 empto
1302 4545 1423 4599 boni
1476 4547 1657 4615 operis
1694 4548 1871 4603 studio
1918 4562 2151 4602 cessare.
2180 4576 2237 4639 Β

571 4635 705 4691 Nam
730 4643 785 4689 et
815 4636 912 4687 iste
942 4634 1101 4687 homo
1130 4649 1251 4688 cum
1275 4636 1324 4689 ei
1348 4634 1516 4689 Judaei
1536 4638 2154 4701 eontradicerent,eum-

572 4743 675 4797 que
693 4742 759 4781 ne
785 4727 978 4780 lectum
1000 4726 1166 4780 ferret
1182 4728 1543 4794 prohiberent,
1563 4730 1803 4785 dicentes
1824 4749 1835 4783 :
1870 4731 2154 4786 Sabbatum

571 4829 665 4886 est,
684 4836 784 4874 non
807 4819 919 4872 licet
935 4820 1023 4872 tibi
1045 4818 1221 4873 tollere
1239 4820 1504 4889 grabatum
1518 4830 1681 4887 tuum,
1709 4838 1812 4877 non
1830 4824 1951 4878 ideo
1966 4825 2156 4879 lectum

573 4913 839 4982 deposuit,
857 4914 949 4967 sed
984 4912 1298 4968 ﬁducialiter
1323 4916 1512 4981 emptis
1539 4915 1811 4981 insistens,
1837 4918 2111 4985 respondit
2140 4936 2157 4975 :

574 5009 677 5077 Qui
705 5025 785 5063 me
821 5024 1004 5062 sanum
1034 5009 1170 5077 fecit,
1193 5008 1279 5061 ille
1318 5009 1441 5061 mihi
1470 5010 1709 5081 praecepit
1738 5027 1755 5064 :
1788 5009 1929 5064 Tolle
1974 5012 2159 5082 graba-

574 5111 683 5156 tum
720 5110 882 5168 tuum,
912 5110 958 5153 et
988 5099 1210 5153 ambula.
1252 5097 1400 5155 Illius
1434 5102 1609 5170 potius
1660 5102 1847 5157 volens
1876 5104 2154 5175 obtempe-

574 5205 697 5247 rare
723 5192 985 5246 mandatis
1016 5206 1046 5244 a
1082 5208 1186 5259 quo
1230 5203 1448 5249 sanatus
1492 5196 1694 5262 fuerat,
1751 5212 1908 5265 quam
1941 5198 2153 5253 illorum

574 5284 722 5339 falsae
753 5286 999 5354 religioni
1026 5288 1266 5353 credere,
1299 5290 1387 5358 qui
1451 5289 1567 5358 ejus
1598 5292 1813 5346 sanitati
1844 5303 1899 5346 et
1930 5294 2157 5350 .Domini

574 5379 656 5430 sui
683 5376 867 5447 gloria:
900 5378 1225 5432 invidebant.
1275 5378 1340 5432 Et
1363 5382 1802 5452 interrogaverunt
1846 5400 1959 5439 eum
1982 5402 2000 5439 :
2029 5386 2158 5453 Quis

577 5478 647 5521 est
680 5470 769 5523 iste
816 5470 965 5523 homo
1008 5472 1092 5538 qui
1136 5470 1265 5524 dixit
1314 5473 1423 5534 tibi,
1478 5472 1597 5527 tolle
1636 5476 1902 5544 grabatum
1931 5489 2071 5532 tuum
2111 5489 2158 5534 et

579 5558 822 5613 ambula?
848 5559 874 5612 1
884 5560 951 5613 lle
978 5571 1167 5627 autem,
1203 5570 1259 5614 ut
1289 5564 1362 5614 ait
1380 5564 1725 5633 evangelista,
1744 5567 2011 5639 ignorabat
2039 5574 2154 5642 quis

579 5658 725 5703 esset.
750 5648 870 5705 Jam
902 5651 1136 5707 salvatus
1162 5662 1297 5718 erat,
1320 5654 1416 5709 sed
1444 5657 1618 5714 adhuc
1647 5659 1969 5717 salvatorem
2001 5680 2175 5719 suum.

580 5741 876 5809 ignorabat,
906 5743 1097 5813 dignus
1122 5755 1297 5801 tamen
1344 5759 1461 5803 erat
1485 5750 1569 5805 cui
1622 5767 1682 5809 se
1712 5753 1945 5811 salvator
1969 5771 2158 5817 osten-

581 5835 751 5902 deret,
782 5836 933 5906 cujus
960 5839 1183 5909 itnperio
1207 5842 1286 5897 sic
1323 5842 1546 5905 devoms
1570 5849 2015 5923 obtemperasset.
2056 5857 2147 5919 Jes

2265 3353 2360 3406 pro
2387 3338 2557 3408 gloria
2586 3338 2677 3393 Dei
2708 3341 3114 3409 manifestanda,
3149 3346 3295 3400 sicut
3342 3345 3415 3400 illi
3446 3360 3572 3400 caeo
3595 3351 3697 3403 natu,
3717 3344 3750 3390 ει

2264 3429 2402 3483 sicut
2430 3428 2653 3496 Lazaro,
2681 3431 2748 3485 de
2771 3447 2877 3501 quo
2916 3433 3178 3490 Dominus
3228 3437 3400 3491 dixit:
3433 3431 3748 3504 [inﬁrmitas/tet

2262 3539 2367 3577 non
2394 3530 2470 3578 est
2501 3526 2569 3577 ad
2594 3536 2824 3591 mortem,
2848 3528 2940 3580 sed
2961 3537 3016 3581 ut
3061 3529 3383 3599 gloriﬁcetur
3419 3527 3465 3583 F
3469 3530 3571 3583 ilius
3596 3526 3663 3580 Dei
3695 3538 3750 3592 per

2263 3630 2375 3670 eam
2404 3614 2584 3687 (Joan.
2615 3618 2710 3687 si).
2734 3617 3122 3689 Nonnunquam
3158 3638 3289 3678 vero
3338 3622 3403 3677 ad
3454 3620 3742 3689 probationem,

2262 3716 2317 3761 et
2341 3708 2594 3761 virtutum
2616 3718 2985 3779 augmentum,
3016 3711 3158 3767 sicut
3202 3715 3362 3770 beato
3408 3713 3500 3770 Job
3544 3709 3749 3769 etTobia.

2261 3798 2351 3868 qui
2381 3813 2501 3853 cum
2527 3810 2649 3855 ante
2676 3799 2944 3871 ﬂagellum
2975 3805 3154 3859 sancti
3204 3805 3519 3871 exstiterint,
3547 3802 3750 3857 sanctiores

2261 3901 2319 3948 et
2339 3893 2549 3963 ﬂagello
2574 3903 2628 3948 et
2654 3895 2993 3964 probatiores
3020 3912 3414 3968 apparuerunt.
3444 3899 3587 3954 Datur
3599 3896 3753 3965 plerum-

2261 4002 2364 4057 que
2395 3987 2676 4042 inlirmitas
2703 3987 2769 4042 ad
2823 3990 3075 4045 virtutum
3124 3993 3465 4057 custodiam,
3514 3990 3627 4045 sicut
3655 3987 3753 4039 beato

2263 4078 2429 4134 Paulo
2449 4080 2716 4149 apostolo.
2755 4081 2919 4136 Datur
2943 4093 3209 4153 praeterea
3243 4084 3516 4140 infirmitas
3544 4076 3755 4135 hominibus

2261 4173 2330 4228 ob
2362 4173 2541 4229 delicti
2564 4175 2989 4244 castigationem,
3021 4176 3164 4232 sicut
3195 4178 3323 4233 huic
3354 4218 3369 4244 ,
3408 4178 3494 4246 qui
3522 4175 3685 4243 triginta
3722 4174 3754 4218 et

2262 4275 2383 4322 octo
2412 4267 2567 4322 annis
2588 4266 2913 4325 decubuerat
2958 4268 3242 4340 languens,
3267 4282 3323 4326 et
3353 4270 3483 4326 sicut
3508 4268 3573 4324 illi
3613 4260 3756 4334 paraly-

2230 4392 2234 4397 -
2264 4361 2389 4426 tico,
2413 4362 2501 4416 cui
2529 4361 2785 4418 Dominus
2813 4363 2946 4419 dixit
2971 4381 2986 4423 :
3011 4361 3250 4433 Conﬁde,
3285 4366 3386 4435 fili,
3410 4350 3756 4418 remittuntartiti

2263 4464 2470 4522 peccata
2522 4453 2736 4524 (Matth.
2770 4458 2871 4525 ιι).
2932 4457 3006 4511 De
3040 4459 3292 4527 qualibus
3319 4459 3541 4512 dicitur:
3571 4446 3753 4519 Flaccum

2264 4544 2402 4601 Deus
2434 4563 2632 4602 omnem
2678 4548 2843 4615 ﬁlium
2883 4565 3031 4618 quem
3068 4550 3249 4619 recipit
3280 4548 3437 4618 (Heb.
3464 4545 3568 4615 stt).
3604 4540 3757 4609 Quintus

2265 4638 2452 4695 modus
2509 4641 2854 4708 reproborum
2899 4650 3003 4705 est,
3034 4642 3229 4711 quibus
3261 4644 3417 4697 datur
3461 4635 3694 4695 inﬁrmitas
3726 4635 3762 4680 ιιι

2265 4734 2350 4789 hie
2380 4735 2611 4804 torqueri
2663 4734 2933 4802 incipiant,
2966 4745 3019 4789 et
3050 4751 3144 4806 per
3182 4737 3301 4791 haec
3334 4743 3582 4791 tormenta
3623 4737 3760 4791 ιθωρθ·

2264 4828 2393 4882 ralia
2436 4836 2709 4881 transeant
2751 4828 2817 4881 ad
2874 4836 3111 4883 aeterna:
3153 4827 3588 4898 quemadmodum
3612 4814 3761 4883 contisil

2264 4919 2528 4973 Antiocho
2556 4930 2610 4973 et
2641 4920 2859 4981 Herodi,
2892 4919 2944 4973 iit
2994 4920 3193 4989 quibus
3247 4920 3519 4991 impletum
3561 4923 3628 4969 est
3669 4904 3760 4977 αυοά

2265 5012 2521 5084 scriptum
2578 5022 2701 5067 est:
2735 5012 2941 5083 Duplici
2982 5014 3288 5068 contritione
3338 5024 3529 5069 contere
3569 5022 3639 5063 eos
3677 5001 3765 5071 (leto

2268 5112 2420 5178 xvtt).
2450 5111 2937 5179 Quomodocunque
2991 5125 3119 5181 ergo
3168 5111 3354 5165 divina
3402 5103 3763 5179 providentianos

2260 5204 2446 5273 jubeat
2474 5204 2754 5268 inlirmari,
2781 5204 3051 5260 discamus
3082 5220 3303 5276 semper
3335 5202 3550 5272 ﬂagellis
3577 5196 3634 5267 pii
3658 5184 3767 5262 patri!

2267 5293 2536 5349 humiliter
2555 5294 2735 5361 subdi,
2768 5306 2820 5350 et
2845 5295 3045 5366 judicia
3079 5298 3216 5353 illius
3262 5296 3549 5369 justissima
3574 5278 3764 5342 venerati,

2266 5387 2584 5442 arbitrantes
2606 5404 2703 5443 nos
2732 5390 2910 5444 minus
2929 5404 3092 5461 quam
3116 5405 3391 5446 meremur
3411 5373 3767 5445 sustinere“!ms

2265 5481 2548 5536 sententias
2576 5496 2840 5537 memores
2870 5500 2883 5535 :
2914 5481 3104 5539 Beatus
3154 5486 3312 5540 Itonia
3359 5484 3446 5554 qui
3491 5475 3714 5541 corripitur

2267 5571 2486 5629 Domino
2509 5573 2649 5646 (Job.
2673 5580 2750 5645 v).
2784 5576 2895 5631 Hoc
2936 5579 3081 5634 enim
3112 5589 3357 5650 agentes,
3388 5587 3443 5633 et
3487 5574 3536 5629 in
3584 5562 3765 5639 orassent!

2265 5664 2332 5719 de
2363 5666 2586 5723 verbere
2612 5669 2869 5736 perlicere
2896 5709 2912 5736 ,
2959 5679 3015 5726 et
3062 5671 3116 5726 in
3141 5670 3324 5727 future
3359 5671 3425 5724 ad
3454 5671 3672 5721 aeternam
3706 5662 3766 5704 π·

2264 5761 2441 5829 quiem
2476 5776 2570 5831 per
2597 5763 2803 5832 ﬂagella
2837 5764 3166 5821 merebimur
3220 5761 3523 5834 penesire,
3552 5750 3766 5834 praesum

2192 5941 2202 5951 ν
2265 5854 2497 5945 Domino
2516 5867 2700 5915 nosuo
2727 5856 2853 5915 lesu
2883 5858 3121 5931 Christo,
3145 5859 3235 5930 qui
3282 5873 3402 5915 cum
3441 5861 3576 5927 patre
3595 5856 3642 5903 et
3683 5833 3764 5907 51³⁵⁸
