3972 6340
261 341 382 398 i235

1219 339 1685 399 HOMILIARIUS.
1727 370 1793 381 —
1835 338 2002 398 nou.
2049 344 2135 402 ne
2173 347 2524 408 TEMPORE.

3384 355 3524 414 1254

258 462 347 509 ritu
377 458 562 505 sancto
586 450 716 505 Vivit
734 459 790 507 et
812 450 1172 521 reguatDeus,
1193 466 1288 522 per
1303 454 1480 508 omnia
1503 455 1698 510 saecula
1729 468 1831 509 sa-
1855 451 1913 514 Δ
1941 458 1990 513 in
2009 460 2158 517 cmlis
2177 462 2467 521 Cherubim
2487 481 2609 522 eum
2632 477 2869 525 tremunt
2888 476 2943 525 et
2962 469 3242 542 Seraphim
3264 486 3385 528 eum
3411 490 3522 528 nte—

258 547 504 601 culorum.
532 542 725 599 Amen.

719 654 995 711 HOMILIA
1037 656 1326 712 LXXVIII.

897 763 1157 806 SABBATO.

582 840 686 906 (Ex
718 840 858 911 Opp.
885 841 1025 897 beati
1057 842 1253 899 Leonis
1283 856 1483 915 papae.)

319 957 377 1010 In
407 956 497 1010 illo
525 964 771 1027 tempore,
791 959 1066 1027 assumpsit
1086 956 1237 1014 Jesus
1276 959 1477 1014 Petrum
1506 971 1552 1015 et
1577 960 1830 1017 Iacobum

250 1060 294 1105 et
320 1047 576 1103 Joannem
602 1049 816 1117 fratrem
855 1055 985 1114 eius,
1012 1060 1059 1102 et
1083 1052 1229 1104 duxit
1274 1052 1393 1105 illos
1422 1054 1473 1106 in
1502 1064 1721 1107 montem
1747 1071 1837 1109 es:-

250 1147 424 1196 eelsum
472 1158 700 1196 seorsum
727 1182 742 1207 ,
795 1148 842 1195 et
883 1143 1277 1213 transﬁguratus
1317 1154 1390 1198 est
1430 1153 1548 1199 ante
1593 1162 1703 1214 eos,
1726 1157 1832 1202 etc.

254 1234 457 1303 (Matth.
490 1231 645 1301 xvu).

318 1325 622 1395 Evangelica
653 1325 835 1391 lectio,
864 1325 1214 1392 dilectissimi,
1244 1336 1348 1382 etc.
1378 1327 1532 1383 Hanc
1557 1332 1829 1385 humilium

246 1419 420 1472 videsis
466 1417 607 1483 apud
640 1426 876 1470 sanctum
906 1417 1145 1482 Leonem,
1185 1415 1414 1487 Operam
1460 1423 1572 1492 ejus
1620 1430 1744 1477 tom.
1790 1424 1831 1491 I,

250 1507 553 1577 Palrologire
598 1523 682 1561 Liv
709 1547 725 1572 ,
775 1510 875 1561 col.
903 1507 1007 1562 308
1033 1549 1049 1573 ,
1097 1509 1184 1562 ubi
1225 1511 1520 1566 inscribitur
1540 1528 1561 1566 :
1591 1513 1835 1570 SABBATO

247 1616 379 1655 aure
408 1615 684 1655 SECUNDAI
719 1600 1020 1656 Doututcsu
1052 1600 1509 1667 Quaouscesmis.

757 1716 1037 1774 HOMILIA
1074 1718 1314 1775 LXXIX.

483 1825 536 1865 IN
572 1827 824 1867 DOIINICA
864 1828 1100 1869 SECUNDA
1138 1829 1585 1879 ουΑῡκΑσεεικι.

849 1925 949 1997 (Ex
982 1926 1223 1998 eodem.)

312 2016 534 2086 Semper
584 2018 800 2088 quidem
855 2035 974 2086 nos,
1028 2020 1394 2092 dilectissimi,
1445 2032 1551 2078 etc.
1614 2023 1837 2096 Reliqua

240 2108 354 2161 uide
379 2109 520 2177 apud
547 2111 779 2165 eumdem
808 2122 1044 2166 sanctum
1071 2111 1316 2180 Leonem,
1365 2123 1507 2168 toruo
1555 2124 1609 2169 ut
1655 2132 1833 2187 supra,

242 2202 342 2256 col.
372 2200 501 2257 272.

765 2297 1048 2353 HOMILIA
1087 2298 1304 2355 LXXX.

504 2403 572 2443 DE
612 2403 791 2443 EADEI
832 2403 1086 2446 DOIINICA
1120 2406 1565 2454 ρυλυιιωεεηιι.

544 2498 650 2570 (Ex
676 2499 816 2570 Opp.
843 2515 967 2557 ven.
994 2501 1150 2558 Beda:
1178 2503 1529 2576 presbyteri.)

311 2591 375 2647 In
401 2593 493 2647 illo
523 2603 745 2663 (corpore
770 2611 1002 2665 egressus
1021 2595 1172 2651 Jesus
1200 2600 1400 2653 secessit
1428 2598 1483 2652 in
1512 2608 1681 2667 partes
1701 2598 1831 2670 Tyri

239 2694 288 2741 et
315 2685 547 2753 Sidonis,
576 2695 682 2741 etc.
710 2686 927 2757 (Matth.
960 2691 1071 2758 xv).

314 2778 365 2831 ln
397 2778 627 2834 lectione
652 2782 822 2834 sancti
845 2780 1140 2851 Evangelii,
1170 2791 1275 2836 etc.
1305 2781 1524 2850 Reliqua
1549 2781 1665 2836 vide
1690 2783 1830 2852 apud

237 2888 349 2926 ven.
381 2870 599 2940 Bedam,
631 2872 999 2943 presbyterum,
1031 2874 1261 2943 Operam
1301 2876 1412 2945 ejus
1453 2887 1592 2928 tomo
1625 2874 1695 2941 V,
1726 2873 1831 2930 Pa-

238 2965 471 3036 trologia:
495 2962 619 3018 XCI
637 2962 701 3031 V,
734 2965 837 3021 col.
876 2964 902 3017 1
919 2965 1010 3019 02.

761 3079 1039 3135 nouum
1079 3077 1319 3136 LXXXI.
1362 3034 1365 3037 ’

668 3187 731 3228 IN
785 3187 1003 3227 BADEI
1057 3187 1408 3227 DOIINICL.

526 3265 632 3332 (Ex
663 3263 822 3319 beato
850 3263 1057 3319 Joanne
1084 3262 1520 3335 Chrysostomo.)

309 3355 377 3409 In
403 3355 495 3410 illo
516 3365 752 3425 tempore,
774 3372 1003 3425 egressus
1025 3354 1178 3411 Iesus
1204 3356 1407 3412 secessit
1435 3356 1490 3410 in
1512 3366 1686 3429 partes
1706 3355 1836 3429 Tyri

233 3458 289 3506 et
314 3448 549 3516 Sidonis,
580 3460 686 3504 etc.
716 3446 933 3518 (Matth.
966 3448 1077 3519 xv).

311 3544 535 3599 Miratur
555 3543 910 3612 evangelista.
940 3543 1081 3600 Ecce
1105 3544 1299 3600 mulier
1325 3553 1533 3600 vetusta
1559 3554 1832 3601 armatura

235 3639 477 3703 diaboli,
511 3654 629 3707 qua:
670 3638 941 3692 hominem
974 3639 1042 3693 de
1071 3640 1322 3707 paradiso
1365 3639 1567 3705 expulit
1602 3680 1615 3701 ,
1666 3649 1839 3694 mater

236 3731 451 3801 peccati
484 3729 694 3783 initium
726 3728 1044 3798 iniquitatis,
1078 3728 1533 3798 prtevaricationis
1571 3730 1835 3785 materia:

239 3822 360 3890 ipsa
391 3821 479 3873 illa
508 3820 705 3875 mulier
733 3822 915 3888 venit,
948 3821 1063 3890 ipsa
1093 3830 1301 3875 natura.
1356 3820 1502 3875 Nova
1550 3834 1637 3875 res
1665 3834 1720 3876 et
1746 3822 1838 3874 ad-

241 3912 531 3965 miranda:
584 3911 753 3964 Judmi
805 3909 1058 3980 fugiunt,
1106 3922 1162 3965 et
1212 3912 1404 3967 mulier
1434 3911 1721 3981 sequitur:
1769 3909 1838 3965 Et

234 4020 359 4060 ecce
389 4006 572 4059 mulier
593 4021 627 4058 a
646 4005 836 4073 ﬁnibus
859 4006 963 4060 illis
984 4022 1210 4079 egressa,
1234 4007 1446 4076 rogabat
1469 4022 1605 4072 eum,
1627 4006 1799 4060 dicens
1816 4022 1838 4061 .°

234 4097 497 4154 Miserere
525 4098 647 4164 mei,
683 4097 904 4153 Domine
933 4098 1011 4167 ﬁli
1043 4097 1228 4154 David.
1259 4099 1305 4153 0
1335 4100 1593 4169 prmclara
1622 4098 1834 4153 confes-

231 4194 324 4248 sio
351 4193 367 4246 ι
404 4192 745 4262 Evangelista
777 4192 838 4245 lit
868 4192 1080 4258 mulier,
1114 4191 1366 4246 deitatem
1400 4191 1518 4260 ejus
1543 4201 1598 4245 et
1623 4191 1841 4260 dispen-

229 4287 504 4342 sationem
548 4286 891 4341 aunuutians.
943 4285 1240 4341 Conlltetur
1287 4285 1430 4339 enim
1480 4294 1535 4340 et
1583 4284 1840 4339 domina-

232 4380 447 4435 tionem
496 4390 550 4435 et
597 4379 1019 4435 incarnationem
1063 4376 1200 4448 ejus.
1256 4376 1503 4431 Miserere
1531 4376 1651 4429 mei.
1703 4373 1838 4429 Vide

229 4473 669 4544 philosophicam
701 4472 945 4527 mulieris
989 4473 1221 4526 animam
1242 4511 1258 4537 ,
1292 4470 1558 4525 dicentis:
1592 4467 1838 4522 Miserere

1862 1831 1914 1894 B

1866 3216 1912 3279 C

1941 562 2113 621 luunt,
2139 566 2195 611 et
2216 558 2467 615 deorsum
2494 564 2749 617 meretrix
2776 562 3012 633 loquitur
3031 580 3151 619 cum
3176 580 3264 635 eo,
3289 567 3525 624 miserere

1940 650 2056 703 mei.
2088 650 2269 708 Nudus
2297 654 2511 724 quidem
2541 671 2741 723 sermo,
2768 658 2862 712 sed
2893 658 3308 716 immensitatem
3330 642 3526 720 salutis

1940 746 2242 802 continens.
2292 748 2539 805 Miserere
2566 752 2684 807 mei.
2739 750 3029 823 Propterea
3059 753 3277 824 (inquit)
3305 757 3526 825 venisti,

1943 849 2221 909 propterea
2253 855 2470 897 carnem
2499 845 2869 914 assumpsisti,
2920 856 3200 914 propterea
3250 846 3420 903 lactus
3462 862 3525 905 es

1938 934 2082 1004 quod
2112 948 2213 1004 ego
2241 949 2381 992 sum.
2431 937 2476 991 0
2510 939 2823 994 admiranda
2860 943 2985 996 res!
3038 938 3259 995 Sursum
3304 951 3527 1008 tremor,

1939 1038 1993 1082 et
2042 1029 2292 1085 deorsum
2340 1033 2531 1088 liducia
2560 1050 2573 1086 :
2606 1035 2847 1089 miserere
2874 1035 2991 1087 mei.
3043 1033 3157 1088 Non
3191 1050 3322 1101 opus
3354 1033 3526 1088 habeo

1941 1122 2257 1190 mediatore,
2284 1125 2524 1180 miserere
2548 1127 2667 1181 mei.
2717 1112 3051 1194 Quiditabes
3081 1142 3216 1193 opus
3240 1127 3263 1179 ‘i
3314 1127 3528 1181 miserio

1941 1214 2203 1282 cordiam,
2235 1215 2429 1285 inquit,
2460 1233 2663 1287 quaero.
2699 1218 2834 1285 Quid
2868 1218 3106 1288 pateris?
3136 1218 3299 1284 Filia,
3332 1218 3526 1287 inquit,

1940 1325 2053 1362 mea
2079 1308 2214 1363 male
2241 1325 2274 1363 a
2302 1311 2556 1364 dwmonio
2583 1321 2816 1367 vexatur.
2851 1313 3074 1381 Egressn
3106 1320 3188 1365 est
3218 1310 3526 1366 advocatrix

1944 1402 2086 1457 tiliae.
2146 1402 2260 1457 Non
2308 1403 2466 1458 allert
2497 1404 2859 1459 inﬁrmantem
2890 1405 3117 1475 puellam
3146 1444 3161 1469 ,
3215 1403 3309 1458 sed
3358 1403 3528 1458 defert

1942 1494 2102 1551 ﬁdem
2132 1497 2405 1562 devotam,
2440 1497 2555 1552 haec
2585 1499 2723 1552 intra
2755 1499 3095 1567 semetipsam
3144 1498 3430 1553 conferens
3475 1506 3530 1554 et

1943 1591 2130 1646 dicens
2157 1609 2170 1645 :
2206 1592 2346 1647 Deus
2374 1603 2457 1647 est
2486 1591 2552 1646 ad
2582 1606 2739 1660 quem
2774 1592 2928 1647 vado.
2961 1592 3214 1647 Ahsentia
3245 1593 3413 1659 videt,
3440 1608 3530 1649 oc-

1944 1686 2083 1740 culta
2116 1685 2356 1755 inspicit,
2389 1687 2565 1741 omnia
2599 1686 2766 1740 novit.
2820 1684 3063 1741 Miserere
3092 1687 3223 1752 mei,
3270 1686 3382 1756 ﬁlia
3417 1703 3548 1741 mea.

1945 1777 2079 1832 male
2104 1794 2136 1831 a
2162 1777 2414 1831 dmonio
2441 1787 2675 1832 vexatur.
2729 1777 2907 1832 Fletus
2952 1780 3239 1847 pessimus,
3281 1777 3529 1833 stimulus

1943 1878 2148 1925 naturae
2176 1869 2381 1924 viscera
2415 1884 2530 1925 mea
2559 1869 2863 1936 disrumpit.
2896 1868 3031 1936 Quid
3064 1869 3255 1924 faciam
3286 1868 3528 1925 misera?

1942 1961 2079 2019 Vide
2107 1963 2473 2033 prudentiam.
2531 1963 2644 2018 Non
2675 1963 2850 2028 dixit,
2903 1964 3157 2019 miserere
3199 1963 3321 2019 tiliae
3362 1977 3527 2027 mete,

1940 2056 2058 2121 sed,
2088 2060 2325 2110 miserere
2353 2058 2474 2112 mei.
2528 2056 2621 2110 Illa
2652 2056 2796 2112 enim
2838 2054 3133 2111 insensibili
3165 2055 3414 2125 passione
3444 2063 3520 2110 te-

1942 2158 2119 2216 netur,
2146 2148 2313 2204 nescit
2334 2149 2461 2219 quid
2484 2149 2664 2217 habet,
2693 2164 2797 2204 non
2824 2149 2987 2205 sentit
3006 2149 3270 2213 dolorem,
3290 2149 3525 2205 velatum

1942 2258 2037 2297 cor
2065 2242 2249 2310 habet,
2298 2241 2626 2311 nequissimo
2670 2243 2861 2310 spiritu
2902 2242 3220 2299 obducente.
3275 2241 3530 2298 Miserere

1944 2337 2049 2391 mei
2103 2336 2441 2403 spectatricis
2496 2337 2869 2391 diuturnorum
2923 2338 3233 2405 malorum,
3293 2336 3532 2405 quotidie

1944 2430 2212 2484 cruciatus
2243 2443 2391 2484 meos
2425 2429 2598 2484 video.
2645 2429 2745 2485 Ubi
2775 2429 3011 2484 vadam‘!
3039 2445 3147 2501 quo
3174 2430 3434 2499 pergam?
3472 2428 3529 2484 In

1942 2535 2181 2575 eremum
2212 2519 2293 2575 ire
2323 2535 2429 2575 non
2461 2520 2653 2586 audeo,
2687 2536 2784 2577 nec
2813 2521 2957 2578 illam
2990 2522 3160 2577 solam
3189 2522 3530 2591 relinquere;

1942 2612 1998 2664 in
2037 2611 2202 2664 domo
2242 2611 2434 2667 sedere
2482 2626 2587 2667 non
2640 2627 2857 2683 possum
2905 2613 3027 2682 quia
3078 2613 3403 2668 intrinsecus
3448 2619 3534 2666 est

1944 2702 2233 2757 inimicus:
2276 2704 2494 2760 Fluctus
2541 2706 2595 2760 in
2645 2715 2801 2775 portu
2848 2717 2995 2768 sunt,
3048 2708 3101 2762 in
3151 2707 3533 2778 tranquillitate

1947 2803 2237 2863 tempestas
2264 2803 2386 2851 est:
2417 2807 2471 2852 et
2500 2813 2607 2869 quo
2638 2799 2852 2854 nomine
2885 2815 3002 2854 eam
3036 2801 3261 2866 vocabo,
3293 2800 3532 2856 invenire

1945 2900 2052 2940 non
2084 2900 2326 2954 possum.
2373 2889 2636 2944 Mortuam
2667 2890 2890 2946 dicam?
2919 2891 3014 2946 sed
3044 2906 3307 2948 movetur.
3343 2893 3529 2949 Vivam

1945 2980 2266 3049 appellem?
2333 2981 2426 3037 sed
2481 2983 2652 3038 nescit
2701 2984 2827 3052 quid
2876 2984 3057 3040 faciat.
3121 2987 3366 3041 Invenire
3423 3001 3528 3041 non

1945 3086 2162 3142 possum
2184 3118 2197 3142 ,
2230 3090 2352 3145 quo
2396 3091 2511 3131 eam
2542 3077 2807 3147 appellem
2855 3080 3090 3135 nomine.
3133 3079 3378 3135 Miserere
3406 3082 3528 3134 mei.

1945 3167 2001 3221 Si
2032 3176 2240 3222 mortua
2272 3176 2413 3223 esset
2443 3168 2550 3223 lilia
2582 3185 2722 3237 mea,
2756 3186 2859 3227 non
2888 3172 3015 3226 talia
3049 3181 3283 3240 paterer.
3337 3171 3533 3227 Tradi-

1945 3258 2147 3315 dissem
2177 3260 2362 3331 utique
2401 3276 2596 3332 corpus
2636 3263 2692 3317 in
2735 3263 2911 3318 sinum
2942 3273 3100 3319 terra:
3124 3305 3139 3331 ,
3189 3272 3247 3321 et
3290 3274 3535 3334 tempore

1943 3353 2161 3408 evoluto
2191 3353 2517 3409 oblivionem
2530 3357 2811 3411 malorum
2842 3357 3116 3422 haberem,
3147 3366 3203 3413 et
3227 3357 3381 3414 dolor
3404 3373 3535 3414 con-

1942 3449 2262 3519 quiesceret.
2324 3450 2473 3505 Nunc
2523 3460 2702 3507 autem
2750 3462 3016 3507 mortuum
3062 3453 3237 3509 habeo
3285 3453 3526 3524 pertinax

1943 3558 2159 3613 corpus,
2186 3545 2302 3600 sine
2332 3561 2492 3601 sensu
2518 3546 2727 3616 vivum,
2751 3549 3111 3617 spectaculum
3145 3547 3484 3602 lamentabile
3513 3564 3527 3599 :

1943 3637 2299 3693 increscentia
2332 3653 2427 3707 per
2454 3650 2725 3695 momenta
2757 3640 2973 3695 vulnera
3007 3643 3312 3708 passionum
3350 3638 3529 3694 multi-
3576 3670 3577 3673 η

1946 3727 2101 3795 plicia
2143 3728 2350 3782 doloris
2382 3728 2748 3800 [multiplicata
2793 3730 3113 3804 doloribus].
3165 3731 3339 3788 Cerno
3384 3734 3526 3789 enim

1944 3820 2130 3875 oculos
2162 3822 2279 3888 ejus
2314 3831 2667 3886 transversos,
2701 3834 2975 3892 aspectum
3008 3824 3383 3893 sanguineum,
3418 3842 3531 3881 ma-

1946 3930 2044 3969 nus
2075 3916 2323 3984 intortas,
2357 3914 2558 3971 crinem
2590 3916 2933 3981 dissolutum,
2963 3926 3269 3972 contortum
3312 3920 3530 3983 collum,

1944 4022 2038 4062 ora
2066 4007 2397 4077 spumantia,
2423 4008 2697 4063 inimicum
2723 4010 3098 4064 incendentem
3123 4007 3533 4082 [incedentem],

1943 4109 1997 4161 et
2024 4113 2130 4153 non
2160 4111 2543 4169 apparentem;
2596 4110 2852 4155 tortorem
2894 4101 3133 4157 clausum
3160 4142 3174 4163 ,
3225 4111 3280 4157 et
3325 4102 3533 4171 ﬂagella

1943 4193 2282 4259 resonantia;
2316 4194 2585 4248 neminem
2621 4194 3079 4262 interrogantem,
3127 4204 3183 4249 et
3223 4194 3365 4248 illam
3406 4208 3529 4247 cum

1944 4287 2178 4341 clamore
2209 4286 2539 4356 loquentem.
2591 4286 2794 4341 Adsum
2828 4286 3235 4341 sermocinatrix
3264 4285 3527 4340 malorum

1945 4395 2184 4436 meorum
2211 4423 2226 4448 ,
2278 4391 2476 4451 praesto
2515 4396 2634 4436 sum
2676 4382 2988 4436 stimulante
3019 4391 3227 4436 natura.
3286 4381 3531 4435 Miserere

1945 4474 2063 4526 mei.
2100 4473 2340 4528 Pessima
2372 4482 2686 4539 tempestas,
2720 4473 2898 4542 passio
2926 4482 2981 4527 et
3006 4473 3187 4529 timor.
3221 4472 3408 4527 Passio
3438 4488 3531 4526 na.

228 4569 366 4620 mei.
399 4566 537 4631 Non,
567 4565 760 4634 inquit,
794 4564 964 4618 habeo
992 4563 1375 4617 conscientiam
1408 4565 1666 4616 bonorum
1700 4576 1828 4629 ope-
1862 4586 1918 4647 Β
1947 4576 2100 4633 torte,
2133 4568 2294 4622 timor
2323 4568 2607 4622 daemonis.
2663 4567 2935 4623 Accedere
2968 4582 3075 4622 non
3108 4581 3324 4636 possum
3359 4581 3524 4634 neque

228 4675 364 4713 rum
420 4673 522 4715 uec
570 4669 735 4714 recta:
785 4661 908 4712 vitae
960 4657 1224 4713 liduciam.
1289 4656 1369 4710 Ad
1413 4656 1835 4712 misericordiam

223 4750 516 4822 confugio,
565 4751 633 4806 ad
684 4749 1026 4819 tranquillum
1078 4757 1293 4819 portum
1342 4749 1701 4818 peccantium.
1755 4747 1835 4803 Ad

226 4842 673 4899 misericordiam
723 4841 994 4911 confugio,
1047 4843 1137 4898 ubi
1183 4850 1361 4896 cessat
1401 4840 1709 4912 judicium;
1766 4839 1834 4895 ad

225 4936 673 4992 misericordiam
723 4934 1003 5004 confugio,
1060 4934 1148 4988 ubi
1202 4931 1488 4987 inet'fabilis
1539 4932 1684 4987 salus
1732 4941 1833 4987 est.

228 5029 341 5085 Dic
392 5030 522 5085 mihi
569 5029 761 5084 mulier
800 5026 1249 5098 quemadmodum
1294 5040 1423 5081 ausa
1469 5040 1551 5091 es,
1599 5040 1721 5080 cum
1762 5024 1838 5081 sis

222 5121 519 5193 peccatrix
550 5130 606 5176 et
635 5121 838 5191 iniqua,
870 5117 1128 5173 accedere
1154 5118 1221 5172 ad
1252 5117 1421 5173 eum?
1473 5114 1609 5187 Ego,
1642 5116 1833 5187 inquit,

220 5213 374 5268 novi
404 5212 534 5283 quid
564 5227 741 5283 agam.
776 5211 908 5268 Vide
935 5209 1274 5281 prudentiam
1304 5208 1564 5264 mulieris.
1598 5208 1716 5263 Non
1751 5223 1840 5263 ro-

216 5314 337 5378 gat
365 5304 647 5370 Jacobum,
682 5320 790 5360 non
834 5305 1085 5361 obsecrat
1128 5303 1388 5359 Joannem
1438 5317 1612 5372 neque
1666 5302 1839 5371 pergit

219 5398 313 5456 ad
345 5397 589 5467 Petrum,
622 5413 722 5455 nec
750 5399 978 5455 intendit
1017 5397 1381 5467 apostolorum
1413 5399 1659 5452 chorum.
1717 5394 1833 5451 Non

218 5492 495 5564 qumivit
523 5492 906 5558 mediatorem,
955 5491 1049 5546 sed
1099 5504 1195 5559 pro
1247 5489 1495 5544 omnibus
1525 5487 1628 5543 illis
1659 5488 1835 5558 posui-

220 5584 473 5641 tentiam
501 5584 709 5653 accepit
735 5585 983 5639 comitem
1007 5626 1023 5650 ,
1077 5597 1196 5651 qua
1245 5580 1488 5636 advocati
1530 5580 1707 5635 locum
1737 5581 1837 5634 im-

225 5677 440 5748 plevit,
461 5688 519 5733 et
543 5678 623 5732 sic
648 5675 714 5731 ad
730 5692 1010 5732 summum
1038 5674 1237 5731 fontem
1268 5673 1519 5743 perrexit.
1547 5674 1834 5742 Propterea

227 5772 479 5845 (inquit)
509 5771 827 5837 descendit,
878 5779 1159 5839 propterea
1190 5780 1407 5823 carnem
1441 5767 1735 5851 assumpsit
1781 5775 1835 5823 et

229 5869 416 5923 homo
444 5864 616 5921 iactus
643 5871 748 5932 est,
779 5872 837 5921 ut
860 5873 918 5920 et
941 5876 1044 5933 ego
1069 5860 1124 5919 ei
1148 5859 1377 5917 audeam
1404 5860 1572 5927 loqui.
1607 5856 1836 5916 Sursum

1946 4660 2272 4729 contingere.
2315 4660 2492 4729 Adigit
2521 4674 2608 4714 me
2637 4661 2835 4729 passio,
2866 4658 3107 4729 explodit
3139 4658 3319 4714 timor.
3363 4656 3526 4713 Mise-

1943 4767 2054 4806 rere
2091 4751 2211 4804 mei.
2260 4749 2554 4805 Considera
2586 4751 2826 4805 mulieris
2870 4749 3295 4820 philosophiam,
3327 4750 3529 4819 inspice

1942 4846 2177 4900 animam
2203 4858 2541 4913 generosam.
2598 4844 2712 4897 Non
2759 4843 2995 4913 perrexit
3024 4843 3087 4897 ad
3120 4841 3331 4897 divinos
3356 4882 3373 4907 ,
3422 4856 3530 4898 non

1943 4936 2153 4991 vocavit
2183 4950 2395 5005 magos,
2427 4950 2531 4990 non
2564 4935 2873 5003 alligaturas
2902 4934 3175 5004 quatsivit,
3210 4948 3316 4987 non
3347 4932 3526 5003 impo-

1943 5029 2135 5084 strices
2162 5029 2419 5084 mulieres
2444 5026 2703 5093 adduxit,
2749 5027 2868 5082 illas
2896 5041 3017 5097 qua:
3046 5026 3220 5080 solent
3247 5025 3525 5081 daemones

1945 5137 2272 5192 provocare,
2325 5134 2379 5177 et
2426 5122 2852 5176 invocationibus
2883 5117 3386 5192 [incantationibus]
3414 5120 3527 5175 suis

1944 5215 2137 5269 vulnus
2165 5228 2381 5283 augere.
2441 5213 2678 5280 Reliquit
2714 5213 2801 5265 illa
2842 5212 3053 5277 omnia,
3097 5211 3303 5267 dimisit
3329 5211 3527 5268 diaboli

1942 5306 2218 5369 falsitates,
2242 5305 2425 5358 omnia
2454 5313 2797 5373 purgamenta
2826 5304 3173 5373 contempsit,
3202 5312 3257 5359 et
3284 5306 3432 5360 venit
3455 5304 3524 5360 ad

1941 5398 2228 5453 salutarem
2279 5398 2576 5451 animarum
2628 5405 2931 5451 nostrarum
2986 5407 3223 5467 portum.
3274 5396 3525 5455 Miserere

1939 5490 2064 5557 mei,
2109 5488 2325 5543 Domine
2352 5487 2429 5556 ﬁli
2460 5486 2660 5553 Dauid,
2708 5486 2823 5557 ﬁlia
2864 5506 2976 5543 mea
3015 5489 3153 5543 male
3195 5507 3227 5543 a
3254 5492 3527 5547 daemonio

1938 5591 2169 5637 uexatur.
2224 5580 2402 5635 Nostis
2435 5582 2761 5649 passionem,
2794 5581 3194 5652 quanticunque
3221 5580 3398 5637 fuistis
3431 5599 3524 5652 pa-

1940 5685 2069 5729 tres.
2143 5672 2406 5743 Adjuvate
2461 5686 2766 5727 sermonem
2818 5688 3038 5738 meum,
3098 5684 3523 5746 quantaecunque

1941 5775 2144 5821 matres
2175 5776 2377 5821 vocata:
2413 5765 2565 5820 estis.
2611 5761 2727 5820 Non
2756 5780 2976 5835 possum
3007 5766 3348 5835 interpretari
3380 5777 3521 5823 tem-

1938 5869 2230 5932 pestatem,
2258 5873 2420 5931 quam
2449 5857 2703 5916 sustinuit
2730 5857 2928 5916 mulier
2954 5856 3066 5915 illa.
3117 5856 3364 5914 Miserere
3391 5858 3518 5924 mei,
