3972 6340
487 304 631 362 n59
1340 296 1545 357 PAULI
1582 292 1859 355 DlACONl
1893 291 2049 350 OPP.
2096 289 2276 350 PARS
2315 292 2379 351 ll.
2423 323 2491 338 -
2531 295 2887 355 ASCETICA.
3569 310 3671 369 m0

484 417 632 481 dicit,
659 417 837 472 etiam.
868 413 983 471 Non
1024 413 1178 485 quasi
1225 427 1423 484 procax
1451 421 1546 468 aut
1591 410 1874 482 impudens
1903 420 2068 477 repu-
2096 404 2153 465 Δ
2175 408 2331 463 nata!
2374 407 2619 466 Miserere
2648 412 2768 477 mei,
2813 410 3069 479 Domine,
3113 414 3232 484 quia
3273 414 3377 484 ﬁlia
3394 434 3494 474 mea
3529 428 3675 485 mu.

486 512 644 567 tanda
665 520 767 579 est,
792 509 886 565 sed
915 509 1174 565 laudanda
1197 509 1365 579 magis
1381 522 1501 579 quas
1528 514 1803 575 exspectat
1819 503 2068 559 salutem.

489 604 610 658 Non
660 612 752 665 est,
798 600 987 672 inquit,
1022 602 1209 655 bonum
1250 616 1450 653 sumere
1488 613 1678 667 panem
1727 595 1980 665 filiarum,
2024 602 2074 648 et

486 698 680 749 mittere
702 692 937 747 canibus.
962 688 1161 759 Etiam,
1185 690 1423 763 Domine.
1458 689 1539 744 Tu
1558 702 1746 743 canem
1787 702 1874 741 me
1889 699 2070 753 vocas,

491 804 589 859 ego
621 798 671 842 te
702 787 982 841 Dominqu
1014 800 1167 840 voco.
1197 784 1277 839 'l‘u
1303 798 1389 839 me
1414 780 1659 851 injurias,
1694 795 1797 852 ego
1826 790 1878 835 te
1904 779 2073 850 glori-

488 885 608 939 fico.
645 880 835 947 Etiam,
873 878 1110 947 Domine,
1144 893 1264 933 nant
1309 887 1360 932 et
1406 877 1575 931 catelli
1617 876 1775 932 edunt
1825 875 1889 928 de
1928 872 2074 928 micis

2179 502 2432 556 dmonio
2455 514 2686 558 vexatur.
2721 502 2894 559 Dicito
2915 515 2968 559 et
2994 512 3049 559 tu
3082 524 3094 559 :
3130 505 3371 563 Miserere
3396 512 3505 578 mei,
3541 514 3677 575 Domi.

2180 612 2267 663 ne,
2298 597 2417 666 quia
2442 597 2615 652 anima
2647 612 2765 654 mea
2794 598 2933 653 male
2958 614 2987 652 a
3014 599 3278 655 daemonio
3312 615 3526 659 vexatur.
3547 608 3678 668 Grau.

2176 689 2262 747 dis
2286 690 2429 744 enim
2478 690 2709 759 daemon,
2763 701 3173 760 peccatumtest.
3215 693 3279 748 Et
3320 694 3403 752 ille
3449 699 3623 767 quidem
3643 704 3681 762 in

2178 784 2458 855 propatulo
2488 784 2716 853 habens,
2762 786 2998 842 velocius
3028 786 3199 841 curari
3230 798 3415 857 potest,
3437 807 3515 859 qui
3551 805 3685 854 autem

2177 878 2410 933 occultat
2433 887 2648 948 peccata
2674 893 2769 934 sua
2797 878 3127 944 hominibus,
3149 890 3202 934 et
3218 880 3461 948 pmnitere
3483 900 3571 940 non
3588 888 3685 957 vult,

487 988 603 1045 qua:
625 971 816 1028 cadunt
840 971 903 1026 de
930 986 1102 1025 mensa
1126 969 1451 1025 dominarum
1475 984 1707 1023 suorum.
1731 965 1848 1021 Non
1875 978 2074 1035 respuo
2178 968 2275 1025 sed
2300 977 2651 1025 contemnens
2672 984 2898 1026 securus
2927 971 3193 1040 delinquit
3218 984 3273 1027 et
3296 973 3493 1028 odibilis
3518 988 3601 1043 est,
3625 981 3688 1036 ille

486 1065 854 1137 approbrium,
890 1074 1094 1119 tantum
1126 1064 1385 1134 accipiam
1412 1063 1495 1119 vel
1519 1076 1700 1119 escam
1723 1062 1897 1117 canis.
1932 1059 2071 1116 Dicit
2177 1060 2392 1132 quidem
2422 1076 2518 1131 pro
2547 1062 2661 1132 ipsa
2686 1063 2977 1119 vexatione
3009 1065 3216 1119 veniam
3249 1065 3471 1136 habebit,
3492 1068 3576 1124 iste
3596 1087 3688 1129 vero

487 1173 600 1213 rem
626 1172 746 1227 qua:
773 1155 823 1210 in
856 1155 1243 1211 consuetudine
1269 1161 1373 1210 est.
1400 1152 1479 1209 Tu
1524 1152 1610 1207 fac
1655 1151 1798 1222 quod
1846 1150 2074 1206 debetur
2177 1154 2525 1224 responsione
2545 1154 2859 1223 privabitur.
2881 1152 3132 1209 Miserere
3158 1157 3272 1211 mei.
3299 1156 3514 1213 Modicus
3529 1163 3690 1231 quidem

485 1250 626 1306 cani.
655 1249 787 1315 Quia
834 1262 1018 1302 canem
1047 1262 1134 1302 tne
1163 1261 1346 1311 vocas,
1375 1244 1443 1300 da
1492 1243 1621 1298 mihi
1652 1242 1838 1297 micas.
1881 1237 1926 1295 0
1959 1240 2071 1294 Do-
2148 1244 2378 1311 'sermo,
2410 1245 2505 1300 sed
2537 1246 2864 1302 immensum
2894 1248 3243 1317 benignitatis
3271 1252 3489 1308 continet
3508 1254 3689 1327 pelagus.

486 1344 649 1409 mine,
679 1342 965 1398 advocatus
1010 1356 1143 1398 mea:
1175 1341 1343 1395 factus
1380 1353 1441 1395 es
1474 1337 1865 1407 postulationis,
1897 1335 2071 1391 abne-
2183 1339 2283 1396 Ubi
2308 1340 2452 1395 enim
2488 1341 2858 1398 misericordia
2891 1344 3212 1410 postulatur,
3242 1345 3312 1400 ibi
3343 1348 3561 1402 universa
3586 1365 3692 1405 com-

483 1437 660 1510 gando
686 1436 967 1507 promittis.
992 1434 1188 1499 Etiam,
1212 1434 1450 1488 Domine.
1478 1431 1619 1486 Nam
1644 1439 1693 1485 et
1719 1431 1892 1485 catelli
1911 1430 2071 1486 edunt
2178 1433 2442 1504 prehensa
2473 1444 2597 1489 sunt
2624 1435 2788 1491 bona.
2815 1436 2968 1502 Quod
3001 1437 3047 1490 si
3079 1438 3223 1491 foras
3252 1438 3512 1493 ecclesiam
3538 1454 3611 1507 es,
3632 1442 3694 1496 dic

484 1531 549 1583 de
571 1528 733 1592 micis,
761 1538 875 1597 quas
917 1526 1108 1581 cadunt
1137 1526 1201 1581 de
1243 1542 1417 1580 mensa
1465 1524 1792 1578 dominorum
1835 1539 2068 1577 suorum.
2178 1534 2255 1592 tu,
2287 1528 2526 1583 miserere
2562 1530 2682 1595 mei,
2714 1528 2955 1599 Domine,
2987 1545 3097 1584 non
3128 1532 3302 1586 solum
3349 1532 3474 1587 labia
3506 1550 3692 1605 movens,

484 1622 621 1691 Quid
651 1623 821 1693 ergo?
851 1623 950 1690 Qui
999 1620 1319 1693 abnegabat,
1350 1620 1439 1691 qui
1485 1618 1806 1686 repellebat,
1838 1618 1927 1686 qui
1959 1630 2066 1672 non
2177 1621 2273 1676 sed
2296 1632 2480 1678 mente
2510 1623 2868 1693 ingemiscens
2900 1641 2911 1676 :
2941 1624 3067 1692 quia
3099 1634 3154 1677 et
3179 1634 3411 1682 tacentes
3429 1626 3559 1681 audit
3575 1627 3693 1684 Deus.

488 1716 869 1787 respondebat,
893 1716 984 1786 qui
1011 1713 1244 1779 dicebat,
1276 1731 1378 1768 non
1405 1722 1480 1768 est
1510 1711 1700 1766 bonum
1740 1726 1939 1765 sumere
1967 1727 2067 1782 pa-
2104 1718 2155 1787 _‘_
2178 1712 2293 1769 Non
2323 1715 2579 1785 quaeritur
2605 1716 2776 1782 locus,
2802 1715 2899 1770 sed
2931 1715 3146 1770 devotio
3179 1717 3391 1772 mentis.
3420 1717 3638 1774 Jeremias
3657 1723 3695 1776 in

485 1772 599 1866 nem
624 1810 871 1880 filiarum,
899 1772 946 1864 et
972 1809 1169 1863 mittere
1195 1809 1436 1875 canibus;
1465 1809 1555 1878 qui
1579 1805 1797 1873 dicebat,
1830 1820 1932 1861 non
1956 1822 2072 1859 sum
2104 1772 2157 1834 Β
2181 1805 2300 1860 lacu
2327 1806 2468 1862 omni
2497 1820 2705 1862 mersus
2734 1816 2884 1873 erat,
2909 1815 2962 1861 et
2992 1806 3221 1864 fideliter
3249 1823 3424 1877 orans,
3452 1810 3590 1866 Deum
3615 1828 3698 1882 pro-

489 1905 672 1959 missus
702 1905 801 1959 nisi
827 1904 895 1958 ad
941 1919 1058 1959 oues
1096 1920 1211 1972 quae
1261 1904 1519 1972 perierunt
1570 1902 1755 1956 domus
1799 1897 1988 1965 Israel,
2019 1899 2074 1955 in
2184 1896 2380 1952 meruit
2408 1896 2543 1968 (Jer.
2571 1897 2821 1968 xxxvut).
2853 1899 3039 1955 Daniel
3084 1902 3135 1954 in
3189 1903 3356 1956 lacum
3388 1903 3697 1961 leonunbmis-

491 1998 677 2054 laudes
734 1998 974 2054 mulieris
1020 1998 1198 2053 subito
1245 1996 1719 2066 erumpit,dieens
1751 2011 1764 2048 :
1795 1993 2073 2052 Omulier.
2181 2002 2297 2057 sus,
2341 1989 2407 2044 ad
2454 2004 2514 2046 se
2566 1990 2660 2046 Dei
2708 1990 3128 2048 misericm-diam
3159 1994 3428 2049 inclinavit
3465 1994 3696 2067 (Deum).

494 2089 807 2161 Propterea,
857 2089 1058 2160 inquit,
1113 2089 1273 2145 laudo
1318 2086 1674 2144 constantiam
1726 2086 1861 2156 ejus,
1914 2085 2075 2141 laudo
2182 2083 2317 2137 Tres
2348 2081 2498 2153 pueri
2544 2083 2597 2137 in
2627 2086 2837 2140 camino
2863 2085 3072 2141 ardenti
3102 2098 3282 2156 erant,
3310 2097 3360 2143 et
3397 2088 3497 2143 Deo
3534 2090 3698 2159 placue-

494 2185 677 2252 ﬁdem,
708 2200 828 2256 qua
858 2184 1109 2256 injuriata
1141 2184 1466 2255 permansit,
1499 2191 1555 2238 et
1582 2182 1859 2253 rogatione
1889 2190 2077 2237 extor-
2183 2183 2311 2228 runt
2339 2172 2503 2245 (Dan.
2534 2176 2643 2248 tn).
2674 2176 2836 2232 Latro
2861 2177 2916 2232 in
2943 2192 3103 2234 cruce
3129 2188 3269 2245 erat,
3298 2188 3354 2235 et
3388 2181 3628 2235 exauditus
3642 2194 3700 2237 est

490 2280 581 2337 sit.
613 2281 668 2336 Si
704 2284 848 2335 enim
877 2278 945 2334 ab
974 2279 1124 2334 initio
1153 2277 1476 2333 dimisissem
1509 2275 1675 2339 illam,
1704 2288 1804 2330 nec
1829 2273 1916 2328 illa
1948 2288 2077 2341 pau.
2184 2266 2415 2323 ﬁdeliter
2437 2269 2772 2336 postulando.
2797 2270 3370 2341 Etnibilobfuitcrux,
3391 2273 3478 2328 sed
3496 2274 3701 2328 confessio

494 2374 642 2429 latim
669 2372 876 2428 erudita
906 2372 1115 2437 fuisset,
1162 2385 1262 2426 nec
1287 2378 1343 2425 tu
1372 2371 1569 2425 scisses
1599 2368 1848 2422 virtutem
1879 2367 2075 2421 animae

498 2466 637 2537 ejus,
666 2478 768 2520 nec
793 2464 1042 2518 latentem
1087 2460 1209 2517 ﬁdei
1241 2461 1569 2523 thesaurum,
1601 2472 1655 2514 et
1681 2458 1800 2514 ideo
1821 2458 2074 2529 suspendi

498 2555 866 2620 donationem,
894 2564 951 2607 ut
974 2562 1029 2608 tu
1062 2566 1378 2623 agnosceres
1409 2550 1588 2605 ﬁdem.
1618 2548 1663 2602 0
1694 2548 1899 2604 mulier.
1935 2548 2076 2603 Deus

490 2648 640 2711 dicit,
673 2663 702 2702 ο
729 2647 929 2701 mulier.
972 2646 1203 2701 Audiant
1241 2644 1355 2699 haec
1384 2643 1472 2713 qui
1498 2641 1766 2714 jactanter
1811 2653 1992 2708 orant,
2024 2651 2077 2697 et

496 2738 771 2795 fastidiose
800 2746 1118 2808 precantur,
1152 2736 1367 2807 quando
1395 2735 1545 2800 dico,
1575 2733 1912 2799 cbarissime,
1944 2748 2075 2804 roga

493 2830 686 2905 Deum,
710 2832 930 2887 obsecra
952 2848 1097 2896 eum,
1128 2829 1383 2885 famulare
1410 2828 1505 2893 illi,
1535 2828 1666 2884 dicit
1695 2843 1710 2881 :
1746 2825 1947 2897 Rogavi
1988 2842 2078 2883 se-

494 2925 632 2993 mel,
665 2923 902 2981 secundo
930 2933 984 2980 et
1024 2924 1215 2985 tertio,
1246 2930 1301 2977 et
1326 2921 1506 2977 decies
1535 2929 1590 2976 et
1618 2919 1812 2988 vicies,
1842 2928 1899 2975 et
1928 2919 2079 2991 quid-

495 3034 618 3075 nam
645 3020 848 3090 accepi,
886 3016 1101 3087 inquis?
1127 3015 1205 3073 Ne
1234 3014 1454 3071 recedas
1499 3029 1773 3084 quousque
1822 3013 2073 3084 accipias.

2186 2359 2307 2414 ﬁdei
2341 2358 2644 2426 paradisum
2667 2361 2876 2430 aperuit
2892 2361 3046 2431 (Luc.
3074 2364 3224 2435 xxv).
3246 2363 3345 2421 Job
3364 2368 3414 2421 in
3435 2367 3701 2437 sterquilinio

2184 2460 2318 2515 erat,
2341 2462 2395 2508 et
2415 2469 2507 2520 per
2531 2453 2837 2521 patientiam
2864 2469 3013 2510 suam
3037 2456 3206 2513 Deum
3233 2457 3698 2527 propitiabatuonb.

2183 2545 2266 2615 tt).
2285 2544 2434 2612 Quod
2457 2545 2501 2601 si
2518 2555 2574 2601 et
2597 2547 2648 2602 in
2666 2547 2868 2604 balneis
2883 2562 2963 2613 es,
2982 2563 3097 2606 ora.
3121 2550 3431 2622 Ubicunque
3447 2551 3603 2620 fueris,
3618 2568 3698 2606 ora.

2185 2634 2457 2707 Templum
2488 2636 2582 2691 Dei
2604 2638 2747 2706 estis,
2769 2648 2817 2693 et
2847 2639 3078 2710 Spiritus
3109 2652 3317 2697 sanctus
3347 2642 3587 2696 habitatin
3605 2644 3701 2697 vobis

2183 2728 2231 2799 (ι
2272 2726 2394 2783 Cor.
2428 2728 2529 2800 tu).
2556 2728 2813 2785 Voluntas
2853 2732 3193 2788 solummodo
3218 2734 3423 2790 devotis
3448 2735 3589 2790 menti
3605 2748 3701 2804 opus

2152 2833 2288 2903 _est.
2320 2823 2473 2892 Quod
2504 2825 2548 2878 si
2582 2825 2636 2879 in
2659 2824 2866 2894 judicio
2890 2827 3120 2895 assistis,
3145 2842 3266 2884 ora.
3301 2828 3495 2883 Etcum
3518 2828 3702 2881 irascitur

2189 2927 2307 2981 rex,
2340 2927 2465 2979 ora;
2494 2913 2694 2984 ubique
2735 2914 2878 2971 Deus
2910 2931 3149 2985 praesens
3201 2927 3319 2985 est,
3361 2935 3460 2973 non
3501 2918 3701 2972 clauditur

2180 3007 2341 3075 loco;
2378 3007 2645 3063 invocanti
2673 3008 2801 3063 dicit
2834 3023 2850 3064 :
2879 3008 3102 3066 Adsum.
3148 3008 3287 3067 Nam
3334 3026 3449 3067 cum
3493 3011 3702 3067 eduxisset

488 3111 645 3168 Finis
666 3109 1256 3182 postulantis,acceptio
1276 3110 1613 3180 deprecantis
1627 3118 1729 3165 est.
1752 3108 1904 3165 Tunc
1920 3123 2075 3203 cessa
2100 3137 2150 3203 ο
2182 3099 2403 3203 Moyses
2448 3101 2703 3203 pupulum
2747 3102 2813 3203 de
2864 3100 3119 3203 Egzpto,
3151 3113 3224 3203 et
3272 3121 3367 3175 per
3407 3106 3634 3162 desertum
3655 3103 3701 3157 ad

490 3205 704 3273 quando
750 3205 1045 3272 acceperis.
1094 3205 1204 3259 lmo
1245 3204 1412 3274 magis
1451 3218 1550 3258 nec
1595 3210 1722 3257 tunc
1745 3217 1947 3270 cesses,
1979 3202 2073 3257 sed

2181 3208 2334 3249 mare
2364 3194 2610 3250 Rubrum
2638 3196 2896 3259 venisset,
2946 3196 3184 3269 Egyptii
3223 3210 3342 3269 post
3387 3210 3569 3270 tergum
3593 3208 3701 3253 erant

493 3300 622 3349 tunc
653 3307 955 3361 persevera,
988 3308 1152 3365 agens
1176 3294 1376 3363 gratias
1409 3308 1504 3362 pro
1529 3308 1595 3349 eo
1623 3294 1764 3362 quod
1795 3292 2072 3362 accepisti,

488 3398 546 3444 ut
572 3398 876 3456 perseveret
907 3388 998 3444 tibi
1026 3389 1165 3459 quod
1186 3388 1480 3456 acceperis.
1514 3385 1764 3443 Nonnulli
1794 3386 2071 3441 introeun-

485 3478 896 3543 tesecclesiam,
928 3480 981 3535 in
1029 3479 1176 3537 mille
1203 3496 1389 3537 versus
1428 3482 1726 3536 extendunt
1764 3479 2067 3535 orationem

485 3586 662 3639 suam,
689 3573 839 3643 quasi
879 3575 1020 3644 apud
1072 3575 1236 3631 Deum
1267 3574 1549 3649 multitudo
1578 3588 1889 3630 sermonum
1938 3587 2074 3641 opus

491 3664 583 3729 sit,
620 3675 867 3733 tanquam
916 3667 1177 3737 ignoranti
1209 3667 1332 3738 quid
1379 3668 1635 3736 postules,
1666 3668 1755 3737 qui
1786 3676 2071 3737 antequam

482 3760 688 3831 cogites
712 3762 876 3818 novit.
901 3762 1031 3818 Nam
1053 3774 1107 3818 et
1129 3763 1201 3819 illi
1229 3763 1437 3834 quidem
1456 3765 1580 3835 quid
1602 3764 1788 3821 dicunt
1803 3765 2068 3833 nesciunt,

482 3851 624 3909 labia
655 3863 872 3909 movent
912 3856 1269 3922 solummodo,
1304 3873 1455 3913 mens
1498 3869 1675 3914 autem
1726 3859 1844 3916 sine
1891 3858 2071 3915 fructu

486 3956 592 4014 est,
617 3958 673 4003 et
701 3963 858 4004 aures
886 3950 1001 4019 ejus
1042 3951 1219 4006 surda:
1248 3961 1392 4007 sunt.
1425 3952 1501 4006 Tu
1535 3969 1639 4007 non
1680 3953 1833 4009 audis
1861 3953 2074 4009 oratio-

488 4056 610 4097 nem
641 4050 806 4108 tuatn,
857 4052 913 4099 et
961 4044 1242 4099 Dominum
1274 4047 1354 4100 vis
1382 4046 1568 4102 audire
1618 4061 1836 4117 precem
1884 4048 2074 4103 tuam?

488 4133 659 4201 Flexi,
688 4136 882 4205 inquit,
923 4152 1116 4206 genua.
1170 4138 1411 4194 Curvasti
1443 4138 1655 4207 quidem
1683 4154 1859 4209 genua
1894 4141 2065 4207 intus,

488 4226 582 4282 sed
610 4241 760 4283 meus
794 4237 879 4282 tua
910 4230 1040 4284 furis
1081 4240 1317 4300 vagatur.
1364 4230 1571 4299 Corpus
1604 4239 1749 4286 tuum
1779 4230 1944 4299 intus,
1977 4232 2070 4287 sed

480 4333 672 4373 sensus
706 4321 866 4375 foras.
895 4320 969 4376 0s
996 4323 1213 4391 quidem
1264 4322 1597 4393 loquebatur,
1639 4322 1735 4378 sed
1766 4338 1918 4378 mens
1945 4339 2072 4379 usu-

488 4427 575 4466 ras
624 4413 917 4482 cogitabat,
973 4417 1372 4484 possessionum
1434 4418 1672 4473 redditus
1726 4410 2066 4489 supputabat,

482 4595 761 4665 volvebat,
815 4595 1167 4667 negligentiae
1223 4600 1527 4656 intuebatur
1570 4601 1924 4667 famulorum,
1972 4617 2069 4671 pa-

481 4689 764 4744 rasitorum
820 4688 1152 4748 urbanitates
1201 4692 1436 4757 ridebat,
1498 4694 1782 4750 mulierum
1830 4695 2070 4764 speciem

481 4780 878 4837 considerabat.
921 4780 1174 4839 Diabolus
1228 4785 1370 4839 etiim
1427 4799 1550 4841 cum
1597 4785 1667 4840 sit
1705 4795 1933 4853 astutus,
1972 4787 2073 4843 scit

481 4876 737 4944 quoniam
786 4874 838 4930 in
872 4885 1110 4943 tempore
1137 4878 1396 4936 orationis
1444 4880 1662 4950 grandia
1712 4880 2070 4949 postulemus,

479 4976 535 5021 et
572 4965 1495 5040 saepiusimpetremus,impedire
1548 4970 1763 5027 festinat
1817 4972 2073 5040 improvi-
2112 5019 2123 5028 .

479 5053 577 5113 das
625 5067 851 5113 mentes.
894 5058 1025 5115 Nam
1062 5061 1341 5132 aliquoties
1394 5078 1517 5119 cum
1566 5066 1799 5134 resupini
1830 5064 2071 5135 jacemus

481 5147 776 5215 inlectulo,
806 5148 940 5231 nihil
962 5150 1072 5207 tale
1096 5142 1417 5222 cogitamus.
1449 5153 1555 5210 Sed
1583 5170 1704 5211 cum
1736 5157 1981 5212 venimus
2004 5155 2071 5211 ad

484 5246 801 5312 orationem,
832 5246 1237 5318 cogitationum
1290 5264 1386 5304 nos
1432 5251 1745 5321 opprimunt
1790 5253 1978 5318 nubes,
2015 5263 2073 5310 ut

488 5354 586 5395 nos
610 5348 857 5406 avocent,
874 5351 929 5396 et
954 5342 1072 5397 sine
1092 5342 1261 5398 fructu
1289 5342 1543 5399 efficiant.
1573 5346 1695 5401 Haec
1715 5344 1876 5418 igitur
1895 5348 2072 5405 sciens

490 5431 547 5489 in
574 5434 907 5488 orationibus
932 5434 1071 5503 ﬁeri,
1105 5435 1311 5491 imitare
1333 5436 1712 5506 (Jbananaaam,
1737 5440 1841 5505 vir,
1877 5440 2070 5498 mulie-

484 5538 601 5580 rem
620 5567 635 5591 ,
669 5539 786 5593 quae
813 5525 1093 5596 vigilanter
1113 5536 1168 5582 et
1196 5543 1316 5582 cum
1341 5544 1545 5582 summa
1570 5531 1823 5600 sapientia
1853 5532 2073 5603 rogabat

483 5615 797 5684 Dominum,
851 5627 907 5674 et
937 5620 1058 5673 ideo
1103 5620 1297 5675 meruit
1351 5620 1805 5689 impetrare.‘Sed
1848 5624 2071 5681 forsitan

483 5707 632 5765 dices
666 5725 681 5763 :
712 5710 828 5767 Non
859 5711 1032 5768 habeo
1058 5711 1220 5768 filiam
1248 5728 1366 5782 qua:
1395 5712 1640 5770 daemone
1667 5714 1821 5785 plena
1851 5716 1944 5784 sit,
1976 5720 2069 5773 sed

483 5802 651 5862 habes
675 5804 906 5861 animam
933 5808 1162 5877 peccatis
1177 5806 1452 5866 refertam.
1476 5808 1686 5880 thuid
1704 5809 1840 5869 dixit
1858 5811 2070 5871 Chana-

2181 3288 2529 3356 insequentes
2556 3291 2805 3359 pupulum
2838 3292 3034 3363 (Exod.
3066 3298 3205 3367 xtv).
3238 3298 3376 3353 Ante
3405 3311 3540 3353 mare
3562 3295 3701 3351 freme-

2178 3382 2310 3439 bant
2338 3384 2557 3452 ﬁuctus,
2586 3385 2799 3458 Moyses
2826 3386 2880 3440 in
2909 3388 3154 3456 angustia
3185 3400 3327 3446 erat.
3374 3390 3582 3447 Tacebat
3614 3387 3696 3458 qui-

2177 3476 2324 3544 dem,
2356 3477 2453 3533 sed
2477 3489 2660 3537 mente
2688 3482 2909 3551 grandia
2938 3483 3234 3554 cogitabat.
3268 3486 3325 3540 ln
3356 3485 3519 3542 medio
3540 3484 3695 3539 tribula-

2179 3572 2339 3629 tionis
2365 3581 2481 3629 erat
2514 3593 2527 3628 :
2555 3574 2680 3631 inde
2726 3576 2969 3648 Egyptii
3016 3578 3399 3649 insequentes,
3451 3580 3559 3634 hinc
3596 3590 3698 3632 mare

2178 3667 2561 3724 intumescens.
2593 3669 2677 3725 Ad
2727 3669 3015 3728 Dominutn
3068 3674 3233 3746 igitur
3279 3682 3456 3730 mente
3480 3670 3695 3733 clamabat,

2175 3766 2230 3813 et
2258 3773 2360 3814 vox
2404 3761 2620 3831 penitus
2650 3775 2757 3817 non
2804 3763 3142 3822 audiebatur.
3182 3764 3315 3823 Ideo
3365 3766 3590 3822 Dominus
3611 3761 3698 3817 dicit

2176 3848 2242 3904 ad
2268 3863 2417 3919 eum,
2448 3852 2573 3922 quid
2618 3852 2811 3909 clamas
2859 3857 2929 3908 ad
2956 3857 3079 3912 me?
3100 3872 3227 3913 cum
3272 3874 3367 3915 ore
3407 3856 3594 3929 quidem
3626 3867 3696 3908 non

2174 3941 2455 4011 clamaret,
2489 3946 2584 4000 sed
2636 3945 2821 4003 corde.
2864 3947 2931 4003 Et
2973 3957 3028 4003 tu
3078 3950 3243 4021 igitur
3281 3952 3486 4022 quando
3522 3947 3697 4004 astiteris

2175 4032 2375 4091 furenti
2414 4034 2581 4107 judici
2630 4052 2694 4093 ac
2744 4039 2934 4096 rabido
2965 4052 3217 4111 tyranno,
3248 4058 3345 4099 ora
3371 4043 3436 4099 ad
3478 4040 3697 4097 Dominum

2175 4134 2346 4193 tuum,
2373 4136 2428 4183 et
2446 4137 2635 4185 orante
2654 4140 2729 4198 te,
2756 4131 2951 4189 ﬁuctus
2969 4135 3375 4203 mitigabuntur.
3397 4136 3550 4193 Iudex
3573 4132 3625 4188 ad
3647 4141 3695 4192 te.

2176 4224 2231 4270 tu
2263 4216 2330 4272 ad
2353 4216 2643 4275 Dominum
2674 4222 2969 4291 confugite.
2999 4222 3169 4280 Judex
3198 4242 3367 4297 prope
3398 4236 3477 4295 te,
3502 4234 3550 4279 tu
3574 4222 3695 4277 Deum

2175 4315 2363 4370 invoca
2390 4312 2479 4384 qui
2519 4314 2573 4370 in
2614 4312 2759 4389 [pro]
2808 4326 2861 4373 te
2909 4328 3014 4375 est.
3056 4318 3307 4390 Nunquid
3337 4321 3533 4390 longea
3561 4326 3603 4371 te
3622 4321 3694 4375 est.

2175 4412 2233 4458 ut
2271 4404 2437 4460 vadas
2477 4404 2544 4461 ad
2594 4406 2770 4462 locum
2820 4408 3100 4480 aliquem?
3147 4412 3289 4466 Deus
3336 4426 3437 4466 non
3474 4403 3696 4464 includitur

418 4512 419 4515 ‘
484 4504 873 4573 descriptiones
931 4507 1214 4563 domorum
1274 4508 1502 4575 videbat,
1561 4510 1856 4565 amicorum
1909 4510 2070 4567 verba
2099 4498 2317 4573 01060,
2344 4499 2440 4587 sed
2486 4515 2701 4572 semper
2757 4504 2810 4558 in
2860 4505 3103 4575 proximo
3131 4516 3235 4563 est.
3278 4508 3348 4563 Et
3373 4506 3460 4578 qui
3501 4507 3694 4560 loco"on

2176 4592 2465 4663 clauditur,
2501 4595 2609 4650 ﬁde
2639 4606 2864 4653 tenetur.
2900 4597 3032 4655 Nam
3061 4600 3110 4656 si
3139 4600 3410 4659 hominem
3436 4610 3600 4670 rogare
3625 4607 3695 4645 τοο

2177 4688 2364 4756 lueris,
2395 4688 2694 4760 interrogas
2719 4689 2845 4761 quid
2867 4690 3031 4760 facit;
3057 4703 3113 4748 et
3136 4694 3326 4751 audies
3350 4711 3362 4748 :
3393 4691 3586 4756 dormit,
3604 4694 3692 4741 aut:

2176 4795 2285 4835 nou
2312 4789 2484 4848 vacat,
2515 4791 2606 4836 aut
2630 4790 2781 4838 certe
2814 4798 2919 4838 non
2947 4783 3250 4854 dignabitur
3274 4784 3509 4840 minister
3525 4792 3692 4849 respon-

2175 4868 2303 4926 dere
2334 4872 2448 4928 tibi.
2482 4872 2564 4927 Ad
2591 4873 2757 4928 Deum
2787 4886 2967 4929 autem
2996 4874 3129 4954 nihil
3158 4877 3350 4931 horum
3375 4890 3500 4946 upus
3521 4882 3606 4939 est,
3626 4864 3691 4924 sed

2176 4966 2478 5036 ubicunque
2506 4966 2670 5023 fueris
2700 4976 2755 5023 et
2780 4968 3136 5036 invocaveris,
3170 4971 3319 5025 audit
3347 4980 3418 5027 te.
3448 4968 3548 5024 Non
3573 4961 3690 5019 ostia-

2174 5062 2309 5130 rius,
2338 5076 2442 5116 non
2458 5062 2740 5128 mediator,
2765 5078 2869 5118 non
2881 5062 3136 5133 minister
3163 5080 3300 5135 opus
3325 5064 3524 5131 est,sed
3537 5061 3687 5116 dicito:

2173 5155 2415 5208 miserere
2470 5154 2696 5231 mei,get
2740 5152 2881 5210 Deus
2914 5154 3063 5212 illico
3100 5157 3290 5211 aderit.
3345 5155 3518 5210 Adhuc
3558 5162 3600 5207 te
3633 5149 3688 5202 lo-

2171 5255 2391 5320 quente,
2424 5244 2574 5313 dicit,
2606 5246 2815 5303 adsum.
2844 5246 2890 5304 Ο
2915 5262 3096 5305 sermo
3131 5248 3523 5305 mansuetudine
3556 5252 3600 5300 et
3623 5246 3689 5295 be-

2173 5340 2431 5414 nignitate
2462 5340 2683 5411 plenus!
2720 5341 2837 5399 Non
2864 5354 3137 5413 exspectat
3161 5340 3502 5400 consummari
3538 5335 3688 5395 oratio-

2174 5449 2329 5505 nem,
2360 5435 2455 5490 sed
2503 5435 2683 5490 statim
2734 5435 2920 5491 tribuit
2964 5436 3292 5507 petitionem.
3340 5435 3557 5491 Miserere
3597 5427 3681 5483 nisi.

2172 5527 2324 5585 Hauc
2358 5528 2630 5601 imitemur
2659 5527 3014 5586 Cbananaaam
3048 5549 3064 5588 :
3088 5532 3337 5599 Miserere
3359 5530 3469 5596 mei,
3496 5523 3680 5581 Domist,

2170 5621 2284 5692 ﬁlia
2312 5638 2425 5676 mea
2455 5622 2585 5677 male
2610 5637 2643 5676 a
2684 5623 2937 5677 daemonio
2983 5633 3209 5677 vexatur.
3240 5621 3284 5677 0
3313 5623 3502 5685 mulier,
3542 5626 3680 5683 ασθαι

2171 5727 2243 5773 est
2272 5716 2400 5784 ﬁdes
2449 5728 2557 5779 tua,
2610 5717 2702 5789 ﬁat
2742 5718 2831 5772 tibi
2874 5718 3005 5773 sicut
3049 5719 3143 5773 vis.
3177 5718 3273 5776 Ubi
3304 5729 3420 5774 sunt
3460 5703 3680 5769 btereticil

2171 5809 2420 5878 Nunquid
2448 5809 2603 5875 dixit,
2631 5811 2833 5881 rogabo
2862 5822 3068 5881 patrem
3096 5829 3306 5876 meum.
3331 5805 3588 5870 obsecrabo
3607 5811 3676 5868 ιο·
