3972 6340
187 343 297 400 1241

1108 330 1575 392 HOMILIABIUS.
1617 358 1688 372 —
1725 326 1894 387 HOM.
1935 330 2024 386 DE
2064 329 2411 390 TEMPORE.

3278 328 3417 387 ίΞΒ

182 467 373 516 nitorem
400 451 614 510 meum?
643 450 778 509 Num
808 449 1051 507 oratione
1074 448 1252 516 eguit?
1279 446 1396 502 Non
1423 444 1610 515 utique
1634 442 1723 498 ubi
1750 444 1806 504 Α
1830 458 1953 500 cere
2003 446 2239 501 tentatis.
2278 445 2391 515 Ego
2433 444 2575 501 enim
2623 442 2881 514 praﬁnivi
2927 450 3166 514 tempus,
3201 445 3417 514 quando

181 559 340 606 auctor
363 548 548 604 salutis
577 556 661 602 est
685 555 734 601 et
759 544 1122 601 universitatis
1151 551 1385 608 creator,
1414 547 1472 595 et
1502 539 1726 594 verbum

181 644 327 707 Deus;
364 640 482 696 ideo
519 639 697 694 dixit:
731 637 775 691 0
809 638 1012 703 mulier,
1064 651 1251 705 magna
1297 642 1369 687 est
1416 632 1543 701 fides
1591 640 1678 685 tua
1707 645 1728 686 :

179 732 389 804 quamvis
436 740 490 786 et
542 746 638 801 pro
683 730 1080 800 dispensatione
1127 726 1308 783 carnis
1356 726 1611 782 oraverit.
1665 723 1732 778 Et

179 829 285 898 quia
319 840 500 896 magna
539 832 623 880 est
663 823 814 890 ﬁdes,
847 822 1063 892 copiosa
1098 820 1267 876 eﬂusa
1296 827 1378 874 est
1403 818 1594 889 gratia.
1630 816 1731 874 Ubi

178 930 333 975 autem
361 920 528 973 oratio
557 916 862 971 necessaria
893 922 997 980 est,
1028 913 1099 968 ibi
1130 912 1397 967 inﬁrmum
1428 917 1513 965 est
1541 924 1653 965 vas.
1686 907 1731 962 0

176 1011 364 1077 mulier,
408 1024 592 1079 magna
636 1016 710 1061 est
754 1006 882 1077 ﬁdes
925 1015 1033 1059 tua.
1083 1004 1197 1060 Non
1244 1003 1421 1059 vidisti
1463 1011 1731 1069 mortuum

177 1102 463 1157 suscitatum
490 1112 590 1154 nec
635 1098 908 1168 leprosum
947 1084 1280 1162 mandatum,
1309 1109 1407 1150 nec
1436 1094 1734 1164 prophetas

175 1194 367 1262 audisti,
397 1207 494 1247 nec
524 1193 691 1261 legem
723 1192 977 1246 meditata
1006 1205 1085 1256 es,
1118 1202 1292 1261 neque
1326 1202 1475 1244 mare
1503 1189 1555 1242 in
1585 1187 1735 1242 divi-

176 1285 391 1341 sionibus
416 1281 587 1339 scindi
634 1280 835 1337 vidisti.
885 1279 1028 1336 Nihil
1064 1281 1257 1336 horum
1301 1280 1663 1349 contemplata
1705 1295 1735 1333 a

176 1392 252 1433 me
292 1391 366 1442 es,
418 1376 632 1445 insuper
683 1384 737 1429 et
785 1374 1034 1444 despecta
1086 1385 1141 1430 et
1192 1383 1499 1443 contempta
1560 1388 1591 1428 a
1649 1390 1737 1429 me

174 1485 245 1534 es,
302 1479 351 1526 et
401 1483 505 1524 non
584 1468 892 1533 recessiSti,
937 1467 1031 1522 sed
1085 1466 1434 1537 perseverasti
1484 1465 1733 1536 petendo.

179 1563 218 1617 0
246 1563 440 1627 mulier,
471 1560 682 1632 grandis
704 1568 777 1613 est
800 1559 929 1628 ﬁdes
958 1567 1069 1613 tua.
1102 1558 1305 1613 Mortua
1330 1567 1415 1613 est
1443 1558 1657 1628 mulier,
1683 1566 1738 1614 et

173 1656 413 1726 praeconia
443 1652 563 1724 ejus
593 1654 793 1722 vigent.
833 1649 1145 1721 Ubicunque
1189 1650 1334 1716 ieris,
1364 1650 1549 1705 audies
1577 1648 1736 1705 Chri-

168 1760 298 1803 stum
335 1747 595 1802 dicentem
629 1744 714 1798 :0
763 1745 966 1810 mulier,
1018 1760 1200 1813 magna
1230 1750 1303 1797 est
1346 1743 1473 1812 ﬁdes
1524 1753 1629 1797 tua.
1676 1742 1733 1797 In

1832 556 1928 609 pro
1949 541 2119 598 salute
2145 542 2366 597 humani
2400 542 2615 611 generis
2647 541 2753 611 pati
2783 541 3030 598 debeam.
3057 540 3189 613 Ego,
3224 543 3417 612 inquit,

1831 632 1983 699 uado,
2012 647 2110 702 ego
2138 633 2320 688 volens
2367 634 2433 688 ad
2482 633 2792 703 passionem
2844 648 3026 701 pergo.
3080 633 3187 689 Vos
3237 646 3415 691 autem

1832 739 1931 781 nec
1959 725 2119 779 modo
2146 726 2267 780 mali
2300 725 2495 795 aliquid
2528 725 2659 779 mibi
2683 725 2908 793 potestis
2938 724 3138 794 facere,
3168 727 3288 795 quia
3317 740 3418 795 ego

1832 816 1976 871 nolo.
2012 814 2075 869 Et
2099 817 2329 886 quaeritis
2358 833 2460 884 me,
2492 831 2597 871 non
2642 831 2848 881 amore,
2878 817 2972 873 sed
3002 817 3147 873 odio.
3181 816 3419 888 Denique

1832 922 1953 962 cum
1981 906 2225 963 Christus
2245 908 2313 963 de
2336 909 2533 963 mundo
2554 908 2822 973 discessit,
2867 917 3145 979 postquam
3173 924 3269 978 per
3294 924 3418 977 pas-

1834 1002 2041 1058 sionem
2080 1002 2250 1058 ocnlis
2297 1017 2354 1057 se
2395 1002 2669 1058 hominum
2721 1004 3043 1069 absentavit,
3094 1004 3422 1074 quaesierunt

1834 1111 1956 1152 eum
1986 1095 2180 1158 Judaei,
2223 1096 2593 1165 persequendo
2622 1098 2675 1151 in
2703 1096 2965 1165 apostolis
2985 1104 3041 1152 et
3071 1096 3283 1151 caeteris
3303 1111 3422 1150 cre-

1836 1188 2101 1243 dentibus.
2161 1188 2310 1244 Unde
2359 1198 2414 1244 et
2460 1188 2622 1244 Saulo
2674 1190 3006 1259 persecutori
3047 1174 3251 1244 dictum
3295 1199 3419 1245 est:

1837 1283 2022 1351 Saule,
2076 1281 2256 1346 Saule,
2289 1284 2409 1346 quid
2460 1298 2540 1337 me
2586 1283 2901 1352 persequeris
2930 1281 3072 1354 (Act.
3117 1282 3240 1347 ix)?
3266 1283 3424 1351 Quat-

1837 1374 2042 1432 sierunt
2087 1376 2249 1431 etiam
2279 1376 2448 1430 sancti
2483 1376 2711 1444 apostoli
2756 1385 3025 1431 amatores
3052 1376 3240 1444 ipsius,
3272 1376 3421 1431 illum

1838 1476 2163 1536 praesentem
2214 1466 2412 1521 habere
2451 1468 2754 1537 cupientes,
2803 1476 2857 1523 et
2901 1467 3168 1523 desiderio
3202 1468 3424 1525 visionis

1838 1559 1957 1629 ejus
1986 1569 2297 1616 astuantes.
2321 1559 2433 1615 Hoc
2453 1576 2580 1631 ergo
2601 1554 2760 1617 modo
2778 1562 3105 1629 inquiramus
3129 1560 3423 1631 Christum,

1840 1666 1947 1721 quo
1976 1666 2096 1707 eum
2128 1652 2438 1720 quaerebant
2478 1654 2648 1708 sancti
2686 1653 2938 1721 apostoli,
2966 1663 3023 1709 et
3056 1668 3175 1708 eum
3214 1668 3428 1725 semper

1839 1742 2141 1813 diligamus,
2166 1744 2498 1813 aediﬁcetque
2529 1747 2615 1802 ille
2636 1762 2728 1803 cor
2750 1759 3014 1813 nostrum,
3030 1749 3118 1818 qui
3140 1750 3247 1802 ait:
3275 1748 3430 1814 Qua:-

170 1840 395 1913 Scythia,
425 1840 478 1893 in
512 1838 679 1906 India,
712 1838 765 1891 in
791 1812 1126 1902 Mauritania,
1160 1846 1623 1905 quantamcunque
1650 1834 1733 1888 sol
1763 1812 1814 1874 Β
1840 1812 2153 1892 siuivultum
2184 1849 2348 1903 tuum,
2383 1812 2762 1907 vultumtuum,
2791 1812 3335 1912 Domina-requiram,
3368 1858 3429 1897 ne

168 1933 369 2004 respicit
398 1938 614 1994 terram,
654 1930 850 1984 clamat
894 1927 1160 1993 Christus,
1196 1936 1252 1982 et
1290 1942 1396 1981 non
1440 1936 1579 1981 tacet
1619 1940 1737 1981 ver-

167 2028 320 2081 bmn:
352 2023 395 2077 0
424 2024 623 2086 mulier,
640 2020 850 2091 grandis
875 2029 950 2074 est
973 2018 1099 2087 ﬁdes
1122 2028 1234 2084 tua,
1256 2017 1347 2088 ﬁat
1370 2017 1460 2070 tibi
1487 2018 1617 2070 sicut
1639 2018 1734 2070 vis.

166 2118 276 2173 Non
303 2115 451 2179 dixit,
484 2121 700 2168 sanetur
730 2110 837 2165 lilia
878 2122 964 2164 tua
1001 2128 1013 2163 :
1044 2111 1161 2176 sed,
1192 2109 1287 2178 ﬁat
1332 2109 1422 2162 tibi
1448 2109 1579 2162 sicut
1612 2109 1684 2161 vis
1716 2121 1736 2160 :

168 2221 239 2276 tu,
266 2208 584 2277 iuquit,eam
606 2212 889 2272 cura,esto
913 2203 1171 2269 medicus,
1205 2201 1294 2256 tibi
1326 2203 1601 2256 committo
1625 2216 1738 2256 me-

165 2305 517 2361 dicamentum
549 2307 606 2353 ut
637 2300 880 2367 imponas
918 2295 990 2361 ei,
1022 2298 1112 2365 fiat
1143 2296 1232 2349 tibi
1253 2296 1381 2348 sicut
1411 2296 1505 2360 vis,
1537 2294 1734 2350 volun-

169 2408 247 2454 tas
290 2407 371 2451 tua
400 2404 554 2450 curat
593 2408 735 2449 eam.
777 2393 1078 2446 Chananaea
1108 2395 1379 2445 voluntate
1424 2389 1651 2454 curavit,
1684 2397 1739 2444 et

165 2494 322 2548 Filius
350 2491 468 2557 Dei,
513 2490 653 2543 sicut
680 2488 864 2543 dicunt
905 2486 1015 2555 hic,
1050 2502 1078 2540 a
1106 2487 1397 2554 semetipso
1430 2500 1535 2539 non
1564 2494 1735 2539 curat.

164 2589 282 2643 Fiat
307 2586 398 2641 tibi
426 2586 557 2640 sicut
586 2586 681 2639 vis.
713 2584 897 2654 Neque
930 2582 1093 2652 jussit
1117 2581 1329 2646 mulier,
1363 2593 1536 2649 neque
1566 2578 1738 2647 impe-

162 2684 293 2739 ravit
334 2681 587 2745 mediani,
639 2678 734 2734 sed
778 2679 889 2733 sola
946 2675 1186 2730 mulieris
1237 2675 1481 2729 voluntas
1534 2673 1741 2727 curavit

162 2776 343 2841 ﬁliam,
390 2773 793 2841 dacmonemque
843 2770 1061 2839 fugavit.
1102 2766 1203 2824 Ubi
1249 2778 1372 2822 sunt
1402 2765 1492 2837 qui
1540 2765 1742 2821 audent

162 2870 356 2933 dicere,
407 2865 675 2922 Christum
735 2879 827 2934 per
877 2864 1175 2919 orationem
1234 2863 1458 2916 virtutes
1508 2859 1741 2915 fecisse?

162 2961 284 3015 vide
317 2957 447 3030 quid
478 2958 643 3013 dicat.
677 2955 797 3010 Fiat
831 2956 920 3009 tibi
948 2957 1080 3009 sicut
1102 2957 1195 3009 vis.
1220 2954 1511 3009 Considera
1537 2966 1743 3008 sermo-

159 3053 242 3106 nis
286 3050 711 3121 germanitatetn.
766 3047 979 3101 Patrem
1030 3060 1182 3100 suum
1228 3045 1487 3100 imitatur.
1518 3043 1743 3112 Quando

155 3145 300 3201 enim
344 3144 570 3198 faciebat
619 3141 763 3197 Deus
805 3141 1036 3204 ctelum,
1067 3139 1244 3194 dixit:
1275 3137 1395 3194 Fiat
1440 3139 1653 3204 cmlum,
1688 3147 1741 3194 et

154 3239 352 3293 factum
400 3246 484 3292 est
532 3235 729 3292 caelum
766 3252 778 3288 :
811 3233 930 3289 Fiat
961 3241 1119 3299 terra,
1154 3242 1207 3287 et
1254 3232 1391 3286 facta
1408 3241 1505 3287 ‘est
1556 3242 1694 3285 terra
1726 3248 1740 3287 :

1840 1942 2035 1987 avertas
2052 1934 2233 2002 [aciem
2258 1944 2395 1987 tuam
2411 1950 2443 1987 a
2464 1951 2562 1990 me.
2586 1936 2683 1990 Illo
2704 1936 2880 2006 itaque
2906 1935 3064 1990 modo
3096 1936 3428 2006 inquiramus

1840 2028 2137 2092 Christum,
2186 2043 2290 2082 non
2332 2027 2423 2082 illo
2467 2043 2570 2097 quo
2601 2044 2722 2083 eum
2768 2029 3097 2098 quaesierunt
3123 2028 3295 2085 Judaei
3327 2028 3428 2084 ini-

1840 2120 1962 2174 mici
1992 2118 2215 2176 Christi.
2238 2120 2314 2174 Illi
2346 2120 2488 2176 enim
2518 2121 2831 2191 quaerebant
2857 2130 2915 2176 ut
2938 2120 3221 2188 haberent,
3253 2121 3343 2176 isti
3373 2131 3431 2176 ut

1842 2211 2148 2280 perderent.
2194 2208 2348 2267 Unde
2399 2221 2454 2266 et
2508 2228 2576 2268 ne
2635 2223 2909 2282 putaretur
2953 2214 3091 2269 bene
3133 2213 3252 2268 illos
3301 2228 3425 2268 eum

1838 2304 2178 2374 quaesituros,
2210 2305 2451 2373 adjunxit
2480 2322 2492 2358 :
2524 2303 2595 2358 Et
2618 2306 2672 2359 in
2693 2316 2900 2375 peccato
2930 2317 3091 2361 vestro
3119 2306 3427 2362 moriemini.

1841 2396 1933 2452 llle
1963 2397 2015 2451 in
2049 2407 2267 2466 peccato
2297 2413 2394 2453 suo
2418 2399 2664 2463 moritur,
2691 2400 2781 2469 qui
2813 2410 3092 2468 permanet
3121 2398 3175 2454 in
3208 2408 3429 2469 peccato

1842 2504 2010 2557 usque
2058 2489 2124 2545 ad
2175 2497 2422 2545 mortem.
2458 2488 2522 2544 Et
2549 2489 2673 2560 quia
2706 2490 3035 2559 praividebat
3084 2490 3205 2546 illos
3245 2490 3300 2545 in
3330 2505 3425 2546 sua

1842 2580 2044 2636 malitia
2077 2592 2543 2650 perseveraturos,
2574 2582 2696 2638 ideo
2725 2584 2860 2638 dixit
2894 2601 2909 2638 :
2944 2582 3007 2637 In
3043 2592 3246 2653 peccato
3265 2592 3431 2639 uestro

1843 2673 2150 2727 moriemini.
2211 2674 2280 2728 Et
2336 2676 2457 2744 quia
2506 2673 2720 2731 videbat
2759 2676 2811 2731 in
2854 2676 2954 2730 illis
2981 2677 3230 2731 omnibus
3267 2690 3429 2731 unam

1845 2767 2197 2835 voluntatem,
2231 2768 2570 2838 similemque
2607 2769 2866 2823 malitiam
2888 2807 2904 2835 ,
2936 2767 3058 2823 ideo
3089 2768 3144 2823 in
3172 2767 3429 2843 singulari

1845 2873 2071 2915 numero
2097 2858 2254 2925 dixit,
2284 2859 2338 2913 in
2358 2869 2565 2930 peccato
2594 2869 2778 2915 vestro.
2823 2858 2957 2926 Quia
2991 2873 3120 2914 vero
3149 2859 3263 2929 pari
3295 2859 3429 2914 al’fe«

1845 2964 1934 3011 ctu
1961 2970 2148 3011 omnes
2187 2969 2312 3010 eum
2345 2955 2569 3025 perdere
2603 2955 2874 3019 volebant,
2907 2953 3000 3025 qui
3030 2954 3101 3008 ad
3143 2952 3433 3008 salvandos

1851 3064 1945 3105 eos
1972 3058 2215 3113 venerat,
2248 3046 2448 3103 idcirco
2478 3048 2530 3102 in
2562 3047 2752 3116 plurali
2785 3061 3007 3103 numero
3033 3045 3213 3113 dixit,
3244 3046 3431 3101 morie-

1850 3142 1991 3196 mini.
2027 3141 2142 3206 Quo
2172 3157 2263 3213 ego
2284 3140 2440 3206 vado,
2476 3156 2565 3195 vos
2597 3156 2701 3195 non
2723 3142 2934 3212 potestis
2961 3140 3150 3194 venire.
3191 3138 3306 3194 Non
3335 3153 3432 3208 po-

1854 3244 2029 3290 terant
2078 3235 2261 3290 venire
2289 3249 2394 3304 quo
2436 3232 2583 3301 ibat,
2615 3233 2737 3302 quia
2772 3232 2823 3287 i-n
2854 3248 2978 3287 eum
3017 3233 3240 3288 credere
3280 3231 3433 3286 nole-

153 3330 272 3387 Fiat
297 3329 422 3397 sol,
469 3327 602 3383 ﬁant
649 3337 793 3381 astra
849 3325 995 3391 coeli,
1043 3332 1098 3381 et
1141 3324 1279 3380 facta
1330 3333 1454 3379 sunt
1498 3324 1745 3378 universa
1849 3330 1998 3395 bant,
2027 3338 2084 3385 et
2120 3328 2244 3398 quia
2283 3343 2404 3383 eum
2457 3342 2567 3383 non
2615 3326 2926 3397 diligebant.
2976 3327 3150 3395 Atque
3199 3324 3319 3380 ideo
3366 3322 3434 3379 ad

155 3420 313 3491 (Gen.
345 3418 411 3491 ι).
434 3418 614 3475 iussio
637 3417 860 3473 adduxit
886 3416 1245 3471 substantiam
1277 3416 1582 3486 parentelte,
1625 3429 1744 3470 ser-

151 3530 242 3571 mo
261 3512 700 3569 communionem
724 3510 959 3567 ostendit
984 3521 1210 3565 naturae.
1242 3507 1310 3563 Et
1336 3519 1517 3564 sanata
1546 3519 1639 3577 est,
1664 3508 1748 3565 in-

149 3606 287 3675 quit,
314 3603 431 3674 ﬁlia
454 3608 568 3675 ejus
589 3618 656 3658 ea;
684 3600 779 3657 illa
798 3602 948 3658 liora.
985 3602 1060 3656 Ex
1088 3617 1191 3672 qua
1214 3606 1343 3656 hora
1366 3602 1388 3656 ?
1412 3601 1527 3655 Non
1552 3617 1615 3656 ex
1638 3615 1745 3672 qua

148 3698 303 3751 venit
328 3706 501 3750 mater
543 3694 662 3764 ejus
686 3694 928 3760 domum,
966 3694 1059 3750 sed
1091 3708 1157 3749 ex
1188 3710 1290 3763 qua
1325 3693 1535 3748 Domini
1564 3708 1744 3749 sermo

145 3791 442 3862 processit.
472 3791 539 3845 Et
563 3803 684 3845 cum
711 3788 938 3845 redisset
962 3788 1206 3853 domum,
1229 3789 1430 3843 invenit
1453 3803 1573 3844 eam
1593 3803 1740 3845 sana:

64 3910 81 3921 -
142 3880 379 3950 mentis,
408 3893 460 3937 et
478 3884 770 3947 voluntate,
806 3881 914 3937 imo
954 3882 1060 3938 ﬁde
1090 3882 1207 3951 ejus
1236 3890 1497 3937 curatam.
1526 3881 1631 3937 Pro
1658 3882 1743 3938 his

140 3983 336 4031 autem
366 3975 615 4030 omnibus
643 3974 841 4045 gratias
881 3989 1104 4045 agamus
1154 3975 1284 4044 Deo,
1333 3989 1428 4044 per
1469 3972 1741 4029 Christum

142 4069 440 4123 Dominum
492 4077 767 4132 nostrum,
821 4082 942 4123 cum
994 4083 1101 4137 quo
1147 4079 1229 4123 est
1279 4066 1389 4123 Deo
1436 4068 1580 4123 Patri
1638 4084 1743 4124 una

138 4176 268 4216 cum
303 4158 513 4229 Spiritu
556 4171 742 4215 sancto
786 4163 955 4216 honor
981 4170 1037 4215 et
1085 4162 1255 4232 gloria
1281 4170 1336 4216 et
1363 4172 1620 4231 potestas,
1649 4178 1744 4232 per

134 4253 486 4309 immortalia
515 4254 708 4309 saecula
740 4254 1081 4309 saeculorum.
1119 4259 1310 4309 Amen.

665 4344 938 4402 HOMILIA
982 4345 1243 4401 LXXXII.

404 4455 460 4496 IN
498 4455 657 4495 estus
693 4454 931 4495 sacusna
970 4454 1102 4495 rosr
1143 4440 1505 4499 Reminiscere.

208 4532 284 4587 In
324 4533 434 4587 illo
475 4541 695 4601 tempore
740 4548 759 4587 :
799 4532 933 4586 dixit
976 4531 1129 4586 Jesus
1169 4533 1330 4587 turbis
1365 4531 1669 4589 Iudaeorum
1719 4553 1740 4591 :

124 4624 253 4699 Ego
285 4626 452 4692 vado,
502 4634 547 4681 et
595 4627 825 4696 quatritis
869 4640 971 4692 me,
1010 4636 1057 4679 et
1102 4626 1157 4680 in
1190 4636 1395 4696 peccato
1441 4637 1605 4682 vestro
1635 4646 1740 4685 mo.

117 4720 375 4786 riemini,
411 4710 519 4774 etc.
550 4718 729 4792 (Joan.
762 4718 897 4790 Vin).

201 4809 417 4866 Refert
437 4813 683 4878 superius
712 4823 930 4865 sanetus
956 4811 1283 4881 evangelista
1308 4809 1544 4869 Joannes
1566 4853 1582 4882 ,
1615 4815 1737 4883 quia

110 4920 263 4961 cum
280 4905 514 4961 doceret
528 4904 782 4959 Dominus
796 4903 845 4958 in
860 4907 1239 4978 gazophylacio
1256 4908 1460 4977 templi,
1476 4917 1531 4964 et
1551 4907 1745 4965 divini-

56 4989 61 4992 ’
111 4999 263 5053 tatis
276 5012 405 5053 sua:
426 4999 674 5070 mysteria
688 5000 1025 5068 apertissime
1047 5004 1255 5070 pupulis
1273 5002 1745 5071 panderet,volue-

108 5098 263 5145 runt
280 5089 607 5167 eoinJudaei
632 5090 1061 5161 apprehendere,
1086 5093 1179 5147 sed
1204 5093 1518 5149 nemomisit
1541 5094 1594 5150 in
1617 5110 1743 5149 eum

105 5197 369 5249 marios,
387 5186 513 5251 quia
533 5183 768 5240 nondum
788 5195 1008 5240 venerat
1022 5187 1150 5240 hora
1170 5187 1305 5254 ejus.
1326 5185 1567 5243 Nondum
1599 5191 1744 5244 enim

104 5283 377 5329 venerat
399 5277 641 5331 voluntas
668 5277 854 5347 ipsius,
873 5291 926 5334 et
940 5280 1308 5350 dispositionis
1332 5284 1621 5352 hora,quia
1643 5284 1739 5340 sic-

101 5379 173 5424 ut
204 5368 537 5425 voluntarie
561 5380 736 5437 natus,
760 5372 839 5427 sic
872 5383 927 5427 et
946 5374 1244 5429 voluntarie
1272 5389 1460 5445 passus
1484 5385 1584 5431 est.
1610 5376 1743 5444 Quia

95 5476 260 5531 ergo
295 5461 385 5515 illi
411 5461 694 5518 Dominum
723 5464 1130 5535 apprehendere
1152 5469 1454 5535 voluerunt,
1475 5476 1532 5522 ut
1552 5477 1741 5524 osten-

94 5555 290 5609 deret
338 5555 688 5613 ineflicaciter
723 5560 841 5613 illos
883 5560 1085 5627 conari,
1122 5561 1354 5631 quandiu
1395 5564 1510 5632 ipse
1551 5564 1738 5630 nollet,

93 5647 249 5704 ideo
310 5649 583 5708 Dominus
628 5656 707 5707 eis
768 5652 903 5709 dixit
957 5655 1103 5726 quod
1178 5655 1338 5711 modo
1390 5657 1736 5713 audivimus:

95 5739 236 5811 Ego
270 5742 447 5810 vada,
470 5752 519 5798 et
548 5745 776 5815 quaeritis
808 5763 905 5802 me.
950 5746 1028 5802 Ac
1057 5748 1103 5804 si
1130 5749 1247 5803 aliis
1276 5748 1456 5804 verbis
1486 5750 1690 5807 diceret
1722 5768 1735 5805 :

95 5832 373 5894 Frustra
401 5840 924 5912 mepersequitnini,
954 5841 1220 5900 incassum
1243 5843 1374 5902 mihi
1401 5858 1590 5904 manus
1610 5846 1732 5917 inji-

1719 4577 1733 4591 ’
1776 4575 1824 4635 D

1848 3420 1996 3477 illam
2034 3420 2280 3491 gloriam,
2312 3421 2380 3474 ad
2418 3432 2579 3489 quam
2609 3418 2702 3474 ille
2733 3433 2827 3488 per
2855 3427 3080 3473 mortem
3117 3415 3433 3484 festinabat,

1846 3514 1949 3585 ipsi
1978 3514 2163 3570 venire
2210 3528 2316 3567 non
2351 3518 2615 3582 poterant.
2652 3510 2764 3565 Hoc
2793 3509 2969 3580 ipsum
3008 3509 3131 3564 alibi
3170 3507 3431 3577 apostolis

1847 3608 2072 3678 loquens
2098 3606 2231 3661 dixit
2261 3622 2276 3661 :
2313 3605 2429 3674 Quo
2472 3622 2564 3675 ego
2599 3608 2755 3671 vado,
2783 3621 2870 3659 vos
2900 3621 3002 3659 non
3025 3604 3235 3673 potestis
3262 3603 3436 3658 uenire

1844 3704 1998 3757 modo
2023 3700 2201 3772 (Joan.
2235 3700 2352 3771 xv).
2381 3701 2561 3768 Neque
2583 3701 2727 3755 enim
2752 3708 2878 3753 tunc
2905 3714 3013 3770 quo
3039 3699 3156 3767 ipse
3205 3698 3314 3753 ibat
3340 3711 3437 3753 ve-

1846 3792 1963 3849 nire
1996 3800 2260 3863 poterant,
2282 3793 2402 3861 quia
2427 3792 2652 3847 necdum
2682 3807 2779 3859 pro
2801 3791 2893 3846 illo
2917 3793 3023 3857 pati
3052 3800 3205 3846 erant
3229 3789 3429 3856 idonei,
3514 3858 3515 3861 η

1844 3886 1939 3943 sed
1966 3893 2147 3955 postea
2175 3896 2326 3941 erant
2346 3884 2577 3940 venturi.
2610 3885 2724 3939 Non
2748 3900 2875 3955 ergo
2906 3884 3130 3938 abstulit
3149 3884 3228 3938 eis
3251 3897 3424 3952 Spem,

1846 3976 1942 4033 sed
1990 3976 2237 4047 praedixit
2270 3977 2601 4033 dilationem.
2635 3976 2803 4033 Judaei
2843 3991 2970 4032 vero
3011 3990 3279 4046 nunquam
3328 3989 3433 4046 quo

1845 4072 1956 4127 ibat
1983 4071 2192 4129 venturi
2213 4079 2384 4139 erant,
2411 4072 2535 4142 quia
2567 4072 2620 4127 in
2650 4087 2772 4127 eum
2793 4072 3016 4127 credere
3049 4071 3318 4126 nolebant.
3363 4070 3427 4125 Et

1844 4163 2046 4220 idcirco
2072 4163 2356 4219 audierunt
2404 4182 2416 4218 :
2462 4162 2529 4218 In
2560 4174 2765 4234 peccato
2784 4174 2948 4219 vestro
2987 4163 3291 4218 moriemini.
3318 4162 3424 4218 Sed

1844 4257 2121 4313 audiamus
2150 4257 2274 4327 quid
2306 4258 2718 4328 responderunt,
2764 4258 2929 4313 verba
2955 4256 3165 4311 Domini
3198 4255 3430 4311 carnali-

1848 4359 1928 4405 ter
1960 4358 2168 4405 tantum
2196 4349 2500 4418 audientes,
2533 4359 2588 4406 et
2608 4366 2714 4405 non
2746 4350 3125 4420 intelligentes.
3173 4348 3424 4419 Nunquid

1842 4440 2109 4509 interﬁciet
2138 4441 2487 4511 semetipsum,
2538 4440 2661 4511 quia
2701 4441 2845 4507 dicit,
2872 4457 2971 4511 quo
3008 4456 3100 4513 ego
3144 4442 3295 4507 vado,
3328 4456 3432 4494 non

1846 4533 2053 4605 potestis
2088 4534 2294 4588 venire?
2320 4533 2456 4600 Quia
2485 4547 2626 4590 caeca
2662 4548 2839 4601 mens,
2868 4541 2924 4589 et
2945 4535 3055 4588 suis
3086 4534 3321 4589 tenebris
3341 4534 3438 4588 ob-

1846 4633 2081 4680 scurata.
2124 4624 2369 4695 Nunquid
2419 4625 2465 4680 si
2526 4624 2784 4681 Dominus
2828 4624 3113 4680 interﬁciat
3151 4640 3232 4691 se,
3284 4627 3435 4695 sequi

1847 4732 1967 4773 eum
1990 4720 2054 4773 ad
2079 4728 2303 4774 mortem
2328 4733 2435 4774 non
2456 4719 2740 4789 poterant?
2771 4723 2876 4774 Aut
2898 4719 3134 4790 nunquid
3164 4720 3300 4774 mori
3328 4719 3429 4789 ipsi

1849 4828 1953 4865 non
1989 4811 2266 4867 valebant?
2314 4814 2454 4881 Ergo
2496 4828 2602 4883 quo
2629 4829 2729 4883 ego
2764 4813 2902 4867 vado
2939 4813 3099 4879 dixit,
3135 4827 3241 4867 non
3274 4811 3341 4865 de
3368 4826 3434 4867 eo

1848 4919 1954 4974 quo
1990 4904 2101 4960 ibat
2143 4904 2212 4960 ad
2260 4914 2513 4973 mortem,
2557 4905 2652 4961 sed
2700 4905 2768 4961 de
2795 4920 2861 4961 eo
2888 4919 2995 4975 quo
3022 4914 3282 4961 venturus
3317 4914 3437 4960 erat

1848 5005 1967 5068 post
1996 5006 2245 5064 mortem,
2281 5002 2382 5054 hoc
2407 5008 2507 5066 est,
2537 4997 2605 5054 de
2628 4998 2796 5070 gloria
2819 4997 2886 5053 ad
2909 5013 3067 5068 quam
3091 5014 3188 5068 per
3225 4998 3434 5068 passio-

1849 5106 1973 5148 nem
1994 5102 2048 5147 et
2071 5102 2301 5149 mortem
2335 5094 2672 5163 properabat,
2702 5102 2756 5147 et
2780 5093 2845 5146 ad
2879 5092 3017 5147 hanc
3042 5091 3120 5146 illi
3151 5091 3434 5162 pervenire

1848 5198 1953 5239 non
1981 5192 2257 5252 poterant.
2314 5185 2417 5238 Sed
2455 5183 2565 5255 jam
2599 5183 2871 5239 videamus
2891 5185 3018 5253 quid
3062 5185 3147 5239 his
3179 5184 3437 5239 Dominus

1849 5276 2188 5345 reaponderit
2237 5293 2251 5333 :
2306 5273 2406 5330 Vos
2436 5278 2499 5330 de
2541 5276 2781 5331 deorsum
2806 5278 2943 5344 estis,
2976 5295 3066 5350 ego
3098 5280 3160 5333 de
3202 5280 3436 5347 superius

1847 5383 1982 5423 sum.
2025 5364 2104 5422 De
2146 5367 2409 5434 deorsum,
2439 5366 2632 5439 inquit,
2685 5369 2829 5436 estis,
2873 5380 3086 5426 terrena
3139 5371 3345 5441 sapitis,
3382 5381 3439 5426 et

1850 5460 2081 5516 terrenis
2108 5460 2472 5529 delectamini,
2502 5462 2730 5518 terrenis
2767 5462 3003 5531 inhiatis,
3029 5477 3239 5518 sursum
3271 5462 3434 5517 corda

1848 5568 1953 5609 non
1998 5553 2205 5610 levatis.
2248 5552 2364 5626 Ego
2392 5554 2454 5609 de
2478 5557 2715 5628 superius
2748 5573 2884 5622 sum,
2920 5556 3023 5613 hoc
3053 5565 3137 5613 est
3161 5597 3176 5622 ,
3208 5571 3236 5608 a
3270 5555 3433 5610 Patre

1845 5662 1952 5718 quo
1982 5648 2113 5703 nihil
2143 5658 2224 5704 est
2253 5649 2531 5720 superius,
2570 5650 2695 5721 quia
2727 5650 2885 5705 Pater
2913 5648 2982 5706 de
3017 5649 3167 5705 nullo
3208 5658 3311 5705 est.
3354 5649 3429 5705 De

1844 5742 2089 5814 superius
2139 5750 2274 5810 erat,
2306 5740 2358 5797 id
2388 5751 2473 5798 est
2497 5742 2564 5799 de
2606 5741 2717 5799 Deo
2762 5754 2915 5813 patre
2954 5753 3090 5812 erat,
3128 5743 3253 5815 quia
3296 5742 3427 5799 Ver-

1846 5832 1972 5891 bum
1999 5832 2117 5905 ejus
2144 5844 2284 5905 erat,
2307 5836 2458 5894 etab
2488 5835 2583 5895 illo
2609 5845 2845 5896 aeternus
2880 5847 2936 5897 et
2961 5835 3431 5897 consubstantialis
