3972 6340
573 353 714 411 12ιῖ

571 478 630 524 ιιι
669 481 763 524 eos
792 465 1090 521 salutarent
1114 477 1251 519 voce
1289 476 1480 533 magna
1508 460 1746 516 dicentes
1780 475 1795 514 :
1833 459 1944 514 Avc
1977 459 2153 526 rabbi,
2186 470 2238 527 Α

571 563 664 620 sed
697 568 754 615 ut
794 559 945 615 ﬂexis
979 556 1244 627 capitibus
1272 555 1339 610 ad
1381 570 1550 626 genua
1600 555 2029 609 incurvarentur.
2085 550 2157 607 Et

570 655 738 709 uocari
763 652 826 706 ab
850 650 1161 714 hminibus,
1198 648 1359 703 rabbi.
1389 647 1773 704 Desiderahant
1798 661 2030 716 namque
2061 659 2155 700 voc

571 746 679 801 cari
708 744 853 800 rabbi
873 784 888 809 ,
919 754 972 798 et
1003 742 1254 798 volebant
1280 756 1401 796 esse
1430 741 1702 812 magistri;
1752 753 1953 795 nomen
1987 753 2154 809 appe-

573 839 753 895 tebant
773 879 790 905 ,
822 844 877 892 et
900 835 1132 890 officium
1165 834 1520 905 negligebant.
1560 832 1662 888 Vos
1690 844 1862 888 autem
1888 833 2049 889 nolite
2070 848 2159 888 oo-

568 932 676 985 cari
706 928 851 983 rabbi
866 970 880 993 ,
905 944 1035 981 unus
1054 936 1130 982 est
1150 932 1287 981 enim
1306 926 1542 997 magister
1565 934 1743 980 uester.
1761 924 1827 978 Et
1848 936 2042 995 patrem
2062 940 2158 979 no-

587 1026 656 1080 its
702 1039 882 1078 uocare
922 1023 1059 1077 vobis
1102 1038 1252 1092 super
1294 1030 1483 1076 terram
1518 1038 1538 1076 :
1566 1037 1699 1075 unus
1728 1028 1802 1076 est
1840 1023 1975 1075 enim
2014 1029 2161 1092 pater

568 1124 746 1181 vester,
774 1116 861 1184 qui
886 1114 940 1168 in
968 1115 1108 1169 caelis
1135 1123 1229 1167 est.
1260 1110 1318 1167 In
1342 1112 1423 1167 his
1445 1114 1692 1168 omnibus
1724 1113 2064 1183 prohibetur,
2092 1125 2161 1166 ne

569 1207 709 1279 quod
747 1208 858 1263 Deo
900 1208 1143 1273 debetur,
1188 1205 1493 1260 hominibus
1538 1204 1834 1262 deferatur.
1884 1205 1993 1262 Sed
2039 1219 2159 1260 cum

568 1302 749 1357 omnia
780 1312 1047 1373 praecepta
1077 1301 1280 1356 divinae
1318 1299 1609 1368 Scriptura;
1641 1315 1671 1353 a
1704 1300 1812 1356 Deo
1842 1299 2159 1370 procedant,

569 1404 749 1451 movet
787 1397 985 1452 multos
1036 1410 1132 1450 cur
1177 1402 1368 1449 contra
1397 1404 1725 1463 praeceptum
1765 1395 1991 1449 alterius
2019 1392 2163 1448 Scri-

571 1496 740 1557 ptura:
785 1503 902 1557 quas
946 1487 1099 1551 dicit,
1136 1485 1340 1541 honora
1390 1494 1607 1557 patrem,
1660 1482 1939 1554 prohibeat
1984 1482 2163 1538 vocari

570 1587 749 1648 patres
775 1579 859 1633 vel
886 1580 1192 1649 magistros.
1218 1576 1351 1633 Nam
1383 1586 1439 1633 et
1471 1576 1664 1631 Paulus
1695 1578 2005 1646 magistrum
2036 1588 2164 1644 gen-

571 1673 701 1727 tium
731 1687 790 1727 se
818 1686 938 1727 esse
960 1681 1210 1727 testatur.
1241 1671 1348 1728 Sed
1391 1670 1537 1727 aliud
1561 1680 1644 1726 est
1672 1684 1793 1724 esse
1839 1677 2042 1737 patrem
2078 1665 2164 1721 vel

570 1765 883 1835 magistrum
927 1773 1114 1820 natura
1146 1807 1162 1832 ,
1214 1765 1362 1820 aliud
1413 1764 1755 1835 permittente
1811 1759 2162 1831 indulgentia.

572 1858 679 1914 Nos
726 1859 870 1915 enim
900 1859 947 1914 si
978 1859 1249 1914 hominem
1281 1868 1488 1927 patrem
1520 1856 1603 1911 vel
1635 1854 1950 1927 magistrum
1991 1865 2163 1907 voca-
2193 1849 2241 1908 Β

573 1968 711 2019 inus,
760 1951 1019 2008 honorem
1048 1952 1340 2008 deferimus
1370 1951 1457 2007 his
1481 1966 1510 2005 a
1535 1950 1730 2022 quibus
1769 1949 2160 2005 incrementum

573 2047 657 2101 vel
703 2046 967 2117 originem
1008 2048 1358 2117 sumpsimus,
1392 2062 1498 2102 non
1535 2060 1630 2102 eos
1673 2055 1918 2100 auctores
1951 2051 2152 2098 nostra:

573 2140 695 2193 vitae
720 2138 1075 2195 ostendimus.
1104 2138 1305 2196 Tamen
1332 2139 1629 2195 secundum
1659 2136 1803 2208 quod
1830 2151 1860 2189 a
1893 2138 2003 2190 Deo
2024 2149 2153 2191 con-

573 2230 669 2286 diti
694 2245 899 2299 sumus,
930 2236 996 2286 'et
1027 2232 1410 2301 gubernamur,
1446 2245 1547 2287 nec
1577 2238 1748 2298 pater,
1778 2242 1875 2283 nec
1899 2226 2157 2298 magister

575 2325 847 2380 vocandus
884 2332 967 2380 est
994 2324 1128 2379 alius
1177 2324 1277 2379 nisi
1325 2323 1487 2380 Deus.
1530 2321 1690 2377 Pater
1717 2319 2014 2373 «vocandus
2061 2325 2163 2383 est,

581 2418 705 2488 quia
751 2432 818 2472 ex
845 2415 963 2487 ipso
988 2426 1113 2472 sunt
1141 2415 1356 2482 omnia;
1404 2414 1678 2483 magister,
1708 2411 1827 2481 quia
1867 2425 1963 2480 per
1991 2409 2166 2479 ipsum

577 2521 702 2567 sunt
751 2510 969 2577 omnia,
1002 2511 1085 2564 vel
1127 2509 1251 2580 quia
1286 2510 1403 2579 ipse
1443 2516 1526 2563 est
1566 2505 1851 2577 singularis
1891 2503 2166 2574 magister,

583 2602 674 2670 qui
703 2615 888 2657 omnes
917 2600 1139 2656 interius
1186 2599 1497 2655 naturaliter
1545 2597 1754 2654 edocet.
1808 2596 1981 2651 Homo
2026 2595 2169 2651 enim

578 2708 688 2749 non
719 2702 937 2763 pra:th
978 2692 1176 2749 homini
1206 2690 1538 2747 intellectum
1586 2687 1851 2753 docendo,
1888 2685 1983 2742 sed
2018 2684 2169 2740 illum

582 2793 789 2841 tantum
820 2794 1038 2843 exercet
1080 2784 1443 2840 admonendo.
1488 2782 1737 2838 Doctrina
1782 2794 2010 2849 namque
2036 2778 2173 2834 cotis

582 2875 818 2932 officium
851 2885 1016 2945 tenet,
1046 2890 1167 2947 qua
1194 2872 1395 2931 ferrum
1444 2889 1552 2928 non
1583 2873 1726 2927 facit.
1768 2870 1869 2938 Qui
1899 2871 2071 2941 major
2100 2877 2173 2922 est

581 2980 824 3038 uestrum,
854 2973 949 3027 erit
976 2971 1207 3026 minister
1228 2978 1410 3025 uester.
1463 2972 1542 3024 Ac
1572 2969 1617 3023 si
1647 2967 1792 3022 dicat
1816 2984 1827 3018 :
1857 2964 2175 3033 Quicunque

582 3065 695 3120 vult
723 3065 939 3121 fratrem
973 3064 1267 3132 praevenire
1289 3062 1583 3134 regnando,
1603 3061 1749 3131 prius
1775 3059 1926 3114 illum
1950 3073 2175 3115 necesse

581 3168 682 3215 est.
701 3167 759 3213 ut
785 3160 1077 3229 praeveniat
1104 3157 1477 3228 obsequendo.
1512 3155 1663 3223 Quod
1694 3163 1749 3210 et
1780 3155 1834 3209 in
1865 3154 1986 3223 ipso
2012 3153 2175 3208 Chri-

585 3254 950 3308 stoveracitcr
984 3253 1261 3321 impletum
1290 3266 1410 3307 esse
1440 3251 1708 3316 novimus,
1734 3249 1823 3319 qui
1855 3262 1980 3304 cum
2010 3248 2179 3317 major

588 3348 659 3402 sit
692 3345 944 3401 omnibus
972 3345 1252 3412 ﬁdelibus,
1299 3354 1477 3399 tamen
1520 3344 1631 3397 suis
1681 3357 1788 3395 non
1818 3342 1994 3397 solum
2020 3351 2175 3396 exte-

588 3440 729 3495 riora
756 3437 1106 3500 ministravit,
1141 3437 1233 3492 sed
1283 3436 1443 3491 etiam
1474 3436 1708 3489 animam
1747 3448 1897 3488 suam
1932 3446 2029 3502 pro
2055 3430 2175 3497 {illis

589 3530 645 3585 in
675 3539 901 3586 mortem
935 3528 1171 3583 tradidit.
1224 3528 1335 3583 Hoc
1376 3528 1625 3598 estquod
1659 3527 1789 3581 dicit
1820 3543 1838 3580 :
1881 3526 1981 3592 Qui
2009 3527 2179 3597 major

588 3628 662 3678 es‘t
690 3632 909 3676 uestrum
934 3666 948 3690 ,
984 3622 1082 3675 erit
1112 3622 1345 3675 minister
1381 3630 1561 3677 uester.
1604 3620 1846 3675 Praelatis
1876 3619 2180 3689 specialiter

594 3714 940 3785 praecipitur,
993 3721 1050 3767 ut
1105 3713 1300 3784 quibus
1349 3711 1610 3780 Spirituali
1663 3710 1924 3781 regimine
1977 3708 2178 3779 princi-

593 3816 802 3878 pantur,
845 3821 1032 3860 eorum
1088 3803 1434 3874 indigentiam
1480 3804 1660 3858 taliter
1707 3804 1970 3867 relevare,
2020 3811 2179 3872 atque

592 3898 1022 3967 supplementum
1068 3894 1345 3950 familiaris
1391 3894 1738 3963 paupertatis,
1782 3892 2023 3948 studiosa
2052 3891 2179 3946 sub-

592 3987 982 4044 ministratione
1037 3997 1343 4057 procurent.
1403 3986 1506 4054 Qui
1553 3993 1727 4039 autem
1765 4002 1819 4039 se
1857 3984 2176 4048 multaverit,

591 4082 945 4137 Itumiliabitur
975 4096 995 4136 :
1039 4088 1087 4134 et
1112 4083 1198 4149 qui
1228 4096 1281 4134 se
1308 4080 1679 4144 Itumiliaverit,
1708 4078 2038 4133 excitabitur.
2092 4076 2179 4131 Vi-

596 4176 784 4231 demus
808 4174 1004 4230 multos
1036 4174 1326 4229 honoribus
1356 4183 1411 4229 et
1448 4172 1646 4226 divitiis
1675 4171 1831 4239 hujus
1860 4169 2038 4226 saeculi
2082 4168 2181 4224 ilo-

591 4285 733 4336 rere,
760 4280 815 4325 et
844 4271 896 4324 in
926 4270 1009 4324 his
1037 4284 1205 4339 usque
1230 4269 1295 4323 ad
1320 4270 1478 4323 linem
1505 4282 1856 4336 perseverare
1880 4265 2176 4332 cernimus;

591 4378 623 4419 e
668 4364 937 4418 contrario
984 4363 1269 4419 nonnullos
1321 4369 1633 4432 paupertate
1686 4359 1968 4426 laborare,
2019 4366 2073 4412 et
2128 4358 2178 4413 in

592 4458 778 4513 eadem
800 4468 1032 4528 egestate
1058 4472 1389 4527 permanere.
1417 4454 1551 4511 Cum
1575 4469 1703 4525 ergo
1726 4453 1814 4508 isti
1847 4455 1899 4507 in
1929 4451 2178 4508 inchoata

592 4548 855 4615 felicitate,
910 4560 966 4605 et
1012 4550 1087 4604 illi
1144 4550 1196 4605 in
1247 4549 1469 4618 pristina
1519 4555 1831 4617 paupertate
1878 4560 2049 4615 usque
2108 4542 2174 4598 ad

595 4641 879 4696 terminum
926 4640 1050 4695 vita!
1095 4650 1462 4710 permaneant,
1506 4639 1775 4709 quomodo
1819 4652 2008 4693 verum
2053 4649 2176 4692 esse

595 4743 805 4789 constat
837 4735 979 4805 quod
1012 4734 1267 4789 Dominus
1294 4734 1444 4799 dicit,
1473 4747 1693 4787 omnem
1726 4732 1994 4785 hominem
2028 4731 2174 4786 exal-

594 4842 758 4888 talum
790 4830 1079 4897 humiliari,
1114 4830 1450 4885 humiliatum
1482 4825 1756 4883 exaltari?
1795 4825 1898 4881 Sed
1928 4826 2179 4894 quoniam

594 4916 788 4982 veritas
844 4924 951 4979 falli
998 4939 1101 4979 non
1148 4931 1344 4993 potest,
1397 4924 1452 4978 in
1494 4922 1673 4977 futuro
1713 4918 2034 4987 complenda
2076 4931 2181 4973 non

594 5019 919 5075 dubitamus.
972 5017 1157 5073 Omnis
1201 5016 1344 5071 enim
1394 5016 1483 5084 qui
1540 5015 1594 5068 in
1645 5010 1900 5081 prmsenti
1960 5010 2068 5065 vita
2122 5024 2182 5064 se

594 5114 820 5179 exaltat,
872 5120 928 5166 ut
958 5110 1149 5164 divinis
1180 5107 1457 5177 praeceptis
1484 5120 1546 5162 se
1590 5104 1821 5161 subdere
1850 5110 2179 5169 contemnat,

595 5204 681 5260 hic
712 5206 762 5260 in
789 5203 879 5259 die
921 5201 1105 5271 judicii
1136 5214 1258 5256 cum
1296 5199 1543 5270 superbis
1576 5196 1905 5259 humiliatus,
1940 5194 2121 5249 audiet
2149 5206 2179 5246 a

596 5299 817 5353 Domino
847 5314 859 5349 :
895 5293 995 5361 Ite,
1044 5294 1329 5361 maledicti,
1376 5296 1431 5347 in
1461 5292 1633 5364 ignem
1679 5298 1925 5346 aternum
1962 5286 2176 5357 (Matth.

596 5394 746 5459 xxv).
797 5390 900 5459 Qui
930 5404 1058 5444 vero
1088 5388 1273 5442 divino
1312 5400 1498 5441 amore
1530 5384 1617 5439 hic
1648 5397 1709 5438 se
1757 5380 2037 5436 humiﬁare
2063 5389 2171 5433 stu-

595 5480 787 5548 duerit,
832 5480 1049 5537 imitans
1100 5481 1245 5534 illum
1288 5480 1378 5549 qui
1409 5476 1579 5533 dicit:
1618 5473 1811 5529 Discite
1846 5490 1877 5527 α
1927 5489 2024 5539 me,
2058 5473 2182 5540 quia

595 5578 729 5631 mitis
758 5592 870 5631 sum
892 5585 938 5629 et
967 5575 1174 5628 Immitis
1218 5572 1373 5626 corde
1401 5569 1615 5642 (Matth.
1648 5568 1745 5637 xi),
1777 5569 1891 5638 ipse
1920 5568 1971 5621 in
2004 5565 2180 5621 futuro

595 5669 791 5741 judicio
818 5684 847 5723 a
881 5667 1103 5723 Domino
1127 5667 1473 5730 exaltabitur,
1498 5678 1621 5717 cum
1653 5662 1838 5717 audire
1868 5660 2127 5716 meruerit
2160 5675 2175 5713 :

602 5760 803 5830 Venite,
837 5761 1085 5817 benedicti
1115 5758 1290 5814 Patris
1318 5760 1438 5823 mei,
1477 5757 1723 5829 percipite
1742 5771 1959 5827 regnum
1980 5755 2119 5808 vobis
2146 5769 2179 5807 a

594 5853 783 5913 siccato
807 5862 1045 5926 paratum
1070 5850 1285 5925 (Matth.
1310 5849 1463 5921 xxv).
1492 5852 1686 5907 Amen.

1452 345 1651 404 PAULI
1690 344 1961 403 DIACONI
1997 345 2150 402 OPP.
2191 345 2371 406 PARS
2408 349 2474 406 Ii.
2514 379 2585 395 -ι
2623 348 2991 407 ASCETICA.

2758 364 2991 407 ts't'tua.
3628 364 3722 424 ωε

2752 462 3030 518 HOMILIA
3075 463 3351 525 LXXXIV.

2526 594 2578 635 ιι(
2618 594 2774 635 τειιιΑ
2814 594 3023 642 ousnn
3063 595 3193 636 ros'r
3232 581 3547 645 Reminiscere.

2330 690 2397 746 In
2423 692 2513 746 illo
2532 702 2775 762 tempore,
2800 693 3087 747 ascendens
3115 690 3267 747 Iesus
3300 693 3658 771 Hierosolymam,
3676 724 3731 764 ss-

2259 788 2476 858 sumpsit
2516 787 2786 841 duodecim
2814 786 3099 855 discipulos
3128 797 3337 853 secreto,
3365 800 3407 843 et
3430 792 3491 843 ait
3512 793 3733 856 illium;

2260 884 2579 939 ascendimus
2610 882 3053 953 Hierosolymam,
3083 891 3187 937 etc.
3216 883 3419 954 (Matth.
3442 887 3541 955 xx).

2333 977 2586 1033 Dominus
2611 992 2673 1032 ac
2700 977 3011 1044 redemptor
3039 985 3243 1044 noster,
3273 979 3540 1047 praevidens
3571 982 3733 1051 discipu-

2264 1069 2434 1124 lorum
2465 1068 2672 1123 animos
2698 1067 2766 1123 de
2792 1082 2887 1121 sua
2930 1068 3183 1138 passione
3213 1068 3502 1137 turbaudos,
3524 1071 3642 1141 longe
3659 1087 3739 1130 ante

2264 1162 2343 1217 eis
2373 1170 2430 1216 et
2460 1176 2672 1230 poenam
2698 1161 2939 1231 ejusdem
2967 1161 3256 1231 passionis,
3295 1172 3347 1216 et
3374 1163 3563 1231 gloriam
3587 1181 3667 1217 sua
3687 1181 3741 1220 ie-

2265 1258 2613 1314 surrectionis
2658 1257 2950 1327 praedicere
2981 1257 3169 1321 voluit,
3201 1264 3259 1310 ut
3294 1272 3407 1310 cum
3449 1273 3553 1311 eum
3587 1260 3744 1314 morien-

2266 1362 2371 1408 tem
2397 1360 2703 1418 cernerent,
2746 1360 3171 1406 resurrecturum
3198 1365 3403 1420 quoque
3439 1351 3556 1405 sicut
3578 1353 3636 1404 eis
3658 1369 3745 1416 pra-

2268 1446 2499 1510 dixerat,
2544 1445 2764 1500 minime
2816 1444 3146 1499 dubitarent.
3181 1443 3249 1499 Et
3282 1444 3461 1499 crebro
3495 1446 3650 1513 quippe
3683 1446 3747 1501 hoc

2267 1539 2440 1607 ipsum
2468 1538 2545 1591 eis
2576 1537 3031 1605 pronuntiaverat,
3075 1536 3169 1591 sed
3200 1538 3322 1607 quia
3353 1539 3577 1605 temporis
3600 1552 3747 1591 accessu

2267 1628 2409 1700 quod
2433 1630 2738 1693 audierant,
2782 1629 2887 1683 labi
2921 1643 2949 1681 a
2981 1630 3239 1682 memoria
3272 1638 3488 1698 poterat,
3510 1627 3666 1683 idcirco
3687 1630 3749 1681 itu-

2269 1738 2360 1778 rus
2388 1722 2453 1775 ad
2497 1722 2827 1791 passionem,
2878 1729 2934 1777 et
2977 1736 3160 1776 secum
3211 1735 3305 1777 eos
3353 1720 3595 1786 ducturus,
3628 1729 3751 1775 iterato

2268 1815 2347 1869 eis
2378 1813 2556 1868 futura
2602 1812 2871 1883 praedixit,
2901 1824 3165 1883 quatenus
3208 1827 3305 1869 eos
3334 1822 3507 1868 contra
3535 1812 3751 1867 venientem

2271 1907 2617 1963 tentationcin
2667 1916 3011 1977 praepararet,
3063 1903 3415 1963 ne'veniente
3457 1910 3747 1975 crucisperse-

2267 2014 2481 2054 cuuone
2518 2011 2574 2054 et
2623 1999 2886 2066 passionis
2928 2000 3217 2069 ignominia
3244 2042 3259 2068 ,
3320 2009 3633 2056 terrerentur.
3669 1999 3753 2055 luit

2275 2093 2416 2147 enim
2467 2093 2643 2147 minus
2674 2093 2913 2147 officiunt
2955 2108 3074 2163 qua:
3119 2094 3487 2163 praesciuntur.
3518 2092 3623 2147 Nam
3655 2090 3755 2146 subiti

2271 2197 2448 2246 casus,
2500 2184 2662 2239 etiam
2721 2183 3043 2239 fortissimos
3100 2200 3345 2256 quosque
3392 2188 3594 2241 obruere
3627 2185 3755 2240 solent.

2271 2274 2581 2345 Assumpsit,
2623 2273 2865 2345 inquam,
2907 2275 3178 2331 duodecim
3208 2276 3481 2347 discipulos
3504 2292 3620 2331 suos.
3658 2273 3755 2331 Initio

2274 2381 2386 2422 sua:
2417 2365 2811 2437 praedicationis
2838 2367 3018 2437 plures
3062 2367 3324 2424 Dominus
3357 2368 3506 2422 voluit
3545 2365 3760 2423 habereill-

2273 2458 2529 2527 scipulos,
2556 2472 2588 2513 e
2615 2458 2806 2527 quibus
2845 2458 3130 2514 duodecim
3171 2459 3367 2529 elegit,
3402 2474 3524 2529 quos
3548 2469 3593 2513 et
3616 2468 3760 2526 aposto-

2275 2554 2355 2608 los
2381 2552 2697 2620 nominavit,
2728 2552 2923 2623 quibus
2952 2553 3223 2624 evangelii
3249 2563 3562 2609 sacramenta
3585 2552 3757 2607 commit-

2275 2655 2434 2713 teret,
2476 2655 2531 2701 et
2572 2660 2664 2714 per
2693 2660 2827 2714 quos
2866 2654 3036 2701 totum
3090 2646 3353 2701 mundum
3402 2648 3463 2700 ad
3509 2661 3632 2700 suam
3661 2643 3761 2697 ﬁdem

2276 2750 2618 2797 convocaret.
2651 2739 2859 2806 Quibus
2892 2749 2947 2794 et
2982 2739 3109 2795 alibi
3136 2741 3273 2795 dicit
3300 2759 3312 2794 :
3352 2738 3448 2794 Vos
3471 2742 3574 2793 estis
3601 2740 3665 2807 qui
3689 2752 3763 2805 pa-

2278 2832 2537 2888 mansistis
2563 2848 2763 2887 mecum
2788 2833 2840 2886 in
2864 2832 3234 2887 tentationibus
3251 2834 3374 2887 meis
3404 2831 3541 2902 (Luc.
3566 2829 3686 2897 xxii).
3707 2828 3766 2881 liis

2279 2941 2410 2997 ergo
2456 2927 2767 2995 assumptis,
2802 2926 2874 2979 ait
2905 2927 3009 2980 illis
3043 2944 3055 2979 :
3094 2926 3230 2981 Ecce
3267 2927 3567 2981 ascendimus
3592 2922 3764 2977 Hieroso-

2282 3019 2496 3089 lymam,
2524 3027 2593 3072 et.
2604 3018 2745 3086 ﬁlius
2769 3018 2986 3072 hominis
3016 3017 3253 3072 tradetur
3281 3019 3575 3091 prinapibus
3597 3016 3768 3071 Sacerdo-

2280 3118 2461 3164 tumet
2490 3110 2703 3176 Scribis,
2737 3119 2784 3164 et
2834 3110 3247 3165 condemnabunt
3294 3127 3411 3166 eum
3460 3116 3616 3164 morte.
3653 3111 3769 3162 Atten-

2207 3224 2251 3285 ρ
2283 3203 2518 3260 dentium
2569 3205 2711 3273 quod
2769 3204 3025 3259 Dominus
3058 3204 3254 3260 Filium
3288 3204 3512 3261 hominis
3550 3202 3769 3258 tradendum

2279 3309 2334 3355 et
2362 3309 2532 3354 morte
2560 3298 3023 3354 condemnandum
3053 3300 3199 3367 dicit,
3248 3303 3339 3371 qui
3371 3316 3487 3354 cum
3514 3299 3573 3354 sit
3593 3298 3692 3352 idem
3711 3292 3768 3348 Fi-

2279 3392 2384 3447 lius
2415 3392 2533 3459 Dei,
2560 3401 2617 3447 et.
2655 3392 2822 3446 Filius
2849 3375 3082 3447 hominis
3136 3394 3400 3449 Dominus
3429 3390 3763 3451 JesusCliristus,

2277 3485 2421 3540 solus
2451 3494 2629 3541 tamen
2659 3484 2822 3540 Filius
2849 3485 3103 3553 hominis,
3134 3486 3189 3541 id
3220 3498 3327 3552 est,
3354 3488 3627 3547 humanitas,
3644 3494 3759 3534 assu-

2281 3578 2375 3643 mi,
2406 3576 2563 3641 tradi,
2596 3577 3004 3647 comprehendi,
3035 3592 3099 3633 ac
3123 3578 3369 3648 passioni
3398 3579 3625 3646 mortique
3646 3568 3770 3639 subj:-

2282 3686 2407 3727 ccre
2438 3674 2625 3741 potuit.
2659 3672 2829 3728 Simul
2852 3681 2907 3727 et
2938 3671 3068 3727 illud
3090 3672 3559 3738 considerandum,
3581 3667 3771 3738 quinm

2280 3765 2333 3819 iu
2363 3766 2605 3819 omnibus
2634 3766 2803 3819 sancti
2843 3765 3110 3831 Evangelii
3140 3764 3280 3821 locis
3322 3767 3493 3835 potius
3518 3778 3568 3817 se
3605 3760 3772 3813 Dominus

2285 3858 2325 3913 F
2330 3856 2477 3913 ilium
2509 3858 2740 3912 hominis
2772 3874 2928 3927 quam
2969 3858 3159 3913 Filium
3192 3859 3294 3915 Dei
3323 3858 3557 3930 appellat,
3584 3866 3630 3909 ut
3650 3848 3769 3905 ﬁdeli.
3870 3896 3871 3903 η

2281 3960 2367 4008 cet
2413 3951 2569 4005 nobis
2617 3950 2682 4005 ad
2731 3951 3046 4005 memoriam
3100 3951 3351 4018 reducat,
3409 3952 3522 4022 quid
3571 3962 3646 4018 pro
3677 3940 3771 3998 nobis

2282 4042 2451 4098 factus
2481 4044 2571 4097 sit.
2605 4042 2735 4097 Nam
2766 4044 2856 4113 qui
2886 4053 3004 4098 erat
3036 4044 3176 4098 Deus
3205 4047 3455 4101 excelsus
3482 4057 3619 4111 super
3639 4035 3769 4095 omnia.

2283 4135 2456 4192 factus
2505 4147 2586 4191 est
2639 4141 2802 4191 homo
2854 4137 3067 4192 humilis
3111 4138 3252 4193 inter
3304 4139 3496 4193 omnia.
3530 4134 3618 4193 Sed
3646 4136 3770 4201 omnia

2283 4230 2452 4297 magis
2480 4228 2572 4283 ille
2605 4228 2953 4283 humanitatis
2982 4243 3097 4284 sua:
3124 4229 3313 4284 infima
3338 4229 3657 4291 commendat,
3680 4230 3771 4274 tanto

2283 4322 2450 4391 magis
2479 4336 2576 4375 nos
2598 4322 2843 4376 sublimia
2870 4322 3162 4378 divinitatis
3194 4326 3317 4392 ejus
3350 4322 3578 4379 venerari
3597 4336 3645 4372 ac
3667 4312 3771 4385 glori—

2282 4416 2444 4472 ficare
2472 4425 2704 4485 Oportet.
2739 4415 3011 4482 Tradetur,
3044 4418 3140 4482 ait,
3171 4419 3494 4489 principibus
3518 4413 3771 4469 sacerdotio

2284 4506 2522 4563 Primum
2573 4509 2715 4564 enim
2772 4509 2837 4563 ad
2895 4511 3103 4565 Annam
3146 4511 3503 4574 sacerdotem,
3555 4503 3702 4562 deinde
3734 4493 3773 4549 ad

2202 4610 2256 4673 ι)
2281 4600 2500 4669 Caiphae
2528 4601 2751 4656 domum
2781 4602 3042 4657 adductus
3070 4611 3172 4669 est,
3204 4604 3297 4672 qui
3338 4614 3451 4659 erat
3481 4597 3672 4669 pontifex
3695 4584 3774 4645 anni

2285 4693 2449 4751 illius.
2500 4694 2567 4749 Et
2612 4695 3025 4750 condemnabam
3074 4712 3189 4751 eum
3238 4708 3422 4752 morte.
3458 4692 3774 4751 Etenimtuoﬂe

2283 4802 2404 4843 eum
2427 4788 2942 4855 condemnaveruut,
2967 4788 3180 4858 quando
3201 4789 3561 4843 clamaverunt
3579 4783 3770 4838 dicentes:

2286 4881 2422 4936 Reus
2440 4882 2700 4936 estmortis
2716 4879 2929 4953 (Matth.
2959 4882 3128 4950 xxvx).
3158 4882 3220 4935 Et
3245 4898 3259 4934 :
3291 4880 3455 4945 Tulle,
3471 4878 3595 4937 tolle,
3615 4867 3776 4937 εηιίρςι

2284 4988 2398 5027 eum
2445 4971 2626 5044 (Joan.
2650 4972 2784 5041 xix).
2818 4970 2885 5025 Et
2914 4972 3116 5025 tradent
3146 4987 3262 5026 eum
3286 4969 3511 5043 gentibus
3547 4966 3605 5020 ad
3628 4960 3776 5018 illam-

2284 5066 2430 5120 dum.
2462 5065 2715 5120 Traditus
2746 5076 2826 5120 est
2848 5066 3119 5136 gentibus,
3149 5064 3443 5135 quia‘sicut
3469 5072 3622 5118 textus
3641 5050 3777 5127 passio-

2286 5158 2367 5213 nis
2396 5158 2512 5226 ejus
2546 5165 2729 5226 aperte
2781 5156 3033 5227 loquitur,
3067 5158 3306 5211 vinctum
3353 5155 3654 5211 adduxerunt
3679 5153 3773 5200 eum.

2285 5259 2340 5305 et
2369 5248 2701 5305 tradiderunt
2720 5264 2843 5304 eum
2871 5246 3063 5305 Pontio
3092 5248 3263 5303 Pilato
3294 5246 3525 5318 praesidi,
3552 5242 3626 5312 qui
3652 5235 3771 5300 ιιιῑιιυο

2290 5356 2394 5398 non
2429 5342 2645 5397 Judaeus
2675 5351 2808 5397 erat.
2840 5340 2959 5410 Ipse
2989 5356 3119 5397 vero
3148 5341 3475 5410 ﬂagellatum
3502 5351 3607 5393 eum
3633 5320 3774 5383 tradidit

2284 5436 2539 5492 militibus
2586 5435 2840 5491 Romanis
2880 5435 2948 5491 ad
2976 5435 3429 5507 crucifigendum.
3458 5426 3697 5488 Sciendum
3718 5430 3776 5469 su-

2285 5543 2390 5588 tem
2445 5531 2733 5586 Dominum
2784 5546 2814 5584 a
2865 5531 3046 5587 multis
3099 5531 3262 5585 fuisse
3320 5529 3578 5584 traditum.
3614 5509 3775 5573 Tradidit

2284 5638 2514 5693 namque
2541 5639 2664 5678 eum
2692 5622 2832 5678 Deus
2862 5623 3037 5691 Pater,
3076 5623 3224 5693 juxta
3257 5621 3399 5692 quod
3428 5614 3674 5687 Apostolus
3704 5604 3773 5697 ait:

2285 5718 2385 5783 Qui
2429 5690 2642 5787 proprio
2693 5717 2802 5784 ﬁlio
2859 5732 2953 5772 suo
3012 5690 3112 5771 non
3163 5690 3420 5786 pepercit,
3466 5707 3545 5762 sed
3579 5716 3653 5775 pro
3680 5690 3773 5747 κοθίί

2282 5812 2513 5866 omnibus
2556 5811 2768 5865 tradidit
2825 5810 2974 5864 illum
3004 5808 3185 5881 (Rom.
3213 5806 3357 5874 vm).
3395 5799 3675 5859 T-radiditse

2283 5902 2442 5974 illius,
2475 5902 2666 5960 eodem
2698 5902 2958 5973 Apostoio
2984 5876 3195 5959 dicente
3225 5916 3240 5952 :
3278 5898 3379 5964 Qui
3424 5893 3587 5948 dilexit
3625 5896 3708 5939 not.
3740 5876 3770 5922 ⁸⁸
