  <div class='ocr_page' id='page_1' title='image "/cluster/home/n/w/nwhite01/storage/ocr_20150623/95/hvd.32044010719722/654.png"; bbox 0 0 3972 6340; ppageno 0'>
   <div class='ocr_carea' id='block_1_1' title="bbox 186 343 327 401">
    <p class='ocr_par' dir='ltr' id='par_1_1' title="bbox 186 343 327 401">
     <span class='ocr_line' id='line_1_1' title="bbox 186 343 327 401; baseline 0.014 -2"><span class='ocrx_word' id='word_1_1' title='bbox 186 343 327 401; x_wconf 72' lang='grc'><strong>1249</strong></span> 
     </span>
    </p>
   </div>
   <div class='ocr_carea' id='block_1_2' title="bbox 1177 334 2475 399">
    <p class='ocr_par' dir='ltr' id='par_1_2' title="bbox 1177 334 2475 399">
     <span class='ocr_line' id='line_1_2' title="bbox 1177 334 2475 399; baseline -0.005 -1"><span class='ocrx_word' id='word_1_2' title='bbox 1177 337 1647 399; x_wconf 81' lang='lat' dir='ltr'><strong>HOMILIARIUS.</strong></span> <span class='ocrx_word' id='word_1_3' title='bbox 1692 364 1761 380; x_wconf 90' lang='lat'><strong><em>—</em></strong></span> <span class='ocrx_word' id='word_1_4' title='bbox 1798 334 1965 395; x_wconf 69' lang='lat' dir='ltr'><strong>80M.</strong></span> <span class='ocrx_word' id='word_1_5' title='bbox 2005 335 2096 392; x_wconf 80' lang='lat' dir='ltr'><strong>DE</strong></span> <span class='ocrx_word' id='word_1_6' title='bbox 2132 335 2475 393; x_wconf 79' lang='lat' dir='ltr'><strong>TEMPORE.</strong></span> 
     </span>
    </p>
   </div>
   <div class='ocr_carea' id='block_1_3' title="bbox 3322 331 3464 391">
    <p class='ocr_par' dir='ltr' id='par_1_3' title="bbox 3322 331 3464 391">
     <span class='ocr_line' id='line_1_3' title="bbox 3322 331 3464 391; baseline -0.007 -1"><span class='ocrx_word' id='word_1_7' title='bbox 3322 331 3464 391; x_wconf 65' lang='lat'><strong>1250</strong></span> 
     </span>
    </p>
   </div>
   <div class='ocr_carea' id='block_1_4' title="bbox 184 446 3451 524">
    <p class='ocr_par' dir='ltr' id='par_1_4' title="bbox 184 446 3451 524">
     <span class='ocr_line' id='line_1_4' title="bbox 184 446 3451 524; baseline -0.001 -12"><span class='ocrx_word' id='word_1_8' title='bbox 184 455 399 513; x_wconf 82' lang='lat' dir='ltr'><strong>tradidit</strong></span> <span class='ocrx_word' id='word_1_9' title='bbox 442 454 768 524; x_wconf 73' lang='lat' dir='ltr'><strong>semetipsum</strong></span> <span class='ocrx_word' id='word_1_10' title='bbox 812 468 904 524; x_wconf 82' lang='lat' dir='ltr'><strong>pro</strong></span> <span class='ocrx_word' id='word_1_11' title='bbox 946 452 1089 508; x_wconf 84' lang='lat' dir='ltr'><strong>nobis</strong></span> <span class='ocrx_word' id='word_1_12' title='bbox 1126 452 1272 521; x_wconf 83' lang='lat' dir='ltr'><strong>(Gal.</strong></span> <span class='ocrx_word' id='word_1_13' title='bbox 1302 454 1387 523; x_wconf 89' lang='grc' dir='ltr'><strong>ιι).</strong></span> <span class='ocrx_word' id='word_1_14' title='bbox 1417 450 1769 520; x_wconf 85' lang='lat' dir='ltr'><strong>Tradiditque</strong></span> <span class='ocrx_word' id='word_1_15' title='bbox 1798 451 1849 510; x_wconf 83' lang='lat' dir='ltr'><strong>A</strong></span> <span class='ocrx_word' id='word_1_16' title='bbox 1878 448 2086 503; x_wconf 90' lang='lat' dir='ltr'><strong>volebat</strong></span> <span class='ocrx_word' id='word_1_17' title='bbox 2128 462 2346 519; x_wconf 78' lang='lat' dir='ltr'><strong>regnum</strong></span> <span class='ocrx_word' id='word_1_18' title='bbox 2394 448 2700 519; x_wconf 71' lang='lat' dir='ltr'><strong>impetrare.</strong></span> <span class='ocrx_word' id='word_1_19' title='bbox 2729 446 2883 517; x_wconf 87' lang='lat' dir='ltr'><strong>Quod</strong></span> <span class='ocrx_word' id='word_1_20' title='bbox 2919 464 3046 506; x_wconf 90' lang='lat' dir='ltr'><strong>vero</strong></span> <span class='ocrx_word' id='word_1_21' title='bbox 3067 450 3324 508; x_wconf 87' lang='lat' dir='ltr'><strong>Dominus</strong></span> <span class='ocrx_word' id='word_1_22' title='bbox 3368 453 3451 509; x_wconf 89' lang='lat' dir='ltr'><strong>in-</strong></span> 
     </span>
    </p>
   </div>
   <div class='ocr_carea' id='block_1_5' title="bbox 181 542 1766 611">
    <p class='ocr_par' dir='ltr' id='par_1_5' title="bbox 181 542 1766 611">
     <span class='ocr_line' id='line_1_5' title="bbox 181 542 1766 611; baseline -0.006 -5"><span class='ocrx_word' id='word_1_23' title='bbox 181 564 305 607; x_wconf 85' lang='lat' dir='ltr'><strong>cum</strong></span> <span class='ocrx_word' id='word_1_24' title='bbox 356 545 520 603; x_wconf 83' lang='lat' dir='ltr'><strong>Judas</strong></span> <span class='ocrx_word' id='word_1_25' title='bbox 567 545 982 611; x_wconf 73' lang='lat' dir='ltr'><strong>Judaeis,Judtei</strong></span> <span class='ocrx_word' id='word_1_26' title='bbox 1036 545 1381 600; x_wconf 85' lang='lat' dir='ltr'><strong>nihilominus</strong></span> <span class='ocrx_word' id='word_1_27' title='bbox 1432 542 1766 599; x_wconf 85' lang='lat' dir='ltr'><strong>tradiderunt</strong></span> 
     </span>
    </p>
   </div>
   <div class='ocr_carea' id='block_1_6' title="bbox 182 637 1774 705">
    <p class='ocr_par' dir='ltr' id='par_1_6' title="bbox 182 637 1774 705">
     <span class='ocr_line' id='line_1_6' title="bbox 182 637 1774 705; baseline -0.004 -8"><span class='ocrx_word' id='word_1_28' title='bbox 182 656 306 697; x_wconf 90' lang='lat' dir='ltr'><strong>eum</strong></span> <span class='ocrx_word' id='word_1_29' title='bbox 338 638 523 693; x_wconf 90' lang='lat' dir='ltr'><strong>Pilato.</strong></span> <span class='ocrx_word' id='word_1_30' title='bbox 554 638 770 705; x_wconf 86' lang='lat' dir='ltr'><strong>Pilatus,</strong></span> <span class='ocrx_word' id='word_1_31' title='bbox 806 646 866 695; x_wconf 87' lang='lat' dir='ltr'><strong>ut</strong></span> <span class='ocrx_word' id='word_1_32' title='bbox 891 639 1092 696; x_wconf 92' lang='lat' dir='ltr'><strong>dictum</strong></span> <span class='ocrx_word' id='word_1_33' title='bbox 1122 650 1227 705; x_wconf 89' lang='lat' dir='ltr'><strong>est,</strong></span> <span class='ocrx_word' id='word_1_34' title='bbox 1269 637 1486 695; x_wconf 87' lang='lat' dir='ltr'><strong>tradidit</strong></span> <span class='ocrx_word' id='word_1_35' title='bbox 1518 653 1641 694; x_wconf 92' lang='lat' dir='ltr'><strong>eum</strong></span> <span class='ocrx_word' id='word_1_36' title='bbox 1674 640 1774 692; x_wconf 78' lang='lat' dir='ltr'><strong>mi-</strong></span> 
     </span>
    </p>
   </div>
   <div class='ocr_carea' id='block_1_7' title="bbox 182 730 1778 804">
    <p class='ocr_par' dir='ltr' id='par_1_7' title="bbox 182 730 1778 804">
     <span class='ocr_line' id='line_1_7' title="bbox 182 730 1778 804; baseline -0.002 -17"><span class='ocrx_word' id='word_1_37' title='bbox 182 732 389 789; x_wconf 91' lang='lat' dir='ltr'><strong>litibus.</strong></span> <span class='ocrx_word' id='word_1_38' title='bbox 423 732 482 791; x_wconf 88' lang='lat' dir='ltr'><strong>Si</strong></span> <span class='ocrx_word' id='word_1_39' title='bbox 503 748 630 804; x_wconf 90' lang='lat' dir='ltr'><strong>ergo</strong></span> <span class='ocrx_word' id='word_1_40' title='bbox 660 734 799 789; x_wconf 89' lang='lat' dir='ltr'><strong>Deus</strong></span> <span class='ocrx_word' id='word_1_41' title='bbox 830 733 985 787; x_wconf 89' lang='lat' dir='ltr'><strong>Pater</strong></span> <span class='ocrx_word' id='word_1_42' title='bbox 1009 732 1225 787; x_wconf 87' lang='lat' dir='ltr'><strong>tradidit</strong></span> <span class='ocrx_word' id='word_1_43' title='bbox 1258 746 1402 798; x_wconf 91' lang='lat' dir='ltr'><strong>eum,</strong></span> <span class='ocrx_word' id='word_1_44' title='bbox 1426 740 1481 786; x_wconf 91' lang='lat' dir='ltr'><strong>et</strong></span> <span class='ocrx_word' id='word_1_45' title='bbox 1502 731 1545 784; x_wconf 91' lang='lat' dir='ltr'><strong>si</strong></span> <span class='ocrx_word' id='word_1_46' title='bbox 1566 744 1625 784; x_wconf 92' lang='lat' dir='ltr'><strong>se</strong></span> <span class='ocrx_word' id='word_1_47' title='bbox 1663 730 1778 799; x_wconf 90' lang='lat' dir='ltr'><strong>ipse</strong></span> 
     </span>
    </p>
   </div>
   <div class='ocr_carea' id='block_1_8' title="bbox 182 819 1775 897">
    <p class='ocr_par' dir='ltr' id='par_1_8' title="bbox 182 819 1775 897">
     <span class='ocr_line' id='line_1_8' title="bbox 182 819 1775 897; baseline -0.003 -16"><span class='ocrx_word' id='word_1_48' title='bbox 182 825 425 894; x_wconf 85' lang='lat' dir='ltr'><strong>tradidit,</strong></span> <span class='ocrx_word' id='word_1_49' title='bbox 479 826 604 897; x_wconf 93' lang='lat' dir='ltr'><strong>quid</strong></span> <span class='ocrx_word' id='word_1_50' title='bbox 660 825 825 881; x_wconf 75' lang='lat' dir='ltr'><strong>ludas</strong></span> <span class='ocrx_word' id='word_1_51' title='bbox 858 835 914 882; x_wconf 88' lang='lat' dir='ltr'><strong>et</strong></span> <span class='ocrx_word' id='word_1_52' title='bbox 960 823 1129 879; x_wconf 68' lang='lat' dir='ltr'><strong>Judaei</strong></span> <span class='ocrx_word' id='word_1_53' title='bbox 1178 821 1581 893; x_wconf 85' lang='lat' dir='ltr'><strong>peccaverunt?</strong></span> <span class='ocrx_word' id='word_1_54' title='bbox 1632 819 1775 888; x_wconf 86' lang='lat' dir='ltr'><strong>Quid</strong></span> 
     </span>
    </p>
   </div>
   <div class='ocr_carea' id='block_1_9' title="bbox 180 906 1774 985">
    <p class='ocr_par' dir='ltr' id='par_1_9' title="bbox 180 906 1774 985">
     <span class='ocr_line' id='line_1_9' title="bbox 180 906 1774 985; baseline -0.004 -12"><span class='ocrx_word' id='word_1_55' title='bbox 180 927 389 973; x_wconf 80' lang='lat' dir='ltr'><strong>tantum</strong></span> <span class='ocrx_word' id='word_1_56' title='bbox 437 918 655 973; x_wconf 84' lang='lat' dir='ltr'><strong>sceleris</strong></span> <span class='ocrx_word' id='word_1_57' title='bbox 696 918 1054 985; x_wconf 83' lang='lat' dir='ltr'><strong>admiserunt,</strong></span> <span class='ocrx_word' id='word_1_58' title='bbox 1087 925 1145 971; x_wconf 88' lang='lat' dir='ltr'><strong>ut</strong></span> <span class='ocrx_word' id='word_1_59' title='bbox 1173 918 1251 971; x_wconf 89' lang='lat' dir='ltr'><strong>sic</strong></span> <span class='ocrx_word' id='word_1_60' title='bbox 1298 915 1504 970; x_wconf 90' lang='lat' dir='ltr'><strong>horrori</strong></span> <span class='ocrx_word' id='word_1_61' title='bbox 1536 921 1584 968; x_wconf 89' lang='lat' dir='ltr'><strong>et</strong></span> <span class='ocrx_word' id='word_1_62' title='bbox 1617 906 1774 968; x_wconf 49' lang='lat' dir='ltr'><strong>exse;</strong></span> 
     </span>
    </p>
   </div>
   <div class='ocr_carea' id='block_1_10' title="bbox 178 1005 1771 1067">
    <p class='ocr_par' dir='ltr' id='par_1_10' title="bbox 178 1005 1771 1067">
     <span class='ocr_line' id='line_1_10' title="bbox 178 1005 1771 1067; baseline -0.004 0"><span class='ocrx_word' id='word_1_63' title='bbox 178 1012 409 1067; x_wconf 90' lang='lat' dir='ltr'><strong>crationi</strong></span> <span class='ocrx_word' id='word_1_64' title='bbox 439 1012 548 1067; x_wconf 89' lang='lat' dir='ltr'><strong>sint</strong></span> <span class='ocrx_word' id='word_1_65' title='bbox 574 1012 820 1066; x_wconf 88' lang='lat' dir='ltr'><strong>omnibus</strong></span> <span class='ocrx_word' id='word_1_66' title='bbox 850 1010 902 1066; x_wconf 90' lang='lat' dir='ltr'><strong>in</strong></span> <span class='ocrx_word' id='word_1_67' title='bbox 943 1009 1215 1066; x_wconf 80' lang='lat' dir='ltr'><strong>Christum</strong></span> <span class='ocrx_word' id='word_1_68' title='bbox 1248 1007 1635 1063; x_wconf 86' lang='lat' dir='ltr'><strong>credentibus?</strong></span> <span class='ocrx_word' id='word_1_69' title='bbox 1665 1005 1771 1061; x_wconf 88' lang='lat' dir='ltr'><strong>Sed</strong></span> 
     </span>
    </p>
   </div>
   <div class='ocr_carea' id='block_1_11' title="bbox 181 1098 1777 1173">
    <p class='ocr_par' dir='ltr' id='par_1_11' title="bbox 181 1098 1777 1173">
     <span class='ocr_line' id='line_1_11' title="bbox 181 1098 1777 1173; baseline -0.004 -15"><span class='ocrx_word' id='word_1_70' title='bbox 181 1103 235 1159; x_wconf 92' lang='lat' dir='ltr'><strong>in</strong></span> <span class='ocrx_word' id='word_1_71' title='bbox 261 1118 447 1160; x_wconf 84' lang='lat' dir='ltr'><strong>reuna</strong></span> <span class='ocrx_word' id='word_1_72' title='bbox 475 1104 654 1173; x_wconf 87' lang='lat' dir='ltr'><strong>dispar</strong></span> <span class='ocrx_word' id='word_1_73' title='bbox 681 1104 778 1159; x_wconf 82' lang='lat' dir='ltr'><strong>fuit</strong></span> <span class='ocrx_word' id='word_1_74' title='bbox 804 1103 1049 1159; x_wconf 80' lang='lat' dir='ltr'><strong>aﬂ&#39;ectus.</strong></span> <span class='ocrx_word' id='word_1_75' title='bbox 1082 1102 1231 1168; x_wconf 85' lang='lat' dir='ltr'><strong>Quod</strong></span> <span class='ocrx_word' id='word_1_76' title='bbox 1262 1101 1404 1156; x_wconf 90' lang='lat' dir='ltr'><strong>enim</strong></span> <span class='ocrx_word' id='word_1_77' title='bbox 1438 1098 1574 1154; x_wconf 87' lang='lat' dir='ltr'><strong>Deus</strong></span> <span class='ocrx_word' id='word_1_78' title='bbox 1608 1098 1777 1153; x_wconf 84' lang='lat' dir='ltr'><strong>Pater</strong></span> 
     </span>
    </p>
   </div>
   <div class='ocr_carea' id='block_1_12' title="bbox 180 1193 1766 1261">
    <p class='ocr_par' dir='ltr' id='par_1_12' title="bbox 180 1193 1766 1261">
     <span class='ocr_line' id='line_1_12' title="bbox 180 1193 1766 1261; baseline -0.003 -9"><span class='ocrx_word' id='word_1_79' title='bbox 180 1212 304 1253; x_wconf 92' lang='lat' dir='ltr'><strong>cum</strong></span> <span class='ocrx_word' id='word_1_80' title='bbox 350 1207 553 1253; x_wconf 78' lang='lat' dir='ltr'><strong>aeterno</strong></span> <span class='ocrx_word' id='word_1_81' title='bbox 580 1199 681 1253; x_wconf 86' lang='lat' dir='ltr'><strong>sibi</strong></span> <span class='ocrx_word' id='word_1_82' title='bbox 714 1198 849 1252; x_wconf 79' lang='lat' dir='ltr'><strong>Filio</strong></span> <span class='ocrx_word' id='word_1_83' title='bbox 878 1198 1021 1261; x_wconf 81' lang='lat' dir='ltr'><strong>fecit,</strong></span> <span class='ocrx_word' id='word_1_84' title='bbox 1052 1211 1235 1253; x_wconf 87' lang='lat' dir='ltr'><strong>amore</strong></span> <span class='ocrx_word' id='word_1_85' title='bbox 1263 1207 1317 1252; x_wconf 90' lang='lat' dir='ltr'><strong>et</strong></span> <span class='ocrx_word' id='word_1_86' title='bbox 1345 1196 1631 1251; x_wconf 84' lang='lat' dir='ltr'><strong>dilectione</strong></span> <span class='ocrx_word' id='word_1_87' title='bbox 1659 1193 1766 1248; x_wconf 85' lang='lat' dir='ltr'><strong>hu-</strong></span> 
     </span>
    </p>
   </div>
   <div class='ocr_carea' id='block_1_13' title="bbox 182 1286 1780 1359">
    <p class='ocr_par' dir='ltr' id='par_1_13' title="bbox 182 1286 1780 1359">
     <span class='ocr_line' id='line_1_13' title="bbox 182 1286 1780 1359; baseline -0.003 -15"><span class='ocrx_word' id='word_1_88' title='bbox 182 1290 326 1344; x_wconf 87' lang='lat' dir='ltr'><strong>mani</strong></span> <span class='ocrx_word' id='word_1_89' title='bbox 355 1288 567 1359; x_wconf 77' lang='lat' dir='ltr'><strong>generis</strong></span> <span class='ocrx_word' id='word_1_90' title='bbox 610 1291 708 1345; x_wconf 91' lang='lat' dir='ltr'><strong>hoc</strong></span> <span class='ocrx_word' id='word_1_91' title='bbox 753 1290 875 1345; x_wconf 77' lang='lat' dir='ltr'><strong>fecit</strong></span> <span class='ocrx_word' id='word_1_92' title='bbox 901 1306 913 1341; x_wconf 90' lang='lat'><strong>:</strong></span> <span class='ocrx_word' id='word_1_93' title='bbox 944 1289 1110 1344; x_wconf 74' lang='lat' dir='ltr'><strong>ludas</strong></span> <span class='ocrx_word' id='word_1_94' title='bbox 1140 1304 1267 1344; x_wconf 90' lang='lat' dir='ltr'><strong>vero</strong></span> <span class='ocrx_word' id='word_1_95' title='bbox 1295 1298 1348 1343; x_wconf 88' lang='lat' dir='ltr'><strong>et</strong></span> <span class='ocrx_word' id='word_1_96' title='bbox 1371 1287 1540 1342; x_wconf 64' lang='lat' dir='ltr'><strong>Judaei</strong></span> <span class='ocrx_word' id='word_1_97' title='bbox 1572 1286 1698 1342; x_wconf 89' lang='lat' dir='ltr'><strong>odio</strong></span> <span class='ocrx_word' id='word_1_98' title='bbox 1724 1292 1780 1340; x_wconf 87' lang='lat' dir='ltr'><strong>et</strong></span> 
     </span>
    </p>
   </div>
   <div class='ocr_carea' id='block_1_14' title="bbox 180 1377 1776 1451">
    <p class='ocr_par' dir='ltr' id='par_1_14' title="bbox 180 1377 1776 1451">
     <span class='ocr_line' id='line_1_14' title="bbox 180 1377 1776 1451; baseline -0.003 -16"><span class='ocrx_word' id='word_1_99' title='bbox 180 1380 383 1436; x_wconf 83' lang='lat' dir='ltr'><strong>invidia</strong></span> <span class='ocrx_word' id='word_1_100' title='bbox 419 1381 521 1437; x_wconf 91' lang='lat' dir='ltr'><strong>hoc</strong></span> <span class='ocrx_word' id='word_1_101' title='bbox 551 1380 813 1437; x_wconf 81' lang='lat' dir='ltr'><strong>fecerunt.</strong></span> <span class='ocrx_word' id='word_1_102' title='bbox 848 1382 1081 1451; x_wconf 87' lang='lat' dir='ltr'><strong>Ideoque</strong></span> <span class='ocrx_word' id='word_1_103' title='bbox 1111 1381 1253 1436; x_wconf 92' lang='lat' dir='ltr'><strong>Deus</strong></span> <span class='ocrx_word' id='word_1_104' title='bbox 1284 1380 1439 1434; x_wconf 85' lang='lat' dir='ltr'><strong>Pater</strong></span> <span class='ocrx_word' id='word_1_105' title='bbox 1467 1377 1776 1449; x_wconf 80' lang='lat' dir='ltr'><strong>dignissime</strong></span> 
     </span>
    </p>
   </div>
   <div class='ocr_carea' id='block_1_15' title="bbox 180 1473 1817 1539">
    <p class='ocr_par' dir='ltr' id='par_1_15' title="bbox 180 1473 1817 1539">
     <span class='ocr_line' id='line_1_15' title="bbox 180 1473 1817 1539; baseline -0.003 -8"><span class='ocrx_word' id='word_1_106' title='bbox 180 1490 307 1530; x_wconf 88' lang='lat' dir='ltr'><strong>cum</strong></span> <span class='ocrx_word' id='word_1_107' title='bbox 347 1474 565 1531; x_wconf 91' lang='lat' dir='ltr'><strong>Christo</strong></span> <span class='ocrx_word' id='word_1_108' title='bbox 597 1476 730 1531; x_wconf 84' lang='lat' dir='ltr'><strong>Filio</strong></span> <span class='ocrx_word' id='word_1_109' title='bbox 772 1490 870 1530; x_wconf 89' lang='lat' dir='ltr'><strong>suo</strong></span> <span class='ocrx_word' id='word_1_110' title='bbox 901 1475 1254 1539; x_wconf 90' lang='lat' dir='ltr'><strong>benedicitur,</strong></span> <span class='ocrx_word' id='word_1_111' title='bbox 1285 1484 1340 1530; x_wconf 89' lang='lat' dir='ltr'><strong>et</strong></span> <span class='ocrx_word' id='word_1_112' title='bbox 1364 1473 1632 1530; x_wconf 82' lang='lat' dir='ltr'><strong>continuis</strong></span> <span class='ocrx_word' id='word_1_113' title='bbox 1660 1473 1779 1527; x_wconf 85' lang='lat' dir='ltr'><strong>lau-</strong></span> <span class='ocrx_word' id='word_1_114' title='bbox 1807 1505 1817 1513; x_wconf 67' lang='grc' dir='ltr'><strong><em>η</em></strong></span> 
     </span>
    </p>
   </div>
   <div class='ocr_carea' id='block_1_16' title="bbox 181 1569 1774 1640">
    <p class='ocr_par' dir='ltr' id='par_1_16' title="bbox 181 1569 1774 1640">
     <span class='ocr_line' id='line_1_16' title="bbox 181 1569 1774 1640; baseline -0.001 -16"><span class='ocrx_word' id='word_1_115' title='bbox 181 1570 343 1625; x_wconf 91' lang='lat' dir='ltr'><strong>dibus</strong></span> <span class='ocrx_word' id='word_1_116' title='bbox 380 1570 728 1640; x_wconf 65' lang='lat' dir='ltr'><strong>praedicatur,</strong></span> <span class='ocrx_word' id='word_1_117' title='bbox 768 1569 845 1625; x_wconf 92' lang='lat' dir='ltr'><strong>illi</strong></span> <span class='ocrx_word' id='word_1_118' title='bbox 890 1585 1020 1626; x_wconf 92' lang='lat' dir='ltr'><strong>vero</strong></span> <span class='ocrx_word' id='word_1_119' title='bbox 1056 1585 1254 1625; x_wconf 61' lang='lat' dir='ltr'><strong>aeterna</strong></span> <span class='ocrx_word' id='word_1_120' title='bbox 1299 1569 1680 1624; x_wconf 89' lang='lat' dir='ltr'><strong>maledictione</strong></span> <span class='ocrx_word' id='word_1_121' title='bbox 1716 1576 1774 1622; x_wconf 86' lang='lat' dir='ltr'><strong>et</strong></span> 
     </span>
    </p>
   </div>
   <div class='ocr_carea' id='block_1_17' title="bbox 180 1662 1783 1734">
    <p class='ocr_par' dir='ltr' id='par_1_17' title="bbox 180 1662 1783 1734">
     <span class='ocr_line' id='line_1_17' title="bbox 180 1662 1783 1734; baseline -0.004 -15"><span class='ocrx_word' id='word_1_122' title='bbox 180 1664 450 1734; x_wconf 89' lang='lat' dir='ltr'><strong>supplicio</strong></span> <span class='ocrx_word' id='word_1_123' title='bbox 471 1664 919 1720; x_wconf 87' lang='lat' dir='ltr'><strong>condemnantur.</strong></span> <span class='ocrx_word' id='word_1_124' title='bbox 942 1664 1220 1732; x_wconf 89' lang='lat' dir='ltr'><strong>Tradetur,</strong></span> <span class='ocrx_word' id='word_1_125' title='bbox 1244 1664 1436 1733; x_wconf 90' lang='lat' dir='ltr'><strong>inquit,</strong></span> <span class='ocrx_word' id='word_1_126' title='bbox 1460 1662 1693 1732; x_wconf 81' lang='lat' dir='ltr'><strong>gentibus</strong></span> <span class='ocrx_word' id='word_1_127' title='bbox 1714 1662 1783 1714; x_wconf 87' lang='lat' dir='ltr'><strong>ad</strong></span> 
     </span>
    </p>
   </div>
   <div class='ocr_carea' id='block_1_18' title="bbox 180 1754 1774 1827">
    <p class='ocr_par' dir='ltr' id='par_1_18' title="bbox 180 1754 1774 1827">
     <span class='ocr_line' id='line_1_18' title="bbox 180 1754 1774 1827; baseline -0.002 -16"><span class='ocrx_word' id='word_1_128' title='bbox 180 1754 508 1811; x_wconf 79' lang='lat' dir='ltr'><strong>illudendum</strong></span> <span class='ocrx_word' id='word_1_129' title='bbox 561 1767 611 1811; x_wconf 89' lang='lat' dir='ltr'><strong>et</strong></span> <span class='ocrx_word' id='word_1_130' title='bbox 666 1756 1060 1827; x_wconf 80' lang='lat' dir='ltr'><strong>ﬂagellandum.</strong></span> <span class='ocrx_word' id='word_1_131' title='bbox 1112 1755 1306 1811; x_wconf 85' lang='lat' dir='ltr'><strong>Illosus</strong></span> <span class='ocrx_word' id='word_1_132' title='bbox 1363 1765 1447 1811; x_wconf 87' lang='lat' dir='ltr'><strong>est</strong></span> <span class='ocrx_word' id='word_1_133' title='bbox 1493 1754 1774 1819; x_wconf 89' lang='lat' dir='ltr'><strong>Dominus,</strong></span> 
     </span>
    </p>
   </div>
   <div class='ocr_carea' id='block_1_19' title="bbox 1881 539 3456 615">
    <p class='ocr_par' dir='ltr' id='par_1_19' title="bbox 1881 539 3456 615">
     <span class='ocr_line' id='line_1_19' title="bbox 1881 539 3456 615; baseline 0.006 -22"><span class='ocrx_word' id='word_1_134' title='bbox 1881 545 2116 610; x_wconf 83' lang='lat' dir='ltr'><strong>terrogat</strong></span> <span class='ocrx_word' id='word_1_135' title='bbox 2151 539 2275 610; x_wconf 90' lang='lat' dir='ltr'><strong>quid</strong></span> <span class='ocrx_word' id='word_1_136' title='bbox 2330 539 2414 594; x_wconf 93' lang='lat' dir='ltr'><strong>illa</strong></span> <span class='ocrx_word' id='word_1_137' title='bbox 2453 540 2632 607; x_wconf 81' lang='lat' dir='ltr'><strong>vellet,</strong></span> <span class='ocrx_word' id='word_1_138' title='bbox 2685 556 2790 596; x_wconf 92' lang='lat' dir='ltr'><strong>non</strong></span> <span class='ocrx_word' id='word_1_139' title='bbox 2814 541 2882 597; x_wconf 89' lang='lat' dir='ltr'><strong>de</strong></span> <span class='ocrx_word' id='word_1_140' title='bbox 2930 540 3232 613; x_wconf 71' lang='lat' dir='ltr'><strong>ignorantia</strong></span> <span class='ocrx_word' id='word_1_141' title='bbox 3282 544 3410 603; x_wconf 84' lang='lat' dir='ltr'><strong>fecit</strong></span> <span class='ocrx_word' id='word_1_142' title='bbox 3438 586 3456 615; x_wconf 87' lang='lat'><strong>,</strong></span> 
     </span>
    </p>
   </div>
   <div class='ocr_carea' id='block_1_20' title="bbox 1878 633 3459 709">
    <p class='ocr_par' dir='ltr' id='par_1_20' title="bbox 1878 633 3459 709">
     <span class='ocr_line' id='line_1_20' title="bbox 1878 633 3459 709; baseline 0.008 -22"><span class='ocrx_word' id='word_1_143' title='bbox 1878 633 1973 687; x_wconf 85' lang='lat' dir='ltr'><strong>sed</strong></span> <span class='ocrx_word' id='word_1_144' title='bbox 1998 647 2065 687; x_wconf 78' lang='lat' dir='ltr'><strong>ex</strong></span> <span class='ocrx_word' id='word_1_145' title='bbox 2109 633 2529 701; x_wconf 86' lang='lat' dir='ltr'><strong>dispensatione,</strong></span> <span class='ocrx_word' id='word_1_146' title='bbox 2566 644 2622 689; x_wconf 90' lang='lat' dir='ltr'><strong>ut</strong></span> <span class='ocrx_word' id='word_1_147' title='bbox 2663 635 2912 691; x_wconf 83' lang='lat' dir='ltr'><strong>videlicet</strong></span> <span class='ocrx_word' id='word_1_148' title='bbox 2954 638 3095 695; x_wconf 92' lang='lat' dir='ltr'><strong>illius</strong></span> <span class='ocrx_word' id='word_1_149' title='bbox 3124 642 3311 709; x_wconf 86' lang='lat' dir='ltr'><strong>petitio</strong></span> <span class='ocrx_word' id='word_1_150' title='bbox 3335 655 3459 699; x_wconf 89' lang='lat' dir='ltr'><strong>nota</strong></span> 
     </span>
    </p>
   </div>
   <div class='ocr_carea' id='block_1_21' title="bbox 1880 723 3463 804">
    <p class='ocr_par' dir='ltr' id='par_1_21' title="bbox 1880 723 3463 804">
     <span class='ocr_line' id='line_1_21' title="bbox 1880 723 3463 804; baseline 0.008 -25"><span class='ocrx_word' id='word_1_151' title='bbox 1880 723 2033 780; x_wconf 87' lang='lat' dir='ltr'><strong>ﬁeret</strong></span> <span class='ocrx_word' id='word_1_152' title='bbox 2060 726 2339 792; x_wconf 90' lang='lat' dir='ltr'><strong>omnibus,</strong></span> <span class='ocrx_word' id='word_1_153' title='bbox 2366 727 2547 799; x_wconf 88' lang='lat' dir='ltr'><strong>sicque</strong></span> <span class='ocrx_word' id='word_1_154' title='bbox 2574 726 2651 782; x_wconf 91' lang='lat' dir='ltr'><strong>illi</strong></span> <span class='ocrx_word' id='word_1_155' title='bbox 2698 727 2953 784; x_wconf 88' lang='lat' dir='ltr'><strong>Dominus</strong></span> <span class='ocrx_word' id='word_1_156' title='bbox 2998 738 3121 800; x_wconf 89' lang='lat' dir='ltr'><strong>apte</strong></span> <span class='ocrx_word' id='word_1_157' title='bbox 3170 735 3463 804; x_wconf 84' lang='lat' dir='ltr'><strong>responde-</strong></span> 
     </span>
    </p>
   </div>
   <div class='ocr_carea' id='block_1_22' title="bbox 1880 804 3459 896">
    <p class='ocr_par' dir='ltr' id='par_1_22' title="bbox 1880 804 3459 896">
     <span class='ocr_line' id='line_1_22' title="bbox 1880 804 3459 896; baseline 0.008 -25"><span class='ocrx_word' id='word_1_158' title='bbox 1880 826 1982 871; x_wconf 87' lang='lat' dir='ltr'><strong>ret.</strong></span> <span class='ocrx_word' id='word_1_159' title='bbox 2027 815 2354 888; x_wconf 80' lang='lat' dir='ltr'><strong>Respondeas</strong></span> <span class='ocrx_word' id='word_1_160' title='bbox 2401 804 2716 875; x_wconf 38' lang='lat' dir='ltr'><strong>Jesus‘dixit</strong></span> <span class='ocrx_word' id='word_1_161' title='bbox 2760 838 2774 876; x_wconf 84' lang='lat'><strong>;</strong></span> <span class='ocrx_word' id='word_1_162' title='bbox 2811 816 3035 878; x_wconf 69' lang='lat' dir='ltr'><strong>Nise-itis</strong></span> <span class='ocrx_word' id='word_1_163' title='bbox 3079 826 3204 894; x_wconf 86' lang='lat' dir='ltr'><strong>quid</strong></span> <span class='ocrx_word' id='word_1_164' title='bbox 3248 830 3459 896; x_wconf 80' lang='lat' dir='ltr'><strong>petatis.</strong></span> 
     </span>
    </p>
   </div>
   <div class='ocr_carea' id='block_1_23' title="bbox 1881 908 3470 990">
    <p class='ocr_par' dir='ltr' id='par_1_23' title="bbox 1881 908 3470 990">
     <span class='ocr_line' id='line_1_23' title="bbox 1881 908 3470 990; baseline 0.009 -25"><span class='ocrx_word' id='word_1_165' title='bbox 1881 908 2045 967; x_wconf 84' lang='lat' dir='ltr'><strong>Matre</strong></span> <span class='ocrx_word' id='word_1_166' title='bbox 2075 914 2374 982; x_wconf 86' lang='lat' dir='ltr'><strong>postulante</strong></span> <span class='ocrx_word' id='word_1_167' title='bbox 2395 960 2408 983; x_wconf 90' lang='lat'><strong>,</strong></span> <span class='ocrx_word' id='word_1_168' title='bbox 2458 931 2562 970; x_wconf 93' lang='lat' dir='ltr'><strong>non</strong></span> <span class='ocrx_word' id='word_1_169' title='bbox 2601 915 2757 971; x_wconf 86' lang='lat' dir='ltr'><strong>matri</strong></span> <span class='ocrx_word' id='word_1_170' title='bbox 2785 916 3079 990; x_wconf 89' lang='lat' dir='ltr'><strong>Dominus,</strong></span> <span class='ocrx_word' id='word_1_171' title='bbox 3122 921 3217 976; x_wconf 91' lang='lat' dir='ltr'><strong>sed</strong></span> <span class='ocrx_word' id='word_1_172' title='bbox 3243 922 3362 977; x_wconf 84' lang='lat' dir='ltr'><strong>ﬁliis</strong></span> <span class='ocrx_word' id='word_1_173' title='bbox 3384 940 3470 980; x_wconf 89' lang='lat' dir='ltr'><strong>re-</strong></span> 
     </span>
    </p>
   </div>
   <div class='ocr_carea' id='block_1_24' title="bbox 1882 1005 3470 1082">
    <p class='ocr_par' dir='ltr' id='par_1_24' title="bbox 1882 1005 3470 1082">
     <span class='ocr_line' id='line_1_24' title="bbox 1882 1005 3470 1082; baseline 0.011 -24"><span class='ocrx_word' id='word_1_174' title='bbox 1882 1005 2136 1073; x_wconf 86' lang='lat' dir='ltr'><strong>spondit,</strong></span> <span class='ocrx_word' id='word_1_175' title='bbox 2188 1006 2311 1076; x_wconf 89' lang='lat' dir='ltr'><strong>quia</strong></span> <span class='ocrx_word' id='word_1_176' title='bbox 2370 1019 2594 1065; x_wconf 85' lang='lat' dir='ltr'><strong>noverat</strong></span> <span class='ocrx_word' id='word_1_177' title='bbox 2639 1013 2825 1067; x_wconf 85' lang='lat' dir='ltr'><strong>matris</strong></span> <span class='ocrx_word' id='word_1_178' title='bbox 2880 1030 3066 1082; x_wconf 87' lang='lat' dir='ltr'><strong>preces</strong></span> <span class='ocrx_word' id='word_1_179' title='bbox 3120 1032 3188 1072; x_wconf 83' lang='lat' dir='ltr'><strong>ex</strong></span> <span class='ocrx_word' id='word_1_180' title='bbox 3241 1018 3470 1075; x_wconf 92' lang='lat' dir='ltr'><strong>ﬁliorum</strong></span> 
     </span>
    </p>
   </div>
   <div class='ocr_carea' id='block_1_25' title="bbox 1882 1099 3472 1181">
    <p class='ocr_par' dir='ltr' id='par_1_25' title="bbox 1882 1099 3472 1181">
     <span class='ocr_line' id='line_1_25' title="bbox 1882 1099 3472 1181; baseline 0.011 -30"><span class='ocrx_word' id='word_1_181' title='bbox 1882 1099 2065 1154; x_wconf 89' lang='lat' dir='ltr'><strong>venire</strong></span> <span class='ocrx_word' id='word_1_182' title='bbox 2110 1100 2411 1157; x_wconf 82' lang='lat' dir='ltr'><strong>voluntate.</strong></span> <span class='ocrx_word' id='word_1_183' title='bbox 2463 1102 2791 1160; x_wconf 84' lang='lat' dir='ltr'><strong>Nesciebant</strong></span> <span class='ocrx_word' id='word_1_184' title='bbox 2836 1109 2977 1162; x_wconf 89' lang='lat' dir='ltr'><strong>enim</strong></span> <span class='ocrx_word' id='word_1_185' title='bbox 3034 1111 3161 1178; x_wconf 89' lang='lat' dir='ltr'><strong>quid</strong></span> <span class='ocrx_word' id='word_1_186' title='bbox 3209 1121 3472 1181; x_wconf 83' lang='lat' dir='ltr'><strong>peterent,</strong></span> 
     </span>
    </p>
   </div>
   <div class='ocr_carea' id='block_1_26' title="bbox 1882 1193 3475 1277">
    <p class='ocr_par' dir='ltr' id='par_1_26' title="bbox 1882 1193 3475 1277">
     <span class='ocr_line' id='line_1_26' title="bbox 1882 1193 3475 1277; baseline 0.01 -31"><span class='ocrx_word' id='word_1_187' title='bbox 1882 1193 1971 1263; x_wconf 89' lang='lat' dir='ltr'><strong>qui</strong></span> <span class='ocrx_word' id='word_1_188' title='bbox 2001 1209 2335 1264; x_wconf 79' lang='lat' dir='ltr'><strong>conregnare</strong></span> <span class='ocrx_word' id='word_1_189' title='bbox 2364 1208 2420 1253; x_wconf 89' lang='lat' dir='ltr'><strong>et</strong></span> <span class='ocrx_word' id='word_1_190' title='bbox 2469 1200 2765 1255; x_wconf 87' lang='lat' dir='ltr'><strong>consedere</strong></span> <span class='ocrx_word' id='word_1_191' title='bbox 2795 1201 3011 1258; x_wconf 84' lang='lat' dir='ltr'><strong>Christo</strong></span> <span class='ocrx_word' id='word_1_192' title='bbox 3038 1204 3292 1261; x_wconf 87' lang='lat' dir='ltr'><strong>volebant</strong></span> <span class='ocrx_word' id='word_1_193' title='bbox 3318 1246 3332 1272; x_wconf 89' lang='lat'><strong>,</strong></span> <span class='ocrx_word' id='word_1_194' title='bbox 3386 1208 3475 1277; x_wconf 92' lang='lat' dir='ltr'><strong>qui</strong></span> 
     </span>
    </p>
   </div>
   <div class='ocr_carea' id='block_1_27' title="bbox 1884 1285 3478 1365">
    <p class='ocr_par' dir='ltr' id='par_1_27' title="bbox 1884 1285 3478 1365">
     <span class='ocr_line' id='line_1_27' title="bbox 1884 1285 3478 1365; baseline 0.011 -27"><span class='ocrx_word' id='word_1_195' title='bbox 1884 1285 2111 1340; x_wconf 89' lang='lat' dir='ltr'><strong>necdum</strong></span> <span class='ocrx_word' id='word_1_196' title='bbox 2170 1289 2535 1343; x_wconf 86' lang='lat' dir='ltr'><strong>merebantur.</strong></span> <span class='ocrx_word' id='word_1_197' title='bbox 2607 1290 2843 1347; x_wconf 87' lang='lat' dir='ltr'><strong>Necdum</strong></span> <span class='ocrx_word' id='word_1_198' title='bbox 2906 1294 3047 1349; x_wconf 91' lang='lat' dir='ltr'><strong>enim</strong></span> <span class='ocrx_word' id='word_1_199' title='bbox 3108 1311 3203 1365; x_wconf 90' lang='lat' dir='ltr'><strong>pro</strong></span> <span class='ocrx_word' id='word_1_200' title='bbox 3262 1298 3478 1356; x_wconf 89' lang='lat' dir='ltr'><strong>Christo</strong></span> 
     </span>
    </p>
   </div>
   <div class='ocr_carea' id='block_1_28' title="bbox 1884 1379 3473 1461">
    <p class='ocr_par' dir='ltr' id='par_1_28' title="bbox 1884 1379 3473 1461">
     <span class='ocr_line' id='line_1_28' title="bbox 1884 1379 3473 1461; baseline 0.009 -30"><span class='ocrx_word' id='word_1_201' title='bbox 1884 1379 1991 1448; x_wconf 87' lang='lat' dir='ltr'><strong>pati</strong></span> <span class='ocrx_word' id='word_1_202' title='bbox 2029 1390 2277 1450; x_wconf 89' lang='lat' dir='ltr'><strong>poterant</strong></span> <span class='ocrx_word' id='word_1_203' title='bbox 2304 1423 2320 1447; x_wconf 91' lang='lat'><strong>,</strong></span> <span class='ocrx_word' id='word_1_204' title='bbox 2352 1391 2412 1435; x_wconf 87' lang='lat' dir='ltr'><strong>ut</strong></span> <span class='ocrx_word' id='word_1_205' title='bbox 2440 1382 2572 1437; x_wconf 91' lang='lat' dir='ltr'><strong>dicit</strong></span> <span class='ocrx_word' id='word_1_206' title='bbox 2607 1385 2896 1453; x_wconf 88' lang='lat' dir='ltr'><strong>Apostolus</strong></span> <span class='ocrx_word' id='word_1_207' title='bbox 2935 1405 2945 1439; x_wconf 93' lang='lat'><strong>:</strong></span> <span class='ocrx_word' id='word_1_208' title='bbox 2988 1388 3051 1442; x_wconf 87' lang='lat' dir='ltr'><strong>Si</strong></span> <span class='ocrx_word' id='word_1_209' title='bbox 3092 1392 3433 1460; x_wconf 82' lang='lat' dir='ltr'><strong>compatimur</strong></span> <span class='ocrx_word' id='word_1_210' title='bbox 3458 1434 3473 1461; x_wconf 92' lang='lat'><strong>,</strong></span> 
     </span>
    </p>
   </div>
   <div class='ocr_carea' id='block_1_29' title="bbox 1883 1472 3472 1552">
    <p class='ocr_par' dir='ltr' id='par_1_29' title="bbox 1883 1472 3472 1552">
     <span class='ocr_line' id='line_1_29' title="bbox 1883 1472 3472 1552; baseline 0.011 -28"><span class='ocrx_word' id='word_1_211' title='bbox 1883 1479 1929 1524; x_wconf 88' lang='lat' dir='ltr'><strong>et</strong></span> <span class='ocrx_word' id='word_1_212' title='bbox 1958 1472 2381 1542; x_wconf 86' lang='lat' dir='ltr'><strong>conregnabimus</strong></span> <span class='ocrx_word' id='word_1_213' title='bbox 2403 1472 2494 1545; x_wconf 88' lang='grc'><strong>(11</strong></span> <span class='ocrx_word' id='word_1_214' title='bbox 2530 1473 2633 1530; x_wconf 86' lang='lat' dir='ltr'><strong>Tit.</strong></span> <span class='ocrx_word' id='word_1_215' title='bbox 2667 1481 2754 1545; x_wconf 87' lang='grc' dir='ltr'><strong>ιι).</strong></span> <span class='ocrx_word' id='word_1_216' title='bbox 2798 1477 3038 1535; x_wconf 81' lang='lat' dir='ltr'><strong>Delectat</strong></span> <span class='ocrx_word' id='word_1_217' title='bbox 3065 1497 3195 1552; x_wconf 87' lang='lat' dir='ltr'><strong>ergo</strong></span> <span class='ocrx_word' id='word_1_218' title='bbox 3245 1500 3338 1539; x_wconf 92' lang='lat' dir='ltr'><strong>eos</strong></span> <span class='ocrx_word' id='word_1_219' title='bbox 3362 1487 3472 1540; x_wconf 87' lang='lat' dir='ltr'><strong>cul-</strong></span> 
     </span>
    </p>
   </div>
   <div class='ocr_carea' id='block_1_30' title="bbox 1886 1565 3475 1635">
    <p class='ocr_par' dir='ltr' id='par_1_30' title="bbox 1886 1565 3475 1635">
     <span class='ocr_line' id='line_1_30' title="bbox 1886 1565 3475 1635; baseline 0.011 -20"><span class='ocrx_word' id='word_1_220' title='bbox 1886 1577 2009 1618; x_wconf 90' lang='lat' dir='ltr'><strong>men</strong></span> <span class='ocrx_word' id='word_1_221' title='bbox 2046 1565 2287 1632; x_wconf 90' lang='lat' dir='ltr'><strong>honoris,</strong></span> <span class='ocrx_word' id='word_1_222' title='bbox 2334 1566 2429 1621; x_wconf 88' lang='lat' dir='ltr'><strong>sed</strong></span> <span class='ocrx_word' id='word_1_223' title='bbox 2465 1566 2612 1635; x_wconf 90' lang='lat' dir='ltr'><strong>prius</strong></span> <span class='ocrx_word' id='word_1_224' title='bbox 2632 1568 2793 1623; x_wconf 89' lang='lat' dir='ltr'><strong>debet</strong></span> <span class='ocrx_word' id='word_1_225' title='bbox 2822 1586 2914 1624; x_wconf 89' lang='lat' dir='ltr'><strong>eos</strong></span> <span class='ocrx_word' id='word_1_226' title='bbox 2940 1572 3021 1626; x_wconf 94' lang='lat' dir='ltr'><strong>via</strong></span> <span class='ocrx_word' id='word_1_227' title='bbox 3046 1566 3299 1629; x_wconf 82' lang='lat' dir='ltr'><strong>exercere</strong></span> <span class='ocrx_word' id='word_1_228' title='bbox 3322 1576 3475 1632; x_wconf 81' lang='lat' dir='ltr'><strong>labo-</strong></span> 
     </span>
    </p>
   </div>
   <div class='ocr_carea' id='block_1_31' title="bbox 1887 1655 3474 1734">
    <p class='ocr_par' dir='ltr' id='par_1_31' title="bbox 1887 1655 3474 1734">
     <span class='ocr_line' id='line_1_31' title="bbox 1887 1655 3474 1734; baseline 0.008 -24"><span class='ocrx_word' id='word_1_229' title='bbox 1887 1656 1981 1710; x_wconf 88' lang='lat' dir='ltr'><strong>ris.</strong></span> <span class='ocrx_word' id='word_1_230' title='bbox 2012 1655 2130 1711; x_wconf 85' lang='lat' dir='ltr'><strong>Jam</strong></span> <span class='ocrx_word' id='word_1_231' title='bbox 2165 1657 2475 1713; x_wconf 87' lang='lat' dir='ltr'><strong>desiderant</strong></span> <span class='ocrx_word' id='word_1_232' title='bbox 2501 1659 2801 1715; x_wconf 89' lang='lat' dir='ltr'><strong>sublimiter</strong></span> <span class='ocrx_word' id='word_1_233' title='bbox 2835 1677 3059 1733; x_wconf 87' lang='lat' dir='ltr'><strong>regnare</strong></span> <span class='ocrx_word' id='word_1_234' title='bbox 3088 1679 3209 1719; x_wconf 92' lang='lat' dir='ltr'><strong>cum</strong></span> <span class='ocrx_word' id='word_1_235' title='bbox 3238 1667 3474 1734; x_wconf 87' lang='lat' dir='ltr'><strong>Christo,</strong></span> 
     </span>
    </p>
   </div>
   <div class='ocr_carea' id='block_1_32' title="bbox 1886 1747 3475 1822">
    <p class='ocr_par' dir='ltr' id='par_1_32' title="bbox 1886 1747 3475 1822">
     <span class='ocr_line' id='line_1_32' title="bbox 1886 1747 3475 1822; baseline 0.009 -21"><span class='ocrx_word' id='word_1_236' title='bbox 1886 1747 1980 1802; x_wconf 91' lang='lat' dir='ltr'><strong>sed</strong></span> <span class='ocrx_word' id='word_1_237' title='bbox 2039 1750 2188 1818; x_wconf 90' lang='lat' dir='ltr'><strong>prius</strong></span> <span class='ocrx_word' id='word_1_238' title='bbox 2240 1750 2439 1805; x_wconf 91' lang='lat' dir='ltr'><strong>debent</strong></span> <span class='ocrx_word' id='word_1_239' title='bbox 2496 1755 2598 1820; x_wconf 89' lang='lat' dir='ltr'><strong>pati</strong></span> <span class='ocrx_word' id='word_1_240' title='bbox 2629 1768 2724 1822; x_wconf 90' lang='lat' dir='ltr'><strong>pro</strong></span> <span class='ocrx_word' id='word_1_241' title='bbox 2778 1753 3018 1812; x_wconf 89' lang='lat' dir='ltr'><strong>Christo.</strong></span> <span class='ocrx_word' id='word_1_242' title='bbox 3077 1757 3285 1814; x_wconf 89' lang='lat' dir='ltr'><strong>Bonum</strong></span> <span class='ocrx_word' id='word_1_243' title='bbox 3328 1770 3475 1815; x_wconf 89' lang='lat' dir='ltr'><strong>certe</strong></span> 
     </span>
    </p>
   </div>
   <div class='ocr_carea' id='block_1_33' title="bbox 183 1828 3468 1920">
    <p class='ocr_par' dir='ltr' id='par_1_33' title="bbox 183 1828 3468 1920">
     <span class='ocr_line' id='line_1_33' title="bbox 183 1828 3468 1920; baseline 0.004 -29"><span class='ocrx_word' id='word_1_244' title='bbox 183 1848 402 1918; x_wconf 74' lang='lat' dir='ltr'><strong>quando</strong></span> <span class='ocrx_word' id='word_1_245' title='bbox 442 1848 602 1920; x_wconf 59' lang='lat' dir='ltr'><strong>(sicut</strong></span> <span class='ocrx_word' id='word_1_246' title='bbox 638 1850 972 1919; x_wconf 65' lang='lat' dir='ltr'><strong>evangeﬁum</strong></span> <span class='ocrx_word' id='word_1_247' title='bbox 1024 1848 1214 1919; x_wconf 64' lang='lat' dir='ltr'><strong>refert)</strong></span> <span class='ocrx_word' id='word_1_248' title='bbox 1252 1849 1607 1919; x_wconf 60' lang='lat' dir='ltr'><strong>suscipientes</strong></span> <span class='ocrx_word' id='word_1_249' title='bbox 1648 1863 1771 1902; x_wconf 79' lang='lat' dir='ltr'><strong>eum</strong></span> <span class='ocrx_word' id='word_1_250' title='bbox 1801 1828 1852 1892; x_wconf 69' lang='grc' dir='ltr'><strong>Β</strong></span> <span class='ocrx_word' id='word_1_251' title='bbox 1877 1849 1993 1896; x_wconf 89' lang='lat' dir='ltr'><strong>erat</strong></span> <span class='ocrx_word' id='word_1_252' title='bbox 2041 1857 2228 1897; x_wconf 91' lang='lat' dir='ltr'><strong>eorum</strong></span> <span class='ocrx_word' id='word_1_253' title='bbox 2268 1843 2615 1913; x_wconf 70' lang='lat' dir='ltr'><strong>desiderium,</strong></span> <span class='ocrx_word' id='word_1_254' title='bbox 2671 1846 2767 1902; x_wconf 88' lang='lat' dir='ltr'><strong>sed</strong></span> <span class='ocrx_word' id='word_1_255' title='bbox 2816 1847 3208 1905; x_wconf 84' lang='lat' dir='ltr'><strong>inconsiderata</strong></span> <span class='ocrx_word' id='word_1_256' title='bbox 3262 1852 3468 1920; x_wconf 87' lang='lat' dir='ltr'><strong>petitio,</strong></span> 
     </span>
    </p>
   </div>
   <div class='ocr_carea' id='block_1_34' title="bbox 180 1942 1774 2011">
    <p class='ocr_par' dir='ltr' id='par_1_34' title="bbox 180 1942 1774 2011">
     <span class='ocr_line' id='line_1_34' title="bbox 180 1942 1774 2011; baseline -0.001 -14"><span class='ocrx_word' id='word_1_257' title='bbox 180 1942 387 1997; x_wconf 87' lang='lat' dir='ltr'><strong>milites</strong></span> <span class='ocrx_word' id='word_1_258' title='bbox 434 1944 745 1998; x_wconf 86' lang='lat' dir='ltr'><strong>velaveruut</strong></span> <span class='ocrx_word' id='word_1_259' title='bbox 799 1943 989 1999; x_wconf 84' lang='lat' dir='ltr'><strong>faciem</strong></span> <span class='ocrx_word' id='word_1_260' title='bbox 1029 1943 1177 2011; x_wconf 86' lang='lat' dir='ltr'><strong>ejus,</strong></span> <span class='ocrx_word' id='word_1_261' title='bbox 1226 1950 1271 1996; x_wconf 88' lang='lat' dir='ltr'><strong>et</strong></span> <span class='ocrx_word' id='word_1_262' title='bbox 1321 1943 1599 1997; x_wconf 88' lang='lat' dir='ltr'><strong>induerunt</strong></span> <span class='ocrx_word' id='word_1_263' title='bbox 1651 1956 1774 1995; x_wconf 87' lang='lat' dir='ltr'><strong>eum</strong></span> 
     </span>
    </p>
   </div>
   <div class='ocr_carea' id='block_1_35' title="bbox 180 2036 1770 2107">
    <p class='ocr_par' dir='ltr' id='par_1_35' title="bbox 180 2036 1770 2107">
     <span class='ocr_line' id='line_1_35' title="bbox 180 2036 1770 2107; baseline 0.001 -21"><span class='ocrx_word' id='word_1_264' title='bbox 180 2050 442 2105; x_wconf 79' lang='lat' dir='ltr'><strong>purpura,</strong></span> <span class='ocrx_word' id='word_1_265' title='bbox 495 2044 539 2089; x_wconf 91' lang='lat' dir='ltr'><strong>et</strong></span> <span class='ocrx_word' id='word_1_266' title='bbox 582 2037 856 2107; x_wconf 87' lang='lat' dir='ltr'><strong>plectentes</strong></span> <span class='ocrx_word' id='word_1_267' title='bbox 898 2052 1140 2090; x_wconf 89' lang='lat' dir='ltr'><strong>coronam</strong></span> <span class='ocrx_word' id='word_1_268' title='bbox 1173 2037 1238 2091; x_wconf 89' lang='lat' dir='ltr'><strong>de</strong></span> <span class='ocrx_word' id='word_1_269' title='bbox 1278 2036 1461 2107; x_wconf 78' lang='lat' dir='ltr'><strong>spinis,</strong></span> <span class='ocrx_word' id='word_1_270' title='bbox 1493 2043 1770 2102; x_wconf 85' lang='lat' dir='ltr'><strong>posuerunt</strong></span> 
     </span>
    </p>
   </div>
   <div class='ocr_carea' id='block_1_36' title="bbox 178 2127 1778 2199">
    <p class='ocr_par' dir='ltr' id='par_1_36' title="bbox 178 2127 1778 2199">
     <span class='ocr_line' id='line_1_36' title="bbox 178 2127 1778 2199; baseline -0.001 -19"><span class='ocrx_word' id='word_1_271' title='bbox 178 2142 343 2195; x_wconf 82' lang='lat' dir='ltr'><strong>super</strong></span> <span class='ocrx_word' id='word_1_272' title='bbox 372 2135 520 2199; x_wconf 87' lang='lat' dir='ltr'><strong>caput</strong></span> <span class='ocrx_word' id='word_1_273' title='bbox 550 2128 682 2195; x_wconf 88' lang='lat' dir='ltr'><strong>ejus,</strong></span> <span class='ocrx_word' id='word_1_274' title='bbox 731 2136 777 2181; x_wconf 89' lang='lat' dir='ltr'><strong>et</strong></span> <span class='ocrx_word' id='word_1_275' title='bbox 817 2128 1122 2181; x_wconf 82' lang='lat' dir='ltr'><strong>arundinem</strong></span> <span class='ocrx_word' id='word_1_276' title='bbox 1173 2130 1225 2181; x_wconf 90' lang='lat' dir='ltr'><strong>in</strong></span> <span class='ocrx_word' id='word_1_277' title='bbox 1270 2131 1535 2182; x_wconf 74' lang='lat' dir='ltr'><strong>dexteram</strong></span> <span class='ocrx_word' id='word_1_278' title='bbox 1567 2127 1697 2197; x_wconf 85' lang='lat' dir='ltr'><strong>ejus,</strong></span> <span class='ocrx_word' id='word_1_279' title='bbox 1731 2133 1778 2179; x_wconf 92' lang='lat' dir='ltr'><strong>et</strong></span> 
     </span>
    </p>
   </div>
   <div class='ocr_carea' id='block_1_37' title="bbox 179 2216 1782 2287">
    <p class='ocr_par' dir='ltr' id='par_1_37' title="bbox 179 2216 1782 2287">
     <span class='ocr_line' id='line_1_37' title="bbox 179 2216 1782 2287; baseline 0 -16"><span class='ocrx_word' id='word_1_280' title='bbox 179 2220 438 2273; x_wconf 81' lang='lat' dir='ltr'><strong>venientes</strong></span> <span class='ocrx_word' id='word_1_281' title='bbox 462 2218 702 2273; x_wconf 72' lang='lat' dir='ltr'><strong>dixerunt</strong></span> <span class='ocrx_word' id='word_1_282' title='bbox 729 2235 748 2275; x_wconf 89' lang='lat'><strong><em>:</em></strong></span> <span class='ocrx_word' id='word_1_283' title='bbox 776 2220 899 2287; x_wconf 81' lang='lat' dir='ltr'><strong>Ave,</strong></span> <span class='ocrx_word' id='word_1_284' title='bbox 932 2236 1023 2275; x_wconf 79' lang='lat' dir='ltr'><strong>rea:</strong></span> <span class='ocrx_word' id='word_1_285' title='bbox 1063 2218 1386 2273; x_wconf 77' lang='lat' dir='ltr'><strong>Judceorum.</strong></span> <span class='ocrx_word' id='word_1_286' title='bbox 1422 2218 1489 2273; x_wconf 85' lang='lat' dir='ltr'><strong>Et</strong></span> <span class='ocrx_word' id='word_1_287' title='bbox 1520 2219 1711 2272; x_wconf 88' lang='lat' dir='ltr'><strong>dabant</strong></span> <span class='ocrx_word' id='word_1_288' title='bbox 1735 2216 1782 2271; x_wconf 89' lang='lat' dir='ltr'><strong>ei</strong></span> 
     </span>
    </p>
   </div>
   <div class='ocr_carea' id='block_1_38' title="bbox 180 2309 1782 2383">
    <p class='ocr_par' dir='ltr' id='par_1_38' title="bbox 180 2309 1782 2383">
     <span class='ocr_line' id='line_1_38' title="bbox 180 2309 1782 2383; baseline -0.002 -18"><span class='ocrx_word' id='word_1_289' title='bbox 180 2313 372 2383; x_wconf 78' lang='lat' dir='ltr'><strong>alapas</strong></span> <span class='ocrx_word' id='word_1_290' title='bbox 397 2309 574 2383; x_wconf 83' lang='lat' dir='ltr'><strong>(Joan.</strong></span> <span class='ocrx_word' id='word_1_291' title='bbox 602 2312 752 2383; x_wconf 73' lang='lat' dir='ltr'><strong>xxx)?</strong></span> <span class='ocrx_word' id='word_1_292' title='bbox 783 2310 1105 2382; x_wconf 86' lang='lat' dir='ltr'><strong>Flagellatus</strong></span> <span class='ocrx_word' id='word_1_293' title='bbox 1127 2321 1230 2376; x_wconf 88' lang='lat' dir='ltr'><strong>est,</strong></span> <span class='ocrx_word' id='word_1_294' title='bbox 1267 2310 1336 2365; x_wconf 90' lang='lat' dir='ltr'><strong>ad</strong></span> <span class='ocrx_word' id='word_1_295' title='bbox 1359 2312 1667 2366; x_wconf 87' lang='lat' dir='ltr'><strong>columnam</strong></span> <span class='ocrx_word' id='word_1_296' title='bbox 1697 2324 1782 2362; x_wconf 88' lang='lat' dir='ltr'><strong>re-</strong></span> 
     </span>
    </p>
   </div>
   <div class='ocr_carea' id='block_1_39' title="bbox 181 2400 1785 2474">
    <p class='ocr_par' dir='ltr' id='par_1_39' title="bbox 181 2400 1785 2474">
     <span class='ocr_line' id='line_1_39' title="bbox 181 2400 1785 2474; baseline -0.003 -14"><span class='ocrx_word' id='word_1_297' title='bbox 181 2403 402 2473; x_wconf 87' lang='lat' dir='ltr'><strong>ligatus,</strong></span> <span class='ocrx_word' id='word_1_298' title='bbox 439 2405 492 2459; x_wconf 90' lang='lat' dir='ltr'><strong>in</strong></span> <span class='ocrx_word' id='word_1_299' title='bbox 522 2420 628 2474; x_wconf 90' lang='lat' dir='ltr'><strong>qua</strong></span> <span class='ocrx_word' id='word_1_300' title='bbox 678 2419 845 2474; x_wconf 90' lang='lat' dir='ltr'><strong>usque</strong></span> <span class='ocrx_word' id='word_1_301' title='bbox 886 2404 1044 2458; x_wconf 89' lang='lat' dir='ltr'><strong>hodie</strong></span> <span class='ocrx_word' id='word_1_302' title='bbox 1099 2404 1200 2459; x_wconf 84' lang='lat' dir='ltr'><strong>insi</strong></span> <span class='ocrx_word' id='word_1_303' title='bbox 1231 2407 1441 2458; x_wconf 90' lang='lat' dir='ltr'><strong>cruoris</strong></span> <span class='ocrx_word' id='word_1_304' title='bbox 1483 2402 1677 2457; x_wconf 91' lang='lat' dir='ltr'><strong>indicia</strong></span> <span class='ocrx_word' id='word_1_305' title='bbox 1710 2400 1785 2456; x_wconf 85' lang='lat' dir='ltr'><strong>le-</strong></span> 
     </span>
    </p>
   </div>
   <div class='ocr_carea' id='block_1_40' title="bbox 182 2493 1785 2565">
    <p class='ocr_par' dir='ltr' id='par_1_40' title="bbox 182 2493 1785 2565">
     <span class='ocr_line' id='line_1_40' title="bbox 182 2493 1785 2565; baseline -0.001 -15"><span class='ocrx_word' id='word_1_306' title='bbox 182 2506 384 2550; x_wconf 85' lang='lat' dir='ltr'><strong>runtur</strong></span> <span class='ocrx_word' id='word_1_307' title='bbox 411 2510 687 2565; x_wconf 87' lang='lat' dir='ltr'><strong>apparere.</strong></span> <span class='ocrx_word' id='word_1_308' title='bbox 723 2496 856 2561; x_wconf 83' lang='lat' dir='ltr'><strong>Quia</strong></span> <span class='ocrx_word' id='word_1_309' title='bbox 888 2510 1013 2552; x_wconf 89' lang='lat' dir='ltr'><strong>vero</strong></span> <span class='ocrx_word' id='word_1_310' title='bbox 1043 2497 1187 2565; x_wconf 89' lang='lat' dir='ltr'><strong>prius</strong></span> <span class='ocrx_word' id='word_1_311' title='bbox 1238 2496 1558 2565; x_wconf 85' lang='lat' dir='ltr'><strong>ﬁagellatus,</strong></span> <span class='ocrx_word' id='word_1_312' title='bbox 1591 2493 1785 2549; x_wconf 88' lang='lat' dir='ltr'><strong>deinde</strong></span> 
     </span>
    </p>
   </div>
   <div class='ocr_carea' id='block_1_41' title="bbox 182 2584 1782 2653">
    <p class='ocr_par' dir='ltr' id='par_1_41' title="bbox 182 2584 1782 2653">
     <span class='ocr_line' id='line_1_41' title="bbox 182 2584 1782 2653; baseline -0.003 -11"><span class='ocrx_word' id='word_1_313' title='bbox 182 2586 477 2642; x_wconf 79' lang='lat' dir='ltr'><strong>cruciﬁxus</strong></span> <span class='ocrx_word' id='word_1_314' title='bbox 517 2597 637 2653; x_wconf 88' lang='lat' dir='ltr'><strong>est,</strong></span> <span class='ocrx_word' id='word_1_315' title='bbox 688 2601 757 2641; x_wconf 86' lang='lat' dir='ltr'><strong>ex</strong></span> <span class='ocrx_word' id='word_1_316' title='bbox 804 2586 1046 2641; x_wconf 78' lang='lat' dir='ltr'><strong>Romano</strong></span> <span class='ocrx_word' id='word_1_317' title='bbox 1093 2601 1241 2641; x_wconf 90' lang='lat' dir='ltr'><strong>more</strong></span> <span class='ocrx_word' id='word_1_318' title='bbox 1287 2586 1486 2640; x_wconf 77' lang='lat' dir='ltr'><strong>factum</strong></span> <span class='ocrx_word' id='word_1_319' title='bbox 1530 2594 1614 2640; x_wconf 88' lang='lat' dir='ltr'><strong>est</strong></span> <span class='ocrx_word' id='word_1_320' title='bbox 1644 2625 1659 2652; x_wconf 94' lang='lat'><strong>,</strong></span> <span class='ocrx_word' id='word_1_321' title='bbox 1692 2584 1782 2653; x_wconf 91' lang='lat' dir='ltr'><strong>qui</strong></span> 
     </span>
    </p>
   </div>
   <div class='ocr_carea' id='block_1_42' title="bbox 185 2676 1784 2747">
    <p class='ocr_par' dir='ltr' id='par_1_42' title="bbox 185 2676 1784 2747">
     <span class='ocr_line' id='line_1_42' title="bbox 185 2676 1784 2747; baseline -0.004 -11"><span class='ocrx_word' id='word_1_322' title='bbox 185 2693 320 2736; x_wconf 83' lang='lat' dir='ltr'><strong>reos</strong></span> <span class='ocrx_word' id='word_1_323' title='bbox 351 2687 405 2733; x_wconf 87' lang='lat' dir='ltr'><strong>et</strong></span> <span class='ocrx_word' id='word_1_324' title='bbox 448 2678 605 2735; x_wconf 91' lang='lat' dir='ltr'><strong>morti</strong></span> <span class='ocrx_word' id='word_1_325' title='bbox 636 2678 967 2747; x_wconf 89' lang='lat' dir='ltr'><strong>adjudicatos</strong></span> <span class='ocrx_word' id='word_1_326' title='bbox 1000 2679 1230 2746; x_wconf 91' lang='lat' dir='ltr'><strong>primum</strong></span> <span class='ocrx_word' id='word_1_327' title='bbox 1270 2677 1493 2747; x_wconf 83' lang='lat' dir='ltr'><strong>ﬂagellis</strong></span> <span class='ocrx_word' id='word_1_328' title='bbox 1522 2676 1784 2732; x_wconf 86' lang='lat' dir='ltr'><strong>verbera-</strong></span> 
     </span>
    </p>
   </div>
   <div class='ocr_carea' id='block_1_43' title="bbox 186 2769 1785 2839">
    <p class='ocr_par' dir='ltr' id='par_1_43' title="bbox 186 2769 1785 2839">
     <span class='ocr_line' id='line_1_43' title="bbox 186 2769 1785 2839; baseline -0.003 -11"><span class='ocrx_word' id='word_1_329' title='bbox 186 2772 348 2839; x_wconf 86' lang='lat' dir='ltr'><strong>bant,</strong></span> <span class='ocrx_word' id='word_1_330' title='bbox 380 2770 571 2827; x_wconf 87' lang='lat' dir='ltr'><strong>deinde</strong></span> <span class='ocrx_word' id='word_1_331' title='bbox 605 2772 779 2826; x_wconf 90' lang='lat' dir='ltr'><strong>securi</strong></span> <span class='ocrx_word' id='word_1_332' title='bbox 807 2771 1106 2827; x_wconf 62' lang='lat' dir='ltr'><strong>caedebant.</strong></span> <span class='ocrx_word' id='word_1_333' title='bbox 1142 2769 1209 2824; x_wconf 88' lang='lat' dir='ltr'><strong>Et</strong></span> <span class='ocrx_word' id='word_1_334' title='bbox 1238 2771 1322 2825; x_wconf 86' lang='lat' dir='ltr'><strong>die</strong></span> <span class='ocrx_word' id='word_1_335' title='bbox 1350 2771 1499 2825; x_wconf 88' lang='lat' dir='ltr'><strong>tertia</strong></span> <span class='ocrx_word' id='word_1_336' title='bbox 1536 2778 1785 2839; x_wconf 81' lang='lat' dir='ltr'><strong>resurget.</strong></span> 
     </span>
    </p>
   </div>
   <div class='ocr_carea' id='block_1_44' title="bbox 188 2862 1786 2935">
    <p class='ocr_par' dir='ltr' id='par_1_44' title="bbox 188 2862 1786 2935">
     <span class='ocr_line' id='line_1_44' title="bbox 188 2862 1786 2935; baseline -0.003 -14"><span class='ocrx_word' id='word_1_337' title='bbox 188 2865 350 2921; x_wconf 81' lang='lat' dir='ltr'><strong>Solet</strong></span> <span class='ocrx_word' id='word_1_338' title='bbox 404 2866 676 2935; x_wconf 89' lang='lat' dir='ltr'><strong>Scriptura</strong></span> <span class='ocrx_word' id='word_1_339' title='bbox 727 2864 906 2921; x_wconf 88' lang='lat' dir='ltr'><strong>divina</strong></span> <span class='ocrx_word' id='word_1_340' title='bbox 971 2867 1214 2921; x_wconf 87' lang='lat' dir='ltr'><strong>tristibus</strong></span> <span class='ocrx_word' id='word_1_341' title='bbox 1265 2865 1383 2918; x_wconf 73' lang='lat' dir='ltr'><strong>lzeta</strong></span> <span class='ocrx_word' id='word_1_342' title='bbox 1437 2862 1786 2933; x_wconf 90' lang='lat' dir='ltr'><strong>subjungere.</strong></span> 
     </span>
    </p>
   </div>
   <div class='ocr_carea' id='block_1_45' title="bbox 188 2956 1790 3030">
    <p class='ocr_par' dir='ltr' id='par_1_45' title="bbox 188 2956 1790 3030">
     <span class='ocr_line' id='line_1_45' title="bbox 188 2956 1790 3030; baseline -0.003 -15"><span class='ocrx_word' id='word_1_343' title='bbox 188 2957 355 3015; x_wconf 88' lang='lat' dir='ltr'><strong>Unde</strong></span> <span class='ocrx_word' id='word_1_344' title='bbox 390 2968 444 3014; x_wconf 90' lang='lat' dir='ltr'><strong>et</strong></span> <span class='ocrx_word' id='word_1_345' title='bbox 480 2961 736 3015; x_wconf 89' lang='lat' dir='ltr'><strong>Dominus</strong></span> <span class='ocrx_word' id='word_1_346' title='bbox 777 2959 1085 3030; x_wconf 84' lang='lat' dir='ltr'><strong>praedictam</strong></span> <span class='ocrx_word' id='word_1_347' title='bbox 1116 2974 1228 3013; x_wconf 69' lang='lat' dir='ltr'><strong>sum</strong></span> <span class='ocrx_word' id='word_1_348' title='bbox 1266 2958 1529 3027; x_wconf 89' lang='lat' dir='ltr'><strong>passionis</strong></span> <span class='ocrx_word' id='word_1_349' title='bbox 1562 2956 1790 3026; x_wconf 88' lang='lat' dir='ltr'><strong>ignomi-</strong></span> 
     </span>
    </p>
   </div>
   <div class='ocr_carea' id='block_1_46' title="bbox 192 3049 1793 3122">
    <p class='ocr_par' dir='ltr' id='par_1_46' title="bbox 192 3049 1793 3122">
     <span class='ocr_line' id='line_1_46' title="bbox 192 3049 1793 3122; baseline -0.002 -15"><span class='ocrx_word' id='word_1_350' title='bbox 192 3052 351 3107; x_wconf 87' lang='lat' dir='ltr'><strong>niam</strong></span> <span class='ocrx_word' id='word_1_351' title='bbox 394 3051 585 3107; x_wconf 72' lang='lat' dir='ltr'><strong>l&#39;uturte</strong></span> <span class='ocrx_word' id='word_1_352' title='bbox 634 3050 1040 3108; x_wconf 79' lang='lat' dir='ltr'><strong>resurrectionis</strong></span> <span class='ocrx_word' id='word_1_353' title='bbox 1085 3051 1254 3122; x_wconf 89' lang='lat' dir='ltr'><strong>gloria</strong></span> <span class='ocrx_word' id='word_1_354' title='bbox 1301 3049 1621 3114; x_wconf 87' lang='lat' dir='ltr'><strong>evacuavit,</strong></span> <span class='ocrx_word' id='word_1_355' title='bbox 1668 3050 1793 3103; x_wconf 86' lang='lat' dir='ltr'><strong>sub-</strong></span> 
     </span>
    </p>
   </div>
   <div class='ocr_carea' id='block_1_47' title="bbox 187 3142 1789 3216">
    <p class='ocr_par' dir='ltr' id='par_1_47' title="bbox 187 3142 1789 3216">
     <span class='ocr_line' id='line_1_47' title="bbox 187 3142 1789 3216; baseline -0.005 -13"><span class='ocrx_word' id='word_1_356' title='bbox 187 3147 379 3203; x_wconf 86' lang='lat' dir='ltr'><strong>dens:</strong></span> <span class='ocrx_word' id='word_1_357' title='bbox 419 3146 593 3200; x_wconf 85' lang='lat' dir='ltr'><strong>Tertia</strong></span> <span class='ocrx_word' id='word_1_358' title='bbox 640 3145 721 3199; x_wconf 89' lang='lat' dir='ltr'><strong>die</strong></span> <span class='ocrx_word' id='word_1_359' title='bbox 770 3156 1018 3216; x_wconf 84' lang='lat' dir='ltr'><strong>resurget.</strong></span> <span class='ocrx_word' id='word_1_360' title='bbox 1071 3144 1136 3198; x_wconf 84' lang='lat' dir='ltr'><strong>Et</strong></span> <span class='ocrx_word' id='word_1_361' title='bbox 1179 3144 1300 3212; x_wconf 85' lang='lat' dir='ltr'><strong>jure</strong></span> <span class='ocrx_word' id='word_1_362' title='bbox 1342 3144 1430 3200; x_wconf 90' lang='lat' dir='ltr'><strong>die</strong></span> <span class='ocrx_word' id='word_1_363' title='bbox 1460 3143 1637 3212; x_wconf 89' lang='lat' dir='ltr'><strong>tertia,</strong></span> <span class='ocrx_word' id='word_1_364' title='bbox 1668 3142 1789 3212; x_wconf 90' lang='lat' dir='ltr'><strong>quia</strong></span> 
     </span>
    </p>
   </div>
   <div class='ocr_carea' id='block_1_48' title="bbox 1879 1931 3478 2009">
    <p class='ocr_par' dir='ltr' id='par_1_48' title="bbox 1879 1931 3478 2009">
     <span class='ocr_line' id='line_1_48' title="bbox 1879 1931 3478 2009; baseline 0.006 -24"><span class='ocrx_word' id='word_1_365' title='bbox 1879 1941 2046 2000; x_wconf 87' lang='lat' dir='ltr'><strong>atque</strong></span> <span class='ocrx_word' id='word_1_366' title='bbox 2078 1931 2203 1987; x_wconf 89' lang='lat' dir='ltr'><strong>ideo</strong></span> <span class='ocrx_word' id='word_1_367' title='bbox 2232 1934 2488 1987; x_wconf 90' lang='lat' dir='ltr'><strong>Dominus</strong></span> <span class='ocrx_word' id='word_1_368' title='bbox 2521 1950 2629 1988; x_wconf 91' lang='lat' dir='ltr'><strong>non</strong></span> <span class='ocrx_word' id='word_1_369' title='bbox 2656 1935 2988 1991; x_wconf 87' lang='lat' dir='ltr'><strong>voluntatem</strong></span> <span class='ocrx_word' id='word_1_370' title='bbox 3014 1946 3104 1993; x_wconf 90' lang='lat' dir='ltr'><strong>aut</strong></span> <span class='ocrx_word' id='word_1_371' title='bbox 3149 1940 3478 2009; x_wconf 85' lang='lat' dir='ltr'><strong>propositum</strong></span> 
     </span>
    </p>
   </div>
   <div class='ocr_carea' id='block_1_49' title="bbox 1880 2024 3477 2099">
    <p class='ocr_par' dir='ltr' id='par_1_49' title="bbox 1880 2024 3477 2099">
     <span class='ocr_line' id='line_1_49' title="bbox 1880 2024 3477 2099; baseline 0.006 -22"><span class='ocrx_word' id='word_1_372' title='bbox 1880 2036 2068 2077; x_wconf 92' lang='lat' dir='ltr'><strong>eorum</strong></span> <span class='ocrx_word' id='word_1_373' title='bbox 2125 2024 2387 2093; x_wconf 89' lang='lat' dir='ltr'><strong>culpavit,</strong></span> <span class='ocrx_word' id='word_1_374' title='bbox 2435 2025 2577 2095; x_wconf 91' lang='lat' dir='ltr'><strong>quod</strong></span> <span class='ocrx_word' id='word_1_375' title='bbox 2620 2026 2688 2081; x_wconf 91' lang='lat' dir='ltr'><strong>de</strong></span> <span class='ocrx_word' id='word_1_376' title='bbox 2732 2027 2850 2097; x_wconf 90' lang='lat' dir='ltr'><strong>ejus</strong></span> <span class='ocrx_word' id='word_1_377' title='bbox 2891 2044 3075 2084; x_wconf 88' lang='lat' dir='ltr'><strong>amore</strong></span> <span class='ocrx_word' id='word_1_378' title='bbox 3138 2032 3477 2099; x_wconf 80' lang='lat' dir='ltr'><strong>nascebatur,</strong></span> 
     </span>
    </p>
   </div>
   <div class='ocr_carea' id='block_1_50' title="bbox 1883 2117 3483 2190">
    <p class='ocr_par' dir='ltr' id='par_1_50' title="bbox 1883 2117 3483 2190">
     <span class='ocr_line' id='line_1_50' title="bbox 1883 2117 3483 2190; baseline 0.006 -21"><span class='ocrx_word' id='word_1_379' title='bbox 1883 2117 1976 2171; x_wconf 85' lang='lat' dir='ltr'><strong>sed</strong></span> <span class='ocrx_word' id='word_1_380' title='bbox 2014 2117 2181 2172; x_wconf 88' lang='lat' dir='ltr'><strong>solam</strong></span> <span class='ocrx_word' id='word_1_381' title='bbox 2229 2118 2585 2185; x_wconf 83' lang='lat' dir='ltr'><strong>ignorantiam</strong></span> <span class='ocrx_word' id='word_1_382' title='bbox 2619 2120 2999 2190; x_wconf 80' lang='lat' dir='ltr'><strong>reprehendit,</strong></span> <span class='ocrx_word' id='word_1_383' title='bbox 3033 2123 3218 2178; x_wconf 90' lang='lat' dir='ltr'><strong>dicens</strong></span> <span class='ocrx_word' id='word_1_384' title='bbox 3253 2141 3267 2177; x_wconf 87' lang='lat'><strong>:</strong></span> <span class='ocrx_word' id='word_1_385' title='bbox 3308 2122 3483 2179; x_wconf 85' lang='lat' dir='ltr'><strong>Nesci-</strong></span> 
     </span>
    </p>
   </div>
   <div class='ocr_carea' id='block_1_51' title="bbox 1884 2206 3479 2287">
    <p class='ocr_par' dir='ltr' id='par_1_51' title="bbox 1884 2206 3479 2287">
     <span class='ocr_line' id='line_1_51' title="bbox 1884 2206 3479 2287; baseline 0.007 -29"><span class='ocrx_word' id='word_1_386' title='bbox 1884 2206 1946 2259; x_wconf 87' lang='lat' dir='ltr'><strong>tis</strong></span> <span class='ocrx_word' id='word_1_387' title='bbox 1983 2206 2107 2276; x_wconf 80' lang='lat' dir='ltr'><strong>quid</strong></span> <span class='ocrx_word' id='word_1_388' title='bbox 2136 2210 2341 2276; x_wconf 82' lang='lat' dir='ltr'><strong>petatis.</strong></span> <span class='ocrx_word' id='word_1_389' title='bbox 2373 2207 2597 2265; x_wconf 84' lang='lat' dir='ltr'><strong>Potestis</strong></span> <span class='ocrx_word' id='word_1_390' title='bbox 2627 2209 2794 2265; x_wconf 85' lang='lat' dir='ltr'><strong>bibere</strong></span> <span class='ocrx_word' id='word_1_391' title='bbox 2822 2211 3055 2281; x_wconf 83' lang='lat' dir='ltr'><strong>calicem,</strong></span> <span class='ocrx_word' id='word_1_392' title='bbox 3095 2231 3245 2283; x_wconf 88' lang='lat' dir='ltr'><strong>quem</strong></span> <span class='ocrx_word' id='word_1_393' title='bbox 3283 2231 3376 2287; x_wconf 86' lang='lat' dir='ltr'><strong>ego</strong></span> <span class='ocrx_word' id='word_1_394' title='bbox 3403 2216 3479 2270; x_wconf 82' lang='lat' dir='ltr'><strong>bi-</strong></span> 
     </span>
    </p>
   </div>
   <div class='ocr_carea' id='block_1_52' title="bbox 1886 2300 3483 2378">
    <p class='ocr_par' dir='ltr' id='par_1_52' title="bbox 1886 2300 3483 2378">
     <span class='ocr_line' id='line_1_52' title="bbox 1886 2300 3483 2378; baseline 0.006 -25"><span class='ocrx_word' id='word_1_395' title='bbox 1886 2300 2084 2355; x_wconf 89' lang='lat' dir='ltr'><strong>biturus</strong></span> <span class='ocrx_word' id='word_1_396' title='bbox 2114 2318 2224 2356; x_wconf 88' lang='lat' dir='ltr'><strong>sum</strong></span> <span class='ocrx_word' id='word_1_397' title='bbox 2253 2305 2278 2356; x_wconf 82' lang='lat'><strong><em>?</em></strong></span> <span class='ocrx_word' id='word_1_398' title='bbox 2305 2302 2529 2359; x_wconf 84' lang='lat' dir='ltr'><strong>Nomine</strong></span> <span class='ocrx_word' id='word_1_399' title='bbox 2556 2305 2750 2377; x_wconf 11' lang='lat' dir='ltr'><strong>{calicis</strong></span> <span class='ocrx_word' id='word_1_400' title='bbox 2799 2307 2880 2361; x_wconf 91' lang='lat' dir='ltr'><strong>vel</strong></span> <span class='ocrx_word' id='word_1_401' title='bbox 2922 2306 3191 2378; x_wconf 83' lang='lat' dir='ltr'><strong>baptismi,</strong></span> <span class='ocrx_word' id='word_1_402' title='bbox 3240 2308 3293 2362; x_wconf 89' lang='lat' dir='ltr'><strong>in</strong></span> <span class='ocrx_word' id='word_1_403' title='bbox 3328 2324 3483 2364; x_wconf 86' lang='lat' dir='ltr'><strong>sacro</strong></span> 
     </span>
    </p>
   </div>
   <div class='ocr_carea' id='block_1_53' title="bbox 1888 2396 3487 2472">
    <p class='ocr_par' dir='ltr' id='par_1_53' title="bbox 1888 2396 3487 2472">
     <span class='ocr_line' id='line_1_53' title="bbox 1888 2396 3487 2472; baseline 0.007 -25"><span class='ocrx_word' id='word_1_404' title='bbox 1888 2396 2166 2466; x_wconf 74' lang='lat' dir='ltr'><strong>evangelio</strong></span> <span class='ocrx_word' id='word_1_405' title='bbox 2203 2396 2353 2450; x_wconf 89' lang='lat' dir='ltr'><strong>labor</strong></span> <span class='ocrx_word' id='word_1_406' title='bbox 2395 2398 2637 2467; x_wconf 82' lang='lat' dir='ltr'><strong>martyrii</strong></span> <span class='ocrx_word' id='word_1_407' title='bbox 2668 2400 2805 2453; x_wconf 86' lang='lat' dir='ltr'><strong>solet</strong></span> <span class='ocrx_word' id='word_1_408' title='bbox 2846 2399 3141 2472; x_wconf 85' lang='lat' dir='ltr'><strong>designari.</strong></span> <span class='ocrx_word' id='word_1_409' title='bbox 3190 2399 3340 2458; x_wconf 88' lang='lat' dir='ltr'><strong>Unde</strong></span> <span class='ocrx_word' id='word_1_410' title='bbox 3362 2404 3487 2458; x_wconf 89' lang='lat' dir='ltr'><strong>alibi</strong></span> 
     </span>
    </p>
   </div>
   <div class='ocr_carea' id='block_1_54' title="bbox 1888 2487 3487 2566">
    <p class='ocr_par' dir='ltr' id='par_1_54' title="bbox 1888 2487 3487 2566">
     <span class='ocr_line' id='line_1_54' title="bbox 1888 2487 3487 2566; baseline 0.006 -25"><span class='ocrx_word' id='word_1_411' title='bbox 1888 2487 2015 2542; x_wconf 87' lang='lat' dir='ltr'><strong>dicit</strong></span> <span class='ocrx_word' id='word_1_412' title='bbox 2036 2487 2296 2543; x_wconf 83' lang='lat' dir='ltr'><strong>Dominus</strong></span> <span class='ocrx_word' id='word_1_413' title='bbox 2334 2508 2346 2543; x_wconf 90' lang='lat'>:</span> <span class='ocrx_word' id='word_1_414' title='bbox 2386 2489 2706 2561; x_wconf 84' lang='lat' dir='ltr'><strong>Baptismate</strong></span> <span class='ocrx_word' id='word_1_415' title='bbox 2735 2492 2895 2547; x_wconf 79' lang='lat' dir='ltr'><strong>habeo</strong></span> <span class='ocrx_word' id='word_1_416' title='bbox 2926 2492 3206 2564; x_wconf 80' lang='lat' dir='ltr'><strong>baptizari,</strong></span> <span class='ocrx_word' id='word_1_417' title='bbox 3233 2498 3300 2550; x_wconf 91' lang='lat' dir='ltr'><strong>ad</strong></span> <span class='ocrx_word' id='word_1_418' title='bbox 3350 2497 3487 2566; x_wconf 86' lang='lat' dir='ltr'><strong>quod</strong></span> 
     </span>
    </p>
   </div>
   <div class='ocr_carea' id='block_1_55' title="bbox 1888 2582 3489 2657">
    <p class='ocr_par' dir='ltr' id='par_1_55' title="bbox 1888 2582 3489 2657">
     <span class='ocr_line' id='line_1_55' title="bbox 1888 2582 3489 2657; baseline 0.006 -24"><span class='ocrx_word' id='word_1_419' title='bbox 1888 2589 2121 2634; x_wconf 88' lang='lat' dir='ltr'><strong>coarctor</strong></span> <span class='ocrx_word' id='word_1_420' title='bbox 2142 2598 2301 2651; x_wconf 85' lang='lat' dir='ltr'><strong>usque</strong></span> <span class='ocrx_word' id='word_1_421' title='bbox 2332 2582 2451 2635; x_wconf 86' lang='lat' dir='ltr'><strong>dum</strong></span> <span class='ocrx_word' id='word_1_422' title='bbox 2474 2584 2772 2652; x_wconf 86' lang='lat' dir='ltr'><strong>perﬁciatur</strong></span> <span class='ocrx_word' id='word_1_423' title='bbox 2795 2583 2948 2655; x_wconf 86' lang='lat' dir='ltr'><strong>(Luc.</strong></span> <span class='ocrx_word' id='word_1_424' title='bbox 2984 2587 3105 2657; x_wconf 75' lang='lat' dir='ltr'><strong>xu).</strong></span> <span class='ocrx_word' id='word_1_425' title='bbox 3132 2587 3193 2641; x_wconf 89' lang='lat' dir='ltr'><strong>ln</strong></span> <span class='ocrx_word' id='word_1_426' title='bbox 3241 2589 3489 2656; x_wconf 83' lang='lat' dir='ltr'><strong>passione</strong></span> 
     </span>
    </p>
   </div>
   <div class='ocr_carea' id='block_1_56' title="bbox 1893 2674 3491 2747">
    <p class='ocr_par' dir='ltr' id='par_1_56' title="bbox 1893 2674 3491 2747">
     <span class='ocr_line' id='line_1_56' title="bbox 1893 2674 3491 2747; baseline 0.003 -21"><span class='ocrx_word' id='word_1_427' title='bbox 1893 2687 2106 2742; x_wconf 89' lang='lat' dir='ltr'><strong>quoque</strong></span> <span class='ocrx_word' id='word_1_428' title='bbox 2140 2683 2345 2743; x_wconf 86' lang='lat' dir='ltr'><strong>patrem</strong></span> <span class='ocrx_word' id='word_1_429' title='bbox 2382 2686 2498 2729; x_wconf 91' lang='lat' dir='ltr'><strong>orat</strong></span> <span class='ocrx_word' id='word_1_430' title='bbox 2530 2693 2541 2727; x_wconf 92' lang='lat'><strong>:</strong></span> <span class='ocrx_word' id='word_1_431' title='bbox 2584 2674 2647 2731; x_wconf 88' lang='lat' dir='ltr'><strong>Si</strong></span> <span class='ocrx_word' id='word_1_432' title='bbox 2672 2678 2745 2729; x_wconf 87' lang='lat' dir='ltr'><strong>vis</strong></span> <span class='ocrx_word' id='word_1_433' title='bbox 2768 2717 2780 2741; x_wconf 87' lang='lat'><strong>,</strong></span> <span class='ocrx_word' id='word_1_434' title='bbox 2828 2678 3048 2747; x_wconf 78' lang='lat' dir='ltr'><strong>transfer</strong></span> <span class='ocrx_word' id='word_1_435' title='bbox 3088 2678 3297 2732; x_wconf 88' lang='lat' dir='ltr'><strong>calicem</strong></span> <span class='ocrx_word' id='word_1_436' title='bbox 3339 2679 3491 2734; x_wconf 76' lang='lat' dir='ltr'><strong>istum</strong></span> 
     </span>
    </p>
   </div>
   <div class='ocr_carea' id='block_1_57' title="bbox 1889 2763 3491 2838">
    <p class='ocr_par' dir='ltr' id='par_1_57' title="bbox 1889 2763 3491 2838">
     <span class='ocr_line' id='line_1_57' title="bbox 1889 2763 3491 2838; baseline 0.004 -21"><span class='ocrx_word' id='word_1_437' title='bbox 1889 2780 1922 2817; x_wconf 93' lang='lat' dir='ltr'><strong>a</strong></span> <span class='ocrx_word' id='word_1_438' title='bbox 1949 2780 2028 2817; x_wconf 88' lang='lat' dir='ltr'><strong>me</strong></span> <span class='ocrx_word' id='word_1_439' title='bbox 2055 2763 2208 2835; x_wconf 86' lang='lat' dir='ltr'><strong>(Luc.</strong></span> <span class='ocrx_word' id='word_1_440' title='bbox 2243 2767 2397 2835; x_wconf 80' lang='lat' dir='ltr'><strong>xxii).</strong></span> <span class='ocrx_word' id='word_1_441' title='bbox 2428 2767 2723 2837; x_wconf 87' lang='lat' dir='ltr'><strong>Interr0gat</strong></span> <span class='ocrx_word' id='word_1_442' title='bbox 2762 2782 2891 2838; x_wconf 88' lang='lat' dir='ltr'><strong>ergo</strong></span> <span class='ocrx_word' id='word_1_443' title='bbox 2921 2768 3038 2823; x_wconf 89' lang='lat' dir='ltr'><strong>illos</strong></span> <span class='ocrx_word' id='word_1_444' title='bbox 3063 2809 3077 2834; x_wconf 90' lang='lat'><strong>,</strong></span> <span class='ocrx_word' id='word_1_445' title='bbox 3116 2769 3161 2824; x_wconf 90' lang='lat' dir='ltr'><strong>si</strong></span> <span class='ocrx_word' id='word_1_446' title='bbox 3182 2769 3386 2838; x_wconf 86' lang='lat' dir='ltr'><strong>possint</strong></span> <span class='ocrx_word' id='word_1_447' title='bbox 3406 2769 3491 2826; x_wconf 82' lang='lat' dir='ltr'><strong>bi—</strong></span> 
     </span>
    </p>
   </div>
   <div class='ocr_carea' id='block_1_58' title="bbox 1891 2855 3497 2931">
    <p class='ocr_par' dir='ltr' id='par_1_58' title="bbox 1891 2855 3497 2931">
     <span class='ocr_line' id='line_1_58' title="bbox 1891 2855 3497 2931; baseline 0.003 -21"><span class='ocrx_word' id='word_1_448' title='bbox 1891 2856 2023 2911; x_wconf 87' lang='lat' dir='ltr'><strong>bere</strong></span> <span class='ocrx_word' id='word_1_449' title='bbox 2062 2855 2285 2911; x_wconf 89' lang='lat' dir='ltr'><strong>calicem</strong></span> <span class='ocrx_word' id='word_1_450' title='bbox 2313 2872 2474 2927; x_wconf 88' lang='lat' dir='ltr'><strong>quem</strong></span> <span class='ocrx_word' id='word_1_451' title='bbox 2507 2859 2625 2927; x_wconf 89' lang='lat' dir='ltr'><strong>ipse</strong></span> <span class='ocrx_word' id='word_1_452' title='bbox 2651 2872 2766 2913; x_wconf 89' lang='lat' dir='ltr'><strong>erat</strong></span> <span class='ocrx_word' id='word_1_453' title='bbox 2795 2861 3083 2929; x_wconf 90' lang='lat' dir='ltr'><strong>bibiturus,</strong></span> <span class='ocrx_word' id='word_1_454' title='bbox 3113 2876 3210 2931; x_wconf 85' lang='lat' dir='ltr'><strong>per</strong></span> <span class='ocrx_word' id='word_1_455' title='bbox 3238 2861 3341 2916; x_wconf 91' lang='lat' dir='ltr'><strong>hoc</strong></span> <span class='ocrx_word' id='word_1_456' title='bbox 3361 2875 3421 2916; x_wconf 86' lang='lat' dir='ltr'><strong>se</strong></span> <span class='ocrx_word' id='word_1_457' title='bbox 3441 2868 3497 2916; x_wconf 86' lang='lat' dir='ltr'><strong>ct</strong></span> 
     </span>
    </p>
   </div>
   <div class='ocr_carea' id='block_1_59' title="bbox 1894 2948 3492 3021">
    <p class='ocr_par' dir='ltr' id='par_1_59' title="bbox 1894 2948 3492 3021">
     <span class='ocr_line' id='line_1_59' title="bbox 1894 2948 3492 3021; baseline 0.003 -18"><span class='ocrx_word' id='word_1_458' title='bbox 1894 2948 2014 3004; x_wconf 90' lang='lat' dir='ltr'><strong>illos</strong></span> <span class='ocrx_word' id='word_1_459' title='bbox 2043 2964 2137 3018; x_wconf 90' lang='lat' dir='ltr'><strong>per</strong></span> <span class='ocrx_word' id='word_1_460' title='bbox 2166 2950 2473 3019; x_wconf 80' lang='lat' dir='ltr'><strong>passionem</strong></span> <span class='ocrx_word' id='word_1_461' title='bbox 2520 2950 2802 3006; x_wconf 87' lang='lat' dir='ltr'><strong>insinuans</strong></span> <span class='ocrx_word' id='word_1_462' title='bbox 2839 2953 3312 3009; x_wconf 87' lang='lat' dir='ltr'><strong>consummandos.</strong></span> <span class='ocrx_word' id='word_1_463' title='bbox 3341 2953 3492 3021; x_wconf 85' lang='lat' dir='ltr'><strong>Quod</strong></span> 
     </span>
    </p>
   </div>
   <div class='ocr_carea' id='block_1_60' title="bbox 1894 3041 3495 3115">
    <p class='ocr_par' dir='ltr' id='par_1_60' title="bbox 1894 3041 3495 3115">
     <span class='ocr_line' id='line_1_60' title="bbox 1894 3041 3495 3115; baseline 0.003 -19"><span class='ocrx_word' id='word_1_464' title='bbox 1894 3041 1973 3097; x_wconf 90' lang='lat' dir='ltr'><strong>illi</strong></span> <span class='ocrx_word' id='word_1_465' title='bbox 2023 3043 2382 3113; x_wconf 91' lang='lat' dir='ltr'><strong>intelligentes</strong></span> <span class='ocrx_word' id='word_1_466' title='bbox 2408 3045 2800 3115; x_wconf 80' lang='lat' dir='ltr'><strong>reSponderunt</strong></span> <span class='ocrx_word' id='word_1_467' title='bbox 2831 3063 2843 3099; x_wconf 90' lang='lat'><strong>:</strong></span> <span class='ocrx_word' id='word_1_468' title='bbox 2876 3044 3179 3100; x_wconf 86' lang='lat' dir='ltr'><strong>Possumus.</strong></span> <span class='ocrx_word' id='word_1_469' title='bbox 3220 3045 3289 3100; x_wconf 78' lang='lat' dir='ltr'><strong>Et</strong></span> <span class='ocrx_word' id='word_1_470' title='bbox 3314 3046 3495 3101; x_wconf 89' lang='lat' dir='ltr'><strong>Domi-</strong></span> 
     </span>
    </p>
   </div>
   <div class='ocr_carea' id='block_1_61' title="bbox 1896 3136 3496 3209">
    <p class='ocr_par' dir='ltr' id='par_1_61' title="bbox 1896 3136 3496 3209">
     <span class='ocr_line' id='line_1_61' title="bbox 1896 3136 3496 3209; baseline 0.004 -22"><span class='ocrx_word' id='word_1_471' title='bbox 1896 3151 1991 3189; x_wconf 82' lang='lat' dir='ltr'><strong>nus</strong></span> <span class='ocrx_word' id='word_1_472' title='bbox 2017 3151 2035 3189; x_wconf 90' lang='lat'><em>:</em></span> <span class='ocrx_word' id='word_1_473' title='bbox 2063 3136 2287 3192; x_wconf 81' lang='lat' dir='ltr'><strong>Calicem</strong></span> <span class='ocrx_word' id='word_1_474' title='bbox 2336 3137 2540 3207; x_wconf 86' lang='lat' dir='ltr'><strong>quidem</strong></span> <span class='ocrx_word' id='word_1_475' title='bbox 2588 3137 2785 3193; x_wconf 88' lang='lat' dir='ltr'><strong>bibetis.</strong></span> <span class='ocrx_word' id='word_1_476' title='bbox 2816 3138 2994 3206; x_wconf 71' lang='lat' dir='ltr'><strong>Quaeri</strong></span> <span class='ocrx_word' id='word_1_477' title='bbox 3021 3139 3182 3206; x_wconf 84' lang='lat' dir='ltr'><strong>solet,</strong></span> <span class='ocrx_word' id='word_1_478' title='bbox 3225 3139 3496 3209; x_wconf 81' lang='lat' dir='ltr'><strong>quomodo</strong></span> 
     </span>
    </p>
   </div>
   <div class='ocr_carea' id='block_1_62' title="bbox 190 3214 3495 3307">
    <p class='ocr_par' dir='ltr' id='par_1_62' title="bbox 190 3214 3495 3307">
     <span class='ocr_line' id='line_1_62' title="bbox 190 3214 3495 3307; baseline 0 -22"><span class='ocrx_word' id='word_1_479' title='bbox 190 3248 387 3295; x_wconf 65' lang='lat' dir='ltr'><strong>auctor</strong></span> <span class='ocrx_word' id='word_1_480' title='bbox 402 3238 523 3294; x_wconf 62' lang='lat' dir='ltr'><strong>vita:</strong></span> <span class='ocrx_word' id='word_1_481' title='bbox 537 3238 627 3293; x_wconf 81' lang='lat' dir='ltr'><strong>diu</strong></span> <span class='ocrx_word' id='word_1_482' title='bbox 645 3250 861 3293; x_wconf 67' lang='lat' dir='ltr'><strong>amona</strong></span> <span class='ocrx_word' id='word_1_483' title='bbox 882 3214 1051 3293; x_wconf 63' lang='grc' dir='ltr'><strong>ιέιιθιοί</strong></span> <span class='ocrx_word' id='word_1_484' title='bbox 1074 3254 1181 3291; x_wconf 74' lang='lat' dir='ltr'><strong>non</strong></span> <span class='ocrx_word' id='word_1_485' title='bbox 1206 3238 1396 3307; x_wconf 72' lang='lat' dir='ltr'><strong>potuit,</strong></span> <span class='ocrx_word' id='word_1_486' title='bbox 1426 3236 1497 3290; x_wconf 78' lang='lat' dir='ltr'><strong>De</strong></span> <span class='ocrx_word' id='word_1_487' title='bbox 1520 3251 1623 3303; x_wconf 85' lang='lat' dir='ltr'><strong>quo</strong></span> <span class='ocrx_word' id='word_1_488' title='bbox 1642 3234 1793 3290; x_wconf 78' lang='lat' dir='ltr'><strong>Psal-</strong></span> <span class='ocrx_word' id='word_1_489' title='bbox 1819 3214 1867 3281; x_wconf 78' lang='lat' dir='ltr'><strong>C</strong></span> <span class='ocrx_word' id='word_1_490' title='bbox 1904 3226 2062 3281; x_wconf 90' lang='lat' dir='ltr'><strong>ambo</strong></span> <span class='ocrx_word' id='word_1_491' title='bbox 2085 3227 2138 3281; x_wconf 79' lang='grc' dir='ltr'><strong>Ιιί</strong></span> <span class='ocrx_word' id='word_1_492' title='bbox 2165 3228 2379 3296; x_wconf 81' lang='lat' dir='ltr'><strong>fratres,</strong></span> <span class='ocrx_word' id='word_1_493' title='bbox 2417 3229 2650 3285; x_wconf 81' lang='lat' dir='ltr'><strong>Joannes</strong></span> <span class='ocrx_word' id='word_1_494' title='bbox 2685 3230 2934 3285; x_wconf 87' lang='lat' dir='ltr'><strong>videlicet</strong></span> <span class='ocrx_word' id='word_1_495' title='bbox 2972 3240 3026 3284; x_wconf 93' lang='lat' dir='ltr'><strong>ct</strong></span> <span class='ocrx_word' id='word_1_496' title='bbox 3053 3229 3316 3299; x_wconf 77' lang='lat' dir='ltr'><strong>Jacobus,</strong></span> <span class='ocrx_word' id='word_1_497' title='bbox 3362 3232 3495 3287; x_wconf 87' lang='lat' dir='ltr'><strong>cali-</strong></span> 
     </span>
    </p>
   </div>
   <div class='ocr_carea' id='block_1_63' title="bbox 188 3327 1804 3399">
    <p class='ocr_par' dir='ltr' id='par_1_63' title="bbox 188 3327 1804 3399">
     <span class='ocr_line' id='line_1_63' title="bbox 188 3327 1804 3399; baseline -0.006 -10"><span class='ocrx_word' id='word_1_498' title='bbox 188 3333 362 3389; x_wconf 80' lang='lat' dir='ltr'><strong>lnista</strong></span> <span class='ocrx_word' id='word_1_499' title='bbox 377 3331 536 3388; x_wconf 92' lang='lat' dir='ltr'><strong>dicit:</strong></span> <span class='ocrx_word' id='word_1_500' title='bbox 557 3330 638 3386; x_wconf 90' lang='lat' dir='ltr'><strong>De</strong></span> <span class='ocrx_word' id='word_1_501' title='bbox 660 3341 878 3386; x_wconf 87' lang='lat' dir='ltr'><strong>torrente</strong></span> <span class='ocrx_word' id='word_1_502' title='bbox 897 3331 950 3385; x_wconf 90' lang='lat' dir='ltr'><strong>in</strong></span> <span class='ocrx_word' id='word_1_503' title='bbox 974 3331 1055 3385; x_wconf 84' lang='lat' dir='ltr'><strong>uia</strong></span> <span class='ocrx_word' id='word_1_504' title='bbox 1078 3330 1206 3384; x_wconf 84' lang='lat' dir='ltr'><strong>bibet</strong></span> <span class='ocrx_word' id='word_1_505' title='bbox 1229 3328 1399 3399; x_wconf 84' lang='lat' dir='ltr'><strong>(Psul.</strong></span> <span class='ocrx_word' id='word_1_506' title='bbox 1423 3327 1559 3398; x_wconf 84' lang='lat' dir='ltr'><strong>clx);</strong></span> <span class='ocrx_word' id='word_1_507' title='bbox 1583 3328 1702 3399; x_wconf 87' lang='lat' dir='ltr'><strong>quia</strong></span> <span class='ocrx_word' id='word_1_508' title='bbox 1727 3327 1804 3381; x_wconf 89' lang='lat' dir='ltr'><strong>vi-</strong></span> 
     </span>
    </p>
   </div>
   <div class='ocr_carea' id='block_1_64' title="bbox 197 3424 1797 3494">
    <p class='ocr_par' dir='ltr' id='par_1_64' title="bbox 197 3424 1797 3494">
     <span class='ocr_line' id='line_1_64' title="bbox 197 3424 1797 3494; baseline -0.003 -11"><span class='ocrx_word' id='word_1_509' title='bbox 197 3428 404 3483; x_wconf 86' lang='lat' dir='ltr'><strong>delicet</strong></span> <span class='ocrx_word' id='word_1_510' title='bbox 437 3436 663 3481; x_wconf 89' lang='lat' dir='ltr'><strong>mortem</strong></span> <span class='ocrx_word' id='word_1_511' title='bbox 697 3432 935 3480; x_wconf 89' lang='lat' dir='ltr'><strong>nostram</strong></span> <span class='ocrx_word' id='word_1_512' title='bbox 969 3426 1021 3477; x_wconf 93' lang='lat' dir='ltr'><strong>in</strong></span> <span class='ocrx_word' id='word_1_513' title='bbox 1057 3427 1282 3479; x_wconf 87' lang='lat' dir='ltr'><strong>transitu</strong></span> <span class='ocrx_word' id='word_1_514' title='bbox 1311 3424 1563 3494; x_wconf 85' lang='lat' dir='ltr'><strong>gustavit,</strong></span> <span class='ocrx_word' id='word_1_515' title='bbox 1594 3433 1643 3477; x_wconf 91' lang='lat' dir='ltr'><strong>et</strong></span> <span class='ocrx_word' id='word_1_516' title='bbox 1678 3439 1797 3478; x_wconf 89' lang='lat' dir='ltr'><strong>caro</strong></span> 
     </span>
    </p>
   </div>
   <div class='ocr_carea' id='block_1_65' title="bbox 197 3518 1806 3594">
    <p class='ocr_par' dir='ltr' id='par_1_65' title="bbox 197 3518 1806 3594">
     <span class='ocr_line' id='line_1_65' title="bbox 197 3518 1806 3594; baseline -0.004 -15"><span class='ocrx_word' id='word_1_517' title='bbox 197 3524 356 3579; x_wconf 85' lang='lat' dir='ltr'><strong>illius</strong></span> <span class='ocrx_word' id='word_1_518' title='bbox 382 3523 761 3594; x_wconf 85' lang='lat' dir='ltr'><strong>corruptionem</strong></span> <span class='ocrx_word' id='word_1_519' title='bbox 783 3537 888 3575; x_wconf 91' lang='lat' dir='ltr'><strong>non</strong></span> <span class='ocrx_word' id='word_1_520' title='bbox 911 3520 1055 3575; x_wconf 85' lang='lat' dir='ltr'><strong>uidit.</strong></span> <span class='ocrx_word' id='word_1_521' title='bbox 1084 3518 1226 3575; x_wconf 85' lang='lat' dir='ltr'><strong>Tunc</strong></span> <span class='ocrx_word' id='word_1_522' title='bbox 1246 3520 1453 3575; x_wconf 87' lang='lat' dir='ltr'><strong>accessit</strong></span> <span class='ocrx_word' id='word_1_523' title='bbox 1476 3522 1542 3573; x_wconf 90' lang='lat' dir='ltr'><strong>ad</strong></span> <span class='ocrx_word' id='word_1_524' title='bbox 1558 3536 1673 3574; x_wconf 91' lang='lat' dir='ltr'><strong>eum</strong></span> <span class='ocrx_word' id='word_1_525' title='bbox 1694 3535 1806 3573; x_wconf 90' lang='lat' dir='ltr'><strong>ma-</strong></span> 
     </span>
    </p>
   </div>
   <div class='ocr_carea' id='block_1_66' title="bbox 194 3613 1807 3685">
    <p class='ocr_par' dir='ltr' id='par_1_66' title="bbox 194 3613 1807 3685">
     <span class='ocr_line' id='line_1_66' title="bbox 194 3613 1807 3685; baseline -0.004 -12"><span class='ocrx_word' id='word_1_526' title='bbox 194 3628 283 3673; x_wconf 84' lang='lat' dir='ltr'><strong>ter</strong></span> <span class='ocrx_word' id='word_1_527' title='bbox 309 3617 534 3685; x_wconf 87' lang='lat' dir='ltr'><strong>ﬁliorum</strong></span> <span class='ocrx_word' id='word_1_528' title='bbox 564 3614 799 3669; x_wconf 77' lang='lat' dir='ltr'><strong>Zebcdtei</strong></span> <span class='ocrx_word' id='word_1_529' title='bbox 837 3630 951 3667; x_wconf 84' lang='lat' dir='ltr'><strong>cum</strong></span> <span class='ocrx_word' id='word_1_530' title='bbox 984 3613 1107 3683; x_wconf 86' lang='lat' dir='ltr'><strong>ﬁliis</strong></span> <span class='ocrx_word' id='word_1_531' title='bbox 1147 3614 1274 3681; x_wconf 86' lang='lat' dir='ltr'><strong>suis,</strong></span> <span class='ocrx_word' id='word_1_532' title='bbox 1306 3614 1529 3667; x_wconf 87' lang='lat' dir='ltr'><strong>adorans</strong></span> <span class='ocrx_word' id='word_1_533' title='bbox 1561 3623 1608 3666; x_wconf 91' lang='lat' dir='ltr'><strong>et</strong></span> <span class='ocrx_word' id='word_1_534' title='bbox 1636 3622 1807 3683; x_wconf 82' lang='lat' dir='ltr'><strong>petens</strong></span> 
     </span>
    </p>
   </div>
   <div class='ocr_carea' id='block_1_67' title="bbox 194 3704 1808 3776">
    <p class='ocr_par' dir='ltr' id='par_1_67' title="bbox 194 3704 1808 3776">
     <span class='ocr_line' id='line_1_67' title="bbox 194 3704 1808 3776; baseline -0.004 -13"><span class='ocrx_word' id='word_1_535' title='bbox 194 3706 403 3776; x_wconf 85' lang='lat' dir='ltr'><strong>aliquid</strong></span> <span class='ocrx_word' id='word_1_536' title='bbox 430 3707 492 3759; x_wconf 88' lang='lat' dir='ltr'><strong>ab</strong></span> <span class='ocrx_word' id='word_1_537' title='bbox 522 3721 600 3760; x_wconf 90' lang='lat' dir='ltr'><strong>eo.</strong></span> <span class='ocrx_word' id='word_1_538' title='bbox 630 3706 731 3770; x_wconf 77' lang='lat' dir='ltr'><strong>Qui</strong></span> <span class='ocrx_word' id='word_1_539' title='bbox 767 3705 895 3758; x_wconf 77' lang='lat' dir='ltr'><strong>dixit</strong></span> <span class='ocrx_word' id='word_1_540' title='bbox 935 3707 982 3759; x_wconf 86' lang='lat' dir='ltr'><strong>ei</strong></span> <span class='ocrx_word' id='word_1_541' title='bbox 1012 3721 1030 3759; x_wconf 90' lang='lat'><strong><em>:</em></strong></span> <span class='ocrx_word' id='word_1_542' title='bbox 1062 3704 1201 3769; x_wconf 81' lang='lat' dir='ltr'><strong>Quid</strong></span> <span class='ocrx_word' id='word_1_543' title='bbox 1223 3707 1336 3759; x_wconf 83' lang='lat' dir='ltr'><strong>vis?</strong></span> <span class='ocrx_word' id='word_1_544' title='bbox 1364 3704 1428 3758; x_wconf 75' lang='lat' dir='ltr'><strong>At</strong></span> <span class='ocrx_word' id='word_1_545' title='bbox 1459 3706 1553 3758; x_wconf 89' lang='lat' dir='ltr'><strong>illa</strong></span> <span class='ocrx_word' id='word_1_546' title='bbox 1585 3720 1603 3759; x_wconf 90' lang='lat'><strong><em>:</em></strong></span> <span class='ocrx_word' id='word_1_547' title='bbox 1628 3705 1723 3758; x_wconf 89' lang='lat' dir='ltr'><strong>Dic</strong></span> <span class='ocrx_word' id='word_1_548' title='bbox 1752 3712 1808 3758; x_wconf 88' lang='lat' dir='ltr'><strong>ut</strong></span> 
     </span>
    </p>
   </div>
   <div class='ocr_carea' id='block_1_68' title="bbox 196 3797 1807 3866">
    <p class='ocr_par' dir='ltr' id='par_1_68' title="bbox 196 3797 1807 3866">
     <span class='ocr_line' id='line_1_68' title="bbox 196 3797 1807 3866; baseline -0.004 -11"><span class='ocrx_word' id='word_1_549' title='bbox 196 3800 423 3855; x_wconf 76' lang='lat' dir='ltr'><strong>sedeant</strong></span> <span class='ocrx_word' id='word_1_550' title='bbox 461 3797 515 3851; x_wconf 87' lang='lat' dir='ltr'><strong>hi</strong></span> <span class='ocrx_word' id='word_1_551' title='bbox 553 3802 654 3851; x_wconf 86' lang='lat' dir='ltr'><strong>duo</strong></span> <span class='ocrx_word' id='word_1_552' title='bbox 686 3797 783 3866; x_wconf 87' lang='lat' dir='ltr'><strong>ﬁlii</strong></span> <span class='ocrx_word' id='word_1_553' title='bbox 824 3798 943 3862; x_wconf 90' lang='lat' dir='ltr'><strong>mei,</strong></span> <span class='ocrx_word' id='word_1_554' title='bbox 976 3814 1106 3851; x_wconf 87' lang='lat' dir='ltr'><strong>unus</strong></span> <span class='ocrx_word' id='word_1_555' title='bbox 1151 3798 1218 3850; x_wconf 90' lang='lat' dir='ltr'><strong>ad</strong></span> <span class='ocrx_word' id='word_1_556' title='bbox 1249 3797 1510 3851; x_wconf 69' lang='lat' dir='ltr'><strong>dexteram</strong></span> <span class='ocrx_word' id='word_1_557' title='bbox 1542 3807 1707 3863; x_wconf 90' lang='lat' dir='ltr'><strong>tuam,</strong></span> <span class='ocrx_word' id='word_1_558' title='bbox 1758 3804 1807 3851; x_wconf 87' lang='lat' dir='ltr'><strong>et</strong></span> 
     </span>
    </p>
   </div>
   <div class='ocr_carea' id='block_1_69' title="bbox 201 3888 1805 3959">
    <p class='ocr_par' dir='ltr' id='par_1_69' title="bbox 201 3888 1805 3959">
     <span class='ocr_line' id='line_1_69' title="bbox 201 3888 1805 3959; baseline -0.003 -12"><span class='ocrx_word' id='word_1_559' title='bbox 201 3908 352 3947; x_wconf 83' lang='lat' dir='ltr'><strong>unus</strong></span> <span class='ocrx_word' id='word_1_560' title='bbox 378 3891 445 3943; x_wconf 88' lang='lat' dir='ltr'><strong>ad</strong></span> <span class='ocrx_word' id='word_1_561' title='bbox 464 3892 726 3945; x_wconf 85' lang='lat' dir='ltr'><strong>sinistram</strong></span> <span class='ocrx_word' id='word_1_562' title='bbox 758 3900 920 3956; x_wconf 86' lang='lat' dir='ltr'><strong>tuam,</strong></span> <span class='ocrx_word' id='word_1_563' title='bbox 960 3891 1014 3942; x_wconf 88' lang='lat' dir='ltr'><strong>in</strong></span> <span class='ocrx_word' id='word_1_564' title='bbox 1042 3905 1197 3959; x_wconf 81' lang='lat' dir='ltr'><strong>regno</strong></span> <span class='ocrx_word' id='word_1_565' title='bbox 1244 3899 1350 3944; x_wconf 88' lang='lat' dir='ltr'><strong>tuo.</strong></span> <span class='ocrx_word' id='word_1_566' title='bbox 1386 3890 1552 3943; x_wconf 84' lang='lat' dir='ltr'><strong>Mater</strong></span> <span class='ocrx_word' id='word_1_567' title='bbox 1576 3888 1805 3943; x_wconf 89' lang='lat' dir='ltr'><strong>ﬁliorum</strong></span> 
     </span>
    </p>
   </div>
   <div class='ocr_carea' id='block_1_70' title="bbox 202 3980 1807 4055">
    <p class='ocr_par' dir='ltr' id='par_1_70' title="bbox 202 3980 1807 4055">
     <span class='ocr_line' id='line_1_70' title="bbox 202 3980 1807 4055; baseline -0.006 -13"><span class='ocrx_word' id='word_1_568' title='bbox 202 3986 487 4049; x_wconf 71' lang='lat' dir='ltr'><strong>Zebedaei,</strong></span> <span class='ocrx_word' id='word_1_569' title='bbox 540 3984 656 4055; x_wconf 91' lang='lat' dir='ltr'><strong>ipsa</strong></span> <span class='ocrx_word' id='word_1_570' title='bbox 693 3993 776 4038; x_wconf 90' lang='lat' dir='ltr'><strong>est</strong></span> <span class='ocrx_word' id='word_1_571' title='bbox 816 3982 976 4036; x_wconf 77' lang='lat' dir='ltr'><strong>Maria</strong></span> <span class='ocrx_word' id='word_1_572' title='bbox 1021 3993 1191 4037; x_wconf 90' lang='lat' dir='ltr'><strong>mater</strong></span> <span class='ocrx_word' id='word_1_573' title='bbox 1230 3981 1414 4037; x_wconf 83' lang='lat' dir='ltr'><strong>Jacobi</strong></span> <span class='ocrx_word' id='word_1_574' title='bbox 1461 3989 1517 4036; x_wconf 88' lang='lat' dir='ltr'><strong>et</strong></span> <span class='ocrx_word' id='word_1_575' title='bbox 1566 3980 1807 4047; x_wconf 85' lang='lat' dir='ltr'><strong>Joannis,</strong></span> 
     </span>
    </p>
   </div>
   <div class='ocr_carea' id='block_1_71' title="bbox 206 4067 1808 4145">
    <p class='ocr_par' dir='ltr' id='par_1_71' title="bbox 206 4067 1808 4145">
     <span class='ocr_line' id='line_1_71' title="bbox 206 4067 1808 4145; baseline -0.006 -14"><span class='ocrx_word' id='word_1_576' title='bbox 206 4075 374 4145; x_wconf 84' lang='lat' dir='ltr'><strong>cujus</strong></span> <span class='ocrx_word' id='word_1_577' title='bbox 408 4084 461 4129; x_wconf 91' lang='lat' dir='ltr'><strong>et</strong></span> <span class='ocrx_word' id='word_1_578' title='bbox 509 4074 561 4128; x_wconf 93' lang='lat' dir='ltr'><strong>in</strong></span> <span class='ocrx_word' id='word_1_579' title='bbox 600 4072 995 4128; x_wconf 87' lang='lat' dir='ltr'><strong>resurrectione</strong></span> <span class='ocrx_word' id='word_1_580' title='bbox 1020 4070 1227 4125; x_wconf 88' lang='lat' dir='ltr'><strong>Domini</strong></span> <span class='ocrx_word' id='word_1_581' title='bbox 1250 4070 1449 4124; x_wconf 88' lang='lat' dir='ltr'><strong>mentio</strong></span> <span class='ocrx_word' id='word_1_582' title='bbox 1477 4068 1669 4139; x_wconf 88' lang='lat' dir='ltr'><strong>agitur.</strong></span> <span class='ocrx_word' id='word_1_583' title='bbox 1702 4067 1808 4124; x_wconf 91' lang='lat' dir='ltr'><strong>Sed</strong></span> 
     </span>
    </p>
   </div>
   <div class='ocr_carea' id='block_1_72' title="bbox 201 4162 1812 4236">
    <p class='ocr_par' dir='ltr' id='par_1_72' title="bbox 201 4162 1812 4236">
     <span class='ocr_line' id='line_1_72' title="bbox 201 4162 1812 4236; baseline -0.005 -10"><span class='ocrx_word' id='word_1_584' title='bbox 201 4185 335 4226; x_wconf 84' lang='lat' dir='ltr'><strong>cuin</strong></span> <span class='ocrx_word' id='word_1_585' title='bbox 370 4168 627 4223; x_wconf 89' lang='lat' dir='ltr'><strong>Dominus</strong></span> <span class='ocrx_word' id='word_1_586' title='bbox 653 4181 803 4221; x_wconf 88' lang='lat' dir='ltr'><strong>suam</strong></span> <span class='ocrx_word' id='word_1_587' title='bbox 838 4164 1084 4236; x_wconf 90' lang='lat' dir='ltr'><strong>superius</strong></span> <span class='ocrx_word' id='word_1_588' title='bbox 1108 4165 1311 4233; x_wconf 82' lang='lat' dir='ltr'><strong>legatur</strong></span> <span class='ocrx_word' id='word_1_589' title='bbox 1340 4162 1655 4233; x_wconf 73' lang='lat' dir='ltr'><strong>prredixisse</strong></span> <span class='ocrx_word' id='word_1_590' title='bbox 1688 4177 1812 4232; x_wconf 88' lang='lat' dir='ltr'><strong>pas-</strong></span> 
     </span>
    </p>
   </div>
   <div class='ocr_carea' id='block_1_73' title="bbox 203 4255 1810 4330">
    <p class='ocr_par' dir='ltr' id='par_1_73' title="bbox 203 4255 1810 4330">
     <span class='ocr_line' id='line_1_73' title="bbox 203 4255 1810 4330; baseline -0.006 -12"><span class='ocrx_word' id='word_1_591' title='bbox 203 4262 449 4327; x_wconf 82' lang='lat' dir='ltr'><strong>siOnem,</strong></span> <span class='ocrx_word' id='word_1_592' title='bbox 477 4260 618 4330; x_wconf 89' lang='lat' dir='ltr'><strong>quod</strong></span> <span class='ocrx_word' id='word_1_593' title='bbox 646 4259 895 4313; x_wconf 84' lang='lat' dir='ltr'><strong>videlicet</strong></span> <span class='ocrx_word' id='word_1_594' title='bbox 940 4256 1254 4322; x_wconf 87' lang='lat' dir='ltr'><strong>tradendus,</strong></span> <span class='ocrx_word' id='word_1_595' title='bbox 1282 4255 1582 4310; x_wconf 89' lang='lat' dir='ltr'><strong>illudendus</strong></span> <span class='ocrx_word' id='word_1_596' title='bbox 1615 4265 1672 4310; x_wconf 86' lang='lat' dir='ltr'><strong>et</strong></span> <span class='ocrx_word' id='word_1_597' title='bbox 1711 4255 1810 4309; x_wconf 86' lang='lat' dir='ltr'><strong>ﬁa-</strong></span> 
     </span>
    </p>
   </div>
   <div class='ocr_carea' id='block_1_74' title="bbox 203 4347 1801 4425">
    <p class='ocr_par' dir='ltr' id='par_1_74' title="bbox 203 4347 1801 4425">
     <span class='ocr_line' id='line_1_74' title="bbox 203 4347 1801 4425; baseline -0.004 -17"><span class='ocrx_word' id='word_1_598' title='bbox 203 4352 493 4425; x_wconf 80' lang='lat' dir='ltr'><strong>gellandus</strong></span> <span class='ocrx_word' id='word_1_599' title='bbox 543 4360 707 4419; x_wconf 84' lang='lat' dir='ltr'><strong>esset,</strong></span> <span class='ocrx_word' id='word_1_600' title='bbox 760 4349 1108 4420; x_wconf 66' lang='lat' dir='ltr'><strong>quaerendum</strong></span> <span class='ocrx_word' id='word_1_601' title='bbox 1150 4348 1292 4403; x_wconf 90' lang='lat' dir='ltr'><strong>unde</strong></span> <span class='ocrx_word' id='word_1_602' title='bbox 1344 4358 1515 4403; x_wconf 86' lang='lat' dir='ltr'><strong>mater</strong></span> <span class='ocrx_word' id='word_1_603' title='bbox 1569 4347 1801 4402; x_wconf 88' lang='lat' dir='ltr'><strong>ﬁliorum</strong></span> 
     </span>
    </p>
   </div>
   <div class='ocr_carea' id='block_1_75' title="bbox 204 4438 1803 4512">
    <p class='ocr_par' dir='ltr' id='par_1_75' title="bbox 204 4438 1803 4512">
     <span class='ocr_line' id='line_1_75' title="bbox 204 4438 1803 4512; baseline -0.005 -12"><span class='ocrx_word' id='word_1_604' title='bbox 204 4444 469 4501; x_wconf 70' lang='lat' dir='ltr'><strong>Zebedmi</strong></span> <span class='ocrx_word' id='word_1_605' title='bbox 495 4445 561 4498; x_wconf 87' lang='lat' dir='ltr'><strong>ad</strong></span> <span class='ocrx_word' id='word_1_606' title='bbox 593 4440 739 4498; x_wconf 88' lang='lat' dir='ltr'><strong>hanc</strong></span> <span class='ocrx_word' id='word_1_607' title='bbox 759 4443 908 4510; x_wconf 78' lang='lat' dir='ltr'><strong>regni</strong></span> <span class='ocrx_word' id='word_1_608' title='bbox 935 4443 1240 4512; x_wconf 90' lang='lat' dir='ltr'><strong>opinionem</strong></span> <span class='ocrx_word' id='word_1_609' title='bbox 1278 4439 1494 4495; x_wconf 90' lang='lat' dir='ltr'><strong>inducta</strong></span> <span class='ocrx_word' id='word_1_610' title='bbox 1524 4438 1618 4505; x_wconf 89' lang='lat' dir='ltr'><strong>sit,</strong></span> <span class='ocrx_word' id='word_1_611' title='bbox 1654 4448 1711 4494; x_wconf 92' lang='lat' dir='ltr'><strong>ut</strong></span> <span class='ocrx_word' id='word_1_612' title='bbox 1736 4438 1803 4492; x_wconf 85' lang='lat' dir='ltr'><strong>li-</strong></span> 
     </span>
    </p>
   </div>
   <div class='ocr_carea' id='block_1_76' title="bbox 208 4533 1807 4609">
    <p class='ocr_par' dir='ltr' id='par_1_76' title="bbox 208 4533 1807 4609">
     <span class='ocr_line' id='line_1_76' title="bbox 208 4533 1807 4609; baseline -0.004 -14"><span class='ocrx_word' id='word_1_613' title='bbox 208 4538 302 4595; x_wconf 79' lang='lat' dir='ltr'><strong>liis</strong></span> <span class='ocrx_word' id='word_1_614' title='bbox 347 4550 615 4609; x_wconf 67' lang='lat' dir='ltr'><strong>quaereret</strong></span> <span class='ocrx_word' id='word_1_615' title='bbox 650 4554 679 4592; x_wconf 91' lang='lat' dir='ltr'><strong>a</strong></span> <span class='ocrx_word' id='word_1_616' title='bbox 714 4536 940 4591; x_wconf 92' lang='lat' dir='ltr'><strong>Domino</strong></span> <span class='ocrx_word' id='word_1_617' title='bbox 983 4534 1240 4606; x_wconf 90' lang='lat' dir='ltr'><strong>regnandi</strong></span> <span class='ocrx_word' id='word_1_618' title='bbox 1270 4534 1518 4604; x_wconf 86' lang='lat' dir='ltr'><strong>gloriam.</strong></span> <span class='ocrx_word' id='word_1_619' title='bbox 1545 4533 1622 4588; x_wconf 85' lang='lat' dir='ltr'><strong>Ea</strong></span> <span class='ocrx_word' id='word_1_620' title='bbox 1662 4537 1807 4588; x_wconf 89' lang='lat' dir='ltr'><strong>enim</strong></span> 
     </span>
    </p>
   </div>
   <div class='ocr_carea' id='block_1_77' title="bbox 210 4627 1810 4703">
    <p class='ocr_par' dir='ltr' id='par_1_77' title="bbox 210 4627 1810 4703">
     <span class='ocr_line' id='line_1_77' title="bbox 210 4627 1810 4703; baseline -0.004 -17"><span class='ocrx_word' id='word_1_621' title='bbox 210 4645 344 4703; x_wconf 66' lang='lat' dir='ltr'><strong>quae</strong></span> <span class='ocrx_word' id='word_1_622' title='bbox 388 4631 643 4685; x_wconf 90' lang='lat' dir='ltr'><strong>Dominus</strong></span> <span class='ocrx_word' id='word_1_623' title='bbox 670 4631 723 4685; x_wconf 93' lang='lat' dir='ltr'><strong>in</strong></span> <span class='ocrx_word' id='word_1_624' title='bbox 765 4643 825 4684; x_wconf 90' lang='lat' dir='ltr'><strong>se</strong></span> <span class='ocrx_word' id='word_1_625' title='bbox 862 4628 1129 4699; x_wconf 90' lang='lat' dir='ltr'><strong>implenda</strong></span> <span class='ocrx_word' id='word_1_626' title='bbox 1169 4627 1508 4697; x_wconf 74' lang='lat' dir='ltr'><strong>praedixerat,</strong></span> <span class='ocrx_word' id='word_1_627' title='bbox 1542 4627 1810 4682; x_wconf 88' lang='lat' dir='ltr'><strong>contraria</strong></span> 
     </span>
    </p>
   </div>
   <div class='ocr_carea' id='block_1_78' title="bbox 213 4722 1815 4795">
    <p class='ocr_par' dir='ltr' id='par_1_78' title="bbox 213 4722 1815 4795">
     <span class='ocr_line' id='line_1_78' title="bbox 213 4722 1815 4795; baseline -0.001 -15"><span class='ocrx_word' id='word_1_628' title='bbox 213 4725 546 4780; x_wconf 88' lang='lat' dir='ltr'><strong>videbantur</strong></span> <span class='ocrx_word' id='word_1_629' title='bbox 574 4725 762 4795; x_wconf 61' lang='lat' dir='ltr'><strong>glorias</strong></span> <span class='ocrx_word' id='word_1_630' title='bbox 794 4724 965 4794; x_wconf 85' lang='lat' dir='ltr'><strong>regni.</strong></span> <span class='ocrx_word' id='word_1_631' title='bbox 996 4722 1104 4779; x_wconf 91' lang='lat' dir='ltr'><strong>Sed</strong></span> <span class='ocrx_word' id='word_1_632' title='bbox 1138 4728 1262 4794; x_wconf 88' lang='lat' dir='ltr'><strong>quia</strong></span> <span class='ocrx_word' id='word_1_633' title='bbox 1294 4723 1555 4778; x_wconf 90' lang='lat' dir='ltr'><strong>Dominus</strong></span> <span class='ocrx_word' id='word_1_634' title='bbox 1588 4722 1815 4792; x_wconf 86' lang='lat' dir='ltr'><strong>subjun-</strong></span> 
     </span>
    </p>
   </div>
   <div class='ocr_carea' id='block_1_79' title="bbox 212 4816 1821 4887">
    <p class='ocr_par' dir='ltr' id='par_1_79' title="bbox 212 4816 1821 4887">
     <span class='ocr_line' id='line_1_79' title="bbox 212 4816 1821 4887; baseline -0.002 -13"><span class='ocrx_word' id='word_1_635' title='bbox 212 4828 379 4874; x_wconf 77' lang='lat' dir='ltr'><strong>xerat</strong></span> <span class='ocrx_word' id='word_1_636' title='bbox 403 4833 462 4873; x_wconf 88' lang='lat' dir='ltr'><strong>se</strong></span> <span class='ocrx_word' id='word_1_637' title='bbox 504 4818 591 4873; x_wconf 90' lang='lat' dir='ltr'><strong>die</strong></span> <span class='ocrx_word' id='word_1_638' title='bbox 630 4819 785 4873; x_wconf 88' lang='lat' dir='ltr'><strong>tertio</strong></span> <span class='ocrx_word' id='word_1_639' title='bbox 824 4828 1283 4883; x_wconf 88' lang='lat' dir='ltr'><strong>resurrecturum,</strong></span> <span class='ocrx_word' id='word_1_640' title='bbox 1321 4818 1526 4887; x_wconf 86' lang='lat' dir='ltr'><strong>putavit</strong></span> <span class='ocrx_word' id='word_1_641' title='bbox 1568 4816 1682 4872; x_wconf 72' lang='lat' dir='ltr'><strong>hate</strong></span> <span class='ocrx_word' id='word_1_642' title='bbox 1705 4833 1821 4871; x_wconf 87' lang='lat' dir='ltr'><strong>mu-</strong></span> 
     </span>
    </p>
   </div>
   <div class='ocr_carea' id='block_1_80' title="bbox 218 4911 1819 4981">
    <p class='ocr_par' dir='ltr' id='par_1_80' title="bbox 218 4911 1819 4981">
     <span class='ocr_line' id='line_1_80' title="bbox 218 4911 1819 4981; baseline -0.001 -14"><span class='ocrx_word' id='word_1_643' title='bbox 218 4912 327 4967; x_wconf 85' lang='lat' dir='ltr'><strong>lier</strong></span> <span class='ocrx_word' id='word_1_644' title='bbox 360 4922 478 4981; x_wconf 89' lang='lat' dir='ltr'><strong>post</strong></span> <span class='ocrx_word' id='word_1_645' title='bbox 505 4911 955 4967; x_wconf 85' lang='lat' dir='ltr'><strong>resurrectionem</strong></span> <span class='ocrx_word' id='word_1_646' title='bbox 981 4911 1127 4967; x_wconf 92' lang='lat' dir='ltr'><strong>illico</strong></span> <span class='ocrx_word' id='word_1_647' title='bbox 1158 4928 1280 4967; x_wconf 88' lang='lat' dir='ltr'><strong>eum</strong></span> <span class='ocrx_word' id='word_1_648' title='bbox 1312 4915 1367 4965; x_wconf 91' lang='lat' dir='ltr'><strong>in</strong></span> <span class='ocrx_word' id='word_1_649' title='bbox 1398 4911 1599 4967; x_wconf 89' lang='lat' dir='ltr'><strong>mundo</strong></span> <span class='ocrx_word' id='word_1_650' title='bbox 1624 4927 1819 4981; x_wconf 80' lang='lat' dir='ltr'><strong>regna-</strong></span> 
     </span>
    </p>
   </div>
   <div class='ocr_carea' id='block_1_81' title="bbox 218 5007 1818 5083">
    <p class='ocr_par' dir='ltr' id='par_1_81' title="bbox 218 5007 1818 5083">
     <span class='ocr_line' id='line_1_81' title="bbox 218 5007 1818 5083; baseline 0.001 -21"><span class='ocrx_word' id='word_1_651' title='bbox 218 5008 710 5076; x_wconf 87' lang='lat' dir='ltr'><strong>turum,arhitrans</strong></span> <span class='ocrx_word' id='word_1_652' title='bbox 731 5009 781 5063; x_wconf 92' lang='lat' dir='ltr'><strong>in</strong></span> <span class='ocrx_word' id='word_1_653' title='bbox 796 5012 967 5083; x_wconf 77' lang='lat' dir='ltr'><strong>primo</strong></span> <span class='ocrx_word' id='word_1_654' title='bbox 982 5007 1212 5064; x_wconf 87' lang='lat' dir='ltr'><strong>adventu</strong></span> <span class='ocrx_word' id='word_1_655' title='bbox 1236 5009 1443 5061; x_wconf 90' lang='lat' dir='ltr'><strong>Domini</strong></span> <span class='ocrx_word' id='word_1_656' title='bbox 1465 5008 1818 5080; x_wconf 87' lang='lat' dir='ltr'><strong>implendum,</strong></span> 
     </span>
    </p>
   </div>
   <div class='ocr_carea' id='block_1_82' title="bbox 219 5100 1824 5172">
    <p class='ocr_par' dir='ltr' id='par_1_82' title="bbox 219 5100 1824 5172">
     <span class='ocr_line' id='line_1_82' title="bbox 219 5100 1824 5172; baseline 0.003 -19"><span class='ocrx_word' id='word_1_657' title='bbox 219 5100 373 5170; x_wconf 89' lang='lat' dir='ltr'><strong>quod</strong></span> <span class='ocrx_word' id='word_1_658' title='bbox 432 5101 486 5154; x_wconf 91' lang='lat' dir='ltr'><strong>in</strong></span> <span class='ocrx_word' id='word_1_659' title='bbox 537 5103 776 5157; x_wconf 90' lang='lat' dir='ltr'><strong>secundo</strong></span> <span class='ocrx_word' id='word_1_660' title='bbox 833 5101 1178 5172; x_wconf 87' lang='lat' dir='ltr'><strong>promittitur.</strong></span> <span class='ocrx_word' id='word_1_661' title='bbox 1246 5100 1479 5171; x_wconf 88' lang='lat' dir='ltr'><strong>Ideoque</strong></span> <span class='ocrx_word' id='word_1_662' title='bbox 1540 5104 1824 5160; x_wconf 88' lang='lat' dir='ltr'><strong>immemor</strong></span> 
     </span>
    </p>
   </div>
   <div class='ocr_carea' id='block_1_83' title="bbox 222 5190 1823 5267">
    <p class='ocr_par' dir='ltr' id='par_1_83' title="bbox 222 5190 1823 5267">
     <span class='ocr_line' id='line_1_83' title="bbox 222 5190 1823 5267; baseline 0.002 -21"><span class='ocrx_word' id='word_1_663' title='bbox 222 5190 573 5262; x_wconf 79' lang='lat' dir='ltr'><strong>futurorum,</strong></span> <span class='ocrx_word' id='word_1_664' title='bbox 632 5195 885 5250; x_wconf 86' lang='lat' dir='ltr'><strong>aviditate</strong></span> <span class='ocrx_word' id='word_1_665' title='bbox 932 5194 1163 5250; x_wconf 80' lang='lat' dir='ltr'><strong>feminea</strong></span> <span class='ocrx_word' id='word_1_666' title='bbox 1221 5207 1541 5267; x_wconf 64' lang='lat' dir='ltr'><strong>praesentem</strong></span> <span class='ocrx_word' id='word_1_667' title='bbox 1596 5198 1823 5266; x_wconf 87' lang='lat' dir='ltr'><strong>gloriam</strong></span> 
     </span>
    </p>
   </div>
   <div class='ocr_carea' id='block_1_84' title="bbox 224 5284 1823 5357">
    <p class='ocr_par' dir='ltr' id='par_1_84' title="bbox 224 5284 1823 5357">
     <span class='ocr_line' id='line_1_84' title="bbox 224 5284 1823 5357; baseline 0.001 -16"><span class='ocrx_word' id='word_1_668' title='bbox 224 5284 583 5354; x_wconf 87' lang='lat' dir='ltr'><strong>concupiscit.</strong></span> <span class='ocrx_word' id='word_1_669' title='bbox 634 5285 741 5343; x_wconf 89' lang='lat' dir='ltr'><strong>Sed</strong></span> <span class='ocrx_word' id='word_1_670' title='bbox 784 5298 839 5342; x_wconf 89' lang='lat' dir='ltr'><strong>et</strong></span> <span class='ocrx_word' id='word_1_671' title='bbox 880 5301 1050 5356; x_wconf 88' lang='lat' dir='ltr'><strong>usque</strong></span> <span class='ocrx_word' id='word_1_672' title='bbox 1092 5288 1251 5342; x_wconf 88' lang='lat' dir='ltr'><strong>hodie</strong></span> <span class='ocrx_word' id='word_1_673' title='bbox 1283 5287 1592 5344; x_wconf 81' lang='lat' dir='ltr'><strong>Judaeorum</strong></span> <span class='ocrx_word' id='word_1_674' title='bbox 1641 5286 1823 5357; x_wconf 91' lang='lat' dir='ltr'><strong>opinio</strong></span> 
     </span>
    </p>
   </div>
   <div class='ocr_carea' id='block_1_85' title="bbox 227 5377 1822 5452">
    <p class='ocr_par' dir='ltr' id='par_1_85' title="bbox 227 5377 1822 5452">
     <span class='ocr_line' id='line_1_85' title="bbox 227 5377 1822 5452; baseline 0.003 -18"><span class='ocrx_word' id='word_1_675' title='bbox 227 5387 335 5445; x_wconf 83' lang='lat' dir='ltr'><strong>est,</strong></span> <span class='ocrx_word' id='word_1_676' title='bbox 386 5377 655 5433; x_wconf 81' lang='lat' dir='ltr'><strong>Christum</strong></span> <span class='ocrx_word' id='word_1_677' title='bbox 708 5395 863 5435; x_wconf 89' lang='lat' dir='ltr'><strong>suum</strong></span> <span class='ocrx_word' id='word_1_678' title='bbox 903 5397 1024 5436; x_wconf 92' lang='lat' dir='ltr'><strong>cum</strong></span> <span class='ocrx_word' id='word_1_679' title='bbox 1053 5382 1281 5448; x_wconf 86' lang='lat' dir='ltr'><strong>venerit,</strong></span> <span class='ocrx_word' id='word_1_680' title='bbox 1331 5399 1422 5451; x_wconf 87' lang='lat' dir='ltr'><strong>per</strong></span> <span class='ocrx_word' id='word_1_681' title='bbox 1443 5396 1615 5437; x_wconf 90' lang='lat' dir='ltr'><strong>annos</strong></span> <span class='ocrx_word' id='word_1_682' title='bbox 1642 5382 1822 5452; x_wconf 88' lang='lat' dir='ltr'><strong>plures</strong></span> 
     </span>
    </p>
   </div>
   <div class='ocr_carea' id='block_1_86' title="bbox 228 5470 1821 5546">
    <p class='ocr_par' dir='ltr' id='par_1_86' title="bbox 228 5470 1821 5546">
     <span class='ocr_line' id='line_1_86' title="bbox 228 5470 1821 5546; baseline 0.005 -21"><span class='ocrx_word' id='word_1_683' title='bbox 228 5470 465 5527; x_wconf 80' lang='lat' dir='ltr'><strong>feliciter</strong></span> <span class='ocrx_word' id='word_1_684' title='bbox 487 5473 539 5526; x_wconf 90' lang='lat' dir='ltr'><strong>in</strong></span> <span class='ocrx_word' id='word_1_685' title='bbox 562 5472 761 5527; x_wconf 91' lang='lat' dir='ltr'><strong>mundo</strong></span> <span class='ocrx_word' id='word_1_686' title='bbox 788 5485 1159 5544; x_wconf 89' lang='lat' dir='ltr'><strong>regnaturum,</strong></span> <span class='ocrx_word' id='word_1_687' title='bbox 1190 5477 1550 5546; x_wconf 91' lang='lat' dir='ltr'><strong>omnibusque</strong></span> <span class='ocrx_word' id='word_1_688' title='bbox 1572 5476 1821 5546; x_wconf 88' lang='lat' dir='ltr'><strong>gentibus</strong></span> 
     </span>
    </p>
   </div>
   <div class='ocr_carea' id='block_1_87' title="bbox 231 5564 1830 5639">
    <p class='ocr_par' dir='ltr' id='par_1_87' title="bbox 231 5564 1830 5639">
     <span class='ocr_line' id='line_1_87' title="bbox 231 5564 1830 5639; baseline 0.002 -18"><span class='ocrx_word' id='word_1_689' title='bbox 231 5564 658 5634; x_wconf 83' lang='lat' dir='ltr'><strong>imperaturum,</strong></span> <span class='ocrx_word' id='word_1_690' title='bbox 692 5566 946 5637; x_wconf 90' lang='lat' dir='ltr'><strong>ipsosque</strong></span> <span class='ocrx_word' id='word_1_691' title='bbox 983 5566 1197 5624; x_wconf 83' lang='lat' dir='ltr'><strong>Judaeos</strong></span> <span class='ocrx_word' id='word_1_692' title='bbox 1241 5569 1384 5623; x_wconf 89' lang='lat' dir='ltr'><strong>omni</strong></span> <span class='ocrx_word' id='word_1_693' title='bbox 1425 5583 1555 5638; x_wconf 90' lang='lat' dir='ltr'><strong>pace</strong></span> <span class='ocrx_word' id='word_1_694' title='bbox 1596 5579 1649 5623; x_wconf 91' lang='lat' dir='ltr'><strong>et</strong></span> <span class='ocrx_word' id='word_1_695' title='bbox 1702 5583 1830 5639; x_wconf 87' lang='lat' dir='ltr'><strong>pro-</strong></span> 
     </span>
    </p>
   </div>
   <div class='ocr_carea' id='block_1_88' title="bbox 237 5661 1826 5733">
    <p class='ocr_par' dir='ltr' id='par_1_88' title="bbox 237 5661 1826 5733">
     <span class='ocr_line' id='line_1_88' title="bbox 237 5661 1826 5733; baseline 0.003 -18"><span class='ocrx_word' id='word_1_696' title='bbox 237 5661 496 5730; x_wconf 82' lang='lat' dir='ltr'><strong>speritate</strong></span> <span class='ocrx_word' id='word_1_697' title='bbox 536 5661 835 5731; x_wconf 84' lang='lat' dir='ltr'><strong>gavisuros,</strong></span> <span class='ocrx_word' id='word_1_698' title='bbox 869 5668 1034 5732; x_wconf 86' lang='lat' dir='ltr'><strong>atque</strong></span> <span class='ocrx_word' id='word_1_699' title='bbox 1075 5662 1142 5718; x_wconf 90' lang='lat' dir='ltr'><strong>ab</strong></span> <span class='ocrx_word' id='word_1_700' title='bbox 1181 5662 1428 5718; x_wconf 90' lang='lat' dir='ltr'><strong>omnibus</strong></span> <span class='ocrx_word' id='word_1_701' title='bbox 1469 5661 1583 5719; x_wconf 80' lang='lat' dir='ltr'><strong>fore</strong></span> <span class='ocrx_word' id='word_1_702' title='bbox 1618 5664 1826 5733; x_wconf 85' lang='lat' dir='ltr'><strong>p0pulis</strong></span> 
     </span>
    </p>
   </div>
   <div class='ocr_carea' id='block_1_89' title="bbox 239 5754 1826 5827">
    <p class='ocr_par' dir='ltr' id='par_1_89' title="bbox 239 5754 1826 5827">
     <span class='ocr_line' id='line_1_89' title="bbox 239 5754 1826 5827; baseline 0.003 -18"><span class='ocrx_word' id='word_1_703' title='bbox 239 5754 599 5811; x_wconf 82' lang='lat' dir='ltr'><strong>venerandos.</strong></span> <span class='ocrx_word' id='word_1_704' title='bbox 633 5755 743 5811; x_wconf 81' lang='lat' dir='ltr'><strong>Hac</strong></span> <span class='ocrx_word' id='word_1_705' title='bbox 769 5755 1023 5826; x_wconf 87' lang='lat' dir='ltr'><strong>opinione</strong></span> <span class='ocrx_word' id='word_1_706' title='bbox 1052 5766 1303 5827; x_wconf 84' lang='lat' dir='ltr'><strong>corrupta</strong></span> <span class='ocrx_word' id='word_1_707' title='bbox 1339 5757 1439 5814; x_wconf 77' lang='lat' dir='ltr'><strong>fuit</strong></span> <span class='ocrx_word' id='word_1_708' title='bbox 1469 5756 1586 5815; x_wconf 72' lang='lat' dir='ltr'><strong>haec</strong></span> <span class='ocrx_word' id='word_1_709' title='bbox 1610 5757 1826 5826; x_wconf 89' lang='lat' dir='ltr'><strong>mulier,</strong></span> 
     </span>
    </p>
   </div>
   <div class='ocr_carea' id='block_1_90' title="bbox 250 5846 1832 5926">
    <p class='ocr_par' dir='ltr' id='par_1_90' title="bbox 250 5846 1832 5926">
     <span class='ocr_line' id='line_1_90' title="bbox 250 5846 1832 5926; baseline 0.005 -20"><span class='ocrx_word' id='word_1_710' title='bbox 250 5846 484 5918; x_wconf 78' lang='lat' dir='ltr'><strong>ideoque</strong></span> <span class='ocrx_word' id='word_1_711' title='bbox 513 5863 698 5909; x_wconf 90' lang='lat' dir='ltr'><strong>errore</strong></span> <span class='ocrx_word' id='word_1_712' title='bbox 746 5850 997 5910; x_wconf 86' lang='lat' dir='ltr'><strong>muliebri</strong></span> <span class='ocrx_word' id='word_1_713' title='bbox 1035 5861 1095 5909; x_wconf 89' lang='lat' dir='ltr'><strong>et</strong></span> <span class='ocrx_word' id='word_1_714' title='bbox 1131 5849 1327 5910; x_wconf 67' lang='lat' dir='ltr'><strong>allecto</strong></span> <span class='ocrx_word' id='word_1_715' title='bbox 1380 5859 1650 5926; x_wconf 90' lang='lat' dir='ltr'><strong>materno,</strong></span> <span class='ocrx_word' id='word_1_716' title='bbox 1708 5853 1832 5915; x_wconf 88' lang='lat' dir='ltr'><strong>ﬁliis</strong></span> 
     </span>
    </p>
   </div>
   <div class='ocr_carea' id='block_1_91' title="bbox 1906 3320 3495 3388">
    <p class='ocr_par' dir='ltr' id='par_1_91' title="bbox 1906 3320 3495 3388">
     <span class='ocr_line' id='line_1_91' title="bbox 1906 3320 3495 3388; baseline 0.003 -13"><span class='ocrx_word' id='word_1_717' title='bbox 1906 3334 2022 3375; x_wconf 90' lang='lat' dir='ltr'><strong>cem</strong></span> <span class='ocrx_word' id='word_1_718' title='bbox 2091 3320 2302 3377; x_wconf 90' lang='lat' dir='ltr'><strong>Domini</strong></span> <span class='ocrx_word' id='word_1_719' title='bbox 2368 3322 2639 3388; x_wconf 86' lang='lat' dir='ltr'><strong>biberint,</strong></span> <span class='ocrx_word' id='word_1_720' title='bbox 2690 3338 2813 3378; x_wconf 89' lang='lat' dir='ltr'><strong>cum</strong></span> <span class='ocrx_word' id='word_1_721' title='bbox 2868 3322 3040 3378; x_wconf 91' lang='lat' dir='ltr'><strong>solum</strong></span> <span class='ocrx_word' id='word_1_722' title='bbox 3089 3322 3346 3379; x_wconf 83' lang='lat' dir='ltr'><strong>Jacobum</strong></span> <span class='ocrx_word' id='word_1_723' title='bbox 3396 3325 3495 3380; x_wconf 91' lang='lat' dir='ltr'><strong>le-</strong></span> 
     </span>
    </p>
   </div>
   <div class='ocr_carea' id='block_1_92' title="bbox 1906 3415 3496 3487">
    <p class='ocr_par' dir='ltr' id='par_1_92' title="bbox 1906 3415 3496 3487">
     <span class='ocr_line' id='line_1_92' title="bbox 1906 3415 3496 3487; baseline 0.005 -20"><span class='ocrx_word' id='word_1_724' title='bbox 1906 3429 2094 3485; x_wconf 87' lang='lat' dir='ltr'><strong>gamus</strong></span> <span class='ocrx_word' id='word_1_725' title='bbox 2136 3431 2231 3485; x_wconf 91' lang='lat' dir='ltr'><strong>pro</strong></span> <span class='ocrx_word' id='word_1_726' title='bbox 2267 3415 2481 3473; x_wconf 88' lang='lat' dir='ltr'><strong>Christo</strong></span> <span class='ocrx_word' id='word_1_727' title='bbox 2508 3416 2576 3472; x_wconf 91' lang='lat' dir='ltr'><strong>ab</strong></span> <span class='ocrx_word' id='word_1_728' title='bbox 2606 3417 2818 3472; x_wconf 88' lang='lat' dir='ltr'><strong>Herode</strong></span> <span class='ocrx_word' id='word_1_729' title='bbox 2868 3419 3042 3487; x_wconf 85' lang='lat' dir='ltr'><strong>capite</strong></span> <span class='ocrx_word' id='word_1_730' title='bbox 3068 3432 3302 3485; x_wconf 67' lang='lat' dir='ltr'><strong>cassum,</strong></span> <span class='ocrx_word' id='word_1_731' title='bbox 3333 3418 3496 3475; x_wconf 81' lang='lat' dir='ltr'><strong>Joan-</strong></span> 
     </span>
    </p>
   </div>
   <div class='ocr_carea' id='block_1_93' title="bbox 1909 3510 3496 3581">
    <p class='ocr_par' dir='ltr' id='par_1_93' title="bbox 1909 3510 3496 3581">
     <span class='ocr_line' id='line_1_93' title="bbox 1909 3510 3496 3581; baseline 0.003 -18"><span class='ocrx_word' id='word_1_732' title='bbox 1909 3523 2030 3563; x_wconf 91' lang='lat' dir='ltr'><strong>nem</strong></span> <span class='ocrx_word' id='word_1_733' title='bbox 2061 3524 2190 3565; x_wconf 90' lang='lat' dir='ltr'><strong>vero</strong></span> <span class='ocrx_word' id='word_1_734' title='bbox 2218 3510 2267 3563; x_wconf 91' lang='lat' dir='ltr'><strong>in</strong></span> <span class='ocrx_word' id='word_1_735' title='bbox 2308 3525 2439 3580; x_wconf 88' lang='lat' dir='ltr'><strong>pace</strong></span> <span class='ocrx_word' id='word_1_736' title='bbox 2475 3511 2766 3580; x_wconf 87' lang='lat' dir='ltr'><strong>quievisse,</strong></span> <span class='ocrx_word' id='word_1_737' title='bbox 2800 3519 2855 3565; x_wconf 91' lang='lat' dir='ltr'><strong>et</strong></span> <span class='ocrx_word' id='word_1_738' title='bbox 2881 3511 3114 3581; x_wconf 88' lang='lat' dir='ltr'><strong>propitia</strong></span> <span class='ocrx_word' id='word_1_739' title='bbox 3144 3522 3314 3567; x_wconf 89' lang='lat' dir='ltr'><strong>morte</strong></span> <span class='ocrx_word' id='word_1_740' title='bbox 3336 3514 3496 3567; x_wconf 91' lang='lat' dir='ltr'><strong>vitam</strong></span> 
     </span>
    </p>
   </div>
   <div class='ocr_carea' id='block_1_94' title="bbox 1910 3600 3501 3675">
    <p class='ocr_par' dir='ltr' id='par_1_94' title="bbox 1910 3600 3501 3675">
     <span class='ocr_line' id='line_1_94' title="bbox 1910 3600 3501 3675; baseline 0.005 -21"><span class='ocrx_word' id='word_1_741' title='bbox 1910 3600 2113 3657; x_wconf 88' lang='lat' dir='ltr'><strong>ﬁnisse.</strong></span> <span class='ocrx_word' id='word_1_742' title='bbox 2171 3600 2275 3658; x_wconf 91' lang='lat' dir='ltr'><strong>Sed</strong></span> <span class='ocrx_word' id='word_1_743' title='bbox 2332 3602 2557 3673; x_wconf 87' lang='lat' dir='ltr'><strong>legimus</strong></span> <span class='ocrx_word' id='word_1_744' title='bbox 2611 3602 2665 3657; x_wconf 93' lang='lat' dir='ltr'><strong>in</strong></span> <span class='ocrx_word' id='word_1_745' title='bbox 2716 3602 2994 3668; x_wconf 88' lang='lat' dir='ltr'><strong>historiis,</strong></span> <span class='ocrx_word' id='word_1_746' title='bbox 3061 3603 3233 3672; x_wconf 91' lang='lat' dir='ltr'><strong>ipsum</strong></span> <span class='ocrx_word' id='word_1_747' title='bbox 3289 3619 3501 3675; x_wconf 90' lang='lat' dir='ltr'><strong>quoque</strong></span> 
     </span>
    </p>
   </div>
   <div class='ocr_carea' id='block_1_95' title="bbox 1910 3693 3504 3753">
    <p class='ocr_par' dir='ltr' id='par_1_95' title="bbox 1910 3693 3504 3753">
     <span class='ocr_line' id='line_1_95' title="bbox 1910 3693 3504 3753; baseline 0.001 -4"><span class='ocrx_word' id='word_1_748' title='bbox 1910 3708 2069 3749; x_wconf 86' lang='lat' dir='ltr'><strong>causa</strong></span> <span class='ocrx_word' id='word_1_749' title='bbox 2119 3694 2352 3749; x_wconf 85' lang='lat' dir='ltr'><strong>nominis</strong></span> <span class='ocrx_word' id='word_1_750' title='bbox 2400 3693 2599 3749; x_wconf 84' lang='lat' dir='ltr'><strong>Christi</strong></span> <span class='ocrx_word' id='word_1_751' title='bbox 2660 3694 2825 3748; x_wconf 84' lang='lat' dir='ltr'><strong>inulta</strong></span> <span class='ocrx_word' id='word_1_752' title='bbox 2881 3696 3223 3751; x_wconf 90' lang='lat' dir='ltr'><strong>sustinuisse.</strong></span> <span class='ocrx_word' id='word_1_753' title='bbox 3277 3695 3409 3750; x_wconf 82' lang='lat' dir='ltr'><strong>Nam</strong></span> <span class='ocrx_word' id='word_1_754' title='bbox 3449 3705 3504 3753; x_wconf 90' lang='lat' dir='ltr'><strong>et</strong></span> 
     </span>
    </p>
   </div>
   <div class='ocr_carea' id='block_1_96' title="bbox 1911 3785 3501 3857">
    <p class='ocr_par' dir='ltr' id='par_1_96' title="bbox 1911 3785 3501 3857">
     <span class='ocr_line' id='line_1_96' title="bbox 1911 3785 3501 3857; baseline -0.001 -15"><span class='ocrx_word' id='word_1_755' title='bbox 1911 3803 2032 3843; x_wconf 91' lang='lat' dir='ltr'><strong>cum</strong></span> <span class='ocrx_word' id='word_1_756' title='bbox 2060 3787 2271 3841; x_wconf 66' lang='lat' dir='ltr'><strong>caeteris</strong></span> <span class='ocrx_word' id='word_1_757' title='bbox 2318 3786 2579 3856; x_wconf 90' lang='lat' dir='ltr'><strong>apostolis</strong></span> <span class='ocrx_word' id='word_1_758' title='bbox 2599 3800 2773 3841; x_wconf 61' lang='lat' dir='ltr'><strong>casus</strong></span> <span class='ocrx_word' id='word_1_759' title='bbox 2800 3785 2854 3840; x_wconf 93' lang='lat' dir='ltr'><strong>in</strong></span> <span class='ocrx_word' id='word_1_760' title='bbox 2899 3787 3118 3842; x_wconf 86' lang='lat' dir='ltr'><strong>Actibus</strong></span> <span class='ocrx_word' id='word_1_761' title='bbox 3138 3788 3501 3857; x_wconf 89' lang='lat' dir='ltr'><strong>apostolorum</strong></span> 
     </span>
    </p>
   </div>
   <div class='ocr_carea' id='block_1_97' title="bbox 1912 3878 3507 3948">
    <p class='ocr_par' dir='ltr' id='par_1_97' title="bbox 1912 3878 3507 3948">
     <span class='ocr_line' id='line_1_97' title="bbox 1912 3878 3507 3948; baseline 0 -13"><span class='ocrx_word' id='word_1_762' title='bbox 1912 3881 2203 3948; x_wconf 89' lang='lat' dir='ltr'><strong>invenitur,</strong></span> <span class='ocrx_word' id='word_1_763' title='bbox 2248 3891 2303 3935; x_wconf 90' lang='lat' dir='ltr'><strong>et</strong></span> <span class='ocrx_word' id='word_1_764' title='bbox 2356 3882 2676 3948; x_wconf 85' lang='lat' dir='ltr'><strong>deinceps‘a</strong></span> <span class='ocrx_word' id='word_1_765' title='bbox 2727 3878 3035 3933; x_wconf 87' lang='lat' dir='ltr'><strong>Domitiano</strong></span> <span class='ocrx_word' id='word_1_766' title='bbox 3083 3879 3291 3934; x_wconf 70' lang='lat' dir='ltr'><strong>Caesare</strong></span> <span class='ocrx_word' id='word_1_767' title='bbox 3314 3880 3367 3934; x_wconf 95' lang='lat' dir='ltr'><strong>in</strong></span> <span class='ocrx_word' id='word_1_768' title='bbox 3400 3879 3507 3935; x_wconf 80' lang='lat' dir='ltr'><strong>ler-</strong></span> 
     </span>
    </p>
   </div>
   <div class='ocr_carea' id='block_1_98' title="bbox 1913 3970 3510 4045">
    <p class='ocr_par' dir='ltr' id='par_1_98' title="bbox 1913 3970 3510 4045">
     <span class='ocr_line' id='line_1_98' title="bbox 1913 3970 3510 4045; baseline -0.003 -13"><span class='ocrx_word' id='word_1_769' title='bbox 1913 3976 2085 4032; x_wconf 90' lang='lat' dir='ltr'><strong>ventis</strong></span> <span class='ocrx_word' id='word_1_770' title='bbox 2109 3974 2215 4030; x_wconf 92' lang='lat' dir='ltr'><strong>olei</strong></span> <span class='ocrx_word' id='word_1_771' title='bbox 2244 3973 2445 4029; x_wconf 89' lang='lat' dir='ltr'><strong>dolium</strong></span> <span class='ocrx_word' id='word_1_772' title='bbox 2486 3974 2701 4045; x_wconf 81' lang='lat' dir='ltr'><strong>missus.</strong></span> <span class='ocrx_word' id='word_1_773' title='bbox 2750 3970 3005 4040; x_wconf 80' lang='lat' dir='ltr'><strong>Idemque</strong></span> <span class='ocrx_word' id='word_1_774' title='bbox 3032 3972 3100 4027; x_wconf 84' lang='lat' dir='ltr'><strong>ab</strong></span> <span class='ocrx_word' id='word_1_775' title='bbox 3128 3973 3320 4027; x_wconf 90' lang='lat' dir='ltr'><strong>eodem</strong></span> <span class='ocrx_word' id='word_1_776' title='bbox 3353 3974 3510 4043; x_wconf 90' lang='lat' dir='ltr'><strong>prin-</strong></span> 
     </span>
    </p>
   </div>
   <div class='ocr_carea' id='block_1_99' title="bbox 1914 4065 3502 4143">
    <p class='ocr_par' dir='ltr' id='par_1_99' title="bbox 1914 4065 3502 4143">
     <span class='ocr_line' id='line_1_99' title="bbox 1914 4065 3502 4143; baseline -0.005 -15"><span class='ocrx_word' id='word_1_777' title='bbox 1914 4074 2033 4143; x_wconf 90' lang='lat' dir='ltr'><strong>cipe</strong></span> <span class='ocrx_word' id='word_1_778' title='bbox 2085 4079 2302 4141; x_wconf 89' lang='lat' dir='ltr'><strong>propter</strong></span> <span class='ocrx_word' id='word_1_779' title='bbox 2346 4068 2602 4123; x_wconf 89' lang='lat' dir='ltr'><strong>invictam</strong></span> <span class='ocrx_word' id='word_1_780' title='bbox 2650 4065 3052 4136; x_wconf 81' lang='lat' dir='ltr'><strong>evangelizandl</strong></span> <span class='ocrx_word' id='word_1_781' title='bbox 3098 4067 3502 4134; x_wconf 86' lang='lat' dir='ltr'><strong>constantiam,</strong></span> 
     </span>
    </p>
   </div>
   <div class='ocr_carea' id='block_1_100' title="bbox 1915 4159 3505 4231">
    <p class='ocr_par' dir='ltr' id='par_1_100' title="bbox 1915 4159 3505 4231">
     <span class='ocr_line' id='line_1_100' title="bbox 1915 4159 3505 4231; baseline -0.005 -9"><span class='ocrx_word' id='word_1_782' title='bbox 1915 4168 1967 4222; x_wconf 91' lang='lat' dir='ltr'><strong>in</strong></span> <span class='ocrx_word' id='word_1_783' title='bbox 1992 4166 2207 4221; x_wconf 88' lang='lat' dir='ltr'><strong>Patmos</strong></span> <span class='ocrx_word' id='word_1_784' title='bbox 2260 4164 2486 4217; x_wconf 89' lang='lat' dir='ltr'><strong>insulam</strong></span> <span class='ocrx_word' id='word_1_785' title='bbox 2524 4160 2714 4216; x_wconf 76' lang='lat' dir='ltr'><strong>exsilio</strong></span> <span class='ocrx_word' id='word_1_786' title='bbox 2746 4171 2992 4215; x_wconf 85' lang='lat' dir='ltr'><strong>narratur</strong></span> <span class='ocrx_word' id='word_1_787' title='bbox 3020 4159 3183 4215; x_wconf 81' lang='lat' dir='ltr'><strong>fuisse</strong></span> <span class='ocrx_word' id='word_1_788' title='bbox 3215 4162 3505 4231; x_wconf 87' lang='lat' dir='ltr'><strong>relegatus.</strong></span> 
     </span>
    </p>
   </div>
   <div class='ocr_carea' id='block_1_101' title="bbox 1920 4252 3497 4326">
    <p class='ocr_par' dir='ltr' id='par_1_101' title="bbox 1920 4252 3497 4326">
     <span class='ocr_line' id='line_1_101' title="bbox 1920 4252 3497 4326; baseline -0.002 -15"><span class='ocrx_word' id='word_1_789' title='bbox 1920 4258 2170 4314; x_wconf 85' lang='lat' dir='ltr'><strong>Videmus</strong></span> <span class='ocrx_word' id='word_1_790' title='bbox 2202 4270 2329 4326; x_wconf 91' lang='lat' dir='ltr'><strong>ergo</strong></span> <span class='ocrx_word' id='word_1_791' title='bbox 2360 4270 2466 4309; x_wconf 91' lang='lat' dir='ltr'><strong>non</strong></span> <span class='ocrx_word' id='word_1_792' title='bbox 2518 4253 2751 4307; x_wconf 78' lang='lat' dir='ltr'><strong>defuisse</strong></span> <span class='ocrx_word' id='word_1_793' title='bbox 2796 4252 2985 4307; x_wconf 84' lang='lat' dir='ltr'><strong>Joanni</strong></span> <span class='ocrx_word' id='word_1_794' title='bbox 3036 4254 3389 4324; x_wconf 85' lang='lat' dir='ltr'><strong>martyrium,</strong></span> <span class='ocrx_word' id='word_1_795' title='bbox 3441 4262 3497 4308; x_wconf 90' lang='lat' dir='ltr'><strong>et</strong></span> 
     </span>
    </p>
   </div>
   <div class='ocr_carea' id='block_1_102' title="bbox 1915 4347 3505 4421">
    <p class='ocr_par' dir='ltr' id='par_1_102' title="bbox 1915 4347 3505 4421">
     <span class='ocr_line' id='line_1_102' title="bbox 1915 4347 3505 4421; baseline -0.004 -13"><span class='ocrx_word' id='word_1_796' title='bbox 1915 4352 2087 4421; x_wconf 88' lang='lat' dir='ltr'><strong>ipsum</strong></span> <span class='ocrx_word' id='word_1_797' title='bbox 2141 4365 2352 4420; x_wconf 86' lang='lat' dir='ltr'><strong>quoque</strong></span> <span class='ocrx_word' id='word_1_798' title='bbox 2398 4348 2601 4403; x_wconf 88' lang='lat' dir='ltr'><strong>bibisse</strong></span> <span class='ocrx_word' id='word_1_799' title='bbox 2645 4347 2870 4402; x_wconf 89' lang='lat' dir='ltr'><strong>calicem</strong></span> <span class='ocrx_word' id='word_1_800' title='bbox 2918 4347 3219 4415; x_wconf 90' lang='lat' dir='ltr'><strong>passionis,</strong></span> <span class='ocrx_word' id='word_1_801' title='bbox 3263 4347 3505 4417; x_wconf 87' lang='lat' dir='ltr'><strong>quamvis</strong></span> 
     </span>
    </p>
   </div>
   <div class='ocr_carea' id='block_1_103' title="bbox 1917 4437 3511 4516">
    <p class='ocr_par' dir='ltr' id='par_1_103' title="bbox 1917 4437 3511 4516">
     <span class='ocr_line' id='line_1_103' title="bbox 1917 4437 3511 4516; baseline -0.004 -15"><span class='ocrx_word' id='word_1_802' title='bbox 1917 4454 2226 4516; x_wconf 89' lang='lat' dir='ltr'><strong>persecutor</strong></span> <span class='ocrx_word' id='word_1_803' title='bbox 2270 4440 2581 4511; x_wconf 87' lang='lat' dir='ltr'><strong>sanguinem</strong></span> <span class='ocrx_word' id='word_1_804' title='bbox 2613 4440 2729 4509; x_wconf 88' lang='lat' dir='ltr'><strong>ejus</strong></span> <span class='ocrx_word' id='word_1_805' title='bbox 2763 4455 2869 4493; x_wconf 51' lang='lat' dir='ltr'><strong>nan</strong></span> <span class='ocrx_word' id='word_1_806' title='bbox 2918 4437 3136 4494; x_wconf 84' lang='lat' dir='ltr'><strong>fuderit.</strong></span> <span class='ocrx_word' id='word_1_807' title='bbox 3176 4437 3368 4494; x_wconf 85' lang='lat' dir='ltr'><strong>Sedere</strong></span> <span class='ocrx_word' id='word_1_808' title='bbox 3415 4456 3511 4494; x_wconf 85' lang='lat' dir='ltr'><strong>au-</strong></span> 
     </span>
    </p>
   </div>
   <div class='ocr_carea' id='block_1_104' title="bbox 1918 4534 3509 4601">
    <p class='ocr_par' dir='ltr' id='par_1_104' title="bbox 1918 4534 3509 4601">
     <span class='ocr_line' id='line_1_104' title="bbox 1918 4534 3509 4601; baseline -0.005 -5"><span class='ocrx_word' id='word_1_809' title='bbox 1918 4553 2017 4597; x_wconf 87' lang='lat' dir='ltr'><strong>tem</strong></span> <span class='ocrx_word' id='word_1_810' title='bbox 2040 4541 2108 4593; x_wconf 88' lang='lat' dir='ltr'><strong>ad</strong></span> <span class='ocrx_word' id='word_1_811' title='bbox 2129 4540 2391 4593; x_wconf 69' lang='lat' dir='ltr'><strong>dexteram</strong></span> <span class='ocrx_word' id='word_1_812' title='bbox 2411 4552 2574 4590; x_wconf 86' lang='lat' dir='ltr'><strong>meam</strong></span> <span class='ocrx_word' id='word_1_813' title='bbox 2596 4544 2643 4588; x_wconf 86' lang='lat' dir='ltr'><strong>et</strong></span> <span class='ocrx_word' id='word_1_814' title='bbox 2663 4535 2944 4599; x_wconf 89' lang='lat' dir='ltr'><strong>sinistram,</strong></span> <span class='ocrx_word' id='word_1_815' title='bbox 2972 4550 3072 4588; x_wconf 89' lang='lat' dir='ltr'><strong>non</strong></span> <span class='ocrx_word' id='word_1_816' title='bbox 3095 4542 3173 4588; x_wconf 90' lang='lat' dir='ltr'><strong>est</strong></span> <span class='ocrx_word' id='word_1_817' title='bbox 3192 4550 3363 4601; x_wconf 78' lang='lat' dir='ltr'><strong>meum</strong></span> <span class='ocrx_word' id='word_1_818' title='bbox 3384 4534 3509 4589; x_wconf 85' lang='lat' dir='ltr'><strong>dare</strong></span> 
     </span>
    </p>
   </div>
   <div class='ocr_carea' id='block_1_105' title="bbox 1925 4624 3514 4703">
    <p class='ocr_par' dir='ltr' id='par_1_105' title="bbox 1925 4624 3514 4703">
     <span class='ocr_line' id='line_1_105' title="bbox 1925 4624 3514 4703; baseline -0.006 -12"><span class='ocrx_word' id='word_1_819' title='bbox 1925 4636 2081 4699; x_wconf 79' lang='lat' dir='ltr'><strong>vobis,</strong></span> <span class='ocrx_word' id='word_1_820' title='bbox 2113 4634 2201 4689; x_wconf 85' lang='lat' dir='ltr'><strong>sed</strong></span> <span class='ocrx_word' id='word_1_821' title='bbox 2248 4631 2431 4703; x_wconf 87' lang='lat' dir='ltr'><strong>quibus</strong></span> <span class='ocrx_word' id='word_1_822' title='bbox 2482 4636 2723 4697; x_wconf 22' lang='lat' dir='ltr'><strong>patratum</strong></span> <span class='ocrx_word' id='word_1_823' title='bbox 2749 4635 2823 4680; x_wconf 90' lang='lat' dir='ltr'><strong>est</strong></span> <span class='ocrx_word' id='word_1_824' title='bbox 2849 4642 2881 4679; x_wconf 90' lang='lat' dir='ltr'><strong>a</strong></span> <span class='ocrx_word' id='word_1_825' title='bbox 2912 4624 3069 4680; x_wconf 88' lang='lat' dir='ltr'><strong>Patre</strong></span> <span class='ocrx_word' id='word_1_826' title='bbox 3096 4641 3227 4680; x_wconf 86' lang='lat' dir='ltr'><strong>meo.</strong></span> <span class='ocrx_word' id='word_1_827' title='bbox 3257 4626 3409 4693; x_wconf 87' lang='lat' dir='ltr'><strong>Quod</strong></span> <span class='ocrx_word' id='word_1_828' title='bbox 3432 4626 3514 4681; x_wconf 89' lang='lat' dir='ltr'><strong>di-</strong></span> 
     </span>
    </p>
   </div>
   <div class='ocr_carea' id='block_1_106' title="bbox 1921 4720 3509 4792">
    <p class='ocr_par' dir='ltr' id='par_1_106' title="bbox 1921 4720 3509 4792">
     <span class='ocr_line' id='line_1_106' title="bbox 1921 4720 3509 4792; baseline -0.006 -8"><span class='ocrx_word' id='word_1_829' title='bbox 1921 4729 2010 4792; x_wconf 88' lang='lat' dir='ltr'><strong>cit,</strong></span> <span class='ocrx_word' id='word_1_830' title='bbox 2052 4742 2156 4781; x_wconf 86' lang='lat' dir='ltr'><strong>non</strong></span> <span class='ocrx_word' id='word_1_831' title='bbox 2195 4735 2269 4779; x_wconf 86' lang='lat' dir='ltr'><strong>est</strong></span> <span class='ocrx_word' id='word_1_832' title='bbox 2300 4738 2469 4777; x_wconf 87' lang='lat' dir='ltr'><strong>meum</strong></span> <span class='ocrx_word' id='word_1_833' title='bbox 2506 4721 2631 4775; x_wconf 87' lang='lat' dir='ltr'><strong>dare</strong></span> <span class='ocrx_word' id='word_1_834' title='bbox 2657 4720 2821 4787; x_wconf 88' lang='lat' dir='ltr'><strong>uobis,</strong></span> <span class='ocrx_word' id='word_1_835' title='bbox 2858 4720 2928 4774; x_wconf 87' lang='lat' dir='ltr'><strong>ita</strong></span> <span class='ocrx_word' id='word_1_836' title='bbox 2958 4720 3143 4775; x_wconf 91' lang='lat' dir='ltr'><strong>sentiri</strong></span> <span class='ocrx_word' id='word_1_837' title='bbox 3172 4727 3369 4789; x_wconf 88' lang='lat' dir='ltr'><strong>potest,</strong></span> <span class='ocrx_word' id='word_1_838' title='bbox 3400 4734 3509 4775; x_wconf 91' lang='lat' dir='ltr'><strong>non</strong></span> 
     </span>
    </p>
   </div>
   <div class='ocr_carea' id='block_1_107' title="bbox 1920 4812 3515 4885">
    <p class='ocr_par' dir='ltr' id='par_1_107' title="bbox 1920 4812 3515 4885">
     <span class='ocr_line' id='line_1_107' title="bbox 1920 4812 3515 4885; baseline -0.008 -4"><span class='ocrx_word' id='word_1_839' title='bbox 1920 4833 2002 4881; x_wconf 90' lang='lat' dir='ltr'><strong>est</strong></span> <span class='ocrx_word' id='word_1_840' title='bbox 2033 4835 2229 4885; x_wconf 90' lang='lat' dir='ltr'><strong>meum,</strong></span> <span class='ocrx_word' id='word_1_841' title='bbox 2276 4817 2371 4874; x_wconf 88' lang='lat' dir='ltr'><strong>sed</strong></span> <span class='ocrx_word' id='word_1_842' title='bbox 2416 4824 2673 4872; x_wconf 89' lang='lat' dir='ltr'><strong>vestrum.</strong></span> <span class='ocrx_word' id='word_1_843' title='bbox 2715 4813 2834 4869; x_wconf 87' lang='lat' dir='ltr'><strong>Non</strong></span> <span class='ocrx_word' id='word_1_844' title='bbox 2878 4822 2961 4869; x_wconf 91' lang='lat' dir='ltr'><strong>est</strong></span> <span class='ocrx_word' id='word_1_845' title='bbox 2983 4828 3162 4868; x_wconf 91' lang='lat' dir='ltr'><strong>meum</strong></span> <span class='ocrx_word' id='word_1_846' title='bbox 3192 4812 3339 4880; x_wconf 90' lang='lat' dir='ltr'><strong>dare,</strong></span> <span class='ocrx_word' id='word_1_847' title='bbox 3391 4814 3515 4882; x_wconf 91' lang='lat' dir='ltr'><strong>quia</strong></span> 
     </span>
    </p>
   </div>
   <div class='ocr_carea' id='block_1_108' title="bbox 1921 4886 3553 4988">
    <p class='ocr_par' dir='ltr' id='par_1_108' title="bbox 1921 4886 3553 4988">
     <span class='ocr_line' id='line_1_108' title="bbox 1921 4886 3553 4988; baseline -0.01 -15"><span class='ocrx_word' id='word_1_848' title='bbox 1921 4931 2144 4988; x_wconf 89' lang='lat' dir='ltr'><strong>regnum</strong></span> <span class='ocrx_word' id='word_1_849' title='bbox 2180 4914 2438 4969; x_wconf 64' lang='lat' dir='ltr'><strong>caelorum</strong></span> <span class='ocrx_word' id='word_1_850' title='bbox 2487 4910 2541 4962; x_wconf 91' lang='lat' dir='ltr'><strong>in</strong></span> <span class='ocrx_word' id='word_1_851' title='bbox 2589 4905 2901 4976; x_wconf 88' lang='lat' dir='ltr'><strong>accipientis</strong></span> <span class='ocrx_word' id='word_1_852' title='bbox 2940 4916 3022 4960; x_wconf 90' lang='lat' dir='ltr'><strong>est</strong></span> <span class='ocrx_word' id='word_1_853' title='bbox 3064 4914 3348 4973; x_wconf 78' lang='lat' dir='ltr'><strong>potestate.</strong></span> <span class='ocrx_word' id='word_1_854' title='bbox 3381 4904 3511 4971; x_wconf 90' lang='lat' dir='ltr'><strong>Qui-</strong></span> <span class='ocrx_word' id='word_1_855' title='bbox 3546 4886 3553 4921; x_wconf 64' lang='grc' dir='ltr'><strong>ί</strong></span> 
     </span>
    </p>
   </div>
   <div class='ocr_carea' id='block_1_109' title="bbox 1923 4994 3511 5078">
    <p class='ocr_par' dir='ltr' id='par_1_109' title="bbox 1923 4994 3511 5078">
     <span class='ocr_line' id='line_1_109' title="bbox 1923 4994 3511 5078; baseline -0.01 -11"><span class='ocrx_word' id='word_1_856' title='bbox 1923 5024 2140 5078; x_wconf 90' lang='lat' dir='ltr'><strong>cunque</strong></span> <span class='ocrx_word' id='word_1_857' title='bbox 2185 5006 2328 5061; x_wconf 89' lang='lat' dir='ltr'><strong>enim</strong></span> <span class='ocrx_word' id='word_1_858' title='bbox 2372 5008 2530 5057; x_wconf 90' lang='lat' dir='ltr'><strong>talem</strong></span> <span class='ocrx_word' id='word_1_859' title='bbox 2558 5014 2619 5055; x_wconf 90' lang='lat' dir='ltr'><strong>se</strong></span> <span class='ocrx_word' id='word_1_860' title='bbox 2656 4997 2987 5064; x_wconf 83' lang='lat' dir='ltr'><strong>exhibuerit,</strong></span> <span class='ocrx_word' id='word_1_861' title='bbox 3027 5005 3084 5051; x_wconf 90' lang='lat' dir='ltr'><strong>ut</strong></span> <span class='ocrx_word' id='word_1_862' title='bbox 3106 4996 3296 5065; x_wconf 88' lang='lat' dir='ltr'><strong>dignus</strong></span> <span class='ocrx_word' id='word_1_863' title='bbox 3323 4994 3394 5049; x_wconf 88' lang='lat' dir='ltr'><strong>sit</strong></span> <span class='ocrx_word' id='word_1_864' title='bbox 3422 5010 3511 5052; x_wconf 87' lang='lat' dir='ltr'><strong>re—</strong></span> 
     </span>
    </p>
   </div>
   <div class='ocr_carea' id='block_1_110' title="bbox 1925 5089 3511 5179">
    <p class='ocr_par' dir='ltr' id='par_1_110' title="bbox 1925 5089 3511 5179">
     <span class='ocr_line' id='line_1_110' title="bbox 1925 5089 3511 5179; baseline -0.011 -17"><span class='ocrx_word' id='word_1_865' title='bbox 1925 5121 2031 5179; x_wconf 89' lang='lat' dir='ltr'><strong>gno</strong></span> <span class='ocrx_word' id='word_1_866' title='bbox 2061 5104 2344 5166; x_wconf 76' lang='lat' dir='ltr'><strong>cmlorum,</strong></span> <span class='ocrx_word' id='word_1_867' title='bbox 2376 5099 2462 5153; x_wconf 91' lang='lat' dir='ltr'><strong>hic</strong></span> <span class='ocrx_word' id='word_1_868' title='bbox 2507 5095 2629 5151; x_wconf 89' lang='lat' dir='ltr'><strong>talis</strong></span> <span class='ocrx_word' id='word_1_869' title='bbox 2674 5092 2808 5147; x_wconf 89' lang='lat' dir='ltr'><strong>illud</strong></span> <span class='ocrx_word' id='word_1_870' title='bbox 2838 5090 3088 5161; x_wconf 89' lang='lat' dir='ltr'><strong>accipiet,</strong></span> <span class='ocrx_word' id='word_1_871' title='bbox 3119 5089 3240 5159; x_wconf 91' lang='lat' dir='ltr'><strong>quia</strong></span> <span class='ocrx_word' id='word_1_872' title='bbox 3287 5103 3511 5158; x_wconf 85' lang='lat' dir='ltr'><strong>regnum</strong></span> 
     </span>
    </p>
   </div>
   <div class='ocr_carea' id='block_1_111' title="bbox 1925 5185 3511 5266">
    <p class='ocr_par' dir='ltr' id='par_1_111' title="bbox 1925 5185 3511 5266">
     <span class='ocr_line' id='line_1_111' title="bbox 1925 5185 3511 5266; baseline -0.011 -6"><span class='ocrx_word' id='word_1_873' title='bbox 1925 5203 2183 5260; x_wconf 76' lang='lat' dir='ltr'><strong>ctelorum</strong></span> <span class='ocrx_word' id='word_1_874' title='bbox 2212 5213 2316 5253; x_wconf 92' lang='lat' dir='ltr'><strong>non</strong></span> <span class='ocrx_word' id='word_1_875' title='bbox 2337 5209 2586 5266; x_wconf 91' lang='lat' dir='ltr'><strong>persona,</strong></span> <span class='ocrx_word' id='word_1_876' title='bbox 2613 5192 2707 5248; x_wconf 89' lang='lat' dir='ltr'><strong>sed</strong></span> <span class='ocrx_word' id='word_1_877' title='bbox 2735 5192 2841 5246; x_wconf 90' lang='lat' dir='ltr'><strong>vita</strong></span> <span class='ocrx_word' id='word_1_878' title='bbox 2862 5190 3223 5259; x_wconf 88' lang='lat' dir='ltr'><strong>consequitur.</strong></span> <span class='ocrx_word' id='word_1_879' title='bbox 3252 5185 3310 5242; x_wconf 90' lang='lat' dir='ltr'><strong>Si</strong></span> <span class='ocrx_word' id='word_1_880' title='bbox 3332 5188 3511 5257; x_wconf 90' lang='lat' dir='ltr'><strong>itaque</strong></span> 
     </span>
    </p>
   </div>
   <div class='ocr_carea' id='block_1_112' title="bbox 1926 5276 3515 5353">
    <p class='ocr_par' dir='ltr' id='par_1_112' title="bbox 1926 5276 3515 5353">
     <span class='ocr_line' id='line_1_112' title="bbox 1926 5276 3515 5353; baseline -0.012 0"><span class='ocrx_word' id='word_1_881' title='bbox 1926 5306 1983 5353; x_wconf 90' lang='lat' dir='ltr'><strong>et</strong></span> <span class='ocrx_word' id='word_1_882' title='bbox 2009 5309 2105 5350; x_wconf 90' lang='lat' dir='ltr'><strong>vos</strong></span> <span class='ocrx_word' id='word_1_883' title='bbox 2136 5293 2268 5348; x_wconf 81' lang='lat' dir='ltr'><strong>tales</strong></span> <span class='ocrx_word' id='word_1_884' title='bbox 2296 5289 2505 5344; x_wconf 79' lang='lat' dir='ltr'><strong>fueritis</strong></span> <span class='ocrx_word' id='word_1_885' title='bbox 2534 5327 2550 5353; x_wconf 94' lang='lat'><strong>,</strong></span> <span class='ocrx_word' id='word_1_886' title='bbox 2579 5294 2637 5340; x_wconf 89' lang='lat' dir='ltr'><strong>ut</strong></span> <span class='ocrx_word' id='word_1_887' title='bbox 2677 5285 2795 5340; x_wconf 86' lang='lat' dir='ltr'><strong>silis</strong></span> <span class='ocrx_word' id='word_1_888' title='bbox 2823 5281 2970 5353; x_wconf 86' lang='lat' dir='ltr'><strong>digni</strong></span> <span class='ocrx_word' id='word_1_889' title='bbox 2998 5281 3241 5349; x_wconf 81' lang='lat' dir='ltr'><strong>accipere</strong></span> <span class='ocrx_word' id='word_1_890' title='bbox 3270 5276 3397 5333; x_wconf 88' lang='lat' dir='ltr'><strong>illud</strong></span> <span class='ocrx_word' id='word_1_891' title='bbox 3425 5293 3515 5334; x_wconf 87' lang='lat' dir='ltr'><strong>re-</strong></span> 
     </span>
    </p>
   </div>
   <div class='ocr_carea' id='block_1_113' title="bbox 1929 5372 3519 5462">
    <p class='ocr_par' dir='ltr' id='par_1_113' title="bbox 1929 5372 3519 5462">
     <span class='ocr_line' id='line_1_113' title="bbox 1929 5372 3519 5462; baseline -0.011 -19"><span class='ocrx_word' id='word_1_892' title='bbox 1929 5402 2113 5462; x_wconf 86' lang='lat' dir='ltr'><strong>gnum,</strong></span> <span class='ocrx_word' id='word_1_893' title='bbox 2164 5383 2305 5455; x_wconf 90' lang='lat' dir='ltr'><strong>quod</strong></span> <span class='ocrx_word' id='word_1_894' title='bbox 2351 5381 2493 5437; x_wconf 89' lang='lat' dir='ltr'><strong>Deus</strong></span> <span class='ocrx_word' id='word_1_895' title='bbox 2522 5379 2683 5433; x_wconf 87' lang='lat' dir='ltr'><strong>Pater</strong></span> <span class='ocrx_word' id='word_1_896' title='bbox 2733 5374 2866 5431; x_wconf 88' lang='lat' dir='ltr'><strong>solis</strong></span> <span class='ocrx_word' id='word_1_897' title='bbox 2904 5372 3196 5429; x_wconf 90' lang='lat' dir='ltr'><strong>victoribus</strong></span> <span class='ocrx_word' id='word_1_898' title='bbox 3220 5412 3235 5437; x_wconf 88' lang='lat'><strong>,</strong></span> <span class='ocrx_word' id='word_1_899' title='bbox 3261 5378 3317 5427; x_wconf 91' lang='lat' dir='ltr'><strong>et</strong></span> <span class='ocrx_word' id='word_1_900' title='bbox 3346 5384 3519 5440; x_wconf 88' lang='lat' dir='ltr'><strong>usque</strong></span> 
     </span>
    </p>
   </div>
   <div class='ocr_carea' id='block_1_114' title="bbox 1930 5466 3518 5539">
    <p class='ocr_par' dir='ltr' id='par_1_114' title="bbox 1930 5466 3518 5539">
     <span class='ocr_line' id='line_1_114' title="bbox 1930 5466 3518 5539; baseline -0.011 -3"><span class='ocrx_word' id='word_1_901' title='bbox 1930 5482 1983 5537; x_wconf 90' lang='lat' dir='ltr'><strong>in</strong></span> <span class='ocrx_word' id='word_1_902' title='bbox 2036 5479 2194 5533; x_wconf 84' lang='lat' dir='ltr'><strong>ﬁnem</strong></span> <span class='ocrx_word' id='word_1_903' title='bbox 2228 5477 2279 5530; x_wconf 90' lang='lat' dir='ltr'><strong>in</strong></span> <span class='ocrx_word' id='word_1_904' title='bbox 2328 5474 2466 5528; x_wconf 91' lang='lat' dir='ltr'><strong>bono</strong></span> <span class='ocrx_word' id='word_1_905' title='bbox 2518 5466 2983 5539; x_wconf 88' lang='lat' dir='ltr'><strong>perseverantibus</strong></span> <span class='ocrx_word' id='word_1_906' title='bbox 3026 5473 3367 5535; x_wconf 67' lang='lat' dir='ltr'><strong>praeparavit,</strong></span> <span class='ocrx_word' id='word_1_907' title='bbox 3419 5476 3518 5519; x_wconf 83' lang='lat' dir='ltr'><strong>vos</strong></span> 
     </span>
    </p>
   </div>
   <div class='ocr_carea' id='block_1_115' title="bbox 1932 5554 3519 5645">
    <p class='ocr_par' dir='ltr' id='par_1_115' title="bbox 1932 5554 3519 5645">
     <span class='ocr_line' id='line_1_115' title="bbox 1932 5554 3519 5645; baseline -0.01 -17"><span class='ocrx_word' id='word_1_908' title='bbox 1932 5586 2146 5645; x_wconf 92' lang='lat' dir='ltr'><strong>quoque</strong></span> <span class='ocrx_word' id='word_1_909' title='bbox 2176 5566 2318 5623; x_wconf 82' lang='lat' dir='ltr'><strong>illud</strong></span> <span class='ocrx_word' id='word_1_910' title='bbox 2371 5563 2572 5633; x_wconf 86' lang='lat' dir='ltr'><strong>absque</strong></span> <span class='ocrx_word' id='word_1_911' title='bbox 2619 5560 2784 5614; x_wconf 89' lang='lat' dir='ltr'><strong>dubio</strong></span> <span class='ocrx_word' id='word_1_912' title='bbox 2840 5556 3135 5626; x_wconf 86' lang='lat' dir='ltr'><strong>accipietis.</strong></span> <span class='ocrx_word' id='word_1_913' title='bbox 3184 5555 3309 5611; x_wconf 85' lang='lat' dir='ltr'><strong>Sive</strong></span> <span class='ocrx_word' id='word_1_914' title='bbox 3353 5554 3519 5612; x_wconf 87' lang='lat' dir='ltr'><strong>etiam</strong></span> 
     </span>
    </p>
   </div>
   <div class='ocr_carea' id='block_1_116' title="bbox 1934 5650 3519 5725">
    <p class='ocr_par' dir='ltr' id='par_1_116' title="bbox 1934 5650 3519 5725">
     <span class='ocr_line' id='line_1_116' title="bbox 1934 5650 3519 5725; baseline -0.011 0"><span class='ocrx_word' id='word_1_915' title='bbox 1934 5667 2038 5725; x_wconf 90' lang='lat' dir='ltr'><strong>alio</strong></span> <span class='ocrx_word' id='word_1_916' title='bbox 2068 5680 2229 5721; x_wconf 88' lang='lat' dir='ltr'><strong>sensu</strong></span> <span class='ocrx_word' id='word_1_917' title='bbox 2261 5680 2273 5715; x_wconf 77' lang='grc' dir='ltr'>ε</span> <span class='ocrx_word' id='word_1_918' title='bbox 2306 5658 2425 5715; x_wconf 82' lang='grc' dir='ltr'><strong>Νοιι</strong></span> <span class='ocrx_word' id='word_1_919' title='bbox 2447 5664 2531 5713; x_wconf 91' lang='lat' dir='ltr'><strong>est</strong></span> <span class='ocrx_word' id='word_1_920' title='bbox 2551 5669 2730 5710; x_wconf 90' lang='lat' dir='ltr'><strong>meum</strong></span> <span class='ocrx_word' id='word_1_921' title='bbox 2762 5656 2891 5710; x_wconf 80' lang='lat' dir='ltr'><strong>dare</strong></span> <span class='ocrx_word' id='word_1_922' title='bbox 2921 5651 3099 5717; x_wconf 88' lang='lat' dir='ltr'><strong>vobis,</strong></span> <span class='ocrx_word' id='word_1_923' title='bbox 3143 5650 3246 5707; x_wconf 89' lang='lat' dir='ltr'><strong>hoc</strong></span> <span class='ocrx_word' id='word_1_924' title='bbox 3275 5658 3380 5719; x_wconf 90' lang='lat' dir='ltr'><strong>est,</strong></span> <span class='ocrx_word' id='word_1_925' title='bbox 3400 5665 3519 5709; x_wconf 83' lang='lat' dir='ltr'><strong>non</strong></span> 
     </span>
    </p>
   </div>
   <div class='ocr_carea' id='block_1_117' title="bbox 1935 5741 3518 5820">
    <p class='ocr_par' dir='ltr' id='par_1_117' title="bbox 1935 5741 3518 5820">
     <span class='ocr_line' id='line_1_117' title="bbox 1935 5741 3518 5820; baseline -0.011 -2"><span class='ocrx_word' id='word_1_926' title='bbox 1935 5770 2019 5819; x_wconf 90' lang='lat' dir='ltr'><strong>est</strong></span> <span class='ocrx_word' id='word_1_927' title='bbox 2050 5770 2230 5815; x_wconf 89' lang='lat' dir='ltr'><strong>meum</strong></span> <span class='ocrx_word' id='word_1_928' title='bbox 2256 5754 2386 5809; x_wconf 90' lang='lat' dir='ltr'><strong>dare</strong></span> <span class='ocrx_word' id='word_1_929' title='bbox 2412 5749 2545 5807; x_wconf 92' lang='lat' dir='ltr'><strong>illud</strong></span> <span class='ocrx_word' id='word_1_930' title='bbox 2578 5763 2804 5820; x_wconf 89' lang='lat' dir='ltr'><strong>regnum</strong></span> <span class='ocrx_word' id='word_1_931' title='bbox 2825 5743 3071 5815; x_wconf 85' lang='lat' dir='ltr'><strong>superbis</strong></span> <span class='ocrx_word' id='word_1_932' title='bbox 3095 5753 3149 5800; x_wconf 90' lang='lat' dir='ltr'><strong>et</strong></span> <span class='ocrx_word' id='word_1_933' title='bbox 3168 5743 3349 5811; x_wconf 86' lang='lat' dir='ltr'><strong>elatis,</strong></span> <span class='ocrx_word' id='word_1_934' title='bbox 3373 5741 3518 5812; x_wconf 88' lang='lat' dir='ltr'><strong>quod</strong></span> 
     </span>
    </p>
   </div>
   <div class='ocr_carea' id='block_1_118' title="bbox 1937 5834 3517 5915">
    <p class='ocr_par' dir='ltr' id='par_1_118' title="bbox 1937 5834 3517 5915">
     <span class='ocr_line' id='line_1_118' title="bbox 1937 5834 3517 5915; baseline -0.013 -1"><span class='ocrx_word' id='word_1_935' title='bbox 1937 5853 2112 5914; x_wconf 89' lang='lat' dir='ltr'><strong>adhuc</strong></span> <span class='ocrx_word' id='word_1_936' title='bbox 2159 5845 2431 5911; x_wconf 76' lang='lat' dir='ltr'><strong>erant..Si</strong></span> <span class='ocrx_word' id='word_1_937' title='bbox 2483 5857 2615 5915; x_wconf 85' lang='lat' dir='ltr'><strong>ergo</strong></span> <span class='ocrx_word' id='word_1_938' title='bbox 2650 5839 2794 5909; x_wconf 88' lang='lat' dir='ltr'><strong>illud</strong></span> <span class='ocrx_word' id='word_1_939' title='bbox 2831 5838 2992 5897; x_wconf 87' lang='lat' dir='ltr'><strong>vultis</strong></span> <span class='ocrx_word' id='word_1_940' title='bbox 3043 5838 3310 5910; x_wconf 87' lang='lat' dir='ltr'><strong>accipere,</strong></span> <span class='ocrx_word' id='word_1_941' title='bbox 3346 5834 3517 5893; x_wconf 78' lang='lat' dir='ltr'><strong>nolite</strong></span> 
     </span>
    </p>
   </div>
  </div>
