3972 6340
566 357 699 420 1251

1447 353 1648 418 PAULI
1680 351 1950 416 DIACONI
1988 355 2146 415 OPP.
2189 355 2366 417 PARS
2408 357 2470 416 ll.
2511 389 2583 401 —
2619 309 2976 418 ASCETICA.

3630 375 3726 432 i252

553 497 671 540 esse
692 483 831 562 quod
879 479 1027 546 estis,
1063 480 1112 534 id
1161 487 1262 548 est,
1315 477 1478 536 nolite
1501 494 1622 534 esse
1659 477 1808 547 elati,
1840 478 1964 556 quia
1995 475 2132 538 tales
2160 473 2214 538 Α
2240 477 2465 536 hostiam
2518 476 2727 544 obtulit.
2797 475 2948 542 Unde
3001 475 3281 548 sequitur:
3321 475 3381 534 Et
3420 479 3527 533 dare
3565 484 3728 548 anima.

555 577 755 645 indigni
785 585 908 630 sunt
956 574 1200 643 accipere
1250 589 1470 646 regnum
1500 572 1790 628 ccelorum.
1831 570 1976 640 Ergo
1999 569 2147 646 prius

556 667 904 722 lmmiliamiui
927 709 942 735 ,
975 679 1030 722 et
1067 675 1190 724 tunc
1223 666 1378 722 vobis
1406 681 1620 737 quoque
1649 663 2038 736 prarparabitur
2060 675 2148 720 re-

554 777 715 828 gnum
747 761 1027 816 cmioruvn.
1071 759 1138 815 Et
1177 761 1444 822 audientes
1469 759 1672 824 decem,
1719 755 1983 828 indignati
2029 762 2150 810 sunt

557 851 622 906 de
643 852 840 906 duoqu
869 851 1136 921 fratribus.
1172 851 1286 906 Non
1308 861 1492 905 contra
1518 859 1745 905 matrem
1777 849 2146 918 indignantur,

557 947 649 1000 sed
701 946 765 1000 ad
825 945 963 1000 illios
1012 946 1247 1000 referunt
1304 943 1777 1016 prtesumptionem
1827 941 2146 1012 huiusmodi

557 1039 957 1108 pustulationis,
986 1037 1132 1108 quod
1177 1037 1331 1107 quasi
1362 1037 1669 1108 ignorantes
1698 1049 2012 1089 mensuram
2039 1031 2146 1104 sui,

559 1129 840 1184 immodica
871 1127 1166 1197 cupiditate
1220 1127 1288 1181 ad
1341 1125 1630 1198 petendum
1656 1141 1893 1196 regnum
1935 1139 2150 1180 exarse-

557 1222 684 1275 rint.
709 1220 862 1276 Juxta
888 1221 1025 1290 quod
1057 1219 1319 1274 Dominus
1370 1235 1586 1294 quoque
1624 1235 1782 1292 supra
1809 1235 1912 1272 non
1948 1214 2151 1290 petenti

559 1313 736 1378 matri,
779 1313 871 1367 sed
901 1312 1204 1367 tacentibus
1235 1311 1359 1366 iiliis
1402 1311 1676 1377 respondit
1709 1329 1720 1364 :
1754 1308 1972 1363 Nescitis
2027 1307 2153 1384 quid

557 1408 762 1478 petatis.
790 1405 862 1460 Ex
892 1421 992 1476 qua
1032 1405 1241 1459 Domini
1273 1403 1641 1472 responsione,
1671 1401 1830 1457 simul
1863 1410 1916 1456 et
1955 1399 2152 1454 decem

557 1498 918 1568 apostolorum
950 1495 1334 1566 indignatione,
1381 1495 1540 1548 datur
1587 1494 1827 1563 intelligi,
1875 1492 2020 1562 quod
2056 1491 2154 1546 iilii

559 1603 782 1646 matrem
829 1589 1203 1660 instigaverint
1244 1587 1310 1641 ad
1341 1588 1565 1658 grandia
1593 1587 1837 1656 petenda.
1872 1584 2029 1639 Jesus
2059 1600 2152 1637 au-

559 1693 663 1738 tem
706 1683 914 1737 vocavit
955 1698 1047 1736 eos
1088 1681 1153 1735 ad
1182 1694 1261 1744 se,
1295 1688 1350 1734 et
1378 1681 1453 1734 ait
1487 1697 1500 1733 :
1543 1678 1698 1734 Scitis
1738 1680 1863 1748 quia
1889 1677 2150 1750 principes

559 1777 784 1847 gentium
813 1776 1151 1828 dominantur
1185 1789 1381 1838 eorum,
1427 1783 1474 1827 et
1509 1773 1598 1844 qui
1628 1774 1848 1844 majores
1872 1779 2016 1834 sunt,
2060 1785 2154 1838 po-

559 1879 788 1924 testatem
817 1877 1051 1922 exercent
1081 1869 1134 1921 in
1179 1883 1286 1921 eos.
1332 1863 1451 1920 Non
1493 1867 1564 1919 ita
1609 1865 1702 1919 erit
1743 1865 1876 1918 inter
1904 1881 2011 1929 vos,
2062 1862 2151 1917 sed
2185 1847 2231 1911 Β

558 1965 844 2036 quicunque
891 1962 1104 2016 voluerit
1152 1963 1284 2016 inter
1324 1976 1410 2014 vos
1437 1959 1605 2031 major
1630 1958 1766 2027 ﬁeri,
1815 1957 1880 2011 sit
1927 1955 2158 2010 minister

560 2063 739 2109 vester.
776 2053 840 2107 Et
869 2054 954 2122 qui
984 2051 1201 2107 voluerit
1229 2052 1360 2106 inter
1379 2069 1466 2106 vos
1477 2052 1676 2122 primus
1709 2051 1846 2120 ﬁeri,
1879 2050 1976 2103 erit
1997 2057 2161 2103 vester

563 2163 755 2201 servus.
785 2145 1014 2200 liutnilis
1046 2154 1100 2199 et
1146 2145 1408 2216 benignus
1433 2146 1687 2212 magister
1707 2184 1721 2208 ,
1753 2141 1923 2196 forma
1947 2155 2160 2212 quoque

561 2241 800 2295 omnium
838 2241 1211 2309 magistrorum
1237 2279 1251 2302 ,
1310 2254 1408 2292 nec
1459 2237 1581 2292 illos
1608 2235 1742 2290 duos
1770 2233 1837 2290 de
1861 2234 2160 2298 immodica

561 2341 616 2386 et
647 2330 994 2386 irrationabili
1021 2329 1298 2400 petitione,
1334 2343 1431 2383 nec
1460 2329 1558 2382 hos
1582 2327 1770 2382 decem
1806 2326 1874 2380 de
1907 2325 2163 2394 indigna-

565 2425 713 2478 tione
743 2430 798 2477 ct
839 2420 1010 2476 livore
1046 2435 1208 2490 quem
1247 2427 1434 2473 contra
1467 2419 1586 2472 illos
1638 2415 1930 2481 habebant,
1975 2414 2164 2470 redar-

572 2518 707 2589 guit,
750 2517 843 2572 sed
876 2516 981 2570 tale
1028 2516 1179 2584 ponit
1217 2513 1544 2583 exemplum,
1576 2527 1683 2582 quo
1733 2508 2018 2566 manifeste
2066 2509 2162 2561 do-

571 2618 692 2663 ceat
719 2609 867 2662 iilttm
896 2623 1017 2663 vere
1042 2622 1162 2661 esse
1194 2609 1470 2675 majorem,
1502 2605 1590 2675 qui
1623 2603 1884 2658 minorem
1921 2617 1980 2658 se
2012 2599 2164 2656 exhi-

569 2699 768 2769 buerit,
819 2702 1073 2770 illumque
1098 2703 1334 2756 existere
1365 2701 1617 2770 primum,
1648 2698 1735 2766 qui
1771 2697 1932 2752 fuerit
1975 2710 2162 2751 servus

570 2795 830 2847 omnium.
867 2794 964 2860 Qui
999 2808 1127 2865 ergo
1159 2791 1388 2846 voluerit
1433 2803 1634 2860 patrem
1683 2785 1913 2862 [parem]
1955 2803 2163 2858 praeve-

568 2887 683 2938 nire
733 2885 1004 2954 regnaudo
1037 2929 1051 2952 ,
1106 2884 1394 2953 praeveniat
1425 2892 1480 2936 et
1525 2883 1672 2935 illum
1706 2896 1764 2936 se
1813 2879 2163 2934 humiliando.

565 2975 760 3032 Vincat
806 2993 925 3032 eum
954 2977 1233 3046 obsequio,
1267 2992 1424 3046 quem
1462 2977 1575 3030 volt
1619 2975 1837 3029 vincere
1877 2973 2157 3044 dignitate.

571 3067 792 3124 Frustra
830 3070 988 3140 igitur
1021 3069 1095 3124 illi
1126 3069 1345 3140 grandia
1383 3067 1722 3138 quanebant,
1757 3065 1954 3120 frustra
1997 3076 2052 3119 et
2075 3065 2165 3119 isti

573 3165 641 3219 de
677 3163 890 3218 illorum
937 3161 1188 3218 insolenti
1238 3159 1508 3217 desiderio
1555 3159 1916 3229 indignantur,
1968 3171 2087 3211 eum
2134 3172 2164 3210 a

2247 586 2391 626 suam
2458 569 2856 640 redemptionem
2919 583 3013 638 pro
3081 567 3277 628 multis.
3337 569 3729 633 Commendandum

2251 661 2544 727 memoriae,
2595 660 2736 731 quod
2787 675 2892 716 non
2941 675 3038 730 pro
3071 660 3340 728 omnibus,
3383 663 3468 720 sed
3504 679 3583 734 pro
3606 669 3732 730 multis

2249 766 2308 814 se
2355 752 2481 812 dicit
2536 752 2770 805 animam
2803 763 3025 822 ponere,
3074 767 3168 821 pro
3205 751 3284 807 his
3323 753 3548 812 videlicet
3569 756 3637 828 qui
3656 774 3732 820 cie

2251 845 2378 902 dere
2429 846 2714 916 voluerint,
2772 863 2873 918 pro
2923 845 3006 904 his
3056 846 3144 920 qui
3196 856 3315 902 sunt
3356 844 3418 906 de
3465 855 3733 910 numerosu-

2252 937 2568 1004 vandorum,
2617 949 2670 994 et
2727 939 2792 993 ad
2825 939 2986 998 vitam
3018 947 3272 998 aeternam
3313 937 3732 1012 pradeStinatorutn.

2253 1023 2332 1084 Tu
2359 1038 2560 1086 autem.

2755 1118 3034 1176 HOMILIA
3091 1120 3357 1180 LXXXV.

2523 1249 2572 1294 in
2611 1248 2770 1292 mm
2808 1248 3006 1300 Qllll‘t‘u
3048 1249 3175 1289 pos'r
3204 1232 3543 1292 liminium.

2327 1347 2393 1403 In
2417 1349 2508 1406 illo
2552 1359 2796 1418 tempore,
2831 1349 2962 1403 dixit
3005 1347 3160 1403 Jestu
3186 1349 3440 1420 discipulis
3481 1349 3739 1406 «unum

2255 1444 2464 1513 quidam
2519 1456 2627 1498 erat
2670 1443 2806 1496 dives
2846 1443 2931 1511 qui
2960 1441 3266 1496 induebatur
3308 1459 3516 1503 purpura
3547 1453 3588 1502 et
3626 1443 3738 1508 bum,

2256 1544 2360 1590 etc.
2388 1532 2540 1603 (Luc.
2573 1537 2709 1604 xvi).

2333 1627 2380 1682 Η
2387 1630 2614 1684 notitiam
2636 1631 2835 1702 require
2863 1632 2917 1684 in
2957 1630 3125 1701 prima
3152 1627 3422 1684 Dominica
3462 1639 3561 1702 post
3603 1643 3741 1689 oetam

2262 1718 2604 1778 Pentecosles.

2744 1817 3019 1874 HOMILIA
3077 1819 3359 1877 LXXXVI.

2545 1945 2595 1983 t.v
2635 1946 2791 1986 FERIA
2827 1947 2995 1987 sexu
3037 1948 3165 1989 posr
3203 1933 3540 1989 Reminiscere.

2339 2041 2405 2097 In
2435 2044 2525 2097 illo
2561 2054 2805 2115 tempore,
2845 2049 2976 2103 dixit
3005 2049 3158 2104 Iesus
3185 2050 3444 2121 discipulis
3465 2052 3557 2108 suis
3585 2059 3622 2110 et
3647 2050 3746 2108 iniit

2260 2135 2564 2191 Iudicat-um
2595 2141 2892 2212 parabolunt
2937 2142 3067 2200 hanc
3095 2160 3114 2198 :
3147 2141 3322 2200 Homo
3355 2145 3545 2216 quidam
3567 2153 3652 2199 erat
3682 2159 3746 2212 ριν

2266 2229 2573 2297 terfamilias
2598 2231 2683 2299 qui
2710 2235 2956 2304 plantavit
2989 2237 3212 2303 vineam,
3247 2247 3293 2292 et
3316 2252 3473 2304 sepem
3509 2237 3746 2296 circumdedit

2264 2323 2331 2388 ei,
2360 2333 2462 2378 etc.
2496 2323 2709 2394 (Matth.
2752 2329 2886 2398 XXI).

2335 2421 2594 2476 Passurus
2621 2437 2714 2492 pro
2736 2424 2907 2484 salute
2937 2424 3213 2486 hominum
3244 2425 3334 2483 Dei
3363 2425 3516 2480 Filius
3543 2420 3748 2484 venitiiio-

2267 2512 2496 2567 rusalem
2531 2513 2836 2584 triutnpbali
2864 2525 3148 2586 pompa.et
3180 2515 3250 2570 ab
3271 2511 3748 2576 exsultantibustnthit

2265 2614 2519 2674 exceptus
2541 2614 2642 2672 est,
2674 2620 2780 2678 quo
2813 2606 2900 2660 tali
2928 2607 3098 2678 gloria
3129 2606 3460 2668 inimicorum
3489 2602 3750 2662 suorutnani-

2269 2712 2384 2751 mos
2415 2696 2478 2752 ad
2511 2713 2660 2752 suam
2691 2714 2876 2754 net-em
2909 2700 3288 2768 maturandam
3315 2700 3524 2771 amplius
3547 2699 3747 2759 incitaret:

2270 2789 2448 2860 ibique
2491 2806 2584 2860 per
2615 2791 2849 2860 quinque
2880 2792 2997 2848 dies
3041 2808 3146 2848 non
3193 2796 3420 2850 cessavit
3457 2793 3622 2852 docens
3643 2803 3750 2858 popil-

2270 2881 2398 2944 ium,
2419 2881 2778 2952 etpropositis
2805 2883 3271 2950 similitudinibus.
3303 2885 3580 2942 Scribarum
3604 2891 3645 2938 et
3663 2878 3751 2934 i’iu-

2271 2974 2548 3029 risaeorum
2579 2975 2782 3034 scelera
2813 2976 3161 3046 redarguens.
3191 2977 3324 3034 Nam
3352 2977 3465 3048 quia
3493 2975 3576 3048 ipsi
3599 2973 3753 3032 intem?-

2270 3081 2525 3140 gaveraut
2547 3084 2829 3134 eum,cum
2853 3084 2946 3124 eos
2973 3071 3040 3124 de
3064 3072 3268 3140 templo
3292 3068 3504 3128 mirabili
3525 3065 3751 3128 aucloriw

2273 3165 2511 3232 ejicerct,
2546 3164 2723 3234 inqua
2751 3173 2998 3232 potestate
3028 3165 3128 3218 isla
3158 3166 3294 3235 facis
3313 3167 3338 3218 ?
3357 3169 3500 3236 eique
3522 3164 3566 3220 in
3587 3169 3752 3216 sermone

574 3257 797 3310 Domino
844 3255 1169 3319 doceantur,
1201 3255 1265 3307 ad
1315 3268 1541 3307 summm
1599 3249 1874 3320 dignitatis
1926 3248 2160 3313 cnimen,
2189 3221 2238 3286 θ
2273 3257 2488 3325 laqueos
2537 3255 2896 3321 tetenderant,
2945 3272 3066 3312 cum
3108 3221 3360 3314 siittulata
3393 3221 3668 3316 veneratione
3701 3246 3750 3302 itt-

573 3361 675 3400 non
708 3346 965 3415 potentia,
1006 3343 1102 3398 sed
1153 3343 1455 3398 humilitate
1484 3341 1868 3397 conscendere.
1909 3339 2056 3396 Sicut
2101 3339 2164 3408 ﬁ-

571 3440 673 3493 lius
703 3439 923 3492 hominis
954 3454 1058 3491 non
1097 3439 1227 3490 venit
1260 3435 1574 3500 ministrari,
1625 3436 1718 3490 sed
1763 3436 2074 3497 ministrare,
2119 3442 2165 3486 et

572 3532 699 3586 dare
741 3530 968 3584 animum
994 3545 1140 3583 suam
1179 3530 1576 3599 redemptionem
1608 3544 1696 3598 pro
1727 3525 1920 3578 multis.
1971 3523 2165 3594 Propo-

571 3623 649 3679 nit
691 3623 796 3677 illis
825 3637 889 3678 ex
928 3622 1106 3690 seipse
1137 3620 1403 3674 discendae
1450 3621 1672 3674 formam
1705 3615 2020 3671 humilitatis
2046 3657 2060 3680 ,
2108 3622 2166 3668 ut

571 3716 615 3772 si
648 3716 888 3770 docentis
916 3716 1080 3770 verba
1106 3711 1555 3783 parvipenderent
1578 3753 1592 3776 ,
1625 3712 1960 3766 imitarentur
1981 3725 2164 3764 exem-

573 3809 678 3878 pla.
716 3805 836 3862 Non
863 3807 998 3862 venit
1024 3847 1038 3871 ,
1083 3805 1286 3876 inquit,
1321 3803 1492 3858 Filius
1516 3803 1736 3857 hominis
1775 3802 2076 3869 ministrari,
2113 3801 2164 3856 id

572 3911 675 3966 est,
713 3913 768 3955 ut
820 3901 1214 3956 tttinistraretur
1238 3901 1310 3968 ei,
1338 3900 1430 3954 sed
1479 3899 1788 3952 ministrare.
1848 3897 1904 3952 Si
1925 3913 2048 3968 ego,
2085 3897 2165 3950 itt-

569 4000 703 4067 quit,
737 3996 974 4065 quicum
1025 3993 1126 4048 sim
1174 3993 1265 4047 Dei
1298 3992 1463 4047 Filius
1505 4000 1558 4046 et
1611 3991 1766 4058 Deus,
1813 4002 2028 4061 preptcr
2070 4003 2164 4044 vos

570 4093 732 4147 homo
765 4089 966 4159 factus,
1017 4107 1120 4144 non
1153 4089 1216 4143 ad
1250 4089 1348 4142 hoc
1391 4087 1444 4142 in
1495 4087 1750 4141 mundum
1784 4086 1924 4150 veni,
1961 4093 2016 4140 ut
2065 4085 2162 4138 ho-

570 4187 772 4239 minum
802 4185 1056 4252 obsequia
1088 4183 1168 4236 vel
1196 4181 1488 4236 ministeria
1517 4181 1644 4234 tuilti
1677 4181 2036 4250 inquirerem,
2068 4179 2164 4233 sed

573 4287 628 4333 ut
671 4279 785 4348 ipse
817 4279 990 4344 potius
1028 4275 1181 4330 vobis
1208 4276 1555 4344 obsequerer,
1587 4273 1737 4326 vobis
1766 4271 2160 4337 ministrarem,

580 4385 744 4441 quare
777 4385 872 4424 vos
904 4369 1148 4423 homines
1176 4369 1244 4423 ab
1275 4367 1584 4420 hominibus
1609 4408 1624 4433 ,
1674 4365 1926 4418 mortales
1957 4381 1983 4416 a
2019 4379 2162 4418 mor-

580 4464 793 4530 talibus,
813 4463 1026 4517 servitia
1058 4463 1305 4531 superbia
1333 4459 1734 4530 requiritis,non
1758 4469 1813 4513 ut
1832 4469 2029 4512 natura:
2054 4458 2162 4530 (cui

2268 3350 2640 3418 terrogabant,
2673 3358 2842 3402 utrum
2890 3350 3061 3403 liceret
3106 3350 3237 3408 dare
3284 3365 3480 3403 censum
3520 3355 3674 3406 Lam,
3705 3354 3749 3392 al

2267 3457 2367 3494 non
2400 3456 2418 3493 :
2450 3441 2650 3495 idcirco
2683 3443 2780 3510 ipsi
2813 3441 2919 3496 suis
2957 3441 3162 3496 artibus
3187 3451 3502 3512 superantur
3537 3434 3742 3494 abomino-

2267 3541 2318 3586 et
2348 3531 2397 3584 in
2434 3531 2699 3600 parabolis
2738 3532 2999 3598 audiunt,
3041 3531 3181 3604 quod
3227 3534 3458 3602 apertius
3495 3528 3635 3583 audite
3671 3536 3742 3576 non

2268 3627 2635 3684 merebantur.
2691 3625 2930 3697 Denique
2999 3627 3114 3682 haec
3171 3626 3499 3692 similitudo,
3540 3621 3749 3676 indecorum

2269 3720 2524 3774 invidiam
2579 3736 2739 3791 quam
2789 3733 2970 3776 contra
3021 3723 3350 3776 salvatorem
3395 3715 3750 3788 conceperam.ei

2271 3813 2532 3882 passionis
2581 3810 2701 3882 ejus
2773 3820 2938 3866 totum
3005 3813 3382 3883 complectitur
3427 3814 3742 3866 sacramentum.

2270 3905 2440 3961 Homo
2473 3909 2573 3962 iste
2620 3907 3000 3977 paterfamilias
3022 3950 3036 3974 ,
3069 3907 3214 3962 Deus
3242 3909 3558 3975 omnipotens
3594 3909 3671 3964 est.
3695 3894 3746 3964 iii

2270 3998 2520 4054 homines
2555 4000 2605 4053 in
2639 4001 2860 4066 mundo,
2882 4003 3032 4072 quasi
3062 3999 3314 4058 dominus
3337 4015 3456 4056 suos
3477 3993 3657 4056 famulos
3677 4001 3750 4058 PO?

2269 4097 2409 4152 sidet
2437 4098 2487 4150 in
2517 4097 2700 4153 doino.
2737 4098 2833 4152 ilic
2871 4107 2956 4154 est
3001 4098 3091 4156 ille
3123 4097 3517 4166 paterfamilias,
3539 4093 3610 4164 qui
3635 4081 3750 4144 habuit

2271 4187 2406 4244 duos
2440 4189 2579 4243 tilios
2607 4230 2622 4256 ,
2655 4189 2855 4258 quique
2891 4188 3209 4260 (secundum
3239 4188 3454 4244 alterius
3481 4184 3568 4242 loci
3600 4175 3743 4252 ιιίὶηΐιιν

2269 4281 2396 4344 iam)
2427 4281 2684 4336 conduxit
2735 4284 3009 4350 operarios
3041 4280 3091 4336 in
3125 4283 3334 4336 vineam
3365 4294 3501 4336 suam
3526 4317 3538 4339 ,
3565 4273 3635 4344 qui
3657 4269 3774 4356 illim“1

2271 4373 2399 4428 tavit
2446 4376 2676 4438 vineam,
2714 4372 2932 4442 plebem.
2973 4371 3225 4429 videlicet
3276 4367 3624 4426 lsraeiitieatn.
3654 4369 3752 4430 quill!

2267 4466 2334 4518 de
2364 4465 2611 4520 ottinibtts
2641 4465 2888 4536 gentibus
2928 4467 2978 4522 in
3011 4465 3264 4536 pupulum
3289 4463 3387 4520 sibi
3411 4459 3672 4532 peculiarem
3688 4450 3752 4504 cie-

577 4557 704 4610 satis
739 4569 896 4621 parva
934 4553 1226 4626 suiiieiunt)
1259 4552 1664 4608 necessitatibus
1691 4553 2038 4620 subveniatis,
2065 4549 2159 4606 sed
2190 4597 2246 4660 Β
2270 4557 2364 4630 git.
2403 4559 2524 4613 Haec
2555 4571 2637 4613 est
2684 4560 2774 4614 illa
2805 4559 2980 4625 vinea,
3015 4559 3080 4614 de
3107 4573 3210 4628 qua
3257 4556 3419 4612 Isaias
3447 4555 3495 4608 in
3521 4549 3679 4604 cantico
3705 4541 3752 4590 Jo-

614 4659 618 4660 ,
764 4647 775 4659 .
1099 4651 1110 4660 .
1147 4649 1156 4660 .
1414 4658 1421 4660 ,
1497 4649 1505 4656 -
1816 4647 1848 4660 ,ι
1899 4647 1922 4660 ιι
1981 4647 1996 4660 Α
2044 4655 2052 4660 Α
2553 4652 2564 4660 .
2640 4653 2650 4660 .
2683 4655 2692 4660 -
2962 4652 3085 4660 .....
3197 4651 3254 4660 ...
3405 4649 3437 4660 ...
3522 4649 3531 4658 .
3571 4647 3578 4654 -
3644 4632 3751 4660 ,t.-.vl.

571 4659 626 4702 ut
675 4647 906 4718 majores
953 4660 1002 4701 et
1033 4649 1287 4703 celsiores
1328 4649 1538 4703 caeteris
1581 4647 1922 4718 appareatis?
1969 4647 2157 4701 Atten-

567 4740 701 4795 dattt
733 4741 832 4795 hoc
861 4741 1210 4795 ecclesiarum
1260 4739 1552 4811 pra-positi,
1579 4749 1631 4794 et
1654 4751 1915 4802 caveant;
1950 4743 2168 4794 audiant

566 4853 596 4891 a
633 4835 880 4900 Domino,
914 4837 1037 4906 quia
1084 4836 1326 4906 gentilis,
1359 4852 1462 4890 non
1509 4837 1888 4890 ecclesiastica:
1927 4850 2162 4890 consue-

569 4930 769 4983 tudinis
799 4939 899 4993 est,
933 4927 1190 4998 subjectis
1217 4928 1486 4983 dominari
1513 4971 1528 4996 ,
1577 4939 1630 4984 et
1656 4945 1817 4998 super
1847 4943 1939 4982 eos
1971 4926 2164 4996 quibus

568 5025 772 5096 praelati
803 5034 951 5090 sunt,
989 5023 1270 5094 potestatis
1292 5025 1592 5080 dominium
1627 5039 1900 5079 exercere.
1947 5023 2165 5075 Discant

566 5117 726 5190 igitur
757 5118 881 5173 boni
937 5119 1174 5187 magistri
1224 5120 1472 5188 citetnplo
1498 5160 1512 5186 ,
1552 5136 1656 5172 non
1700 5133 1760 5172 se
1803 5116 1940 5170 fastu
1973 5131 2166 5186 super-

567 5213 666 5268 biae
687 5229 846 5284 super
875 5213 1112 5268 minores
1165 5213 1454 5277 extollere,
1488 5213 1580 5267 sed
1617 5214 1790 5281 potius
1824 5212 1926 5266 illis
1958 5227 2018 5267 se
2057 5213 2166 5267 ob-

568 5311 894 5376 temperare,
929 5316 1089 5376 atque
1129 5305 1370 5375 aequales
1401 5303 1454 5358 in
1485 5303 1734 5358 omnibus
1755 5305 2008 5360 exhibere
2055 5315 2165 5358 stu-

567 5398 748 5466 deant,
783 5411 1042 5470 quatenus
1082 5401 1146 5453 ab
1190 5399 1279 5453 illo
1308 5400 1395 5469 qui
1425 5413 1524 5451 non
1555 5399 1688 5451 venit
1719 5399 2027 5464 ministrari,
2073 5397 2163 5452 sed

567 5491 855 5546 ministrare
876 5531 892 5558 ,
926 5492 1200 5547 caelestem
1235 5497 1554 5545 mereantur
1595 5491 1851 5561 consequi
1883 5492 2161 5560 magistra-

567 5591 700 5640 tum.
735 5585 1052 5640 Ministravit
1093 5593 1271 5640 autem
1309 5582 1560 5637 Dominus
1590 5623 1606 5649 ,
1669 5583 1886 5654 quando
1919 5585 1970 5638 in
2005 5597 2161 5639 creua

569 5677 731 5747 linteo
756 5692 816 5733 se
842 5678 1120 5748 praelusit
1145 5718 1160 5744 ,
1201 5689 1254 5733 et
1297 5676 1540 5732 omnium
1575 5676 1968 5748 discipulorum
2000 5677 2164 5747 pedes

583 5773 730 5829 lavit.
788 5773 1108 5830 liiinistravit
1145 5777 1304 5831 etiam
1349 5775 1633 5841 Dominus,
1691 5791 1814 5832 cum
1876 5776 1928 5829 in
1987 5776 2164 5831 crucis

568 5865 722 5926 altari
765 5881 826 5926 se
862 5869 1036 5942 ipsum
1080 5885 1178 5942 pro
1204 5881 1386 5930 nostra
1431 5871 1796 5942 redemptione
1854 5869 1964 5927 Deo
2018 5868 2163 5926 Patri

2271 4663 2427 4708 cutus
2453 4692 2466 4716 ,
2501 4652 2566 4707 ad
2601 4653 2850 4708 ultimum
2911 4652 3114 4714 addidit
3143 4670 3155 4706 :
3196 4651 3353 4706 Vinea
3392 4647 3578 4704 Domini
3613 4632 3751 4696 δοιααὴ

2272 4745 2454 4800 domus
2487 4745 2652 4800 israel
2677 4755 2750 4799 est
2782 4742 2920 4814 (Isa.
2954 4749 3036 4816 v),
3087 4745 3155 4802 de
3183 4761 3284 4814 qua
3316 4753 3372 4804 ct
3397 4739 3630 4796 i‘saltnista
3645 4726 3750 4784 dicit:

2280 4837 2493 4892 Vineam
2543 4840 2604 4892 de
2643 4837 2874 4910 .Egypto
2927 4839 3270 4905 transtulisti,
3320 4823 3749 4910 ejecisti'gentrs,tli

2272 4934 2514 5002 platttasti
2537 4949 2646 4986 eam
2675 4931 2846 5004 (Psai.
2893 4932 3106 5002 Lxxu).
3146 4933 3208 4984 Et
3241 4948 3404 5004 sepem
3432 4909 3747 5008 circumdeditdi.

2269 5034 2315 5078 et
2343 5026 2472 5096 {odit
2513 5025 2562 5077 in
2604 5041 2662 5078 ea
2693 5023 2940 5090 torcular,
2985 5034 3032 5076 et
3056 5015 3330 5093 aediﬁcavit
3363 5022 3543 5078 turrim.
3577 5007 3750 5072 etiam“

2267 5138 2382 5176 eam
2411 5119 2672 5192 agricolis.
2722 5120 2821 5186 Per
2871 5133 3052 5188 sepem
3116 5117 3198 5171 vel
3246 5130 3448 5172 murum
3494 5107 3614 5192 urbis
3648 5105 3750 5192 alii?"

2271 5219 2371 5274 lica
2403 5219 2653 5290 praesidia
2677 5217 2944 5286 designat.
2968 5216 3178 5286 Sepem
3201 5229 3328 5284 ergo
3352 5215 3507 5278 viuere
3541 5191 3749 5290 circumiit

2268 5314 2369 5379 dit,
2393 5314 2515 5384 quia
2546 5329 2613 5368 ex
2655 5313 2952 5366 munimine
2981 5325 3252 5366 murorum
3273 5311 3374 5374 ,‘et
3401 5298 3575 5366 auxilio
3602 5283 3750 5384 ante}?

2272 5423 2391 5462 rum
2444 5405 2588 5459 illam
2643 5403 2850 5473 plebem
2883 5403 3120 5460 vallavit.
3150 5398 3432 5464 Torcular,
3473 5387 3749 5452 aitaretll"a

2271 5501 2411 5554 sicut
2440 5499 2492 5554 in
2525 5496 2783 5552 torculari
2816 5512 2934 5552 uva:
2968 5495 3360 5568 exprimuntur,
3393 5490 3515 5545 itain
3541 5473 3749 5542 allati-9"

2271 5593 2461 5647 hostim
2504 5591 2870 5648 immolantur.
2922 5590 3048 5646 Haec
3089 5597 3212 5648 sunt
3250 5588 3338 5646 illa
3362 5578 3630 5644 toreularia,
3661 5577 3747 5637 4W

2268 5700 2385 5740 rum
2423 5684 2576 5739 titulo
2607 5694 2714 5740 tres
2743 5681 2940 5740 Psaimi
2971 5692 3364 5758 pranotautur,
3393 5681 3456 5732 ita
3480 5693 3491 5728 :
3515 5671 3571 5728 in
3588 5668 3744 5758 iiut"

2269 5777 2628 5834 torcularibus.
2649 5777 2954 5834 [Ediiicavit
2977 5754 3186 5842 turrim,
3202 5773 3447 5844 templum
3466 5765 3647 5824 scilicet.
3665 5754 3744 5808 “ﬂ

2268 5881 2350 5929 est
2375 5871 2462 5928 illa
2495 5870 2659 5927 turris
2680 5912 2695 5938 ,
2735 5868 2804 5926 ad
2824 5883 2983 5940 quam
3031 5867 3264 5939 loquitur
3291 5864 3504 5923 Micbeas
3528 5847 3737 5928 propin“:
