3972 6340
612 352 751 413 1235

1456 348 1655 408 PAULI
1696 347 1964 406 DIACONI
2003 348 2161 406 OPP.
2201 342 2379 402 PARS
2415 345 2480 402 ll.
2518 370 2591 389 —-
2631 341 2991 400 ASCETICA.
3639 348 3726 409 ηδε

607 478 781 528 cerunt
795 484 909 524 eum
924 476 1067 522 extra
1085 467 1283 521 vineam
1307 448 1523 537 (Maith.
1547 474 1665 537 xu),
1697 466 2040 536 pertinaciam
2059 464 2181 520 inli-
2215 460 2264 520 A
2291 459 2509 516 Multum
2538 461 2680 517 enim
2708 459 2874 515 distat
2901 457 3043 512 inter
3087 468 3228 519 eum,
3252 452 3335 522 qui
3378 467 3461 524 per
3491 456 3728 528 fragilitatem

607 562 838 620 delitatis
868 559 1077 614 illorum
1108 558 1354 623 denotat,
1381 558 1467 628 qui
1500 574 1597 614 nec
1636 566 1756 627 post
1810 559 1925 627 ejus
1978 557 2192 626 passio-

607 677 729 717 nem
759 670 813 717 et
837 659 1283 717 resurrectionem
1312 659 1531 713 credere
1574 659 1878 724 voluerunt,
1908 656 2001 713 sed
2036 655 2190 726 quasi

605 758 833 814 cadaver
860 756 1049 812 inutile
1070 755 1434 827 projecernnt,
1458 752 1840 823 praedicatores
1861 750 2011 805 verbi
2039 750 2192 804 illius

605 868 637 907 a
663 852 775 907 suis
805 850 1002 905 llnibus
1048 850 1419 914 excludentes,
1443 856 1501 903 et
1541 847 1604 901 ad
1637 848 1907 901 nationum
1962 844 2191 915 populos

607 944 1050 999 transmittentes.
1098 941 1225 997 Cum
1280 958 1401 1012 ergo
1457 941 1646 994 venerit
1709 940 1943 993 dominus
2010 939 2187 1003 vineae,

603 1038 727 1109 quid
756 1037 906 1108 faciet
932 1036 1173 1106 agricolis
1209 1034 1356 1089 illis?
1413 1033 1707 1101 interrogat
1740 1044 1856 1098 eos,
1896 1044 2001 1084 non
2048 1027 2189 1098 quod

603 1130 812 1200 ignoret
838 1130 963 1201 quid
988 1128 1529 1196 responsuriessent,
1585 1124 1677 1179 sed
1727 1133 1783 1177 ut
1837 1137 1931 1177 eos
1973 1121 2189 1191 propria

603 1238 790 1281 eorum
812 1222 1163 1292 responsione
1201 1219 1543 1276 condemnet.
1595 1216 1754 1270 Aiunt
1803 1214 1885 1281 illi
1942 1230 1961 1266 :
2015 1211 2188 1266 Malos

594 1319 735 1390 .male
760 1316 955 1389 perdet,
978 1324 1025 1370 et
1043 1315 1238 1369 vineam
1264 1329 1407 1366 suam
1438 1312 1554 1365 aliis
1592 1309 1780 1363 locabit
1809 1307 2069 1379 agricolis,
2098 1306 2188 1376 qui

560 1417 563 1465 l
602 1410 817 1466 reddant
847 1408 893 1461 ei
916 1412 1139 1479 fructum
1161 1403 1471 1474 temporibus
1493 1404 1622 1457 suis.
1664 1400 1891 1454 Veniens
1926 1398 2187 1453 Dominus

604 1504 773 1559 malos
816 1502 957 1556 male
987 1497 1240 1571 perdidit,
1266 1497 1387 1567 quia
1417 1494 1719 1550 incredulos
1749 1504 1799 1548 et
1830 1490 2076 1547 crudeles
2102 1491 2183 1545 sui

603 1594 918 1658 homicidas,
941 1593 1101 1662 digna
1154 1590 1359 1658 punivit
1410 1588 1632 1653 ultione,
1685 1588 1881 1650 locum,
1926 1596 2139 1655 gentem
2178 1628 2192 1653 ,

600 1688 759 1744 simul
786 1696 841 1741 et
870 1700 1090 1755 regnum
1116 1683 1193 1737 eis
1215 1680 1528 1747 auferendo,
1562 1688 1616 1735 et
1636 1694 1728 1748 per
1763 1693 1953 1733 omnes
2002 1670 2185 1732 mundi

601 1779 861 1834 terminos
884 1777 1039 1846 longe
1070 1774 1285 1843 lateque
1316 1770 1738 1827 disseminando.
1759 1769 1980 1825 Locavit
2006 1778 2184 1823 autent

2292 560 2385 607 aut
2407 551 2763 624 ignorantiam
2791 546 3061 618 peccando
3082 544 3293 600 offendit
3315 545 3558 614 Christum,
3581 559 3621 604 et
3654 568 3730 608 eum

2290 646 2378 715 qui
2402 660 2497 714 per
2518 643 2825 712 superbiam
2853 648 3011 711 negat
3030 636 3323 692 Christum.
3346 638 3432 705 Qui
3456 653 3558 708 ergo
3581 643 3731 700 credens

2292 740 2347 794 in
2375 736 2646 793 Christum
2680 746 2881 806 peccat,
2906 747 3072 803 super
3094 730 3317 801 lapidem
3342 732 3467 787 cadit
3500 742 3544 786 et
3579 734 3734 791 confrin-

2291 831 2452 902 gitur,
2484 830 2577 885 sed
2611 844 2713 883 non
2739 826 2963 882 omnino
2990 822 3301 888 conteritur,
3324 825 3431 891 quia
3454 836 3682 880 reservatur
3695 828 3735 881 ad

2294 925 2680 992 pmnitentiam.
2705 918 2761 975 Si
2789 933 2918 974 vero
2950 916 3067 986 quis
3093 915 3359 985 negaverit
3375 912 3738 985 Christnm,cadet,

2295 1015 2344 1070 id
2376 1023 2478 1079 est,
2510 1014 2678 1070 irruet
2717 1029 2878 1082 super
2917 1029 3038 1069 eum
3086 1010 3221 1081 lapis
3264 1012 3376 1075 iste,
3404 1019 3453 1065 et
3491 1012 3548 1066 ita
3581 1022 3738 1066 conteret

2292 1123 2412 1163 eum
2443 1118 2648 1163 aeterno
2674 1108 2913 1173 interitu,
2937 1116 2997 1160 nt
3029 1120 3097 1161 ne
3131 1111 3267 1161 testa
3310 1103 3500 1173 quidem
3537 1115 3741 1169 remaneat,

2295 1202 2343 1255 in
2373 1217 2476 1271 qua
2506 1216 2692 1272 parum
2711 1215 2867 1269 aquae
2896 1200 2963 1254 de
2985 1200 3138 1253 fovea
3172 1196 3447 1251 hauriatur.
3472 1195 3615 1251 Potest
3630 1204 3667 1248 rt
3680 1196 3741 1249 hoc

2297 1293 2422 1361 dici,
2455 1293 2597 1362 quod
2624 1292 2695 1345 illi
2720 1307 2881 1361 super
2914 1290 3147 1361 lapidem
3171 1290 3437 1357 cadebant,
3461 1290 3534 1357 qui
3557 1299 3650 1343 tunc
3667 1303 3742 1344 eum

2297 1402 2389 1456 per
2414 1385 2808 1455 simplicitatem
2831 1395 2883 1439 et
2926 1384 3279 1454 ignorantiam
3325 1381 3684 1445 contemnebant,
3716 1389 3748 1434 et

2297 1469 2501 1550 injuriis
2527 1478 2851 1543 alliciebant,
2882 1479 3002 1533 ideo
3049 1476 3481 1547 conquassantur,
3515 1489 3599 1529 non
3633 1484 3747 1527 tamen

2295 1572 2507 1643 penitus
2550 1580 2919 1625 conteruntur.
2973 1570 3073 1639 Qui
3126 1585 3256 1625 vero
3311 1568 3444 1623 illum
3481 1568 3659 1622 scientes
3691 1567 3747 1620 Dei

2295 1663 2511 1727 Filium,
2548 1678 2638 1731 per
2670 1662 2922 1717 invidiam
2955 1663 3245 1731 negabant,
3269 1673 3319 1716 et
3346 1671 3511 1716 contra
3535 1675 3650 1715 suam
3665 1674 3748 1712 cnn-

2296 1756 2575 1823 scientiam
2598 1757 2714 1822 ejus
2729 1770 2894 1825 Opera
2920 1754 3213 1809 Beelzebub
3230 1750 3749 1822 assigualiant,superlios

598 1874 810 1929 vineam
840 1872 959 1927 aliis
979 1868 1253 1939 agricolis,
1278 1869 1401 1937 quia
1426 1866 1581 1921 nobis
1621 1867 2018 1935 Scripturarnm
2068 1880 2177 1934 my-

2294 1850 2461 1901 irruet
2490 1834 2645 1911 lapis.
2671 1855 2719 1900 et
2753 1854 2999 1900 conteret
3039 1860 3132 1899 eos
3180 1845 3486 1914 sempiterna
3531 1841 3751 1913 perditione,

598 1960 783 2028 steria,
815 1969 868 2014 et
896 1972 1048 2013 suam
1092 1954 1451 2025 cognitionem
1504 1952 1688 2007 tribuit
1735 1967 1799 2006 ea
1849 1950 2184 2015 conditione,

599 2059 658 2107 ut
676 2050 787 2105 suis
812 2047 1143 2117 temporibus
1182 2047 1413 2099 fructum
1455 2044 1767 2107 reddamus,
1800 2042 1852 2097 id
1881 2052 1984 2108 est,
2015 2058 2183 2103 nove-

598 2145 767 2201 rimus
795 2142 921 2213 quid
946 2155 1267 2210 unoquoque
1296 2149 1540 2206 tempore
1559 2152 1656 2192 nos
1686 2137 1833 2205 loqui
1887 2135 1971 2190 vel
2026 2150 2186 2206 agere

599 2237 905 2294 conveniat.
937 2236 1041 2290 Sed
1077 2236 1178 2288 hoc
1203 2232 1347 2303 quod
1378 2233 1453 2285 illi
1485 2231 1758 2292 dixerunt,
1794 2229 1936 2298 quod
1979 2231 2186 2283 scilicet

596 2334 768 2387 malos
801 2330 941 2384 male
972 2328 1243 2397 perderet,
1276 2336 1329 2380 et
1356 2327 1566 2379 vineam
1606 2338 1758 2378 suam
1810 2322 1930 2376 aliis
1983 2322 2185 2376 locaret

597 2421 867 2487 dominus,
891 2420 1007 2489 ipse
1028 2417 1285 2472 divinitus
1304 2424 1644 2484 procuratum
1673 2411 1984 2481 prepheticu
2002 2420 2183 2466 osten-

597 2516 676 2572 dit
691 2514 961 2585 exemplo,
978 2513 1308 2581 respondens
1333 2527 1345 2562 :
1368 2508 1648 2579 Nunquam
1677 2508 1868 2579 legistis
1890 2507 1941 2560 in
1964 2509 2183 2575 scriptu-

596 2613 668 2666 ris
709 2626 729 2664 :
778 2608 1027 2679 Lapidem
1075 2622 1223 2678 quem
1280 2604 1670 2676 reprobaverunt
1725 2602 2065 2673 ludificantes,
2097 2603 2180 2655 hic

595 2704 768 2776 factus
796 2711 871 2757 est
896 2702 951 2756 in
981 2710 1129 2771 caput
1160 2699 1369 2768 anguli:
1391 2698 1433 2751 A
1460 2697 1677 2750 Domino
1707 2697 1897 2765 factum
1925 2704 1999 2748 est
2023 2695 2176 2759 illud,

593 2808 641 2854 et
665 2806 738 2853 est
766 2795 995 2850 mirabile
1018 2796 1073 2848 in
1098 2794 1256 2848 oculis
1282 2792 1506 2847 nostris?
1561 2790 1709 2860 Ipsos
1757 2805 1891 2860 quos
1930 2792 2177 2857 superius

593 2889 811 2945 colonos
850 2895 1153 2951 vocaverat,
1204 2900 1345 2940 nunc
1398 2884 1725 2939 aediﬁcantes
1768 2882 2024 2952 appellat,
2050 2884 2175 2953 quia

591 2984 864 3056 principes
892 2990 945 3037 et
963 2981 1271 3037 sacerdotes
1301 2978 1629 3044 Jndzorum,
1654 2976 1920 3031 subditam
1961 2976 2174 3046 plebem

590 3075 659 3131 ad
680 3072 983 3129 offerendos
1000 3072 1219 3141 iustitiae
1249 3070 1640 3140 frnctus,quasi
1666 3070 1875 3123 vineam
1902 3069 2171 3134 excolere,

592 3167 693 3234 ipsi
714 3167 873 3221 etiam
905 3164 1041 3219 hanc
1066 3174 1124 3218 ut
1164 3164 1389 3217 Domino
1437 3162 1502 3217 ad
1555 3162 1957 3216 inhabitandam
2011 3161 2169 3232 digna

594 3255 770 3322 ﬁeret,
800 3256 950 3324 quasi
972 3253 1189 3308 domum
1212 3263 1525 3306 construere
1562 3263 1617 3306 et
1661 3266 1923 3306 exornare
1966 3251 2175 3306 debue-

596 3357 741 3401 runt.
796 3345 927 3401 Nam
984 3354 1037 3400 et
1090 3345 1375 3413 Apostolus
1428 3343 1551 3398 huic
1601 3343 1780 3397 sensui
1830 3341 2171 3410 astipulatur,

594 3436 841 3493 ﬁdelibus
866 3437 1089 3505 loquens
1116 3454 1128 3488 :
1164 3434 1255 3489 Dei
1280 3434 1594 3505 agricultura
1624 3435 1763 3500 estis,
1787 3432 1883 3488 Dei
1903 3434 2174 3504 aediﬁcatio

594 3530 716 3585 estis
744 3527 812 3600 (I
843 3527 963 3584 Cor.
999 3526 1113 3598 III).
1145 3526 1251 3582 Sed
1274 3527 1348 3581 illi
1382 3529 1530 3596 quasi
1566 3527 1691 3581 mali
1724 3527 1921 3592 coloni,
1946 3528 2174 3582 fructum

592 3622 764 3677 vineae
787 3620 1014 3677 reddere
1046 3619 1255 3684 nolunt,
1289 3628 1342 3674 et
1371 3620 1522 3689 quasi
1558 3620 1682 3673 mali
1706 3619 2038 3685 cementarii,
2065 3621 2175 3676 ele-

592 3722 737 3768 ctum
767 3721 823 3768 et
844 3713 1135 3783 pretiosum
1167 3711 1418 3781 lapidem,
1437 3712 1521 3767 vel
1551 3712 1602 3766 in
1635 3711 1983 3767 fundamento
2009 3712 2088 3768 vel
2123 3713 2175 3767 in

592 3805 785 3874 angulo
825 3804 1015 3860 domus
1064 3803 1156 3859 Dei
1197 3804 1498 3874 ponendum
1524 3845 1537 3869 ,
1567 3804 1905 3869 subtrahere,
1938 3805 2041 3859 hoc
2069 3814 2173 3871 est,

598 3895 757 3951 ﬁdem
806 3895 1000 3951 Christi
1050 3895 1381 3950 auditoribus
1423 3895 1755 3950 conabantur
1795 3896 2034 3962 eripere.
2085 3896 2174 3952 Ait

595 4005 723 4059 ergo
749 4007 763 4045 :
789 3988 1068 4060 Nunquam
1097 3989 1287 4060 legistis
1316 3991 1366 4042 in
1390 3987 1675 4059 Scripturis
1702 4004 1720 4042 :
1755 3962 2001 4053 Lapidem
2024 4006 2172 4059 quem

589 4084 981 4152 reprobanerunt
1010 4082 1343 4149 ludificantes,
1372 4081 1455 4135 hic
1490 4082 1655 4151 factus
1682 4091 1754 4136 est
1782 4085 1835 4136 in
1887 4093 2039 4150 caput
2079 4101 2174 4138 an-

589 4175 699 4246 guli
734 4188 753 4227 .'
776 4175 819 4227 Α
847 4172 1068 4227 Domino
1099 4176 1289 4241 factum
1341 4182 1415 4225 est
1457 4172 1618 4240 istud,
1652 4182 1697 4226 et
1740 4180 1811 4226 est
1851 4174 2081 4228 mirabile
2120 4175 2174 4228 in

589 4265 748 4320 oculis
768 4265 993 4318 nostris?
1020 4266 1095 4318 Ac
1122 4264 1166 4318 si
1192 4263 1432 4318 diceret:
1478 4262 1596 4331 Quo
1640 4262 1800 4317 modo
1856 4264 2166 4333 implebitur

589 4356 709 4413 haec
742 4358 1041 4427 prophetia,
1070 4372 1189 4425 qua:
1221 4356 1449 4425 lapidem
1481 4358 1549 4411 ab
1575 4356 1962 4411 aidiilcantibus
1989 4372 2175 4427 repro-

588 4449 797 4515 batum,
825 4460 877 4503 et
907 4449 957 4502 in
987 4461 1143 4517 caput
1173 4449 1353 4518 anguli
1384 4447 1581 4503 factum
1609 4450 1761 4516 dicit,
1794 4450 1895 4504 nisi
1928 4451 2176 4505 Christus

588 4554 618 4592 a
648 4536 797 4591 vobis
817 4538 1135 4607 reprobatns
1156 4548 1211 4593 et
1234 4540 1442 4594 occisus
1458 4540 1741 4595 credituris
1764 4542 2014 4610 gentibus
2034 4558 2173 4612 prae-

2293 1952 2451 2012 atqne
2497 1941 2846 2003 comminuet,
2896 1950 2953 1993 ut
3000 1940 3108 1994 sint
3158 1939 3304 2009 impii
3348 1939 3473 1992 sicut
3513 1935 3645 2005 pulvis
3675 1945 3750 1986 ante

2290 2033 2480 2089 faciem
2511 2034 2675 2087 venti.
2702 2030 2768 2084 Et
2802 2048 2915 2084 cum
2945 2031 3204 2083 audissent
3237 2030 3475 2099 principes
3497 2024 3751 2084 Sacerdotum,

2289 2134 2336 2179 et
2366 2123 2621 2178 Plturiswi
2652 2122 2918 2195 parabolas
2941 2124 3076 2192 ejus,
3114 2130 3447 2190 cognoverunt
3472 2119 3571 2185 quin
3607 2116 3653 2166 de
3679 2114 3753 2181 ipsis

2290 2217 2496 2270 diceret.
2523 2214 2590 2268 Et
2614 2226 2893 2285 quaerentes
2942 2232 3057 2269 eum
3108 2223 3300 2279 tenere,
3351 2214 3587 2265 timuerunt
3628 2209 3752 2267 turbat,

2287 2311 2528 2379 quoniam
2571 2310 2703 2362 sicut
2744 2307 3046 2378 praphetam
3112 2323 3230 2360 eum
3272 2304 3524 2358 habebant.
3570 2297 3756 2366 Principes

2290 2402 2639 2458 Sacerdotum
2669 2411 2722 2455 et
2752 2399 2953 2455 Scriba:
2976 2401 3188 2469 propria
3224 2396 3476 2467 ietlarguti
3510 2392 3757 2453 Conscientia,

2288 2494 2599 2561 quaerebant
2630 2492 2932 2546 interﬁcere
2973 2491 3285 2554 Dominum,
3329 2487 3468 2558 quasi
3515 2484 3757 2537 mentientem

2285 2599 2383 2640 cun
2394 2598 2468 2641 tra
2483 2601 2559 2642 se.
2576 2585 2680 2641 Sed
2700 2585 2811 2641 haec
2827 2592 3069 2653 agentes,
3084 2584 3312 2651 probant
3329 2592 3446 2632 vera
3460 2589 3562 2631 esse
3571 2586 3659 2643 qua
3668 2569 3759 2623 diie-

2296 2691 2400 2735 rat.
2428 2681 2546 2750 ipse
2567 2681 2711 2732 enim
2742 2685 2858 2731 erat
2888 2675 3084 2739 Ineres,
3115 2675 3273 2742 cujus
3298 2684 3434 2726 mors
3464 2670 3620 2736 injust:
3655 2658 3760 2713 vindi-

2287 2775 2454 2831 canda
2493 2784 2607 2828 erat
2634 2788 2667 2827 ο
2700 2769 2880 2825 Patre.
2916 2769 3021 2840 ipsi
3052 2782 3188 2822 vero
3220 2774 3373 2822 erant
3394 2775 3593 2832 nequam
3633 2751 3760 2816 coloni,

2285 2870 2377 2937 qui
2435 2869 2503 2921 ab
2557 2866 2853 2921 occidendo
2906 2862 3041 2917 Filio
3087 2861 3184 2915 Dei
3235 2860 3300 2915 ad
3343 2858 3582 2913 modicum
3619 2849 3760 2937 quidem

2284 2935 2520 3015 humano
2563 2957 2753 3012 timore
2804 2952 3074 3010 retardari
3102 2959 3374 3023 poterant,
3398 2948 3552 3003 donec
3576 2935 3762 3004 horaejui

2285 3057 2513 3117 veniret,
2549 3067 2820 3123 nunquam
2849 3066 2978 3106 vero
3005 3049 3189 3104 divino
3223 3048 3418 3103 timore
3439 3052 3519 3097 ant
3542 3053 3678 3095 amore
3703 3048 3762 3087 co-

2287 3143 2456 3199 hiberi
2507 3145 2810 3197 voluerunt.
2856 3141 2982 3195 Haec
3030 3154 3158 3195 vero
3212 3154 3331 3209 qute
3373 3137 3438 3192 de
3475 3135 3562 3188 hac
3596 3124 3763 3199 parade

2204 3204 2251 3263 Ο
2286 3252 2447 3307 super
2476 3236 2677 3291 malitia
2708 3234 3018 3291 Judazorum
3065 3232 3437 3303 exposuimus,
3475 3224 3626 3281 morali
3663 3216 3762 3273 intel-

2282 3330 2425 3385 lectu
2456 3329 2520 3384 ad
2545 3342 2983 3399 unumquemque
3030 3336 3275 3381 nostrum
3319 3325 3505 3381 referre
3549 3324 3760 3391 pommus-

2280 3419 2414 3476 Cum
2446 3422 2586 3476 enim
2618 3419 2776 3474 alicui
2823 3419 3056 3474 ﬁdelium
3091 3419 3408 3489 mysterium
3440 3399 3758 3484 baptismiiiluo“

2283 3513 2558 3582 Operando
2613 3527 2866 3567 exercere
2920 3513 3143 3580 debeat,
3201 3510 3562 3573 committitur,
3589 3497 3694 3573 quasi
3723 3492 3758 3547 ei

2285 3609 2438 3663 vinea
2468 3623 2629 3678 quam
2661 3608 2873 3662 excolat
2901 3606 3130 3662 iocatur.
3160 3607 3392 3661 Mittitur
3440 3616 3559 3657 unus
3600 3605 3639 3651 et
3676 3590 3763 3643 Ille!

2281 3715 2491 3769 servus,
2524 3713 2577 3756 et
2630 3699 2838 3765 tertius,
2864 3699 2955 3768 qui
2988 3699 3197 3753 fructus
3227 3698 3506 3768 accipiant,
3524 3705 3620 3747 cum
3640 3682 3760 3753 legitur

2283 3794 2390 3861 lex,
2427 3792 2703 3863 prophetia
2734 3804 2787 3847 et
2810 3792 3025 3856 Psalmi,
3052 3806 3295 3861 quorum
3326 3789 3529 3845 monitis
3548 3785 3760 3839 instructus,

2282 3885 2545 3941 bonorum
2572 3884 2775 3939 fructus
2804 3900 3024 3950 operum
3052 3885 3290 3939 reddere
3336 3883 3535 3938 debeat.
3574 3872 3657 3931 Sed
3692 3879 3759 3922 Sel“

2282 3995 2377 4035 vus
2434 3979 2776 4035 contumeliis
2818 3978 3037 4034 allectus
3089 3978 3348 4048 ejicitur,
3389 3990 3503 4032 cum
3542 3980 3679 4025 sermo
3707 3956 3762 4014 θεῖ

2281 4072 2368 4125 vel
2416 4072 2797 4136 contemnitur,
2824 4071 2905 4125 vel
2950 4072 3111 4125 etiam
3153 4071 3326 4141 (quod
3354 4067 3551 4140 gravius
3577 4052 3761 4129 esllbl’s'

2285 4161 2586 4230 phematur.
2621 4162 2841 4231 insuper
2893 4172 2947 4217 et
2992 4160 3267 4216 hmredem
3302 4166 3544 4229 quantum
3574 4154 3615 4208 in
3650 4161 3691 4203 se
3717 4146 3764 4196 tsi

2283 4254 2495 4320 occidit,
2514 4256 2605 4325 qui
2636 4251 2927 4310 immernor
2942 4253 3338 4309 misericordia
3358 4250 3447 4306 Dei
3465 4234 3765 4316 omnipotenllii

2282 4348 2455 4416 ipsum
2486 4346 2653 4401 lilium
2700 4346 2791 4401 Dei
2813 4347 3111 4414 respnit,et
3140 4346 3359 4416 spiritui
3389 4352 3558 4398 sancto
3579 4349 3659 4406 quo
3673 4340 3766 4416 "tif

2282 4413 2503 4493 neratus
2536 4444 2636 4503 est,
2668 4413 3050 4491 contumeliam
3081 4413 3230 4489 facit.
3270 4434 3494 4504 Propter
3518 4423 3638 4499 quod
3672 4413 3767 4473 In!“s

2282 4527 2529 4597 agricolis
2559 4529 2697 4582 male
2729 4526 2970 4596 perditis,
2994 4527 3149 4581 datur
3171 4527 3330 4581 alteri
3364 4528 3509 4578 vinea
3528 4567 3541 4588 ,
3563 4519 3660 4586 quia
3681 4509 3767 4563 dum

590 4628 839 4683 dicetur?
872 4627 988 4697 ipse
1016 4629 1160 4683 enim
1189 4630 1339 4698 quasi
1372 4629 1505 4696 lapis
1533 4588 1795 4699 pretiosus
1824 4632 1996 4703 (juxta
2020 4588 2165 4704 quod

2284 4588 2473 4690 gratiae
2499 4620 2639 4688 quod
2668 4588 2908 4689 ingratus
2936 4588 3158 4689 sprevit,
3188 4619 3409 4673 humilis
3451 4615 3645 4685 quisque
3677 4604 3769 4656 diu‘

588 4720 876 4799 Apostolus
907 4719 979 4773 ait
1013 4737 1024 4771 :
1064 4718 1215 4774 Petra
1236 4732 1341 4774 erat
1372 4720 1600 4777 Christus
1633 4723 1681 4796 [Ι
1719 4725 1837 4778 Cor.
1872 4725 1949 4797 x])
1995 4727 2046 4779 in
2081 4741 2174 4780 ca-

588 4814 698 4884 pite
735 4812 913 4883 anguli
950 4812 1117 4866 lactus
1139 4821 1243 4879 est,
1272 4813 1397 4882 quia
1431 4813 1570 4869 Deus
1596 4815 1732 4869 duos
1773 4816 2036 4883 parietes,
2068 4819 2173 4871 cir-

590 4904 932 4964 cumcisionis
977 4914 1032 4961 et
1085 4905 1351 4975 praeputii,
1380 4905 1433 4959 in
1487 4922 1582 4960 sua
1640 4906 1748 4963 title
1791 4909 2087 4977 copulavit,
2118 4917 2172 4964 et

587 5015 748 5057 unam
781 4998 1080 5055 Ecclesium
1127 5014 1158 5053 e
1196 4998 1401 5054 duobus
1437 5000 1645 5069 populis
1688 5001 1983 5056 constituit.
2033 4999 2163 5055 Ideo

588 5092 703 5147 dico
732 5090 888 5154 nobis,
910 5091 1177 5161 auferetur
1202 5106 1236 5144 a
1271 5091 1408 5146 vobis
1457 5107 1666 5163 regnum
1708 5090 1828 5160 Dei,
1874 5102 1920 5147 et
1967 5094 2173 5147 dabitur

588 5185 723 5257 genti
754 5183 957 5254 facienti
989 5184 1179 5253 fructus
1203 5185 1334 5256 ejus.
1377 5184 1615 5253 Regnum
1647 5183 1739 5238 Dei
1777 5184 1876 5240 hoc
1902 5187 2019 5240 loco
2045 5201 2172 5241 san-

591 5287 693 5335 cla!
712 5276 999 5347 Scriptum
1029 5277 1387 5347 intelligenda:
1416 5288 1569 5341 sunt;
1596 5293 1728 5348 quas
1762 5278 2016 5335 Dominus
2045 5279 2165 5334 inli-

590 5370 799 5427 delibus
827 5368 1024 5424 ludatis
1045 5368 1286 5439 abstulit,
1317 5379 1371 5425 et
1418 5371 1570 5425 nobis
1616 5371 1855 5437 tradidit,
1887 5382 1945 5427 ut
1983 5386 2170 5427 earum

591 5463 819 5518 fructum
847 5462 1123 5517 iaciamus.
1157 5462 1372 5517 Ista.est
1400 5462 1489 5516 illa
1530 5464 1687 5517 vinea
1733 5478 1852 5533 quae
1895 5464 2165 5533 quondam

589 5552 761 5609 locata
789 5562 875 5608 est
893 5550 1269 5621 agricolis,sed
1292 5552 1364 5607 illi
1396 5568 1589 5609 nomen
1618 5563 1825 5609 tantum
1854 5554 2166 5624 Scriptura-

589 5656 707 5699 rum
732 5643 1056 5710 habuerunt,
1085 5641 1315 5697 fructum
1344 5657 1472 5697 vero
1504 5644 1718 5699 illarum
1748 5646 1953 5701 nullum
1981 5661 2171 5703 conse-

591 5736 679 5806 qui
704 5742 1036 5790 meruerunt.
1068 5732 1136 5788 Et
1162 5735 1249 5804 qui
1274 5734 1515 5790 ceciderit
1534 5752 1688 5806 super
1716 5736 1942 5808 lapidem
1984 5740 2165 5808 istum,

593 5827 939 5897 corriringetur
966 5838 987 5881 :
1015 5840 1168 5899 super
1193 5838 1349 5899 quem
1372 5842 1490 5885 vero
1518 5829 1779 5900 cecidait,
1791 5840 2020 5891 conteret
2033 5848 2173 5892 eum.

2286 4723 2390 4767 tur.
2415 4713 2521 4768 Sed
2543 4712 2721 4767 ethoc
2743 4714 2883 4782 quod
2911 4712 2978 4767 de
3008 4713 3114 4768 illis
3146 4713 3197 4767 in
3234 4713 3346 4769 ﬁne
3368 4707 3605 4779 erangelii
3640 4704 3767 4755 dictum

2281 4814 2383 4870 est,
2417 4804 2538 4873 quia
2561 4811 2862 4872 quaerentes
2894 4814 3079 4858 tenere
3114 4804 3419 4870 Christum,
3447 4805 3614 4856 timore
3649 4788 3766 4846 turbt-

2281 4913 2397 4952 rnm
2429 4896 2853 4967 praepediuntur,
2871 4896 3108 4963 qu0tidie
3126 4897 3386 4952 videmus
3411 4896 3491 4966 agi
3520 4895 3566 4947 in
3594 4879 3768 4971 Ecclesia:

2279 4988 2428 5045 Multi
2458 4989 2601 5043 enim
2627 4996 2751 5042 sunt
2778 4989 2829 5042 in
2875 4988 3111 5043 Ecclesia
3143 4988 3267 5045 solo
3292 4991 3507 5043 nomine
3534 4982 3698 5036 fratres,
3714 4979 3769 5036 ‘1‘“

2278 5084 2330 5138 in
2356 5082 2735 5138 ecclesiasticas
2760 5080 2879 5135 ﬁdei
2899 5091 2953 5136 et
2980 5084 3124 5152 pacis
3146 5083 3435 5145 unitatem,
3449 5090 3588 5148 quam
3606 5082 3683 5124 non
3698 5058 3771 5115 dili-

2277 5182 2426 5245 gunt,
2443 5184 2660 5244 propter
2673 5174 3094 5229 cohabitantium
3110 5158 3380 5227 bonorum
3396 5177 3594 5225 fratrum
3609 5154 3772 5245 malini"

2276 5242 2585 5333 dinem,aut
2605 5267 2947 5333 erubescunt,
2962 5272 3053 5320 aut
3073 5267 3269 5320 timent
3284 5267 3595 5333 impugnare.
3616 5250 3695 5306 Sed
3708 5242 3771 5340 his,

2277 5360 2416 5414 sicut
2448 5360 2700 5413 Dominus
2736 5358 2801 5413 ad
2830 5358 2931 5413 Job
2958 5358 3219 5429 loquitur,
3250 5372 3370 5411 cum
3410 5365 3586 5424 tempus
3606 5341 3771 5416 fumi"
3862 5354 3863 5409 Ἰ

2278 5454 2442 5508 altum
2463 5451 2563 5506 alte
2582 5453 2838 5523 erigentur
2854 5450 2997 5523 (Job.
3021 5451 3231 5519 unus),
3249 5450 3375 5520 quia
3397 5458 3541 5503 nacta
3554 5438 3771 5519 οωεὲοᾞ
3862 5466 3863 5489 ;

2278 5545 2568 5601 Ecciesiam
2601 5542 2945 5613 persequi,et
2967 5542 3240 5598 Christum
3270 5556 3392 5595 cum
3426 5526 3665 5593 Pharisais
3679 5527 3771 5613 illi“
3862 5540 3863 5543 ‘

2278 5639 2550 5706 addicere,
2563 5608 2617 5695 et
2628 5608 3132 5694 ostentuiconantur
3144 5624 3373 5689 habere.
3388 5608 3775 5706 Ρθηῑωεςεαέθδὲ
3862 5646 3863 5706 l

2278 5730 2468 5789 bemus
2488 5704 2586 5803 ipsi
2609 5731 2698 5801 qui
2720 5729 3009 5801 loquimur,
3026 5738 3077 5784 et
3090 5739 3308 5793 cavere,
3329 5740 3397 5780 ne
3414 5714 3633 5788 exempl!
3862 5704 3863 5771 Ὺ

2276 5796 2843 5896 sanorumsequamur.
2865 5822 3131 5881 Curemus
3142 5819 3404 5883 sollicite,
3419 5828 3485 5872 ne
3503 5809 3603 5868 solo
3623 5796 3776 5858 nonin“
