3972 6340
184 307 319 363 1257

1165 300 1630 360 HOMILIARIUS.
1667 298 1939 355 —-—llOM.
1982 299 2071 355 DE
2101 300 2446 358 TEMPORE.

3305 299 3447 358 1168

181 426 382 473 tantum
405 418 570 473 simus
592 415 981 483 Christiani,ne
998 417 1098 472 sub
1112 419 1291 488 specie
1310 418 1525 489 pietatis
1549 416 1757 471 titulum
1790 424 1840 479 Α
1866 413 2059 469 Fames
2087 416 2141 470 in
2165 415 2450 487 longinqua
2488 415 2726 485 regione,
2775 412 3122 484 indigentiam
3177 412 3451 484 signiﬁcat

176 509 531 564 subcelemus.
557 509 789 578 Agamus
815 508 1042 563 Domino
1062 511 1282 578 gratias,
1309 512 1395 579 qui
1422 510 1762 579 scripturam,

180 604 230 659 in
253 620 356 674 qua
384 603 648 672 quondam
671 602 839 658 Judaai
870 603 1277 671 ﬂorebant,illis
1300 620 1396 673 pro
1432 602 1763 658 irrevocabili

178 695 381 751 malitia
402 694 703 759 abstulit,et
724 697 880 751 nobis
902 711 998 766 pro
1023 695 1137 751 sola
1162 696 1527 751 misericordia
1551 697 1768 765 largitus

176 794 281 843 est.
300 788 629 843 Veneremur
648 803 792 854 eum,
814 802 917 843 non
940 790 1073 844 sicut
1095 789 1369 857 simplices
1389 790 1557 843 turbae
1573 798 1629 844 ut
1653 805 1769 855 pro-

176 877 519 955 phetam,sed
542 886 598 931 ut
613 877 781 932 Deum
797 886 852 932 et
875 878 1153 932 Dominum
1178 879 1580 947 prophetarum,
1597 877 1769 932 salva-

176 976 349 1023 torem
359 975 414 1023 et
432 968 825 1038 redemptorem
848 978 1112 1035 nostrum,
1126 968 1213 1038 qui
1229 968 1356 1023 vivit
1372 977 1426 1023 et
1438 974 1641 1038 regnat,
1659 975 1766 1023 etc.

662 1082 944 1137 HOMILIA
985 1081 1292 1137 LXXXVII.

519 1167 573 1207 tu
608 1167 842 1208 ssess'ro
880 1170 1008 1209 Posr
1050 1151 1411 1208 Beminiscere.

254 1243 320 1297 In
348 1244 438 1298 illo
473 1253 694 1316 tempore
716 1246 845 1299 dixit
878 1245 906 1297 J
915 1262 1026 1300 esus
1054 1245 1318 1316 discipulis
1344 1246 1449 1301 suis
1471 1243 1766 1317 parabolam

180 1340 317 1392 hanc
341 1354 359 1391 :
394 1338 565 1392 Homo
593 1339 803 1409 quidam
827 1338 1004 1392 habuit
1032 1339 1160 1394 duos
1194 1340 1352 1409 ﬁlios,
1377 1350 1425 1395 et
1462 1340 1593 1395 dixit
1635 1340 1767 1394 ado-

185 1428 455 1485 lescentior
480 1446 546 1484 ex
564 1430 666 1483 illis
693 1432 850 1496 patri,
875 1440 978 1485 etc.
1013 1430 1165 1501 (Luc.
1191 1430 1305 1502 xv).

250 1523 459 1579 Scribis
482 1531 536 1576 et
558 1522 841 1577 Pharisaeis
859 1532 1042 1577 contra
1068 1534 1263 1579 nasum
1288 1522 1476 1578 salutis
1489 1531 1764 1577 auctorem

179 1613 658 1681 murmurantibus,
688 1615 826 1666 sicut
849 1614 1102 1684 requisita
1150 1629 1272 1683 quae
1330 1611 1469 1669 hanc
1518 1612 1770 1683 praecedit

178 1707 354 1762 sancti
388 1706 647 1777 evangelii
686 1707 844 1763 lectio
892 1708 1151 1773 declarat,
1180 1710 1457 1777 proposuit
1508 1708 1770 1763 Dominus

1873 507 2019 558 verbi
2051 506 2165 560 Dei.
2199 506 2256 561 ln
2289 509 2505 577 regione
2535 507 2845 579 longinqua,
2878 508 2931 563 id
2962 514 3065 576 est,
3096 509 3149 564 in
3181 508 3451 566 oblivione

1870 597 2192 653 Conditoris.
2213 599 2284 653 De
2311 614 2410 670 qua
2443 598 2696 655 Dominus
2726 615 2818 670 per
2844 588 3153 671 prophetam
3176 601 3447 657 minatur:

1870 688 2075 744 Mittam
2104 693 2288 759 [amem
2314 709 2465 762 super
2486 702 2694 758 terram,
2724 710 2829 747 non
2854 696 3043 764 famem
3084 694 3257 764 panis,
3288 708 3454 765 neque

1868 782 2003 835 sitim
2022 798 2188 851 aqua,
2218 782 2307 837 sed
2330 784 2574 837 audiendi
2614 784 2749 837 verbi
2779 782 2877 838 Dei
2934 786 3152 855 (Amos,
3179 781 3327 855 vni).
3380 780 3452 837 Et

1869 872 1977 943 ipse
1999 873 2147 940 coepit
2171 890 2337 944 egere,
2360 884 2410 928 et
2438 876 2583 941 abiit,
2614 885 2660 929 et
2690 876 2907 930 adluesit
2939 877 3031 929 uni
3058 877 3246 930 civium
3283 875 3453 945 regio-

1870 966 1950 1020 nis
1977 966 2141 1022 illius.
2174 968 2359 1023 Merito
2402 982 2565 1038 egere
2608 971 2795 1039 coepit,
2824 972 2915 1040 qui
2948 968 3228 1026 thesauros
3255 968 3454 1025 divina:

1869 1058 2146 1125 sapientiae
2186 1070 2239 1114 et
2267 1059 2571 1115 divitiarum
2613 1060 2915 1118 caelestium
2956 1060 3262 1130 dereliquit.
3306 1059 3455 1115 Unus

1870 1152 2071 1208 civium
2100 1153 2335 1224 regionis
2366 1154 2527 1220 illius,
2552 1154 2639 1209 cui
2665 1155 2766 1209 iste
2792 1153 3044 1225 prodigus
3072 1153 3315 1219 adhmsit,
3340 1151 3455 1208 dia-

1869 1242 2028 1298 bolus
2056 1252 2162 1311 est,
2194 1259 2353 1313 quem
2404 1244 2654 1300 Dominus
2707 1245 3002 1316 principem
3061 1243 3220 1315 hujus
3270 1243 3455 1299 mundi

1878 1337 2133 1405 appellat,
2168 1338 2291 1408 quia
2314 1337 2509 1392 merito
2538 1339 2906 1407 perversitatis
2935 1352 3047 1392 suae
3076 1337 3306 1392 terrenis
3328 1350 3455 1391 conv
3492 1356 3498 1397 ξ

1880 1429 2219 1499 tupiscentiis
2260 1431 2572 1500 praepesitus
2600 1437 2703 1486 est.
2738 1430 2802 1484 Et
2834 1431 2975 1484 misit
3002 1429 3154 1484 illum
3198 1431 3252 1484 in
3280 1429 3456 1485 villam

1870 1538 2037 1587 suam,
2051 1530 2107 1575 ut
2139 1532 2366 1592 pasceret
2385 1539 2587 1591 porcos.
2610 1521 2753 1577 Villa
2777 1522 3042 1577 carnalem
3065 1522 3459 1591 concupiscen-

1874 1610 1998 1665 tiam
2029 1611 2295 1680 signiﬁcat
2325 1629 2338 1664 :
2370 1612 2437 1669 de
2465 1630 2568 1682 qua
2591 1613 2763 1683 is,qui
2785 1613 3035 1670 invitatus
3058 1614 3123 1669 ad
3151 1613 3457 1683 spirituales

1872 1703 2058 1771 epulas
2074 1703 2152 1757 ire
2165 1714 2406 1772 excusat,
2431 1706 2614 1760 dicens
2633 1724 2644 1759 :
2669 1704 2860 1760 Villam
2874 1707 2989 1773 emi,
3005 1717 3050 1761 et
3070 1722 3271 1762 necesse
3298 1705 3458 1760 habeo

178 1799 315 1853 duas
345 1799 660 1869 parabolas:
691 1799 911 1853 alteram
937 1799 1167 1853 hominis
1189 1799 1255 1854 de
1283 1799 1497 1854 inventa
1521 1816 1619 1855 ove
1648 1816 1766 1869 per-
1800 1784 1848 1845 Β
1872 1796 2032 1862 exire,
2057 1806 2106 1850 et
2145 1797 2315 1850 videre
2354 1797 2501 1851 illam
2545 1796 2702 1869 (Luc.
2732 1799 2863 1868 ην).
2897 1798 2954 1853 ln
3003 1797 3181 1854 villam
3238 1809 3456 1868 quoque

180 1889 288 1944 dita
318 1889 620 1959 gaudentis,
646 1890 866 1945 alteram
897 1890 1134 1946 mulieris
1174 1906 1332 1960 super
1362 1890 1564 1962 perdita
1595 1900 1651 1946 et
1684 1905 1773 1947 re-

180 1992 331 2050 perta
380 1982 630 2036 drachma
663 1983 1045 2052 gratulabunde
1086 1983 1419 2047 exsultantis,
1461 1981 1772 2047 ostendens,

186 2072 240 2127 in
273 2074 620 2128 conclusione
674 2075 959 2143 parabolaa,
993 2083 1247 2143 quantum
1300 2075 1369 2129 sit
1409 2074 1661 2144 gaudium
1720 2075 1774 2129 in

181 2168 321 2222 caelo
347 2182 508 2236 super
536 2168 809 2222 conversis
838 2168 1233 2237 peccatoribus.
1279 2167 1481 2223 Deinde
1528 2168 1663 2221 dixit
1718 2174 1773 2222 et

184 2260 327 2314 hanc
358 2259 785 2327 similitudinem,
817 2276 921 2314 non
948 2260 1120 2315 solum
1168 2275 1323 2316 suum
1379 2260 1446 2314 de
1495 2258 1774 2314 conversis

185 2354 558 2423 peccatoribus
589 2354 833 2421 gaudium
864 2353 1261 2416 demonstrans,
1291 2366 1472 2406 verum
1500 2350 1661 2405 etiam
1688 2350 1772 2405 in-

183 2445 478 2500 videntium
512 2446 989 2500 murmurationem
1020 2444 1439 2513 reprehendens.
1470 2444 1559 2497 Ait
1599 2457 1730 2512 ergo
1757 2460 1771 2496 :

184 2538 357 2592 Homo
401 2539 610 2609 quidam
651 2538 831 2592 habuit
870 2539 999 2593 duos
1048 2539 1196 2607 ﬁlios.
1255 2538 1424 2592 Homo
1473 2536 1594 2604 iste,
1630 2537 1774 2594 Deus

182 2635 526 2702 omnipotens
564 2631 719 2686 Pater
763 2631 1090 2701 intelligitur,
1120 2631 1206 2700 qui
1234 2631 1370 2685 duos
1399 2629 1583 2684 habuit
1613 2630 1773 2697 ﬁlios,

184 2726 313 2794 quia
344 2725 455 2793 ipse
489 2736 569 2778 est
598 2723 809 2795 genitor
837 2733 890 2777 et
919 2733 1128 2777 creator
1156 2723 1380 2777 tlttorum
1424 2722 1771 2792 populorum.

188 2816 256 2870 Et
289 2814 466 2885 major
495 2814 711 2869 Judazos
732 2814 992 2883 designat,
1023 2812 1114 2883 qui
1138 2813 1188 2866 in
1215 2811 1425 2867 cultura
1468 2814 1626 2867 unius
1675 2810 1775 2865 Dei

184 2917 632 2979 permanserunt;
667 2906 841 2963 minor
882 2922 1010 2962 vero
1053 2908 1321 2979 signiﬁcat
1379 2906 1604 2976 populos
1647 2920 1775 2975 gen-

188 3002 349 3067 tium,
377 3002 468 3071 qui
498 3001 687 3055 relicto
709 2998 982 3066 Creatore,
1007 3000 1233 3054 colendo
1253 3007 1579 3065 creaturam,
1607 2997 1776 3053 etiam

182 3094 249 3149 ad
279 3094 453 3164 ipsum
488 3094 577 3147 Dei
610 3094 883 3147 inimicum
916 3092 1190 3148 diabolum
1217 3091 1545 3145 adorandum
1589 3105 1775 3160 perve-

184 3155 400 3240 nerunt.
436 3182 503 3237 Et
529 3185 656 3237 dixit
685 3183 1056 3238 adolescentior
1083 3200 1145 3238 ea:
1173 3183 1279 3236 illis
1308 3183 1443 3252 patri
1481 3197 1503 3237 :
1532 3155 1614 3237 Da
1644 3183 1771 3237 mihi
1800 3155 1850 3221 ο

183 3278 473 3347 porticum
497 3275 795 3330 substantia:
824 3291 935 3343 qua:
961 3292 1039 3330 me
1068 3276 1337 3347 contingit.
1382 3273 1447 3328 Et
1474 3275 1642 3328 divisit
1666 3273 1773 3328 illis

187 3367 551 3421 substantiam.
582 3367 892 3422 Substantia
917 3382 1036 3438 qua:
1063 3366 1201 3421 inter
1235 3366 1431 3420 fratres
1456 3365 1628 3420 divisa
1668 3373 1769 3431 est,

187 3473 385 3515 sensus
410 3456 687 3513 rationalis
713 3458 911 3513 hetuini
942 3474 972 3512 a
998 3459 1106 3513 Deo
1128 3458 1415 3513 attributus
1433 3457 1769 3527 intelligitur.

188 3550 325 3606 Nam
379 3550 581 3617 vivere,
615 3551 935 3621 intelligere,
967 3552 1303 3616 meminisse,
1333 3552 1544 3623 ingenio
1595 3551 1776 3622 aliquo

186 3642 543 3713 prmminere,
590 3642 751 3697 divini
804 3644 1042 3698 muneris
1093 3644 1388 3698 substantia
1446 3653 1546 3699 est.
1605 3644 1773 3710 Quam

186 3734 549 3788 substantiam
581 3740 707 3788 tunc
730 3733 1127 3788 adolescentior
1149 3734 1288 3789 ﬁlius
1311 3749 1339 3787 a
1363 3743 1512 3801 patre
1531 3735 1773 3805 expetiit,

185 3847 315 3888 cum
338 3831 499 3885 homo
532 3830 585 3885 in
618 3847 712 3887 sua
743 3833 931 3887 volens
957 3846 1077 3886 esse
1107 3840 1398 3902 potestate,
1423 3846 1521 3901 per
1549 3831 1773 3886 liberum

184 3922 475 3978 arbitrium
514 3938 571 3978 sc
618 3938 823 3993 regere,
852 3936 1075 3978 conatus
1133 3933 1235 3991 est,
1263 3923 1443 3989 sicque
1496 3922 1774 3978 Dominum

189 4023 497 4068 creatorem
519 4029 672 4068 suum
700 4014 948 4083 quaesivit
977 4015 1241 4083 superbus
1282 4014 1536 4082 abjicere.
1588 4014 1777 4070 Divisit

188 4124 325 4181 ergo
346 4110 429 4165 eis
456 4111 809 4165 substantiam
846 4129 858 4163 :
889 4109 1008 4178 quia
1043 4109 1291 4165 fidelibus
1332 4126 1442 4164 suae
1492 4111 1779 4180 prOtectio-

195 4202 282 4256 nis
307 4201 558 4271 gratiam,
585 4217 742 4269 quam
770 4216 896 4256 vere
915 4199 1310 4265 desiderabant,
1337 4201 1618 4270 impartiit;
1650 4201 1773 4256 inﬁ-

190 4292 407 4349 delibus
458 4307 585 4348 vero
628 4292 884 4347 naturalis
930 4303 1131 4347 tantum
1184 4292 1379 4360 ingenii
1418 4292 1773 4364 beneﬁcium,

198 4386 341 4454 quod
368 4383 472 4439 sibi
502 4382 751 4439 sufﬁcere
780 4368 1066 4453 putabant,
1094 4384 1356 4438 attribuit.
1410 4383 1476 4436 Et
1515 4401 1618 4438 non
1662 4392 1777 4454 post

1880 1887 2039 1954 mitti,
2059 1897 2144 1943 est
2167 1888 2545 1958 cupiditatibus
2574 1890 2759 1945 mundi
2782 1890 2899 1961 subj
2910 1891 3075 1960 ugari.
3098 1888 3297 1946 Porcos
3325 1903 3456 1945 vero

1876 1994 2117 2049 pascere,
2146 1991 2232 2036 est
2268 1996 2328 2036 ea
2358 1983 2550 2052 quibus
2598 1984 2815 2054 maligni
2860 1984 3079 2053 spiritus
3121 1983 3456 2040 delectantur

1876 2072 2089 2139 cperari
2122 2089 2135 2124 :
2165 2074 2253 2142 qui
2280 2076 2471 2129 merito
2499 2074 2845 2145 designantur
2869 2092 2967 2147 per
2987 2076 3181 2133 animal
3212 2076 3460 2132 sordibus

1877 2173 1933 2218 et
1962 2178 2117 2219 emno
2137 2179 2350 2234 semper
2374 2167 2634 2236 gaudens.
2661 2167 2726 2221 Et
2746 2170 2977 2238 cupiebat
3000 2168 3214 2238 implere
3233 2176 3456 2223 ventrem

1882 2272 2032 2310 suum
2061 2257 2124 2310 de
2152 2258 2348 2326 siliquis
2374 2275 2501 2328 quas
2526 2260 2898 2314 manducabant
2929 2262 3092 2331 porci.
3122 2261 3327 2331 Siliqua
3370 2276 3456 2331 ge-

1877 2361 1979 2401 nus
2018 2356 2099 2402 est
2130 2348 2438 2419 leguminis,
2469 2350 2680 2405 follibus
2728 2351 3018 2406 maximum
3072 2362 3129 2407 et
3182 2366 3461 2417 sonorum,

1875 2441 1971 2495 sed
2015 2456 2305 2511 granorum
2358 2438 2628 2512 paucitate
2676 2444 2880 2511 sterile,
2928 2455 2981 2500 et
3033 2460 3169 2515 pene
3209 2459 3459 2500 vacuum.

1878 2532 2121 2604 Ideoque
2144 2551 2240 2604 per
2261 2535 2482 2605 siliquas
2505 2538 2848 2607 designantur
2869 2538 3128 2595 doctrina:
3148 2541 3459 2607 saeculares,

1875 2627 2045 2682 sterili
2076 2630 2344 2685 suavitate
2374 2641 2709 2697 resonantes,
2738 2634 2791 2687 in
2823 2634 3017 2702 quibus
3048 2636 3234 2689 laudes
3282 2633 3453 2689 idolo-

1876 2735 2018 2787 rum,
2045 2722 2095 2775 id
2124 2731 2224 2788 est,
2242 2724 2432 2778 fabulae
2456 2725 2764 2780 etcarmina
2795 2735 3072 2795 poetarum
3104 2736 3457 2797 concrepant,

1876 2810 2068 2879 quibus
2110 2812 2273 2880 porci,
2299 2812 2353 2866 id
2380 2825 2462 2867 est
2490 2814 2787 2881 tltemones,
2814 2815 3168 2871 delectantur.
3201 2816 3291 2871 llis
3332 2830 3457 2885 pro-

1877 2900 2034 2968 digus
2065 2901 2167 2957 iste
2192 2905 2425 2957 satttrari
2457 2906 2726 2974 cupiebat,
2753 2906 2875 2976 quia
2923 2906 3125 2977 aliquid
3181 2908 3456 2963 sordidum

1878 3004 1932 3048 et
1962 2996 2099 3063 quod
2130 2996 2197 3048 ad
2220 2996 2435 3051 beatam
2462 2999 2622 3052 vitam
2649 3001 2975 3069 pertineret,
3008 3001 3060 3053 itt
3089 2998 3283 3054 talibus
3309 2999 3463 3055 inve-

1882 3088 1995 3140 nire
2027 3088 2259 3153 volebat,
2294 3105 2390 3145 nec
2417 3100 2646 3160 poterat.
2707 3092 2821 3147 Hoc
2868 3104 2951 3149 est
2989 3093 3132 3148 enim
3160 3094 3300 3163 quod
3330 3095 3463 3150 sub-

1876 3179 2114 3251 jungitur
2145 3200 2156 3235 :
2189 3180 2257 3236 Et
2283 3200 2427 3237 nemo
2456 3184 2533 3237 illi
2560 3185 2734 3239 dabat.
2782 3183 2851 3240 In
2898 3201 2950 3238 se
2995 3194 3164 3239 autem
3204 3201 3459 3254 reversus,

1878 3274 2008 3325 dixit
2030 3288 2051 3328 :
2085 3275 2276 3338 Quanti
2306 3279 2604 3330 mercenarii
2626 3280 2679 3330 in
2701 3279 2851 3331 domo
2874 3281 3032 3348 patris
3063 3278 3163 3332 mei
3198 3278 3464 3332 abundant

1876 3366 2116 3437 panibus,
2133 3383 2224 3437 ego
2244 3379 2414 3423 autem
2442 3372 2523 3423 hic
2538 3375 2669 3439 [ante
2690 3388 2835 3441 pereo
2853 3371 2873 3424 .'
2896 3371 2951 3425 ltt
2975 3387 3052 3437 se,
3069 3372 3265 3442 inquit,
3285 3386 3466 3427 rever-

1877 3458 2279 3516 sus.Undeiste
2295 3476 2543 3517 reversus
2565 3461 2777 3518 fuerat?
2819 3466 2899 3520 Ab
2938 3465 3021 3519 his
3062 3465 3309 3521 nimirum
3340 3480 3462 3536 qua:

1880 3552 2006 3607 foris
2051 3569 2146 3621 per
2188 3554 2579 3610 oblectamenta
2623 3557 2780 3611 noxia
2825 3557 3052 3612 illiciunt
3098 3567 3150 3612 et
3183 3558 3465 3624 seducunt,

1878 3650 1941 3701 ad
1972 3650 2311 3704 conscientia:
2352 3651 2607 3705 interiora
2652 3654 2842 3706 mentis
2883 3651 3174 3706 intentione
3212 3651 3466 3706 redierat.

1881 3740 2069 3804 Quanti
2086 3746 2379 3798 mercenarii
2404 3746 2456 3797 in
2481 3748 2629 3798 domo
2651 3748 2810 3816 patris
2834 3748 2928 3799 mei
2950 3746 3463 3816 abundantpunibus,

1879 3852 1971 3905 ego
1992 3846 2158 3889 autem
2178 3837 2261 3888 Ιιίε
2282 3841 2416 3906 fame
2436 3838 2619 3907 pereo!
2652 3841 2794 3893 Licet
2814 3840 2955 3893 enim
2980 3851 3165 3908 gentes
3188 3839 3239 3892 itt
3268 3854 3457 3908 magna

1879 3930 1992 3982 veri
2010 3929 2327 3999 ignorantia,
2340 3938 2393 3984 et
2406 3944 2591 3986 errore
2606 3930 2777 3985 cultus
2797 3931 2889 3986 Dei
2908 3940 3266 3995 Versarentur,
3283 3941 3462 3987 tamen

1879 4024 2288 4093 praedicantibus
2312 4026 2565 4093 apostolis
2589 4037 2866 4095 coeperunt
2891 4028 3284 4097 quodammodo
3317 4027 3458 4083 resi-

1878 4118 2105 4188 piscere,
2122 4120 2271 4173 verbi
2287 4120 2567 4175 saturitate
2587 4136 2665 4189 pet
2680 4129 2830 4188 cepta
2860 4122 3123 4177 revocari.
3145 4123 3461 4178 Mercenarii

1879 4222 2056 4267 autem
2080 4222 2226 4279 sunt,
2241 4214 2329 4283 qui
2353 4214 2543 4268 intuitu
2563 4229 2808 4283 superm-
2833 4217 3093 4270 mercedis
3113 4226 3361 4287 satagunt
3382 4216 3464 4271 tli-

1876 4319 1979 4374 gna
2029 4307 2258 4375 operari.
2308 4305 2370 4360 Hi
2419 4308 2731 4361 mercenarii
2777 4309 2827 4360 in
2860 4309 3019 4363 domo
3046 4311 3212 4379 patris
3244 4310 3468 4378 panibus

1879 4397 2151 4451 abundant
2175 4414 2189 4452 :
2214 4399 2339 4467 quia
2362 4399 2493 4453 tales
2516 4401 2565 4452 in
2593 4400 2824 4455 Ecclesia
2852 4401 3139 4469 spiritualts
3167 4403 3351 4471 grati-.e
3382 4416 3470 4457 re-

191 4477 383 4530 multos
415 4476 522 4529 dies
555 4477 868 4546 congregatis
917 4475 1168 4540 omnibus,
1213 4475 1586 4531 adolescentior
1633 4477 1774 4545 ﬁlius

235 4568 461 4587 __.--.-__
590 4567 637 4587 ιη
952 4567 1273 4587 .--ηιμμηω
1342 4566 1491 4587 Α---)
1523 4582 1621 4587 μ---

1883 4489 2129 4546 ﬁciuntur
2159 4493 2443 4547 alimoniis.
2474 4498 2544 4549 At
2570 4508 2696 4548 vero
2723 4498 2808 4564 qui
2840 4506 2989 4550 extra
3018 4497 3159 4551 aedes
3186 4499 3341 4566 hujus
3369 4515 3461 4567 pa—

196 4568 462 4639 profectus
488 4576 560 4620 est
588 4567 639 4620 in
666 4569 925 4638 regionem
947 4567 1297 4637 longinquam.
1341 4566 1492 4632 Quod
1521 4582 1625 4621 non
1658 4577 1778 4636 post

194 4660 400 4715 multos
429 4658 546 4713 dies
585 4657 919 4729 congregatis
946 4656 1192 4712 omnibus
1216 4654 1487 4726 profectus
1514 4666 1613 4723 est,
1638 4658 1781 4713 desi-

191 4762 328 4821 gnat
369 4752 487 4819 quia
520 4765 622 4804 non
653 4752 818 4805 multo
863 4760 982 4819 post
1019 4748 1401 4804 institutionem
1450 4752 1662 4804 humani
1691 4766 1781 4820 ge-

187 4845 346 4898 neris
376 4844 548 4897 visum
574 4851 656 4897 est
684 4844 898 4907 animae,
932 4851 989 4895 ut
1013 4842 1147 4895 bona
1178 4858 1271 4895 sua
1298 4856 1391 4910 per
1421 4840 1651 4910 seipsam
1680 4856 1778 4909 gu-

195 4936 477 5001 bernaret,
508 4951 625 5004 quae
656 4945 832 4989 tamen
866 4950 959 5002 per
984 4949 1043 4989 se
1072 4936 1134 4988 atl
1166 4936 1300 4989 bona
1334 4949 1493 5003 opera
1538 4934 1781 4990 facienda

187 5028 413 5081 inﬁrma
443 5026 775 5097 etitnpOtens
797 5038 898 5089 est,
931 5026 1026 5079 nisi
1070 5026 1184 5094 ejus
1215 5026 1304 5095 qui
1341 5040 1457 5079 eam
1494 5025 1638 5081 dedit
1680 5023 1783 5080 ful-

189 5122 373 5178 ciatur
394 5119 608 5197 auxilio.
641 5120 707 5172 Et
733 5120 996 5188 dissipavit
1026 5120 1358 5173 substantiam
1385 5121 1782 5182 suam,vivendo

186 5213 479 5267 luxuriose.
543 5211 779 5266 Vivendo
833 5212 1104 5267 luxuriose
1148 5212 1319 5277 dicit,
1365 5213 1595 5266 amando
1644 5212 1781 5266 hanc

185 5306 363 5359 vitam
417 5304 709 5374 prodigam,
740 5319 858 5373 qua:
904 5305 1112 5375 pompis
1162 5304 1514 5359 exterioribus
1562 5305 1780 5374 spatiari

188 5395 420 5468 gaudet,
455 5396 595 5451 intus
643 5411 747 5450 non
806 5398 994 5450 metuit
1038 5395 1365 5451 inanescere.
1417 5398 1598 5469 Longe
1655 5415 1783 5454 vero

191 5485 474 5554 profectus
501 5496 603 5551 est,
634 5502 734 5541 non
766 5486 893 5552 loci,
922 5486 1012 5540 sed
1044 5487 1205 5542 animi
1232 5491 1547 5545 mutatioite.
1574 5494 1783 5558 Quanto

185 5579 348 5635 enim
397 5578 515 5649 quis
567 5579 793 5649 amplius
843 5579 1121 5650 delinquit,
1160 5591 1305 5636 tanto
1359 5584 1565 5652 longius
1611 5600 1639 5638 a
1688 5585 1781 5640 Dei

186 5670 500 5741 conditoris
552 5670 630 5726 sui
691 5671 854 5739 gratia
905 5674 1124 5727 recedit.
1178 5673 1242 5728 Et
1296 5685 1560 5747 postquam
1614 5685 1783 5731 omnia

187 5772 616 5829 consummasset,
651 5766 786 5832 facta
816 5772 887 5819 est
915 5765 1073 5834 {ames
1118 5766 1288 5821 valida
1328 5770 1379 5822 in
1422 5771 1625 5840 regione
1669 5771 1779 5825 illa.

495 5879 762 5939 Pnnon.
812 5879 998 5943 XCV.

1891 4583 1987 4636 tris
2018 4583 2245 4637 familias
2278 4586 2432 4653 positi
2462 4596 2617 4651 sunt,
2653 4587 2793 4641 fame
2822 4588 2967 4643 verbi
3005 4591 3093 4642 Dei
3128 4604 3381 4656 pereunt,
3413 4601 3468 4645 et

1888 4686 2127 4731 ventrem
2173 4677 2379 4747 siliquis
2428 4680 2650 4748 implere
2697 4684 2955 4750 cupiunt,
2992 4684 3137 4751 quia,
3188 4684 3464 4738 scientiam

1893 4771 2139 4822 veritatis
2170 4786 2272 4822 non
2309 4773 2588 4837 habentes,
2618 4774 2826 4827 beatam
2862 4784 3020 4828 vitam
3053 4778 3105 4829 in
3132 4778 3322 4830 studiis
3356 4776 3469 4829 ina-

1891 4863 1975 4916 nis
2008 4861 2357 4931 philosophiae
2390 4866 2690 4933 requirunt.
2726 4868 2877 4923 Sicttt
2906 4870 3046 4923 enim
3076 4872 3231 4933 panis
3259 4874 3347 4940 qui
3376 4887 3470 4926 cor

1889 4956 2120 5009 hominis
2166 4959 2482 5022 conﬁrmat,
2536 4960 2701 5014 verbo
2748 4961 2839 5014 Dei
2886 4963 3078 5017 merito
3109 4976 3469 5035 comparatur,

1892 5047 1962 5099 ita
1991 5048 2179 5116 siliqua
2208 5050 2348 5118 (qum
2377 5048 2507 5103 foris
2537 5051 2722 5114 nitida,
2758 5054 2897 5106 intus
2932 5069 3094 5108 vacua
3125 5066 3224 5113 est.
3258 5073 3356 5111 nec
3389 5073 3472 5113 re-

1895 5139 2002 5189 ﬁrit
2035 5148 2307 5206 ventrem,
2364 5144 2457 5195 sed
2507 5144 2716 5213 onerat)
2748 5146 2991 5198 saeculari
3042 5149 3277 5202 scientiae
3324 5165 3471 5203 com-

1892 5239 2128 5296 paratur,
2176 5246 2295 5299 quae
2338 5247 2589 5286 sermone
2636 5248 2834 5289 sonoro
2884 5236 3113 5292 utilitate
3157 5255 3318 5293 vacua
3366 5254 3465 5296 est.

1893 5318 2136 5388 Surgam,
2174 5323 2361 5389 inquit,
2394 5323 2513 5391 quia
2546 5325 2774 5392 pessime
2816 5342 2900 5381 me
2932 5327 3111 5397 jacere
3142 5334 3336 5387 sentio.
3372 5333 3468 5388 Ibo

1892 5413 1958 5464 ad
1987 5422 2183 5481 putrem
2213 5431 2414 5480 meum,
2463 5431 2491 5468 a
2533 5432 2637 5485 quo
2670 5419 2823 5487 longe
2853 5424 3071 5475 recessi.
3127 5424 3205 5477 Ad
3239 5436 3464 5492 patrem,

1894 5506 2081 5573 inquit,
2113 5507 2225 5569 ibo,
2256 5506 2376 5575 quia
2410 5509 2509 5562 sub
2559 5524 2836 5578 porcorum
2892 5514 3128 5579 principe
3178 5517 3467 5574 miserabili

1892 5606 2127 5666 egestate
2158 5597 2392 5656 tabesco.
2448 5600 2514 5654 Et
2561 5617 2718 5669 quam
2767 5603 2908 5669 pium
2962 5616 3015 5659 et
3064 5609 3464 5667 misericordem

1894 5702 2115 5747 noverat
2142 5704 2344 5761 patrem
2366 5736 2380 5761 ,
2413 5694 2502 5762 qui
2534 5710 2835 5765 quanquam
2866 5696 3132 5765 oﬁensus,
3164 5717 3467 5774 quanquam

1894 5789 2102 5845 mannis
2144 5787 2435 5845 sceleribus
2480 5789 2715 5846 irritatus
2788 5807 2892 5847 non
2938 5792 3255 5865 dedignatur
3300 5798 3469 5867 patris

2916 5903 2993 5965 1&0
