3972 6340
586 290 722 346 1359

1447 285 1644 342 PAULI
1681 282 1950 344 ιιιΔουΝι
1987 279 2138 338 OPP.

2274 279 2356 334 BS
2393 279 2456 340 ιι.
2495 309 2563 321 ——
2604 278 2960 338 ASCETICA.
3594 294 3686 350 ita.

586 404 768 460 audire
796 401 1150 475 pessulum!
1189 400 1362 465 Pater,
1397 400 1596 469 inquit,
1635 399 1836 467 νοεοαυὶ
1865 399 1916 450 in
1945 396 2151 458 cretam,
2181 395 2238 456 Α
2263 392 2424 458 lium;
2476 409 2664 452 seruus
2695 409 2924 466 namque
2949 405 3036 450 est
3057 437 3074 464 ,
3119 396 3208 465 qui
3248 406 3372 454 metu
3395 414 3608 468 prunarum
3629 424 3688 475 μ.

588 496 688 554 huc
713 503 814 560 est,
846 496 896 550 in
925 494 1128 562 angelis
1158 501 1212 548 et
1242 493 1294 548 in
1326 491 1524 546 sanctis
1552 490 1852 552 animabus,
1882 501 2002 557 qua:
2032 493 2157 540 sunt

587 589 750 660 pedes
787 587 897 646 Dei.
949 587 1155 650 Anima,
1188 584 1374 653 inquit,
1400 584 1554 654 justi,
1584 584 1726 656 sedes
1755 581 2038 649 sapientiai.
2095 579 2162 632 Et

590 681 845 746 Dominus
888 678 1054 736 dicit:
1101 676 1294 732 Caelum
1340 675 1465 730 milii
1513 676 1656 729 sedes
1700 683 1772 730 est
1816 672 1948 742 (lea.
1985 677 2154 738 Lm).

589 771 841 830 Addidit:
876 769 936 822 Et
981 785 1153 826 coram
1192 779 1262 833 te,
1314 768 1414 824 hoc
1460 777 1564 831 est,
1619 765 1674 820 in
1725 765 1839 833 ipso
1892 763 2159 822 interioris

585 862 927 936 conscumtiae
954 872 1185 928 secreto,
1207 859 1350 927 quod
1381 859 1474 914 Dei
1509 858 1677 914 solius
1705 856 1846 912 oculi
1880 866 2162 923 penetrare

589 966 828 1024 possunt.
860 951 1052 1022 Etjant
1079 969 1178 1008 non
1205 968 1314 1004 sum
1330 951 1514 1019 dignus
1545 949 1710 1004 vocari
1739 948 1877 1015 titius
1907 955 2046 1010 tuus,
2077 945 2159 1011 [ac

586 1063 665 1108 nte
693 1047 824 1100 sicut
853 1061 1010 1104 unum
1041 1060 1102 1096 ea:
1133 1041 1454 1106 mercenariis
1484 1040 1603 1094 tuis.
1665 1037 1899 1094 Meminit
1942 1050 2000 1092 se
2041 1047 2160 1088 esse

587 1136 756 1204 lilium.
781 1176 795 1196 ,
847 1145 902 1196 et
950 1134 1038 1202 pio
1083 1133 1274 1188 alit-ctu
1306 1143 1498 1198 cuncta
1525 1146 1646 1201 quae
1676 1131 1839 1197 patris
1867 1138 2016 1196 sunt,
2063 1140 2161 1178 sua

589 1243 695 1298 non
724 1241 842 1290 esse
872 1225 1110 1300 apibigit,
1144 1224 1236 1280 scd
1269 1224 1462 1292 prioris
1492 1221 1805 1290 ignorantize
1838 1233 2062 1282 litetnor,
2095 1215 2162 1270 atl

586 1323 700 1382 haec
745 1335 1077 1390 nequaquam
1128 1319 1364 1385 aspirare
1409 1315 1697 1386 prtesumit.
1751 1314 1980 1382 Ideoque
2023 1314 2162 1366 sicut

587 1412 970 1474 mercenarium
1005 1425 1064 1468 se
1099 1411 1216 1466 ﬁeri
1245 1411 1448 1476 poscit,
1485 1423 1580 1476 pro
1609 1405 1885 1468 mercede,
1929 1420 2033 1460 non
2069 1416 2162 1468 pro

589 1503 896 1560 haereditate
940 1503 1214 1558 servitutis
1246 1497 1608 1570 [serviturus],
1654 1503 1733 1567 {ac
1765 1515 1861 1554 me,
1897 1495 2161 1562 inquiens,

585 1597 710 1649 sicut
736 1611 894 1664 unum
916 1610 979 1650 ea:
1001 1592 1320 1648 mercenariis
1344 1592 1463 1654 tuis.
1505 1590 1697 1644 Verum
1727 1603 1793 1650 ne
1821 1587 1920 1646 hoc
1949 1587 2162 1654 quidem

587 1685 682 1740 nisi
731 1695 953 1754 paterna
1003 1683 1307 1754 dignatione
1359 1683 1649 1749 promereri
1701 1695 1860 1749 posse
1913 1688 2160 1738 testatur.

2266 484 2473 548 licitum,
2504 487 2583 540 vel
2630 487 2804 556 legum
2848 488 3234 546 mundanarum
3269 489 3520 556 lorm'tdine.
3552 511 3574 554 ι
3595 500 3694 554 riuis

2261 580 2524 644 abstinet;
2558 581 2918 648 mercenarius
2950 599 3077 639 vero
3104 591 3203 648 est,
3230 583 3310 652 qui
3331 599 3414 653 spe
3433 601 3485 642 ac
3503 589 3692 658 desiderio

2263 673 2414 743 regni
2435 675 2672 730 caelestis
2703 675 2839 732 bona
2869 675 3008 744 agit;
3058 675 3194 728 titius
3217 691 3328 734 vero
3361 688 3450 744 εει,
3474 682 3544 746 qui
3564 681 3695 742 siuti

2266 764 2386 820 boni
2428 774 2482 824 et
2511 766 2764 828 virtutum
2797 780 3002 830 amore,
3034 765 3392 834 delectabiliter
3416 768 3506 830 ilco
3529 787 3596 838 per
3613 772 3698 828 ulta.

2264 859 2469 916 ritatum
2505 858 2812 926 famulatur.
2863 859 3034 924 Quam
3067 875 3314 914 summam
3347 873 3394 916 et
3425 863 3702 929 patientiorem

2264 950 2502 1006 omnium
2529 951 2778 1008 virtutum
2812 951 3107 1018 Apostolus
3145 965 3512 1019 commemorat,
3548 956 3699 1008 dicens:

2269 1043 2421 1094 Nunc
2449 1051 2614 1094 autem
2645 1053 2811 1094 manet
2859 1042 3014 1109 ﬁdes,
3063 1059 3196 1111 spes,
3242 1043 3454 1116 charitos,
3497 1047 3572 1095 tria
3610 1047 3704 1096 huc'

2264 1138 2429 1205 major
2469 1145 2634 1186 autem
2674 1137 2858 1190 borum
2895 1145 2978 1189 est
3017 1134 3240 1190 charitas
3265 1136 3308 1204 (ι
3338 1135 3439 1192 Cor.
3468 1139 3576 1205 stu).
3617 1137 3705 1206 Ergo

2267 1227 2520 1294 prodigus
2567 1226 2670 1286 iste
2720 1228 2890 1294 primo
2930 1227 3296 1295 quasiservus
3338 1228 3398 1282 ad
3435 1245 3488 1296 se
3523 1243 3708 1295 reversus,
3771 1299 3775 1308 ‘

2265 1320 2400 1376 tile
2430 1320 2584 1378 lamis
2624 1320 2788 1388 etrapit
2830 1320 3090 1388 supplicia
3133 1319 3414 1374 formidare.
3461 1321 3554 1376 llos
3579 1323 3710 1376 reverti

2270 1410 2454 1465 volens
2481 1410 2547 1464 ad
2576 1420 2784 1480 patrem
2807 1449 2823 1477 ,
2875 1411 2942 1466 de
2986 1421 3126 1466 statu
3157 1410 3448 1466 mercenarii
3472 1410 3714 1479 θωπικαὶςὶ-

2271 1511 2400 1556 tare.
2437 1501 2728 1570 Postquam
2751 1517 2881 1560 vero
2911 1516 3198 1558 OCCurt'ens
3225 1513 3359 1569 pater
3383 1502 3646 1570 amplexatus
3663 1511 3715 1556 est

2267 1607 2392 1650 eum
2441 1602 2495 1650 et
2523 1592 2828 1658 osculatus,
2873 1593 3068 1652 oblitus
3095 1602 3284 1660 statum
3313 1595 3436 1647 servi
3455 1631 3470 1657 ,
3512 1592 3656 1646 oblitus
3683 1602 3717 1646 et

2269 1685 2570 1744 mercedem
2601 1687 2941 1754 mercenarii,
2972 1689 3084 1742 sola
3113 1688 3218 1754 jam
3247 1687 3310 1742 de
3338 1686 3595 1744 litereditate
3615 1688 3720 1752 cepit

585 1752 921 1854 Quapropter
972 1752 1179 1844 taceant
1233 1777 1536 1844 Pelagiani,
1591 1774 1680 1844 qui
1733 1789 1826 1828 ore
1879 1772 2166 1828 temerario
2196 1752 2538 1833 Qsollicitus
2567 1793 2688 1834 esse
2709 1779 2852 1834 lilius
2876 1752 3059 1846 patris.
3105 1752 3244 1834 Dixit
3271 1787 3426 1832 autem
3449 1781 3719 1847 peieratur-

586 1873 827 1940 garriunt
875 1871 1142 1926 hominem
1197 1885 1290 1924 sua
1343 1871 1538 1924 virtute
1583 1868 1698 1924 sine
1747 1867 1840 1922 D-i
1901 1866 2168 1935 adjutorio

589 1980 744 2033 posse
775 1963 1001 2030 salvari,
1045 1978 1166 2020 cum
1211 1963 1548 2032 apertissime
1585 1962 1728 2016 dicat
1759 1960 1969 2026 Veritas
1998 1978 2011 2013 :
2043 1959 2170 2016 Sine

589 2079 667 2115 me
695 2062 823 2120 nillil
853 2064 1056 2128 potestis
1087 2066 1252 2131 facere
1281 2063 1460 2132 (datm.
1504 2061 1616 2127 xv).
1662 2057 1730 2112 Et
1763 2075 2003 2128 surgens,
2035 2056 2170 2110 venit

587 2156 655 2210 ad
691 2167 886 2222 patrem
913 2171 1082 2212 suum.
1119 2155 1194 2209 Ad
1227 2164 1426 2222 patrem
1465 2156 1675 2218 venire,
1709 2163 1790 2206 est
1819 2154 1886 2206 ad
1919 2152 2172 2207 Ecclesiae

589 2248 900 2304 societatem
931 2262 1023 2314 per
1053 2247 1212 2300 ﬁdem
1246 2246 1526 2308 accedere,
1573 2245 1660 2299 ubi
1704 2253 1786 2298 est
1831 2243 2064 2310 legitima
2115 2251 2172 2297 et

592 2341 864 2398 fructuosa
897 2350 1236 2407 peccatorum
1280 2339 1568 2394 conlessio.
1620 2335 1748 2392 Cum
1790 2341 1961 2390 autem
2002 2335 2172 2388 adhuc

591 2433 740 2501 longe
764 2442 911 2496 esset,
941 2431 1044 2486 hoc
1071 2440 1175 2497 est,
1200 2447 1320 2486 cum
1353 2431 1592 2486 nondum
1620 2429 1792 2484 adhuc
1819 2428 1982 2483 Deum
2015 2427 2174 2482 intel-

594 2523 812 2592 ligeret,
843 2522 935 2578 sed
965 2523 1069 2592 jam
1102 2524 1184 2592 pia
1218 2525 1500 2578 devotione
1530 2532 1829 2592 qtucrerct,
1865 2523 1992 2576 vidit
2025 2523 2172 2576 illum

593 2627 760 2683 pater,
813 2615 910 2676 hoc
939 2625 1060 2680 est,
1110 2619 1356 2674 misertus
1387 2626 1470 2672 est
1501 2616 1660 2670 illius.
1719 2616 1910 2682 Videre
1940 2629 2174 2684 namque

594 2707 729 2774 Dei,
781 2709 1016 2766 misereri
1056 2721 1138 2766 est
1162 2751 1176 2774 ,
1228 2711 1367 2765 sicut
1391 2720 1440 2766 et
1475 2710 1540 2766 de
1567 2710 1726 2764 Petro
1751 2711 2008 2775 scriptum
2045 2718 2168 2764 cst:

599 2799 832 2869 Respexit
857 2801 1103 2856 Dominus
1133 2801 1338 2856 Petrum
1361 2802 1510 2870 (Luc.
1543 2803 1695 2868 Mill).
1727 2801 1791 2856 Et
1817 2801 2170 2864 misericordia

595 2901 764 2948 motus
792 2902 862 2948 est
880 2908 899 2956 ;
943 2900 992 2948 et
1029 2907 1324 2956 occurrens,
1357 2895 1534 2947 cecidit
1564 2909 1714 2959 super
1742 2891 1928 2946 collum
1958 2893 2092 2962 ejus,
2126 2901 2176 2944 et

595 2981 854 3046 osculatus
886 2992 957 3044 est
1000 2999 1134 3036 eum.
1193 2984 1499 3040 licvcrtenti
1548 2984 1656 3039 lilio
1707 2993 1854 3051 pater
1897 2984 2172 3050 occurrit,

595 3077 718 3143 quia
753 3075 889 3146 Deus
917 3089 1125 3142 semper
1155 3075 1250 3127 luit
1282 3090 1398 3134 cum
1433 3076 1706 3145 unigenito
1735 3075 1889 3131 Filio.
1947 3076 2014 3128 Et
2047 3077 2172 3129 licet

595 3164 744 3236 solus
774 3165 939 3220 Filius
986 3180 1080 3233 pro
1124 3176 1305 3228 nostra
1350 3168 1521 3222 salute
1549 3181 1766 3222 carnem
1798 3169 2170 3236 assumpserit,

597 3268 777 3320 tamen
810 3257 862 3312 in
892 3273 956 3318 eo
991 3256 1128 3314 Deus
1161 3257 1315 3312 Pater
1343 3273 1556 3326 semper
1588 3260 1811 3322 mansit,
1857 3270 1914 3314 et
1950 3275 2072 3316 cum
2111 3273 2178 3314 eo

599 3350 666 3404 ad
713 3349 848 3406 hanc
893 3359 1130 3420 nostram
1179 3351 1662 3420 peregrinationem
1694 3353 1994 3408 descendit.
2029 3355 2175 3420 Apo-

598 3440 768 3495 stolus
797 3427 936 3496 enim
969 3441 1097 3496 dicit
1122 3458 1134 3496 :
1181 3441 1316 3496 Deus
1344 3453 1454 3500 erat
1484 3444 1536 3496 in
1567 3443 1791 3512 Christo,
1822 3444 2066 3501 uirtutium
2093 3461 2178 3498 re-

596 3536 871 3592 concilians
916 3535 1009 3588 sibi
1042 3534 1123 3606 tl!
1160 3535 1280 3590 Cor.
1309 3539 1386 3605 γ).
1450 3537 1581 3592 llinc
1627 3537 1741 3605 ipse
1785 3539 2030 3596 Salvator
2059 3539 2174 3592 ait:

599 3629 700 3694 Qui
730 3645 807 3694 me;
832 3627 988 3694 misit,
1019 3644 1213 3686 uterum
1241 3638 1334 3694 est,
1379 3639 1426 3684 et
1466 3645 1568 3690 non
1604 3630 1871 3698 dereliquit
1901 3647 1982 3686 me
2013 3635 2178 3686 solum

594 3719 775 3794 (Ioan.
811 3724 947 3792 rm).
988 3724 1046 3786 Et
1080 3723 1204 3777 alibi
1237 3741 1247 3774 :
1283 3722 1436 3802 Pater
1467 3724 1516 3776 in
1549 3740 1625 3778 me
1654 3739 1886 3788 manens,
1917 3726 2025 3792 ipse
2057 3726 2180 3794 facit

596 3831 752 3884 opera
784 3813 960 3886 (Joan.
995 3817 1128 3884 xu).
1183 3815 1252 3868 Et
1295 3818 1494 3881 cecidit,
1547 3819 1734 3892 inquit,
1791 3835 1943 3889 super
1990 3821 2180 3874 collum

595 3909 728 3980 ejus,
763 3919 810 3978 et
836 3911 1097 3978 psculntus
1129 3921 1200 3964 6st
1232 3927 1369 3966 cum.
1408 3908 1582 3979 Super
1613 3913 1804 3968 collum
1841 3912 1932 3966 ti;ii
1964 3912 2176 3979 cadere,

601 4013 680 4074 est
712 4005 762 4068 in
795 4004 1074 4070 amplexus
1102 4002 1220 4071 ejus
1254 4003 1528 4058 brachium
1562 4005 1837 4058 inclinare.
1884 4004 2026 4066 Deus
2053 4020 2180 4072 ergo

595 4094 754 4150 Pater
786 4112 941 4164 super
974 4098 1248 4152 redeuntis
1281 4096 1401 4150 Filii
1431 4097 1628 4154 collum
1658 4100 1868 4164 Cecidit,
1903 4099 2024 4167 quia
2055 4099 2180 4154 bra-

593 4192 771 4250 chium
803 4206 990 4256 suum,
1035 4192 1137 4246 hoc
1170 4201 1284 4258 est,
1320 4194 1540 4248 verbum
1571 4210 1724 4248 suum
1753 4196 1817 4254 ad
1854 4195 1966 4250 haec
1996 4195 2180 4251 mundi

594 4281 777 4336 intima
829 4284 1090 4338 immensa
1147 4284 1510 4340 misericordia
1560 4284 1715 4339 ludit.
1769 4285 2051 4340 Osculatus
2100 4295 2182 4342 est

595 4359 739 4448 enim
764 4389 903 4438 eum,
928 4373 1180 4428 vidulidet
1200 4374 1264 4427 ad
1289 4389 1438 4442 spem
1465 4377 1632 4430 venite
1657 4386 1997 4444 peccatorum
2019 4378 2181 4432 uerbo

2204 3124 2252 3190 Ε

2272 1888 2360 1928 vos
2387 1887 2506 1926 suos
2529 1889 2547 1925 :
2569 1870 2685 1926 Cito
2713 1872 2935 1942 proferte
2955 1872 3142 1926 stolam
3171 1871 3391 1938 primam,
3415 1882 3456 1926 et
3473 1865 3625 1923 induite
3638 1885 3722 1923 eam.

2273 1961 2424 2024 Stola
2457 1964 2626 2030 prima
2673 1963 2825 2018 beata
2855 1962 3018 2017 vestis
3047 1970 3130 2018 est
3162 1958 3473 2024 innocentia),
3501 1973 3623 2027 quam
3649 1973 3723 2026 pro-

2275 2055 2538 2124 toplastus
2562 2054 2755 2114 Adam.
2789 2053 2927 2110 bene
2955 2069 2984 2110 a
3019 2053 3130 2108 Deo
3161 2052 3395 2108 conditus
3422 2050 3607 2117 accepit,
3630 2049 3728 2104 sed:

2275 2150 2490 2208 diabolo
2519 2151 2660 2204 male
2692 2150 2950 2219 deceptus
2984 2149 3182 2204 amisit.
3235 2148 3378 2204 Unde
3402 2156 3452 2202 et
3475 2157 3569 2216 post
3592 2146 3726 2213 culpam

2275 2242 2758 2312 praet'aricalionis,
2792 2244 2946 2312 primi
2979 2243 3228 2298 homines
3254 2249 3574 2310 cognoverunt
3595 2253 3638 2292 se
3657 2250 3731 2290 esse

2277 2338 2494 2403 nudos,
2549 2347 2625 2403 et,
2685 2336 2884 2390 amissa
2937 2335 3344 2392 immortalitatis
3387 2334 3547 2403 gloria,
3591 2329 3730 2398 pellium

2281 2431 2586 2486 mortalium
2644 2439 2971 2498 acceperunt
3018 2429 3404 2483 indumentum.
3454 2423 3580 2480 Serti
3612 2421 3733 2490 quibus

2279 2525 2382 2580 hoc
2413 2525 2736 2593 prmcipitur,
2770 2533 2893 2576 sunt
2921 2523 3092 2578 sancti
3128 2521 3503 2592 praedicatores,
3525 2518 3596 2586 qui
3619 2521 3734 2581 protu-

2279 2617 2516 2671 tulerunt
2543 2617 2766 2685 primam
2791 2614 3006 2678 stolam,
3030 2614 3247 2684 quando
3274 2612 3492 2667 homines
3513 2610 3598 2663 Deo
3618 2619 3737 2664 recon-

2277 2712 2486 2766 ciliatos
2525 2709 2885 2780 praedicabant
2923 2723 3043 2763 esse
3081 2717 3228 2762 tanta
3265 2708 3422 2778 gratia
3449 2697 3736 2759 sublimandos,

2283 2812 2340 2856 ut
2369 2817 2476 2856 non
2507 2803 2680 2856 solum
2712 2803 2854 2854 cives
2886 2801 3200 2868 angelorum
3227 2843 3238 2860 ,
3287 2798 3376 2852 sed
3415 2798 3551 2850 etiam
3577 2789 3739 2848 heredes

2279 2890 2414 2957 Dei,
2461 2901 2514 2946 et
2549 2891 2858 2946 cohanedes
2885 2888 3319 2948 lierenttlhristi.
3373 2877 3739 2940 Etdateauaslll

2278 2983 2330 3036 in
2364 2999 2548 3038 manus
2575 2987 2713 3053 ejus.
2747 2983 2958 3036 Annulo
2987 2983 3128 3036 solet
3160 2997 3246 3036 rus
3275 2989 3466 3034 secreta
3492 2973 3660 3044 sign-ri.
3681 2968 3742 3022 Pet

2282 3075 2538 3130 annulum
2586 3090 2713 3142 ergo
2762 3075 3095 3144 signaculum
3133 3073 3258 3128 lidei
3286 3071 3517 3126 debemus
3555 3064 3739 3132 accipere.
3829 3107 3832 3116 .

2282 3183 2388 3236 quo
2419 3179 2608 3223 cuncta
2653 3168 2746 3222 Dei
2779 3168 3074 3235 promissa,
3109 3167 3163 3221 in
3195 3164 3420 3220 ﬁdelium
3449 3160 3647 3218 cordibus
3665 3168 3744 3209 con-

2283 3265 2585 3318 ﬁrmantur.
2620 3263 2836 3318 Annulo
2863 3262 3023 3316 etiam
3059 3277 3261 3330 sponsa
3291 3257 3498 3327 nuptiali
3525 3252 3604 3307 ﬁde
3624 3249 3741 3317 ρίευοο

2281 3368 2428 3410 ratur
2477 3375 2490 3408 :
2561 3356 2764 3410 idcirco
2831 3371 2925 3424 per
2983 3357 3246 3410 annulum
3302 3350 3579 3418 intelligitur
3621 3343 3743 3411 HW

2282 3448 2586 3517 nuptiarum
2615 3449 2812 3502 Christi
2854 3457 2909 3502 et
2950 3450 3231 3502 Ecclesia.
3279 3442 3528 3500 Annulum
3550 3442 3735 3504 οιιοβω·

2280 3542 2436 3610 digus
2465 3543 2606 3596 lilius
2633 3543 2872 3611 accepit,
2917 3557 3040 3595 cum
3086 3557 3186 3610 per
3217 3540 3373 3596 ﬁdem
3405 3535 3604 3592 Christus
3618 3525 3744 3581 Eccle-

2281 3635 2416 3688 siam
2457 3650 2521 3688 ex
2565 3635 2817 3704 gentibus
2855 3633 2956 3688 sibi
2994 3634 3304 3689 associavit.
3357 3631 3418 3685 Et
3448 3629 3562 3682 bene
3583 3623 3621 3676 in
3642 3626 3744 3670 IIII!!!

2281 3729 2438 3782 datur
2481 3731 2715 3782 annulus
2740 3769 2753 3792 ,
2803 3738 2860 3783 ut
2901 3743 3062 3796 opera
3119 3730 3281 3784 fidem
3329 3730 3574 3785 astruant,
3607 3724 3648 3769 et
3679 3710 3746 3775 ipsa

2287 3837 2446 3891 opera
2477 3821 2884 3876 conﬁrmentur.
2928 3821 3131 3876 Dantur
3165 3833 3213 3876 et
3244 3822 3558 3875 calceomenta
3581 3810 3621 3863 in
3641 3803 3745 3874 Ἀίδα·

2283 3911 2385 3967 Ρει·
2436 3913 2833 3980 calceamenta,
2887 3912 3122 3966 oflicium
3165 3905 3549 3981 erarrgelizandi
3579 3902 3746 3968 signal“?-

2283 4003 2554 4071 Scriptum
2603 4013 2686 4058 est
2735 4004 2916 4057 enim:
2952 4006 3120 4068 Quam
3160 4003 3372 4075 speciosi
3415 4000 3548 4057 aedes
3586 3982 3749 4056 muli

2281 4099 2510 4150 sontium
2566 4114 2742 4166 pacem
2768 4139 2782 4163 ,
2824 4099 3225 4167 prtrdicantium
3263 4101 3392 4152 bona
3439 4093 3592 4163 (Reus.
3617 4085 3682 4154 s)‘.
3713 4075 3752 4133 υι

2282 4193 2609 4260 Apostolus:
2644 4191 2891 4258 Calceati,
2929 4193 3131 4258 inquit,
3171 4194 3326 4263 pedes
3363 4192 3412 4244 in
3441 4179 3750 4256 preparation!

2282 4284 2530 4354 evangelii
2559 4283 2776 4353 (Ep/tes.
2810 4283 2904 4351 Vl).
2967 4285 3107 4353 Ergo
3151 4287 3262 4338 lilio
3310 4283 3374 4337 ad
3423 4281 3567 4349 patris
3591 4275 3752 4344 pietatem

2283 4390 2518 4439 reversi),
2551 4391 2743 4429 manus
2775 4386 2829 4429 et
2862 4379 3024 4442 pedes
3051 4386 3341 4431 ornantur.
3393 4372 3560 4426 Manus
3596 4361 3749 4435 quidem»

595 4464 779 4532 gratiae
803 4464 1030 4529 reduxit,
1054 4480 1171 4526 cum
1206 4481 1295 4533 per
1319 4464 1510 4520 Filium
1541 4467 1744 4522 diceret
1769 4487 1779 4520 :
1815 4468 2174 4524 Ptznilentinnt
2199 4497 2258 4566 Η
2282 4480 2340 4524 ιιι
2366 4470 2562 4538 quique
2591 4468 2774 4521 lideles
2804 4478 2952 4522 recte
2983 4467 3271 4535 vivaruus;
3315 4466 3470 4538 pedes
3493 4477 3614 4524 rem,
3641 4451 3755 4520 υιΡῗίε

592 4555 748 4626 agite,
769 4557 1192 4624 appropinquabit
1209 4559 1340 4610 enim
1363 4575 1570 4628 regnum
1587 4559 1823 4614 caelorum
1839 4560 2054 4630 (Matth.
2074 4562 2174 4630 tv).

595 4646 834 4715 Dixitque
861 4648 999 4714 ﬁlius
1025 4647 1089 4700 ad
1121 4658 1360 4730 patrem:
1395 4649 1571 4716 Pater,
1623 4655 1821 4720 peccari
1869 4656 1920 4706 in
1965 4656 2170 4722 caelum,

592 4752 638 4794 ct
678 4756 852 4794 coram
900 4750 967 4806 te,
1005 4744 1120 4812 jam
1160 4759 1258 4797 non
1300 4760 1413 4796 sum
1446 4745 1631 4814 dignus
1671 4749 1838 4800 vocari
1870 4747 2006 4813 [ilius
2034 4758 2172 4802 tuus.

593 4833 878 4906 Postquam
909 4834 972 4908 ad
1005 4843 1204 4902 patrem
1240 4851 1488 4890 reversus
1518 4846 1619 4900 est,
1647 4839 1748 4892 hoc
1775 4847 1876 4900 est,
1907 4838 1960 4892 in
1991 4839 2174 4894 Eccle-

591 4923 669 4976 sia
697 4922 806 4994 jam
843 4924 1079 4994 positus,
1130 4926 1312 4998 incipit.
1353 4936 1565 4994 peccata
1599 4927 1841 4981 conﬁteri
1868 4968 1882 4992 ,
1930 4930 2024 4984 sed
2069 4945 2174 4984 non

592 5013 722 5067 dicit
766 5003 938 5098 orntus
997 5031 1118 5086 quae
1193 5033 1251 5088 se
1300 5018 1566 5092 dicturum
1617 5035 1776 5088 supra
1831 5021 2172 5089 promiserat.

591 5106 732 5161 Dixit
759 5110 899 5162 enim
936 5125 948 5160 :
983 5108 1101 5162 lam
1143 5127 1246 5164 non
1290 5127 1402 5162 sum
1442 5112 1628 5182 dignus
1659 5114 1824 5165 vocari
1854 5114 1999 5181 ﬁlius
2031 5126 2172 5184 tuus,

590 5202 682 5253 sed
718 5218 820 5253 non
852 5202 1057 5254 addidit
1099 5219 1216 5274 qut-
1261 5205 1509 5270 superius
1553 5219 1610 5258 se
1641 5204 1904 5270 dicturum
1941 5210 2171 5262 medita—

586 5292 762 5354 batur,
799 5281 844 5341 Ρ
847 5307 908 5342 ac
937 5308 1013 5342 me
1042 5294 1168 5344 sicut
1204 5309 1361 5345 unum
1406 5309 1469 5348 ea;
1509 5297 1835 5348 mercenariis
1869 5300 1988 5352 tuis.
2025 5285 2168 5356 'Cum

587 5387 729 5438 enim
762 5383 940 5438 adhuc
969 5384 1123 5454 longe
1151 5398 1316 5452 esset,
1349 5399 1398 5440 et
1435 5397 1634 5453 patrem
1666 5404 1769 5442 non
1803 5389 2048 5457 haberet,
2082 5408 2175 5446 cu—

587 5477 768 5544 piebat
816 5487 870 5528 ut
923 5479 1286 5531 mercenarius
1338 5488 1498 5533 esset.
1557 5480 1622 5534 At
1675 5491 1958 5550 p05tquam
2009 5487 2174 5552 patris

587 5567 773 5619 Osculo
805 5569 1001 5620 meruit
1051 5567 1302 5623 honorari
1349 5573 1806 5640 generosissime,
1857 5573 1967 5643 jam
2018 5575 2172 5632 dedi-

585 5673 776 5729 gnatur
810 5663 1179 5718 mercenarius
1206 5678 1350 5718 esse.
1406 5664 1622 5719 Multam
1668 5681 1898 5735 namque
1927 5667 2176 5738 intelligit

592 5756 890 5836 distantiattl
938 5771 1056 5810 esse
1102 5758 1238 5812 inter
1280 5771 1514 5827 servum,
1551 5761 1968 5829 mercenarium,
2007 5771 2065 5819 et
2106 5764 2172 5820 li-

2282 4574 2590 4618 sanctorum
2623 4560 2806 4615 moniti
2837 4561 3096 4628 exemplis
3116 4601 3132 4628 ,
3173 4562 3241 4614 ad
3283 4570 3475 4614 aeterna
3510 4550 3657 4624 gaudia
3677 4555 3752 4612 βω·

2283 4669 2550 4726 peremus.
2593 4651 2662 4705 Et
2689 4651 2928 4706 adducite
2955 4652 3170 4705 uitulum
3199 4654 3504 4722 saginatam,
3533 4655 3572 4698 et
3601 4635 3756 4726 occidite.

2287 4724 2494 4800 titulus
2530 4747 2824 4814 saginatus,
2869 4744 2986 4811 ipse
3024 4755 3107 4798 est
3138 4744 3313 4798 Filius
3346 4742 3458 4804 Dei,
3491 4724 3756 4792 Dominuele‘

2281 4856 2374 4894 sus
2421 4839 2684 4893 Christus.
2748 4839 2848 4904 Qui
2901 4839 3036 4893 bene
3084 4838 3286 4892 vitulus
3335 4836 3586 4905 saginatus
3620 4825 3756 4914 dicitur.

2281 4932 2400 5002 quia
2433 4946 2558 4984 caro
2591 4931 2706 4997 ejus
2737 4929 3002 4999 Spirituali
3049 4928 3377 4998 pinguedine
3404 4935 3456 4980 et
3475 4924 3638 4977 virtute
3657 4905 3756 5002 fertili

2282 5023 2482 5094 optima
2515 5034 2619 5089 est,
2665 5024 2800 5075 adeo
2834 5032 2892 5078 ut
2940 5020 3053 5075 sola
3095 5020 3374 5075 sull‘ecerit
3403 5017 3464 5070 ad
3495 4995 3758 5094 inhospitali!

2291 5115 2524 5170 tollenda
2557 5122 2798 5182 peccata.
2841 5111 3122 5166 Adducere
3153 5122 3336 5166 autem
3366 5109 3565 5162 vitulum
3593 5094 3758 5167 prmi"

2280 5217 2338 5264 et
2373 5208 2651 5269 Occidere,
2702 5213 2927 5258 mortem
2968 5202 3083 5273 ejus
3123 5219 3223 5271 per
3254 5200 3516 5269 apestolos
3549 5186 3760 5261 signiﬁcsli

2281 5300 2580 5370 prmdicari.
2623 5297 2786 5364 Quasi
2817 5295 2958 5351 enim
2991 5311 3183 5352 recens
3215 5294 3415 5348 vitulus
3453 5293 3540 5344 istc
3562 5278 3756 5370 occiditur.

2283 5410 2404 5446 cum
2435 5394 2501 5446 ah
2531 5407 2854 5460 unoquoque
2886 5391 3092 5444 occisus
3120 5389 3388 5444 creditur.
3438 5385 3569 5438 Tunc
3599 5365 3760 5430 cum}

2281 5496 2404 5551 tur,
2429 5500 2548 5539 cum
2591 5493 2988 5537 sacramentum
3021 5483 3293 5551 passionis
3324 5481 3434 5548 ejus
3463 5481 3588 5529 casto
3611 5466 3760 5526 carpo”

2280 5587 2336 5632 et
2363 5577 2556 5630 munda
2589 5585 2766 5630 mente
2799 5576 3108 5645 percipitur.
3162 5572 3234 5627 Bt
3273 5570 3608 5626 manducemus

2279 5674 2464 5736 temur,
2506 5671 2625 5739 Quia
2654 5671 2737 5723 hic
2766 5670 2905 5738 ﬁlius
2936 5685 3075 5723 mens
3101 5678 3342 5720 mortuus
3371 5671 3498 5724 σοι,
3537 5665 3576 5712 θ’
3606 5649 3758 5746 mifﬂi

2277 5747 2518 5840 perierat,
2557 5778 2602 5818 et
2642 5767 2874 5818 iuuentus
2903 5773 2994 5818 est.
3051 5761 3372 5818 Intuendum
3401 5753 3532 5829 quod
3565 5738 3759 5821 pluraliter
