3972 6340
577 253 724 317 ίῖϐδ

578 368 817 427 utiliter:
860 367 1186 436 omniaquae
1216 368 1386 424 Patris
1418 381 1576 438 sunt,
1628 373 1789 427 habet
1835 374 1880 427 is
1922 372 2013 439 qui
2059 387 2154 440 per

578 471 822 518 naturam
861 470 944 517 est
984 461 1148 519 Filius
1190 463 1317 529 Dei,
1361 465 1702 534 principalius
1731 482 1890 536 quam
1934 468 1987 521 hi
2016 481 2151 536 quos

572 554 743 629 gratia
775 553 903 611 fecit
934 554 1069 609 lilios
1101 556 1216 611 Dei.
1254 555 1398 611 Illius
1425 559 1566 612 enim
1603 568 1729 613 sunt
1765 560 1945 614 omnia
1979 560 2155 616 Patris

575 663 671 717 per
698 655 962 713 naturam,
997 646 1224 701 istorum
1255 663 1352 717 per
1379 648 1629 703 donatam
1662 650 1754 705 Dei
1784 651 2152 707 clementiam.

573 739 670 794 Ille
709 738 847 793 sicut
891 738 1082 793 unicus
1123 739 1304 792 omnia
1346 738 1505 793 habet
1544 749 1835 809 potestate,
1886 742 1972 798 isti
2018 744 2155 798 sicut

574 814 810 902 adoptati
841 846 1095 887 concessa
1126 832 1378 888 divinitus
1409 833 1623 901 pietate.
1659 835 1750 890 Ille
1784 836 1943 892 habet
1971 838 2151 895 omnia

573 940 670 995 per
697 925 747 980 id
780 924 921 994 quod
949 924 1015 979 de
1045 924 1153 979 Deo
1181 925 1319 981 Deus
1345 926 1486 981 Patri
1508 928 1727 996 aequalis
1756 938 1912 984 natus
1939 938 2042 995 est,
2066 930 2152 984 isti

573 1033 667 1089 per
701 1018 800 1074 hoc
829 1018 973 1089 quod
1001 1034 1067 1075 ex
1101 1019 1209 1074 Deo
1240 1021 1411 1074 renati
1440 1028 1582 1077 sunt.
1615 1022 1757 1078 Sane
1784 1038 1906 1077 cum
1935 1022 2149 1091 dicitur,

569 1111 760 1166 Omnia
795 1127 911 1167 mea
946 1119 1031 1165 tua
1062 1120 1214 1177 sunt,
1247 1128 1351 1167 non
1383 1114 1461 1168 sic
1488 1114 1852 1184 accipiendum
1886 1124 1970 1170 est
1997 1116 2151 1183 quasi

526 1217 531 1263 ξ
572 1217 676 1256 non
708 1202 813 1256 sint
843 1211 897 1257 et
923 1216 1039 1256 sua.
1073 1202 1204 1257 Nam
1237 1204 1289 1257 in
1321 1212 1531 1259 terrena
1564 1205 1875 1261 hasreditate
1906 1206 2151 1275 quaedam

572 1300 699 1346 sunt
717 1293 1115 1360 angustiae,nec
1143 1304 1314 1361 potest
1340 1294 1512 1366 major
1536 1295 1699 1351 frater
1725 1297 1923 1353 habere
1946 1301 2148 1367 omnia,

571 1382 618 1439 si
645 1386 822 1438 minor
847 1386 1009 1440 etiam
1043 1394 1246 1455 partem
1279 1387 1544 1443 habuerit.
1575 1389 1679 1445 Sed
1707 1390 1761 1444 in
1789 1391 2151 1460 spiritualium

576 1486 631 1533 et
661 1477 957 1531 caelestium
990 1477 1253 1532 bonorum
1291 1480 1619 1547 haareditate,
1655 1482 1733 1537 sic
1758 1497 1788 1536 a
1820 1482 2069 1551 perfectis
2098 1491 2154 1538 et

574 1568 968 1624 immortalibus
1001 1569 1122 1625 filiis
1162 1572 1340 1625 omnia
1373 1574 1736 1641 possidentur,
1771 1585 1826 1629 tit
1857 1587 1910 1631 et
1941 1575 2150 1645 singula

567 1662 675 1717 sint
719 1663 954 1717 omnium
982 1704 998 1731 ,
1050 1672 1105 1718 et
1149 1667 1329 1719 omnia
1370 1666 1732 1735 singulorum,
1788 1680 2046 1738 operante
2095 1671 2148 1724 itt

568 1755 819 1809 omnibus
850 1755 1133 1822 cltaritate,
1164 1772 1283 1825 quae
1316 1758 1390 1811 nil
1426 1774 1546 1813 cum
1575 1761 1819 1829 angustia
1851 1764 1997 1816 novit
2028 1777 2148 1831 pos-

566 1847 764 1903 sidere.
797 1849 966 1915 Quam
994 1848 1277 1903 Psalmista
1301 1865 1489 1919 magna
1519 1853 1674 1912 laude
1700 1853 2021 1926 sublimatus,
2043 1862 2150 1912 ait:

570 1937 748 1991 Omnis
777 1940 1242 1997 consummationis
1272 1941 1375 1999 vidi
1413 1948 1602 2012 ﬁnem,
1650 1948 1810 2002 latum
1855 1951 2155 2006 mandatum

566 2038 712 2082 tuum
755 2030 903 2086 nimis
937 2028 1107 2103 (Psal.
1140 2037 1352 2106 cxvnt).
1412 2037 1545 2092 lluic
1591 2038 1751 2108 igitur
1782 2040 2153 2097 efficacissime

569 2124 899 2191 Studeamus,
927 2140 1020 2194 per
1047 2127 1183 2181 lianc
1214 2129 1430 2182 mutatis
1461 2129 1787 2195 profectibus
1812 2135 2152 2203 congaudere

565 2219 856 2275 discamus.
919 2219 1210 2288 Diligamus
1256 2221 1307 2274 id
1357 2222 1499 2290 quod
1550 2232 1634 2278 est
1681 2238 1841 2293 supra
1894 2240 1990 2280 nos
2040 2236 2151 2281 tota

567 2309 767 2376 anima,
803 2319 911 2362 tota
945 2318 1145 2375 mente,
1181 2317 1289 2364 tota
1321 2312 1534 2365 virtute.
1582 2312 1870 2382 Diligatnus
1900 2317 2039 2384 quod
2070 2326 2153 2371 est

569 2402 708 2453 intra
740 2416 856 2464 nos,
886 2401 937 2453 id
967 2409 1070 2464 est,
1102 2401 1411 2455 interiorem
1443 2413 1684 2457 nostrum
1716 2406 2007 2471 hominem,
2038 2409 2149 2462 ani-

563 2506 708 2544 mam
733 2490 981 2545 videlicet
1010 2502 1271 2558 nostram,
1295 2507 1523 2562 eamque
1548 2495 1777 2549 subdere
1803 2494 1912 2551 Deo
1937 2512 2152 2566 semper

559 2598 832 2637 curemus.
892 2583 1181 2653 Diligantus
1231 2585 1374 2654 quod
1424 2596 1506 2639 est
1551 2585 1705 2657 juxta
1752 2605 1872 2653 nos,
1926 2588 1979 2643 id
2028 2599 2145 2656 est,

560 2676 865 2746 proximum
905 2675 1044 2728 sicut
1088 2675 1356 2745 nosipsos.
1413 2677 1699 2747 Diligatnus
1727 2682 1868 2748 quod
1898 2693 1981 2736 est
2010 2682 2148 2736 infra

559 2783 682 2835 nos,
716 2782 932 2822 carnem
963 2768 1213 2823 videlicet
1240 2781 1510 2837 nostram,
1552 2779 1613 2825 ut
1648 2771 1763 2841 ejus
1803 2773 2019 2829 illicitos
2046 2791 2146 2845 ap-

561 2863 756 2932 petitus
788 2864 1113 2932 lrangatnus,
1146 2877 1373 2933 eamque
1401 2864 1614 2934 spiritui
1644 2868 2017 2936 obtemperare
2048 2885 2144 2924 co-

564 2970 771 3029 gamus.
824 2956 1093 3011 Christum
1145 2958 1333 3012 sedulo
1382 2968 1699 3028 poscentes,
1749 2972 1808 3016 ut
1857 2964 2143 3032 Spiritum,

564 3052 822 3118 animam,
860 3051 1126 3119 simulque
1163 3066 1379 3119 corpus,
1419 3052 1537 3107 sine
1564 3054 1783 3121 querela
1825 3055 1877 3108 in
1916 3070 2014 3111 suo
2040 3056 2144 3111 sibi

556 3143 784 3199 adventu
814 3130 1102 3212 custodiat,
1135 3145 1273 3200 Deus
1298 3155 1353 3200 et
1379 3144 1639 3201 Dominus
1665 3157 1871 3214 noster,
1902 3152 1989 3218 qui
2020 3138 2140 3205 cum

562 3234 722 3291 Patre
745 3244 799 3290 et
819 3235 1021 3305 Spiritu
1046 3244 1234 3291 sancto
1258 3237 1386 3292 vivit
1404 3247 1457 3293 et
1477 3248 1666 3308 regnat
1684 3238 1826 3296 Deus
1848 3256 1942 3310 per
1963 3244 2143 3298 omnia

559 3327 755 3383 srecula
782 3327 1124 3383 smculorum.
1158 3328 1349 3384 Amen.

1025 3444 1305 3501 HOMILIA
1346 3446 1681 3504 LXXXVIII.

817 3531 869 3571 ιη
909 3529 1158 3573 DOHINICA
1198 3532 1393 3573 TERTIA
1430 3534 1868 3583 ουΑριιΔϐεειιι.

792 3610 895 3681 (Ex
925 3611 1065 3679 Opp.
1095 3611 1230 3665 beati
1265 3612 1462 3668 Leonis
1492 3609 1665 3685 magni
1700 3615 1897 3685 papae.)

633 3703 1019 3759 Praedicaturus
1048 3704 1219 3769 vobis,
1249 3706 1602 3773 dilectissimi,
1633 3720 1739 3764 etc.
1797 3708 2011 3780 Reliqua
2033 3712 2145 3767 vide

558 3797 697 3867 apud
741 3807 970 3851 sanctum
1004 3795 1309 3869 Gregorium
1336 3841 1351 3866 ,
1395 3798 1620 3871 Operam
1652 3802 1769 3872 ejus
1800 3813 1923 3858 tom.
1948 3801 2004 3871 1,
2035 3802 2144 3858 Pa-

556 3887 792 3959 troloqite
822 3888 895 3943 LI
912 3889 973 3958 γ,
1001 3892 1102 3947 col.
1121 3890 1246 3948 275.

980 3999 1321 4057 HOMILIA
1369 4001 1710 4061 LXXXIX.

1042 4110 1110 4148 DE
1151 4110 1329 4149 EADEI
1371 4112 1642 4154 DOIINICA.

867 4184 971 4254 (Ex
1014 4184 1151 4255 Opp.
1190 4201 1313 4243 ven.
1349 4187 1503 4245 Beda:
1538 4191 1855 4262 presbyteri.

625 4273 692 4328 In
712 4275 803 4329 illo
831 4283 1054 4345 tempore
1080 4288 1187 4330 erat
1207 4275 1356 4332 Iesus
1372 4281 1577 4351 ejiciens
1602 4282 1930 4347 dwmonium,
1949 4293 1995 4338 et
2015 4285 2144 4340 illud

553 4377 661 4421 erat
684 4377 898 4423 mutum.
929 4369 991 4421 Et
1019 4386 1135 4423 cum
1163 4373 1392 4440 ejecisset
1434 4373 1742 4429 dtemom'unt
1768 4419 1782 4441 ,
1836 4379 2037 4433 loculus
2071 4389 2143 4434 est

551 4470 742 4524 mutus,
774 4471 819 4514 et
850 4464 1113 4517 admirata:
1168 4477 1284 4518 sunt
1318 4470 1492 4532 lurbw,
1521 4480 1625 4523 etc.
1676 4470 1828 4538 (Luc.
1861 4470 1957 4541 XI).

629 4551 1000 4611 Dtetuoniacus
1025 4558 1143 4620 iste,
1175 4569 1277 4612 etc.
1306 4558 1521 4629 Reliqua
1544 4562 1724 4615 vidcsis
1738 4566 1875 4633 apud
1908 4582 2015 4618 t‘en.
2047 4565 2142 4619 Be-

552 4648 693 4717 dam,
720 4649 947 4722 Operam
967 4653 1074 4722 ejus
1095 4665 1211 4706 tant.
1242 4652 1306 4720 V,
1329 4653 1641 4727 Palt'OIOQitB
1663 4656 1784 4711 XCI
1802 4658 1865 4724 V,
1895 4661 1993 4712 col.
2010 4656 2137 4715 580.

1127 4769 1407 4823 HOMIIJA
1452 4770 1560 4827 XC.

553 4872 606 4913 IN
642 4871 1131 4915 COMIEIORATIONE
1180 4877 1501 4918 BEATISSIHE
1540 4878 1760 4919 VIBCINIS
1788 4882 2008 4931 νιιΑιιιε,
2069 4885 2138 4923 ΒΕ.

662 4944 960 4987 ινωϐειιο
996 4950 1005 4984 :
1043 4932 1305 4987 Exlollens
1352 4950 1517 4987 vocem
1558 4940 1791 5003 quwdam
1828 4941 2025 4995 mulier.

1180 5028 1281 5091 (lix
1314 5027 1553 5097 eodem.)

622 5111 846 5170 Factum
874 5124 949 5169 est
976 5126 1142 5171 autem
1165 5133 1279 5170 cum
1301 5118 1409 5172 lucc
1441 5120 1649 5188 diceret,
1673 5122 1917 5177 extollens
1968 5140 2137 5181 vocem

550 5211 786 5281 Μάσητι
804 5210 1008 5275 mulier,
1044 5221 1154 5264 etc.
1182 5208 1334 5272 (Luc.
1362 5211 1456 5279 xu).

620 5303 823 5375 Magna:
850 5302 1168 5369 devotionis,
1195 5318 1300 5358 etc.
1336 5303 1557 5374 Reliqua
1583 5308 1697 5361 vide
1726 5310 1866 5379 apud
1888 5328 1999 5369 ven.
2023 5311 2132 5367 Be-

550 5396 693 5465 des»,
725 5407 859 5453 tomo
884 5407 939 5452 ut
959 5414 1135 5467 supra,
1161 5398 1260 5452 col.
1296 5399 1421 5456 421-.

1128 5533 1406 5592 HOMILIA
1450 5537 1582 5595 XCI.

893 5662 945 5702 ιη
982 5661 1141 5704 Ρεηιι
1178 5661 1414 5707 SECUNDA
1448 5668 1579 5707 posr
1622 5654 1795 5711 Oculi.

626 5756 693 5814 In
748 5760 840 5816 illo
887 5768 1108 5833 tempore
1164 5766 1399 5822 dixerunt
1461 5768 1715 5827 Pharistei
1780 5775 1849 5828 ad
1910 5774 2129 5836 Iesum:

1401 256 1602 313 PAULI
1640 258 1907 313 DIACONI
1945 256 2097 313 OPl’.
2141 257 2320 314 PARS
2358 257 2424 311 ll.
2465 286 2537 298 -—
2576 255 2929 313 ASCETICA.

3611 280 3702 343 ιεθι

2187 375 2234 435 Α
2264 371 2464 437 Quanta
2486 372 2774 427 audivimus
2820 373 2959 439 facta
2988 371 3044 426 in
3072 369 3421 446 Capharnaum,
3445 381 3509 450 {ac
3537 396 3573 440 et
3602 392 3709 451 Ιιίείι

2266 467 2436 536 patria
2468 476 2579 532 tua,
2609 475 2716 522 etc.
2749 464 2902 539 (Luc.
2936 468 3039 536 tv).

2334 559 2515 615 Refert
2545 564 2790 629 superius
2822 560 3141 629 evangelista
3165 603 3178 627 ,
3231 572 3325 617 etc.
3381 572 3555 636 ttenqua
3583 575 3707 635 ridetis

2257 652 2396 722 apud
2426 653 2756 707 venerabilem
2787 650 2998 718 Bedam,
3027 650 3244 725 Operam
3273 658 3371 728 ejus
3391 667 3502 715 tomo
3524 671 3570 717 ttt
3591 682 3711 739 supra,

2258 744 2356 799 col.
2385 742 2515 799 585.

2795 856 3077 916 HOMILIA
3116 856 3266 915 XCll.

2611 984 2664 1026 tu
2704 986 2859 1026 PERIA
2898 988 3096 1028 rent-tt
3135 988 3256 1029 rosr
3296 973 3444 1031 Oculi.

2330 1080 2396 1137 In
2425 1082 2519 1137 illo
2545 1091 2767 1153 tempore
2795 1086 3071 1153 respiciens
3111 1082 3147 1139 Ι
3151 1103 3261 1141 esus
3285 1088 3336 1142 in
3360 1089 3589 1160 discipulos
3621 1110 3713 1159 stus,

2258 1174 2386 1229 dixit
2410 1175 2610 1231 Simoni
2646 1174 2800 1231 Petro
2823 1193 2842 1231 :
2869 1178 2929 1233 Si
2954 1178 3229 1247 peccaverit
3248 1181 3299 1234 its
3319 1189 3360 1234 te
3386 1181 3521 1250 frater
3534 1190 3635 1252 tuus,
3650 1196 3716 1241 etc.

2257 1264 2478 1337 (Matth.
2496 1270 2671 1337 svnt).

2328 1355 2457 1409 'l‘ota
2490 1356 2603 1411 hmc
2651 1358 2821 1413 sancti
2870 1358 3149 1429 Evangelii
3181 1360 3331 1416 lectio
3386 1363 3622 1420 moralibus
3657 1382 3719 1423 nos

2259 1447 2536 1517 praeceptis
2569 1448 2803 1513 instruit,
2833 1459 2888 1504 et
2934 1450 3165 1517 qualiter
3210 1468 3327 1524 erga
3370 1468 3452 1511 eos
3475 1457 3547 1525 qui
3587 1458 3627 1510 in
3662 1472 3723 1511 nos

2255 1536 2572 1608 delinquunt
2600 1539 2774 1595 facere
2801 1540 3118 1606 debeamus,
3160 1545 3286 1598 satis
3319 1549 3577 1600 necessaria
3599 1549 3722 1602 adma

2257 1630 2462 1687 nitione
2491 1633 2748 1689 ostendit.
2803 1633 3033 1705 Ideoque
3066 1645 3213 1691 tanto
3244 1641 3527 1707 propensius
3571 1650 3632 1695 est
3665 1657 3725 1696 su-

2256 1723 2473 1791 dienda,
2508 1734 2761 1795 tantoque
2787 1727 3080 1783 studiosius
3108 1730 3434 1799 addiscenda,
3465 1742 3624 1801 quanto
3643 1748 3726 1787 con.

2258 1830 2361 1875 stat
2391 1821 2535 1892 quod
2562 1819 2678 1878 sine
2709 1821 2867 1894 ltujtts
2887 1821 3129 1877 doctrina
3176 1824 3384 1879 illibata:
3421 1824 3727 1881 charitatist'ttt-

2256 1910 2458 1977 culum,
2493 1928 2597 1981 quo
2620 1924 2789 1970 status
2814 1916 3072 1971 Ecclesia:
3096 1914 3395 1973 continetur
3418 1956 3431 1980 9
3472 1916 3649 1970 θοιίάιιω
3680 1925 3727 1969 θί-

2255 2016 2359 2071 que
2401 2002 2726 2074 indiruptutn
2757 2009 2962 2063 servari
2984 2023 3091 2063 non
3131 2020 3318 2079 potest.
3347 2011 3425 2065 Ait
3452 2022 3561 2082 ergo
3605 2006 3727 2061 Domi-

2256 2104 2355 2145 nus
2377 2090 2443 2146 ad
2474 2092 2782 2163 discipulos,
2800 2098 2866 2150 ad
2898 2098 3195 2154 habendam
3224 2115 3339 2155 cum
3363 2102 3577 2156 fratribus
3601 2111 3722 2171 pacem

2252 2181 2539 2236 erudiens:
2574 2183 2635 2238 Si
2658 2189 2943 2255 peccaverit
2980 2188 3034 2242 in
3076 2199 3126 2244 te
3155 2191 3312 2261 frater
3334 2192 3584 2255 tutts,vade
3609 2204 3730 2247 eteor-

2250 2273 2364 2341 ripe
2390 2290 2508 2327 eum
2558 2276 2687 2330 inter
2736 2289 2783 2332 te
2810 2287 2857 2331 et
2904 2279 3073 2350 ipsum
3131 2283 3311 2337 solum.
3359 2284 3611 2339 Notandum
3647 2300 3727 2339 vero

2252 2365 2403 2434 prius
2426 2378 2508 2421 est
2532 2369 2674 2438 quod
2697 2370 2744 2425 si
2774 2374 2827 2427 in
2858 2388 2954 2427 nos
2984 2374 3151 2430 frater
3177 2384 3478 2447 peccaverit,
3498 2390 3546 2436 et
3573 2381 3733 2450 qualibet

2250 2478 2408 2519 causa
2464 2466 2698 2522 animum
2758 2482 3001 2527 nostrunt
3045 2473 3277 2541 laeserit,
3332 2477 3590 2533 dimittendi
3632 2479 3730 2532 nobis

2250 2557 2562 2613 conceditur
2590 2569 2852 2631 potestas,
2887 2568 2994 2619 imo
3037 2568 3299 2637 ingeritur
3350 2572 3731 2638 necessitaszquit

2248 2647 2403 2703 aliter
2430 2652 2584 2707 nobis
2608 2663 2789 2709 nostra
2821 2658 3022 2712 scimus
3064 2660 3247 2716 debita
3281 2677 3379 2716 non
3407 2663 3629 2729 relaxari,
3666 2661 3729 2715 nisi

2249 2751 2301 2796 et
2327 2757 2423 2796 nos
2454 2742 2787 2801 debitoribus
2818 2751 3019 2804 nostris
3049 2751 3425 2809 dimiserimus.
3448 2754 3500 2811 Si
3521 2769 3621 2809 verti
3653 2752 3731 2822 quis

2250 2834 2303 2888 in
2337 2834 2502 2889 Deum
2526 2841 2861 2906 peccaverit,
2910 2857 3015 2896 non
3045 2855 3130 2898 est
3164 2846 3368 2900 arbitrii
3394 2847 3557 2911 nostri,
3585 2845 3652 2899 sed
3673 2856 3727 2895 so-

2249 2927 2354 2982 lius
2381 2937 2465 2984 est
2495 2930 2772 2988 dimittere
2806 2934 2918 2988 Dei.
2959 2938 3230 3007 Scriptum
3258 2950 3340 2996 est
3378 2942 3535 2996 enim:
3562 2939 3607 2995 Si
3624 2952 3734 3007 pecca-

2250 3023 2377 3077 verit
2414 3023 2490 3076 vir
2518 3025 2570 3077 in
2590 3026 2771 3090 uirum,
2803 3027 2996 3097 placari
3037 3030 3085 3084 ei
3107 3041 3272 3099 potest
3312 3032 3477 3087 Deus:
3500 3033 3537 3086 si
3566 3029 3733 3084 catenis

2251 3115 2414 3170 Deum
2445 3121 2743 3188 peccaverit,
2773 3123 2887 3191 quis
2915 3124 3076 3178 orabit
3137 3142 3235 3197 pro
3262 3144 3320 3182 eo
3346 3126 3395 3199 (ι
3423 3128 3534 3199 Reg.
3557 3126 3639 3193 tt)?
3665 3122 3732 3180 Sed

2251 3224 2348 3263 nos
2388 3209 2579 3265 ordine
2601 3225 2882 3281 converso,
2910 3214 2962 3270 in
2997 3218 3308 3275 uleiscenda
3353 3220 3442 3275 Dei
3482 3217 3731 3287 injuria,le-

2250 3300 2339 3354 tali
2376 3301 2573 3371 pietate
2603 3312 2906 3374 torpemus,
2968 3308 3020 3362 in
3080 3311 3284 3367 nostris
3330 3326 3450 3367 vero
3494 3306 3731 3366 contumeliis

2250 3392 2375 3447 odia
2404 3408 2743 3452 exercemus.
2768 3396 2924 3455 Prius
2946 3408 3127 3456 tamen
3155 3402 3513 3473 corripiendus
3533 3412 3593 3457 εει
3610 3398 3668 3467 qui
3685 3398 3722 3449 in

2250 3499 2346 3540 nos
2374 3496 2582 3553 peccat,
2613 3502 2882 3556 seorsum,
2922 3507 2989 3547 ne
3045 3504 3199 3563 putet
3240 3511 3348 3551 non
3402 3511 3510 3552 esse
3542 3498 3727 3565 ρεωιιιω

2250 3576 2390 3644 quod
2424 3576 2568 3641 facit,
2592 3577 2800 3649 sicque,
2835 3582 3031 3637 amissa
3055 3587 3233 3643 semel
3264 3585 3572 3650 verecundia,
3591 3585 3627 3636 in
3647 3593 3730 3650 pec-

2249 3680 2372 3725 cato
2403 3687 2719 3740 permanere
2746 3675 2892 3731 velit.
2926 3677 2995 3732 Et
3027 3681 3071 3733 si
3101 3683 3320 3751 quidem
3350 3697 3443 3738 nos
3468 3680 3661 3741 audierit,
3680 3673 3731 3728 lu-

2247 3761 2556 3817 crifacimus
2583 3765 2816 3820 animam
2841 3767 2989 3836 ejus:
3022 3770 3147 3840 quia
3200 3788 3297 3841 per
3324 3773 3458 3827 illius
3481 3771 3653 3827 salutem
3674 3780 3731 3819 tto-

2246 3855 2328 3910 bis
2352 3870 2566 3925 quoque
2594 3857 2751 3912 datur
2796 3861 3039 3914 remissio
3096 3874 3432 3932 peccaturum
3460 3862 3623 3919 Iacobo
3653 3870 3731 3926 προσ

2244 3950 2384 4004 stolo
2412 3949 2656 4005 dicente:
2691 3948 2796 4015 Qui
2821 3955 3043 4006 converti
3082 3955 3263 4024 fecerit
3295 3965 3577 4025 peccatorem
3612 3951 3656 4003 alt
3685 3962 3732 3999 ea

2243 4058 2360 4098 rore
2383 4043 2477 4097 vice
2503 4059 2643 4109 suae,
2676 4044 2887 4098 salvhbit
2915 4050 3141 4101 animum
3193 4051 3303 4119 ejus
3323 4065 3354 4103 a
3400 4056 3567 4112 morte,
3596 4053 3631 4098 et
3657 4054 3728 4107 opt-

2244 4137 2338 4189 riet
2364 4134 2742 4190 multitudinem
2773 4147 3095 4206 peccatorum
3139 4140 3348 4212 (Jacob.
3394 4141 3468 4208 v).
3501 4140 3612 4205 Ergo
3632 4135 3730 4188 dcetIl

2245 4242 2351 4297 quo
2363 4228 2551 4282 ordine
2572 4228 2822 4283 scandala
2835 4232 3006 4285 vitare
3022 4226 3316 4301 possimus,
3337 4231 3557 4287 videlicet
3569 4229 3604 4281 si
3621 4233 3733 4291 neque

2246 4317 2346 4386 ipsi
2374 4317 2605 4387 aliquem
2635 4318 2897 4386 laedimus,
2916 4322 2959 4377 si
2984 4335 3299 4390 peccantem
3331 4326 3445 4380 zelo
3464 4312 3639 4393 iustitia:
3661 4328 3735 4370 cor-

2248 4409 2493 4480 ripintus,
2519 4412 2564 4465 si
2601 4412 2876 4479 pmnitenti
2909 4416 3116 4471 viscera
3144 4418 3357 4487 pietatis
3386 4429 3487 4474 toto
3508 4416 3636 4473 corde
3654 4423 3734 4480 pano

2170 4491 2218 4549 ί)
2246 4501 2440 4557 dimus.
2465 4502 2599 4557 Cum
2624 4520 2755 4575 ergo
2785 4506 2999 4563 fratrem
3047 4506 3447 4582 delinquentem
3473 4508 3733 4574 corripimus,

2248 4592 2292 4649 si
2320 4608 2418 4647 nos
2448 4610 2552 4649 non
2579 4596 2837 4664 audierit,
2867 4600 3157 4655 adhibendi
3200 4613 3329 4658 sunt
3356 4604 3535 4657 fratres
3557 4611 3660 4654 unus
3679 4598 3735 4646 λιιι

2244 4684 2370 4752 duo,
2402 4687 2571 4755 utqui
2603 4688 2669 4741 ab
2690 4704 2793 4742 uno
2816 4690 3009 4761 corrigi
3040 4708 3145 4747 non
3163 4697 3361 4765 potuit,
3384 4711 3413 4750 a
3444 4693 3641 4765 pluribus
3656 4699 3730 4741 σοῖο

2244 4776 2472 4845 rigatur,
2503 4780 2583 4832 vel
2614 4796 2798 4834 eorum
2830 4785 3139 4839 testimonio
3186 4788 3541 4843 convincatur.
3570 4782 3689 4836 Porro
3704 4774 3730 4827 si

2245 4886 2344 4926 nec
2372 4871 2491 4926 illos
2521 4875 2769 4942 audierit,
2806 4885 2929 4931 tunc
2962 4878 3226 4937 Ecclesiae
3254 4882 3435 4937 dicere
3471 4877 3733 4951 pracipimur.

2247 4973 2303 5017 ut
2330 4966 2397 5018 ali
2445 4966 2697 5020 omnibus
2735 4968 3031 5025 detestetur
3070 4980 3126 5027 et
3164 4972 3501 5043 dijudicetur,
3529 4973 3733 5039 αυιιεηιιεν

2241 5057 2284 5109 si
2312 5058 2478 5111 nolttit
2532 5059 2737 5126 pudore
2766 5063 3194 5131 corrigi,saltem
3223 5068 3513 5135 corrigatur
3532 5061 3735 5117 multorum

2240 5149 2560 5215 opprobriis.
2587 5148 2647 5204 Si
2680 5160 2848 5205 autem
2879 5169 2970 5207 nec
3000 5153 3293 5212 Ecclesium
3347 5156 3574 5219 audierit,
3613 5151 3661 5203 sit
3681 5140 3737 5196 tibi

2236 5239 2364 5291 sicut
2393 5241 2624 5295 ethnicus
2642 5253 2688 5296 et
2727 5243 3052 5315 publicanus.
3086 5248 3298 5305 Ethnos
3346 5250 3521 5307 Caeco
3560 5250 3734 5298 sermone

2235 5344 2366 5397 gens
2390 5332 2616 5398 dicitur;
2649 5334 2775 5390 inde
2799 5337 3065 5405 ethnicus,
3091 5341 3141 5394 id
3201 5353 3287 5398 est
3307 5342 3545 5414 gentilis,
3588 5330 3735 5388 deriva-

2235 5428 2322 5475 tur
2352 5438 2368 5477 :
2398 5423 2486 5492 qui
2518 5426 2594 5479 sic
2622 5437 2897 5494 permanet
2952 5440 3005 5485 ut
3054 5441 3215 5487 natus
3243 5446 3367 5504 est,
3414 5442 3467 5489 et
3510 5444 3595 5485 non
3619 5432 3679 5479 est
3704 5418 3737 5471 in

2233 5514 2452 5570 Christo
2486 5530 2724 5574 renatus.
2751 5520 3028 5580 Publicani
3059 5540 3188 5582 vero
3204 5540 3331 5583 sunt
3359 5528 3443 5599 qui
3466 5522 3640 5597 publice
3656 5524 3736 5584 Ρεθ·

2235 5616 2380 5675 cant,
2406 5607 2492 5662 vel
2521 5610 2609 5679 qui
2638 5612 2866 5679 publicis
2896 5618 3119 5687 negotiis
3164 5618 3457 5675 inserviunt
3484 5631 3566 5687 per
3588 5606 3737 5665 fraude!

2238 5710 2302 5750 ac
2334 5697 2471 5752 furta
2502 5710 2553 5755 et
2603 5700 2866 5769 scelerata
2910 5706 3162 5777 perjuria.
3196 5709 3341 5767 Sane
3387 5723 3498 5765 cum
3526 5693 3734 5762 incorrisi‘

2231 5787 2392 5845 bilem
2416 5789 2632 5848 fratrem
2658 5793 2799 5850 sicut
2823 5796 3094 5855 ctbnicu'm
3113 5810 3171 5856 et
3199 5802 3529 5873 publicanum
3555 5790 3653 5851 dicit
3673 5785 3735 5839 Μ’

2180 1752 2229 1816 Β

2166 3119 2216 3184 C
