3972 6340
241 354 382 413 1265

1186 349 1649 409 HOMILIARIUS.
1690 380 1763 394 -—
1799 351 1960 410 HOM.
2004 351 2093 407 DE
2134 350 2483 413 TEMPORE.

3361 356 3501 416 £266

240 475 491 540 bendum,
520 469 755 527 ostendit
778 468 1038 542 gravioris
1064 467 1306 523 criminis
1354 483 1477 524 esse
1508 482 1681 533 reum,
1726 466 1816 536 qui
1843 469 1897 528 Δ
1922 466 2132 535 quoties
2164 464 2383 520 deberet
2418 466 2470 521 in
2499 482 2559 524 se
2581 468 2819 539 peccanti
2844 468 3142 535 dimittere,
3166 483 3234 524 an
3258 485 3324 525 ne
3352 486 3507 540 usque

239 568 340 623 sub
370 565 547 633 Specie
578 562 749 618 fidelis
778 576 940 629 Opera
962 561 1071 630 agit
1109 559 1431 627 infidelium,
1488 573 1644 629 quam
1695 574 1820 613 eum

240 660 330 730 qui
360 668 544 729 aperte
579 658 807 713 infidelis
839 668 890 711 et
923 657 1236 725 publicanus
1289 656 1485 710 existit.
1513 655 1615 709 Sed
1645 665 1699 708 et
1734 654 1824 708 hic

239 762 396 809 caute
425 749 844 816 attendendum,
909 748 1051 817 quod
1084 761 1189 802 non
1218 747 1414 815 passim
1448 755 1538 799 aut
1586 746 1777 800 leviter
1803 783 1819 810 ,

241 845 335 901 sed
362 844 635 901 obedienti
666 851 720 897 et
760 841 1128 909 pmnitentiam
1159 838 1431 893 commissi
1489 836 1569 892 sui
1601 838 1777 907 agenti
1804 875 1821 902 ,

239 952 303 991 ac
332 936 535 991 veniam
584 933 782 1002 petenti
831 931 982 985 fratri
1025 928 1300 984 dimittere
1350 928 1621 995 jubemur.
1654 925 1821 981 Unius

240 1030 384 1084 enim
416 1027 638 1083 sceleris
660 1026 733 1080 rei
765 1035 1012 1079 tenentur
1043 1021 1180 1089 apud
1214 1022 1402 1085 Deum,
1428 1031 1480 1073 et
1502 1020 1543 1073 is
1572 1018 1662 1089 qui
1696 1033 1822 1088 pec-

240 1131 450 1177 cantem
479 1119 665 1174 videus
723 1116 961 1183 fratrem,
995 1126 1265 1181 corrigere
1324 1111 1579 1178 noluerit,
1611 1109 1704 1163 sed
1734 1123 1825 1163 ne-

239 1219 469 1289 gligens,
503 1212 920 1284 parvipenderit,
949 1221 1109 1279 atque
1139 1208 1230 1263 ille
1260 1206 1347 1275 qui
1378 1204 1529 1259 fratri
1560 1205 1826 1273 paeniten-

240 1310 370 1364 tiam
398 1308 571 1377 agenti
600 1306 873 1361 dimittere
918 1301 1169 1357 noluerit.
1230 1299 1361 1354 Nam
1394 1297 1655 1351 Dominus
1703 1311 1824 1350 cum

241 1405 491 1466 dixisset,
524 1400 585 1455 Si
611 1398 883 1465 permunit
905 1401 1066 1468 frater
1082 1404 1223 1460 tuus,
1244 1394 1460 1462 corripe,
1494 1390 1671 1445 statim
1702 1390 1826 1443 sub-

233 1496 453 1568 junxit:
488 1493 545 1548 Si
568 1493 760 1547 dixerit
784 1533 799 1558 ,
844 1490 1067 1558 poenitet
1097 1503 1204 1551 me,
1238 1485 1466 1540 dimitte.
1512 1483 1677 1554 Igitur
1718 1483 1825 1536 lar-

239 1588 431 1661 gicnda
457 1597 536 1641 est
562 1584 717 1640 venia
756 1592 870 1652 post
892 1580 1333 1649 increpationem,
1367 1574 1569 1632 scilicet
1626 1573 1700 1629 illi
1738 1572 1828 1643 qui

241 1679 605 1751 paenitentiam
628 1676 796 1746 egerit
832 1684 885 1730 et
911 1690 970 1729 se
1018 1673 1086 1727 ab
1105 1687 1289 1728 errore
1317 1669 1636 1725 converterit
1661 1686 1672 1721 :
1706 1669 1828 1738 quia

238 1785 343 1825 nec
358 1768 585 1824 difficilis
612 1768 789 1834 venia,
808 1781 902 1819 nec
918 1764 1137 1819 remissa
1154 1762 1313 1817 debet
1327 1777 1447 1817 esse
1459 1761 1786 1832 indulgentia
1811 1776 1825 1813 :

1926 557 2144 623 septies?
2171 554 2267 611 Cui
2297 560 2569 627 respondit
2618 561 2878 615 Dominus
2904 578 2917 615 :
2948 562 3060 615 Non
3122 562 3295 618 solum
3352 580 3507 633 usque

1925 651 2127 721 septies,
2160 650 2250 704 sed
2281 669 2435 722 usque
2457 656 2743 723 septuagies
2767 655 2970 726 septies,
3006 654 3058 709 id
3115 665 3217 718 est,
3242 656 3509 725 quadrin-

1927 744 2098 811 gentis
2131 745 2411 811 uonaginta
2446 746 2646 800 vicibus
2678 788 2693 813 ,
2744 748 2787 801 si
2847 748 3005 801 toties
3059 747 3110 800 in
3144 746 3231 802 die
3286 763 3509 819 peccare

1926 839 2226 909 contigerit.
2281 841 2611 907 IinpoSsibile
2658 854 2739 897 est
2790 842 2934 897 enim
2979 843 3377 911 quadringentis
3408 858 3507 897 no-

1928 933 2145 1003 naginta
2169 933 2371 986 vicibus
2402 936 2452 987 in
2484 933 2702 990 fratrem
2738 952 2893 1005 posse
2913 937 3244 1005 delinquere.
3280 936 3346 991 Et
3385 939 3501 994 haec

1928 1024 2297 1092 multiplicatio
2342 1027 2634 1081 secundum
2674 1029 2886 1082 beatum
2943 1028 3320 1102 Hieranytnum
3375 1031 3509 1086 facta

1928 1124 2028 1167 est.
2061 1114 2323 1168 Caeterum
2381 1116 2567 1171 beatus
2611 1119 2940 1188 Augustinus
2970 1120 3128 1174 docet
3158 1121 3297 1175 hunc
3324 1137 3510 1177 nume-

1928 1219 2047 1259 rum
2078 1204 2391 1273 simpliciter
2413 1216 2469 1261 et
2500 1223 2602 1261 non
2630 1211 2995 1278 multipliciter
3018 1213 3409 1279 accipiendum,
3429 1214 3508 1267 id-

1929 1295 2074 1349 circo
2101 1297 2241 1365 quod
2276 1305 2417 1352 totus
2448 1315 2541 1366 per
2572 1301 2879 1356 adverbium
2913 1303 2989 1356 fit.
3022 1308 3122 1357 Ars
3148 1308 3287 1359 enim
3343 1307 3508 1360 arith-

1928 1388 2118 1441 metica
2150 1389 2305 1443 docet
2332 1428 2348 1454 ,
2403 1402 2455 1443 ut
2484 1406 2739 1446 numerus
2769 1394 2962 1463 aliquis
2992 1394 3037 1449 si
3088 1410 3177 1463 per
3212 1396 3384 1450 solum
3419 1398 3513 1453 fiat

1930 1478 2261 1546 adverbium,
2299 1485 2385 1536 vel
2409 1498 2503 1550 per
2530 1484 2703 1536 solum
2750 1500 2983 1551 nomen,
3039 1502 3142 1540 non
3194 1488 3513 1556 multiplice-

1929 1579 2046 1638 tur;
2078 1572 2120 1625 si
2161 1587 2287 1627 vero
2315 1588 2378 1628 ex
2413 1576 2627 1629 nomine
2656 1578 2809 1629 simul
2834 1586 2887 1632 et
2914 1577 3164 1631 adverbio
3194 1620 3208 1642 ,
3244 1588 3302 1632 ut
3358 1580 3505 1635 verbi

1928 1665 2096 1733 gratia
2124 1681 2136 1716 ε
2169 1665 2370 1733 septies
2398 1668 2753 1735 septuaginta,
2777 1668 2861 1721 vel
2901 1668 3513 1740 conversimseptuagies

1931 1767 2158 1825 septem,
2189 1768 2414 1827 possunt
2442 1760 2799 1829 multiplicari.
2825 1762 2975 1828 Quod
3002 1778 3130 1832 ergo
3158 1764 3517 1831 dicitseptuao

238 1865 402 1917 Amen
426 1864 539 1915 dico
562 1863 716 1925 vobis,
746 1875 1063 1930 quiscunque
1107 1857 1381 1928 ligaveritis
1435 1872 1586 1922 super
1614 1865 1823 1920 terram,
1860 1845 1907 1905 Β
1933 1851 2042 1918 gies
2074 1861 2297 1917 Septem,
2328 1867 2505 1906 Lxxvrt
2536 1854 2742 1908 vicibus
2786 1856 2925 1908 idem
2957 1855 3144 1910 doctor
3180 1856 3511 1925 intelligitur.

239 1965 389 2009 erunt
421 1955 576 2024 ligata
598 1963 644 2006 et
666 1953 720 2005 in
763 1954 906 2006 creto.
940 1952 1076 2018 Quia
1125 1950 1334 2004 dixerat
1363 1991 1377 2014 ,
1416 1948 1609 2003 durum
1640 1955 1694 2002 et
1724 1948 1825 2000 im-

241 2048 594 2116 pmnitentem
630 2044 847 2098 fratrem
898 2054 953 2097 ut
981 2042 1253 2096 ethnicum
1284 2051 1336 2096 et
1367 2041 1704 2110 publicanum
1735 2038 1830 2092 ha-

238 2139 496 2202 bendum,
531 2153 599 2193 ne
620 2137 810 2206 aliquis
860 2136 930 2189 ita
964 2150 1149 2189 vecors
1181 2143 1235 2188 et
1273 2133 1643 2201 desperatione
1666 2132 1827 2199 pesti-

239 2233 353 2288 fera
383 2241 718 2301 contemptor
750 2227 1314 2291 existeret,uttacitus
1346 2226 1485 2295 apud
1499 2241 1555 2279 se
1587 2227 1830 2293 loquere-

242 2331 362 2379 tur:
393 2323 448 2378 Si
472 2337 556 2377 me
585 2322 835 2387 despicis,
866 2330 919 2376 et
954 2336 1053 2391 ego
1106 2330 1157 2373 te
1185 2317 1509 2386 despiciam;
1542 2317 1586 2371 si
1619 2330 1703 2371 me
1733 2317 1828 2369 bo-

242 2432 444 2481 noras,
499 2418 681 2484 utique
731 2428 847 2468 mea
896 2412 1161 2466 sententia
1208 2409 1595 2464 bonoraberis:
1628 2408 1830 2462 idcirco

246 2507 506 2562 Dominus
534 2504 790 2577 apostolis
822 2512 1140 2574 potestatem
1183 2501 1376 2573 ligandi
1400 2502 1585 2555 tribuit
1615 2511 1670 2555 et
1720 2500 1830 2556 sol-

243 2598 511 2659 vendi.ut
563 2597 615 2650 bi
664 2598 752 2665 qui
804 2598 1265 2659 condemnantur,
1318 2593 1491 2647 sciant
1543 2592 1829 2647 humanam

244 2690 566 2747 sententiam
595 2688 774 2742 divina
816 2687 1040 2755 firmari,
1074 2693 1129 2741 et
1153 2684 1295 2754 quod
1319 2683 1476 2739 fuerit
1506 2682 1724 2754 ligatum
1777 2684 1830 2737 in

244 2791 411 2845 terra,
439 2778 587 2848 ligari
616 2779 963 2833 nihilominus
995 2779 1046 2832 in
1077 2777 1237 2833 coelo.
1267 2775 1391 2830 Ilaec
1428 2789 1556 2829 vero
1595 2784 1831 2843 potestas

242 2872 554 2942 Specialiter
576 2872 776 2926 sanctis
817 2870 1072 2925 Ecclesize
1098 2868 1364 2938 episcopis
1386 2866 1581 2921 collata
1608 2877 1710 2933 est,
1738 2882 1831 2937 ge.

238 2967 499 3023 neraliter
548 2981 677 3020 vero
731 2966 877 3020 omni
925 2965 1182 3020 Ecclesia:
1221 2965 1342 3019 data
1392 2963 1647 3019 creditur.
1697 2964 1828 3018 Nam

237 3060 386 3132 quod
416 3069 469 3115 et
495 3061 748 3115 Dominus
773 3060 898 3113 alibi
942 3058 1100 3114 beato
1133 3059 1292 3114 Petro
1342 3059 1479 3114 hanc
1510 3066 1829 3128 potestatem

237 3152 443 3222 ligandi
473 3148 634 3220 atque
662 3150 900 3207 solvendi
946 3150 1113 3217 dedit,
1156 3151 1336 3221 utique
1389 3153 1441 3206 in
1498 3151 1687 3219 Petro,
1738 3151 1827 3221 qui

1929 1943 2021 1998 sed
2052 1944 2158 2012 jam
2186 1945 2502 1999 veniendum
2532 1955 2612 2001 est
2662 1946 2727 2000 ad
2759 1946 3094 2020 mysterium.
3147 1948 3327 2018 Neque
3374 1953 3513 2003 enim

1929 2036 1998 2091 ab
2027 2054 2085 2092 re
2114 2053 2236 2093 esse
2275 2048 2451 2109 potest
2479 2039 2616 2109 quod
2637 2038 2894 2094 Dominus
2924 2042 3063 2094 hunc
3082 2041 3241 2095 alium
3271 2050 3325 2095 et
3352 2039 3514 2094 alium

1929 2146 2211 2185 numerur-
2240 2134 2292 2186 in
2322 2132 2625 2187 relaxandis
2648 2131 2871 2187 fratrum
2898 2134 3163 2189 erratibus
3183 2133 3512 2188 constituere

1930 2224 2119 2277 voluit.
2149 2224 2374 2279 Constat
2401 2224 2546 2278 enim
2597 2239 2665 2278 ex
2714 2225 3019 2292 septenario
3073 2234 3127 2279 et
3185 2224 3513 2279 uudenario:

1932 2329 2053 2369 naui
2082 2317 2194 2371 sive
2221 2317 2424 2385 septies
2462 2315 2727 2382 undecim,
2760 2317 2872 2371 sive
2913 2317 3164 2371 undecies
3190 2326 3390 2385 septem
3438 2314 3520 2370 di-

1931 2423 2138 2474 camus,
2166 2408 2502 2479 septuaginta
2546 2420 2748 2477 septem
2783 2408 3136 2477 perficiemus.
3173 2410 3239 2463 Et
3263 2418 3516 2475 septena.

1930 2506 2042 2561 rius
2066 2506 2279 2574 quidem
2310 2521 2571 2561 numerus
2600 2514 2682 2560 est
2715 2520 2969 2560 numerus
3016 2504 3406 2559 sacratissimus
3442 2518 3510 2558 ex

1931 2596 2089 2652 donis
2111 2596 2441 2669 septiformis
2469 2597 2722 2665 Spiritus.
2782 2596 3118 2652 Undenarius
3148 2612 3276 2651 vero
3329 2611 3519 2651 nume.

1932 2702 2025 2743 rus
2051 2688 2270 2756 figuram
2304 2696 2451 2743 tenet
2474 2687 2649 2743 omnis
2675 2689 2911 2756 peccati;
2945 2689 2998 2742 in
3024 2688 3321 2743 uudenario
3372 2702 3521 2741 nam-

1932 2794 2035 2849 que
2065 2782 2415 2850 transgressio
2434 2790 2515 2836 est
2539 2780 2764 2835 denarii.
2794 2781 2859 2833 Et
2895 2794 2993 2834 nos
3018 2795 3136 2835 cuin
3195 2794 3479 2849 peccamus
3502 2817 3519 2844 ,

1936 2875 2247 2944 decalogum
2281 2873 2519 2943 profecto
2550 2883 2934 2943 praeceptorum
2962 2873 3053 2927 Dei
3075 2870 3520 2942 transgredimur.

1935 2968 2070 3023 Hinc
2095 2978 2178 3023 est
2204 2967 2343 3038 quod
2372 2968 2425 3021 in
2462 2966 2803 3021 tabernaculo
2853 2966 2945 3020 Dei
2990 2964 3235 3019 undecim
3293 2978 3416 3033 saga
3444 2962 3521 3017 ci-

1935 3062 2093 3117 licina
2128 3060 2290 3115 fuisse
2321 3068 2684 3115 memorantur
2714 3057 2908 3129 (Exod.
2944 3059 3035 3130 xx)
3073 3076 3085 3111 :
3113 3058 3344 3114 cilicium
3372 3074 3519 3111 nam-

1935 3170 2038 3226 que
2065 3154 2304 3209 babituin
2336 3152 2708 3222 paenitendum
2730 3161 2785 3207 et
2810 3167 2905 3219 pro
2925 3150 3154 3221 peccatis
3183 3151 3523 3206 maerentium

238 3253 428 3314 typum
459 3247 676 3312 gerebat
710 3242 985 3307 Ecclesiae,
1017 3243 1266 3298 omnibus
1296 3242 1542 3297 fidelibus
1564 3243 1666 3297 hoc
1703 3257 1830 3297 con-
1862 3228 1908 3291 C
1941 3245 2202 3316 designat.
2243 3246 2298 3299 In
2325 3242 2672 3299 tabernaculo
2703 3258 2831 3312 ergo
2860 3243 2951 3297 Dei
2992 3240 3241 3296 undecim
3278 3255 3403 3311 saga
3445 3242 3523 3296 ci-

237 3337 477 3392 cessisse
508 3351 610 3389 non
642 3333 913 3388 dubitatur
939 3351 953 3387 :
984 3331 1180 3388 Iterum
1202 3333 1317 3387 dico
1338 3333 1474 3388 vobis
1520 3333 1642 3403 quia
1666 3334 1711 3387 si
1734 3333 1835 3387 duo

236 3443 310 3482 ea:
337 3427 476 3480 vobis
505 3426 847 3479 consenserint
877 3443 1032 3494 super
1063 3434 1271 3490 terram,
1307 3426 1371 3480 de
1400 3426 1538 3479 omni
1567 3442 1622 3481 re
1653 3442 1834 3497 quam-

240 3534 443 3586 cunque
463 3518 715 3585 petierint,
740 3519 823 3584 ﬁet
847 3517 947 3570 illis
970 3535 1001 3570 a
1031 3516 1189 3572 Patre
1213 3533 1343 3582 meo,
1373 3518 1459 3587 qui
1488 3526 1561 3571 est
1598 3518 1652 3571 in
1672 3518 1831 3572 ctclis.

241 3611 491 3679 magnam
523 3609 763 3663 fidelibus
790 3610 1163 3663 auctoritatem
1191 3619 1245 3663 et
1274 3610 1519 3663 fiduciam
1552 3608 1759 3676 tribuit,
1778 3616 1835 3662 et

236 3719 277 3758 ε
308 3701 572 3757 contrario
596 3716 841 3769 magnum
871 3700 1328 3770 conteniptoribus
1371 3708 1571 3753 metum
1597 3700 1786 3753 incutit
1812 3740 1827 3765 ,

240 3796 437 3851 dicens
466 3808 494 3845 a
522 3784 678 3848 Patre
722 3794 832 3848 Deo
866 3794 919 3847 in
950 3794 1104 3849 cmlis
1152 3793 1265 3846 fieri
1301 3792 1553 3862 quidquid
1603 3791 1830 3845 duorum

240 3898 516 3940 consensu
546 3900 705 3952 super
754 3896 949 3937 terram
993 3883 1152 3937 fuerit
1206 3882 1571 3938 constitutum.
1621 3882 1687 3936 Et
1730 3881 1833 3936 hoc

244 3981 429 4049 primo
453 3976 515 4031 ad
556 3976 895 4030 concordiam
936 3991 1032 4029 nos
1081 3985 1354 4043 provocat,
1398 3990 1503 4043 quo
1548 3974 1829 4030 sollicitius

240 4069 566 4123 festinemus
592 4068 659 4119 ad
690 4081 894 4136 pacem,
921 4082 1039 4120 cum
1063 4080 1121 4119 se
1143 4067 1276 4119 dicit
1299 4069 1437 4119 inter
1465 4065 1596 4119 duos
1621 4069 1701 4119 vel
1723 4076 1832 4121 tres

238 4159 451 4229 aliquid
480 4167 776 4212 statuentes
808 4155 1041 4210 medium
1068 4155 1202 4210 fore.
1236 4156 1366 4209 Nam
1405 4156 1641 4226 sequitur
1685 4174 1699 4210 :
1736 4155 1834 4211 Ubi

239 4258 389 4308 enim
418 4255 605 4322 fuerint
628 4254 730 4305 duo
756 4250 833 4304 vel
869 4261 969 4303 tres
989 4252 1277 4319 congregati
1315 4254 1367 4304 in
1421 4251 1625 4303 nomine
1676 4266 1786 4303 meo
1813 4293 1829 4320 ,

235 4348 313 4402 ibi
342 4361 455 4399 sum
483 4346 536 4397 in
565 4344 729 4397 medio
767 4359 957 4397 eorum.
983 4340 1050 4395 In
1072 4342 1264 4407 medio,
1292 4342 1482 4412 inquit,
1502 4358 1613 4395 sum
1628 4357 1829 4409 eorum,

242 4451 309 4497 ut
335 4441 420 4493 vel
449 4438 695 4507 recipiam
729 4436 984 4490 bnmileut
1018 4437 1387 4504 pmnitentem,
1421 4436 1503 4488 vel
1557 4434 1830 4502 projiciam

240 4532 540 4602 superbum
570 4540 624 4584 et
642 4542 1031 4583 contumacem.
1065 4528 1130 4581 Et
1153 4528 1408 4596 quidquid
1444 4527 1516 4579 illi
1538 4527 1829 4595 judicaudo

241 4625 317 4680 ad
344 4625 617 4677 hominum
649 4622 870 4676 salutem
903 4630 1062 4690 agunt
1109 4621 1162 4674 iu
1195 4630 1330 4674 terra
1364 4662 1380 4687 ,
1441 4635 1560 4673 uico
1600 4619 1829 4687 desuper

236 4724 450 4796 judicio
479 4726 759 4775 roboratur
790 4720 841 4773 in
868 4721 1026 4773 coelo.
1052 4718 1411 4786 Spiritualiter
1443 4732 1567 4771 vero
1597 4716 1725 4770 illud
1750 4716 1830 4769 di-

241 4831 377 4870 cere
411 4829 695 4884 p0ssuinus
729 4815 847 4881 quia
879 4811 965 4865 ubi
1007 4814 1223 4881 spiritus
1247 4852 1262 4878 ,
1308 4810 1481 4865 anima
1531 4821 1585 4866 et
1636 4824 1834 4879 corpus

242 4906 648 4971 consenserint,
682 4920 780 4960 nec
807 4905 1000 4961 bellum
1024 4905 1164 4959 inter
1186 4918 1245 4958 se
1273 4903 1690 4961 discordantium
1734 4907 1831 4963 ha-

242 5000 473 5056 buerint
502 4999 868 5063 voluntatum,
928 5010 1089 5051 carne
1135 4994 1390 5049 adversus
1439 4996 1682 5064 spiritum
1710 5039 1724 5065 ,
1781 5004 1837 5051 et

238 5109 282 5151 θ
298 5106 563 5147 converso
584 5092 772 5161 spiritu
804 5091 1055 5144 adversus
1072 5104 1283 5143 carnem
1309 5090 1742 5159 concupiscente,
1765 5091 1832 5146 de

240 5186 407 5243 omni
439 5199 496 5239 re
519 5199 676 5254 quam
702 5183 952 5253 petierint
975 5197 1003 5233 a
1032 5181 1231 5244 Patre,
1274 5181 1558 5249 impetrare
1606 5182 1831 5249 possint.

236 5279 368 5339 Nec
396 5278 740 5333 dubitandum
769 5277 965 5346 justam
1003 5284 1055 5328 et
1092 5284 1363 5341 acceptam
1394 5289 1513 5328 esse
1538 5274 1648 5327 Deo
1695 5273 1833 5341 peti-

236 5375 480 5439 tionem,
512 5372 601 5426 ubi
632 5385 694 5426 ea
721 5370 835 5423 vult
864 5383 988 5423 caro
1015 5383 1131 5436 qua:
1158 5367 1395 5435 spiritus.
1426 5364 1568 5419 Tunc
1592 5366 1836 5419 accedens

241 5461 453 5521 Petrus
473 5466 540 5515 ad
579 5477 712 5525 eum,
735 5460 863 5513 dixit
887 5473 907 5513 :
937 5456 1175 5521 Domine,
1201 5458 1397 5525 quoties
1438 5456 1658 5524 peccabit
1684 5459 1735 5509 in
1759 5472 1837 5511 me

241 5556 420 5629 frater
434 5570 593 5619 meus,
612 5565 657 5607 et
677 5553 929 5605 dimittam
957 5549 1046 5603 ei?
1070 5564 1223 5615 usque
1245 5550 1463 5619 septies?
1485 5546 1628 5601 Dixit
1650 5547 1727 5601 illi
1749 5546 1839 5600 Je-

239 5660 348 5701 ιω
370 5660 388 5697 :
418 5643 536 5697 Non
558 5644 672 5697 dico
713 5643 801 5696 tibi
826 5656 983 5711 usque
1029 5641 1231 5709 septies,
1258 5641 1345 5694 sed
1386 5656 1539 5708 usque
1558 5639 1840 5710 septuagies

240 5736 466 5806 septies.
496 5734 869 5806 Superioribus
896 5733 1073 5787 verbis
1117 5730 1324 5785 Domini
1356 5739 1677 5802 provocatus
1708 5746 1840 5800 apo-

243 5832 437 5888 stolus
460 5829 669 5898 Petrus,
694 5829 857 5887 solita
866 5828 969 5884 sibi
996 5826 1188 5883 fiducia
1202 5826 1482 5889 accedens.
1498 5825 1843 5893 interrogavit

1940 3337 2097 3392 licina
2130 3339 2242 3392 fieri
2274 3338 2421 3407 jussa
2450 3346 2596 3401 sunt,
2626 3337 2749 3406 quia
2793 3346 2976 3389 sancta
3007 3333 3247 3390 Ecclesia
3300 3349 3405 3390 non
3435 3349 3523 3389 so-

1938 3428 2047 3484 lum
2078 3445 2142 3484 ex
2170 3430 2329 3497 justis
2352 3440 2401 3483 et
2428 3428 2779 3482 immaculatis
2804 3469 2819 3495 ,
2877 3442 3060 3481 verum
3096 3428 3257 3482 etiam
3296 3443 3363 3481 ex
3398 3442 3521 3489 pec-

1936 3524 2209 3578 catoribus
2243 3521 2625 3591 paenitentibus
2663 3530 2719 3577 et
2772 3521 3045 3575 conversis
3094 3520 3293 3575 existit.
3356 3519 3523 3587 Hujus

1938 3614 2144 3669 numeri
2184 3623 2573 3667 sacramentum
2618 3610 2806 3666 Petrus
2858 3610 3132 3679 apostolus
3195 3624 3519 3682 agnoscens,

1932 3707 2071 3762 Juda
2099 3707 2328 3775 perdito,
2359 3704 2527 3759 uoluit
2550 3706 2820 3774 apostolos
2850 3706 2901 3756 in
2946 3702 3240 3758 uudenario
3294 3718 3520 3759 numero

1938 3814 2271 3871 permanere,
2303 3798 2417 3864 sed,
2451 3797 2622 3853 electo
2657 3798 2872 3850 Mattbia
2896 3836 2914 3864 ,
2963 3796 3339 3852 duodeuariam
3371 3814 3521 3852 sum-

1937 3903 2081 3946 mam
2106 3890 2313 3944 curavit
2355 3888 2625 3957 supplere.
2658 3886 2973 3957 Septuagies
3024 3886 3221 3955 septies
3243 3902 3371 3956 ergo
3414 3886 3519 3941 Do-

1936 3984 2110 4038 minus
2138 3980 2409 4051 praecepit,
2432 3987 2492 4033 ut
2527 3979 2772 4033 ostendat
2796 3978 2919 4047 quia
2967 3978 3175 4047 quoties
3204 3986 3257 4031 et
3306 3976 3520 4046 quoties

1936 4074 2127 4145 aliquis
2160 4073 2477 4143 peccaverit,
2516 4079 2671 4126 toties
2714 4081 2766 4124 et
2815 4068 2971 4124 toties
3016 4069 3064 4123 ei
3120 4067 3425 4133 dimittere,
3468 4076 3521 4123 et

1938 4181 2205 4237 nunquam
2237 4164 2554 4220 dimittenda
2588 4179 2801 4218 cessare
2851 4165 3128 4218 debemus.
3179 4161 3331 4229 Quod
3373 4163 3516 4217 enini

1939 4276 2035 4330 per
2064 4260 2203 4314 hunc
2228 4272 2508 4312 numerum
2539 4264 2875 4324 peceatorum
2903 4255 3231 4325 significatur
3247 4253 3510 4320 remissio,

1936 4350 2065 4405 illud
2093 4363 2302 4418 quoque
2338 4347 2666 4413 manifestat,
2698 4346 2836 4415 quod
2881 4346 3067 4400 beatus
3111 4344 3281 4400 Lucas
3311 4343 3515 4398 catalo-

1939 4460 2061 4515 gum
2098 4441 2388 4496 Douiiuicae
2419 4438 2778 4508 generationis
2807 4437 3137 4506 septuaginta
3188 4447 3390 4505 septem
3418 4451 3514 4506 ge-

1940 4534 2309 4592 nerationibus
2340 4531 2663 4599 terminavit,
2691 4529 2951 4599 incipiens
2988 4545 3019 4584 a
3068 4529 3292 4600 Josepb,
3326 4541 3380 4585 et
3421 4545 3514 4585 us-

1940 4642 2043 4697 que
2075 4626 2139 4679 ad
2174 4627 2344 4694 ipsum
2406 4623 2571 4677 Deum
2618 4623 2942 4677 conditorem
2991 4624 3331 4692 perveniens.
3387 4622 3522 4688 Quia

1942 4718 2088 4773 enim
2120 4717 2214 4771 Dei
2245 4715 2407 4771 Filius
2434 4715 2498 4769 ad
2521 4715 2773 4769 solvenda
2804 4706 2985 4769 mundi
3011 4725 3222 4783 peccata
3248 4714 3515 4783 veniebat,

1943 4811 2063 4865 ideo
2083 4810 2202 4879 jure
2241 4809 2355 4877 ejus
2384 4808 2678 4863 iuearnatio
2708 4808 3041 4876 septuaginta
3062 4815 3267 4875 septem
3294 4820 3523 4876 genera-

1949 4904 2179 4959 tionibus
2230 4905 2447 4967 texitur,
2486 4910 2541 4955 et
2573 4900 2674 4954 hoc
2701 4899 3056 4955 ascendendo.
3092 4900 3224 4964 Quia
3278 4894 3524 4953 videlicet

1950 4994 2183 5050 FiliiDei
2218 4993 2513 5048 iucarnatio
2534 5000 2711 5047 nostra
2740 4991 2833 5045 fuit
2863 4991 3148 5056 exaltatio;
3180 4999 3233 5044 et
3257 4989 3395 5045 unde
3432 4987 3523 5043 ille

1945 5088 2245 5153 descendit,
2260 5088 2383 5142 inde
2396 5096 2572 5140 nostra
2593 5085 2827 5156 abjectio
2839 5082 3126 5138 ascendere
3142 5082 3350 5136 meruit.
3367 5080 3521 5148 Quod

1943 5195 2073 5237 vero
2102 5181 2185 5233 bic
2210 5193 2464 5232 numerus
2495 5192 2559 5230 ex
2586 5175 2887 5244 septenario
2917 5182 2972 5229 et
2992 5173 3285 5229 uudenario
3331 5171 3520 5227 multi-

1945 5272 2169 5342 plicatus
2198 5271 2455 5336 exsurgit,
2486 5267 2747 5336 significat
2773 5265 2893 5334 quia
2942 5263 3115 5320 omnis
3179 5272 3518 5333 peccatorqu

1946 5362 2192 5419 remissio
2217 5376 2309 5430 per
2347 5360 2570 5429 gratiam
2597 5359 2826 5426 Spiritus
2856 5357 3025 5412 sancti
3058 5358 3136 5423 fit,
3161 5355 3315 5427 cujus
3364 5353 3521 5410 donis

1946 5457 2140 5526 privari
2169 5463 2441 5508 merentur
2469 5452 2771 5521 quicunque
2810 5450 3061 5505 fratribus
3088 5451 3139 5504 in
3161 5465 3219 5505 se
3248 5450 3521 5520 peccanti-

1942 5548 2039 5602 bus
2071 5545 2340 5601 dimittere
2369 5542 2655 5597 noluerint.
2686 5542 2824 5597 Sane
2853 5543 3008 5596 aliter
3036 5540 3186 5595 fratri
3219 5539 3517 5611 ptenitenti,

1941 5638 2098 5694 aliter
2128 5634 2463 5706 praecipimur
2490 5632 2703 5687 inimico
2756 5634 3096 5701 persequenti
3133 5632 3340 5686 veniam
3363 5631 3515 5686 dare.

1944 5732 2079 5790 Huic
2104 5744 2333 5800 namque
2382 5726 2754 5783 dimittendum
2795 5733 2896 5792 est,
2930 5736 3146 5795 accepta
3198 5724 3516 5781 remissione

1943 5824 2172 5893 peccati,
2199 5840 2304 5895 quo
2330 5839 2428 5879 nos
2463 5824 2699 5879 insontes
2720 5821 2879 5887 besit,
2912 5829 2969 5876 ut
3015 5821 3161 5876 socia
3190 5819 3384 5875 deliine
3409 5830 3512 5873 noe
