3972 6340
548 314 675 374 1271

1400 310 1605 367 PAULI
1649 304 1923 365 DIACONI
1958 303 2115 362 OPP.
2158 302 2335 362 PARS
2374 305 2435 362 ΙΙ.
2475 337 2547 352 -—
2578 308 2936 365 ASCETICA.

3578 332 3670 389 ηπ

545 445 657 500 ipsa
686 443 807 485 cum
839 429 1060 484 artubus
1090 438 1145 483 et
1174 429 1322 483 venis
1343 438 1588 497 suscepta
1616 428 1776 482 tuerit
1801 434 1857 481 et
1883 424 2126 487 decocta,
2157 420 2211 482 Δ
2235 429 2290 475 et
2315 423 2536 477 avaritia
2558 466 2594 504 ,_
2613 425 2928 490 ueterisque
2960 424 3098 478 vrtiis
3123 427 3358 486 sordidam
3383 446 3547 504 gestare
3568 461 3671 503 men.

547 536 644 590 per
676 522 913 574 occultos
945 531 1168 587 meatus,
1200 535 1334 589 quos
1366 535 1523 589 poros
1554 520 1757 583 dicunt,
1786 516 1853 571 ad
1882 514 2133 570 inferiora

546 612 819 682 purganda
846 613 1115 673 dilabitur.
1139 621 1191 668 et
1218 614 1295 668 sic
1322 613 1374 667 in
1401 628 1672 667 secessum
1699 610 1865 664 vadit.
1892 609 2020 675 Quae
2040 624 2133 659 au-

541 715 639 759 tem
671 708 947 773 procedunt
978 708 1041 760 de
1063 724 1178 773 ore,
1213 708 1278 763 de
1310 709 1461 761 corde
1488 716 1701 770 exeunt,
1737 715 1782 760 et
1813 722 1874 760 ea
1902 704 2133 769 coinqui-

541 808 666 852 nant
695 801 967 855 hominem.
993 799 1069 853 De
1094 802 1245 855 corde
1272 802 1407 855 enim
1442 811 1623 855 exeunt
1652 799 1980 869 cogitationes
2012 813 2132 849 ma-

541 891 638 957 ιω,
683 889 990 957 homicidia,
1032 893 1316 958 adulteria,
1359 894 1748 962 fornicationes,
1786 892 1953 954 furta,
1996 889 2131 959 falsa

540 984 828 1037 testimonia
846 1028 860 1053 ,
890 984 1241 1053 blasphemia.
1265 985 1566 1040 Notandum
1591 984 1732 1055 quod
1760 983 2016 1037 Dominus
2038 996 2128 1035 co-

536 1075 819 1147 gitationes
865 1076 1033 1131 malas
1081 1078 1148 1131 de
1191 1078 1353 1133 corde
1399 1077 1530 1133 dicit
1575 1078 1746 1132 exire.
1796 1076 1930 1132 Nam
1977 1076 2132 1134 Plato

537 1167 890 1237 philoSoplius
916 1167 1045 1222 dicit
1076 1170 1256 1225 sedem
1288 1168 1481 1225 animae
1511 1170 1564 1224 in
1593 1170 1818 1225 cerebro
1849 1183 2002 1237 esse,
2033 1167 2129 1224 sed

537 1266 748 1327 Oportet
776 1269 832 1313 ut
863 1259 1291 1329 principaliorem
1322 1263 1504 1317 sedem
1542 1264 1735 1318 animae
1762 1263 1816 1318 in
1846 1263 2010 1318 corde
2038 1277 2126 1317 ac-

536 1352 819 1420 cipiamus,
845 1351 931 1407 ubi
956 1354 1104 1419 quasi
1139 1354 1191 1407 in
1219 1354 1447 1424 quodam
1479 1354 1778 1410 meditullio
1802 1356 2121 1419 consistens,

534 1444 881 1514 cogitationes
922 1445 1188 1514 diSponit,
1230 1456 1284 1503 et
1327 1449 1583 1504 membris
1624 1450 1864 1517 corporis
1910 1448 2124 1503 vitalem

533 1539 906 1595 subministrat
947 1540 1219 1596 allectum.
1252 1540 1421 1598 Simul
1453 1543 1613 1598 etiam
1649 1544 1747 1599 bac
1776 1544 2001 1599 scientia
2033 1558 2120 1597 ar-

535 1642 772 1704 guuntur
798 1632 889 1705 qui
912 1634 1094 1689 dicunt
1123 1636 1475 1705 cogitationes
1504 1653 1531 1689 a
1562 1638 1777 1692 diabolo
1806 1639 2040 1702 immitti,
2072 1648 2125 1694 et

532 1740 640 1779 non
671 1740 737 1781 ex
770 1728 982 1795 propria
1013 1728 1284 1783 voluntate
1308 1730 1474 1784 nasci.
1512 1730 1761 1785 Diabolus
1790 1733 1932 1787 enim
1963 1731 2119 1801 adju-

531 1826 617 1873 tur
652 1827 708 1874 et
749 1818 995 1876 incensor
1039 1833 1160 1875 esse
1204 1830 1379 1890 potest
1418 1823 1673 1876 malarum
1715 1824 2115 1892 cogitationum,

527 1922 714 1969 auctor
749 1929 879 1968 vero
922 1929 1041 1970 esse
1082 1930 1185 1969 non
1237 1927 1430 1985 potest.
1471 1917 1577 1973 Sed
1609 1934 1944 1989 nequaquam
1980 1920 2120 1973 reci-

529 2006 782 2076 piendum
823 2015 907 2062 est
949 2007 1216 2063 diabolum
1259 2022 1467 2065 secreta
1505 2010 1683 2065 cordis
1724 2004 1885 2080 posse
1914 2011 2118 2066 rimari.

526 2094 624 2153 Ille
649 2100 790 2155 enim
820 2114 1033 2168 semper
1060 2102 1110 2155 in
1142 2100 1351 2157 insidiis
1385 2105 1618 2169 positus,
1645 2104 1770 2173 quid
1796 2105 1976 2160 animo
2003 2121 2121 2160 ver-

526 2206 731 2259 scmus,
756 2209 824 2248 ex
857 2194 1038 2248 habitu
1063 2202 1117 2247 et
1142 2196 1380 2265 gestibus
1404 2196 1571 2264 ipsius
1595 2196 1838 2265 corporis
1867 2197 2118 2263 aestimat,

525 2298 645 2341 cum
688 2294 863 2340 tamen
908 2285 1117 2353 penitus
1161 2287 1513 2354 cegitationes
1550 2288 1728 2342 cordis
1768 2298 1997 2358 nequeat
2039 2289 2118 2342 in-

525 2378 705 2443 tueri,
732 2378 872 2444 quod
912 2379 1011 2433 sibi
1052 2380 1149 2431 soli
1192 2381 1485 2433 reservavit
1526 2382 1607 2433 cui
1645 2382 1843 2437 dictum
1876 2391 2001 2437 est:
2039 2381 2117 2436 Tu

524 2466 668 2524 solus
710 2469 845 2522 nosti
874 2472 1028 2523 corda
1067 2471 1293 2538 ﬁliorum
1332 2472 1591 2526 hominum
1633 2472 1764 2543 (Ill
1799 2474 1925 2545 Reg.
1958 2475 2111 2545 vin).

522 2559 656 2618 Cum
684 2576 811 2629 ergo
842 2563 985 2629 ipsas
1011 2563 1363 2631 cogitationes
1386 2566 1565 2619 videre
1594 2582 1696 2619 non
1723 2567 1911 2633 possit,
1945 2568 2112 2637 signis

524 2653 844 2725 quibusdam
874 2664 927 2710 et
960 2655 1188 2710 motibus
1230 2657 1347 2712 illas
1388 2658 1760 2729 deprehendit.
1798 2659 1954 2715 Verbi
1984 2677 2110 2730 gra-

522 2745 590 2802 tia
626 2763 641 2801 :
672 2747 721 2801 si
758 2762 855 2803 nos
884 2748 1073 2802 viderit
1101 2750 1376 2819 pulchram
1410 2752 1687 2807 mulierem
1715 2753 1907 2808 crebro
1936 2754 2107 2823 inspi-

520 2853 667 2904 cere,
696 2839 942 2909 intelligit
968 2854 1061 2893 cor
1090 2843 1288 2895 amoris
1308 2841 1488 2910 jaculo
1515 2846 1871 2911 vulneratum,
1901 2854 1954 2900 et
1980 2860 2105 2914 pra-

518 2934 598 2990 vis
633 2936 1059 3006 suggestionibus
1098 2937 1339 2991 stimulat
1374 2937 1441 2992 ad
1479 2935 1875 2995 fornicandum.
1918 2941 1975 2995 Si
2008 2956 2104 2996 nos

516 3036 701 3083 contra
733 3030 1030 3099 proximum
1063 3045 1342 3086 rancorem
1370 3033 1549 3098 vocis,
1592 3035 1672 3088 vel
1714 3044 1917 3090 trucem
1949 3049 2105 3105 aspe-

515 3131 663 3178 ctum
694 3123 873 3179 levare
901 3126 1269 3193 conspexerit,
1303 3126 1548 3195 intelligit
1585 3141 1679 3182 cor
1708 3126 1903 3182 invidia
1941 3128 2101 3182 tabe-
2129 3153 2176 3217 ρ

514 3230 695 3284 scere,
728 3218 911 3285 sicque
947 3232 1040 3285 per
1069 3217 1205 3271 iram
1236 3218 1302 3273 ad
1334 3217 1604 3273 homicidii
1651 3220 1853 3274 facinus
1884 3221 2096 3275 inﬂam-

513 3316 644 3363 mat.
674 3308 730 3364 Si
752 3308 1073 3378 jejunioruin
1100 3320 1339 3380 tempore
1371 3312 1566 3365 viderit
1595 3326 1688 3365 nos
1716 3313 1781 3366 ad
1809 3309 2099 3369 fenestram

515 3403 709 3461 Crebro
748 3406 1049 3474 respicere,
1089 3414 1143 3458 et
1184 3405 1235 3458 in
1275 3403 1404 3459 solis
1448 3406 1596 3458 radio
1624 3405 1884 3461 curiosius
1915 3407 2099 3461 horam

515 3499 809 3565 denotare,
837 3503 976 3569 gulae
1018 3499 1149 3554 vitio
1190 3499 1458 3554 convincit
1498 3500 1731 3554 animum
1779 3502 2095 3556 sanciatum.

513 3589 570 3648 Si
598 3606 960 3662 gemmarum,
993 3592 1073 3645 vel
1098 3590 1245 3657 auri,
1278 3590 1360 3644 vel
1386 3589 1740 3659 quarumlibet
1770 3605 1945 3647 rerum
1979 3592 2097 3661 pul-

516 3683 870 3740 chritudinem
897 3697 992 3739 nos
1019 3684 1270 3739 ardenter
1300 3683 1491 3737 intueri
1514 3684 1874 3752 conspexerit,
1905 3685 2099 3740 intelli-

514 3775 591 3847 git
620 3776 671 3830 in
702 3776 861 3831 corde
889 3775 1056 3831 latere
1083 3779 1277 3831 malum
1309 3778 1567 3843 avaritim,
1595 3787 1651 3831 et
1685 3777 1881 3832 idcirco
1909 3792 2098 3848 provo-

511 3878 598 3921 cat
626 3866 692 3920 ad
718 3866 875 3922 furta.
899 3865 1290 3921 Attendendum
1318 3883 1441 3922 vero
1462 3868 1601 3937 quod
1633 3870 1748 3923 hac
1775 3884 1894 3938 quat
1914 3878 2096 3939 aperta

510 3970 634 4015 sunt
663 3974 823 4029 Opera
846 3999 863 4026 ,
892 3960 1138 4014 Salvator
1160 3960 1512 4030 cogitationes
1544 3960 1802 4028 appellat,
1833 3961 1958 4030 quia
1992 3962 2095 4028 pri-

515 4068 659 4107 mum
708 4055 1143 4123 concupiscentia
1193 4055 1352 4109 corde
1403 4063 1659 4122 concepta
1712 4055 2094 4123 cogitationum

515 4143 751 4201 fontibus
783 4148 1032 4211 nutritur,
1061 4157 1113 4201 et
1142 4147 1222 4201 sic
1247 4146 1459 4201 demum
1488 4150 1551 4200 ad
1581 4148 1944 4215 Operationem
1974 4161 2095 4216 per-

508 4238 740 4293 ducitur.
792 4238 859 4293 Et
904 4224 1025 4294 ideo
1082 4240 1337 4295 Dominus
1385 4239 1497 4294 haec
1542 4253 1702 4307 opera
1745 4240 2094 4309 cogitationes

506 4339 663 4385 vocat
693 4347 711 4388 :
749 4346 976 4400 quorum
1023 4331 1213 4386 indicia
1263 4331 1429 4386 hostis
1457 4331 1681 4386 callidus
1709 4346 1807 4401 per
1834 4330 2093 4401 quasdam

511 4426 851 4480 habitudines
899 4441 1108 4482 morum
1163 4428 1526 4496 investigans,
1581 4426 1867 4480 humanum
1923 4441 2094 4496 genus

2240 520 2366 566 tem.
2397 514 2552 568 Tales
2584 502 2748 569 .enim
2786 525 2931 570 recte
2976 529 3327 583 comparantur
3350 502 3557 591 sepulcris
3575 502 3673 593 deal-

2235 600 2401 671 batis,
2435 621 2552 674 quae
2580 622 2607 658 a
2642 605 2770 661 foris
2798 607 3082 661 candidata
3109 610 3347 680 videntur,
3387 619 3561 676 interius
3589 644 3674 687 vero

2233 696 2477 751 sordibus
2503 709 2557 753 et
2594 699 2734 753 findo
2773 700 3035 754 cadavere
3066 702 3210 770 plena
3250 716 3375 759 sunt.
3412 710 3521 779 Ergo
3551 732 3677 775 securi.

2230 788 2357 843 dum
2391 792 2699 858 Apostolum
2731 794 3036 848 mundemus
3067 811 3153 847 nos
3173 796 3232 849 ab
3260 801 3379 851 omni
3403 788 3677 867 inminentem

2231 881 2398 935 carnis
2438 892 2485 936 et
2528 885 2740 952 spiritus
2781 885 2877 955 (ll
2918 885 3038 940 Cor.
3066 886 3168 957 vn)
3210 905 3222 941 ;
3259 902 3511 961 satagamus
3548 900 3681 957 habere

2231 976 2481 1030 mundam
2515 979 2744 1032 animam
2780 981 2829 1032 in
2867 995 3091 1048 corpore
3120 982 3329 1049 mundo,
3357 996 3405 1039 ut
3432 988 3495 1042 sic
3516 994 3683 1057 perticis.

2231 1085 2350 1123 mus
2379 1070 2854 1126 sanctificationem
2885 1073 2936 1126 in
2966 1075 3155 1129 timore
3178 1075 3377 1145 Christi,
3397 1080 3469 1133 cui
3491 1091 3554 1135 est
3571 1083 3685 1141 liuuor

2230 1172 2286 1221 et
2310 1165 2481 1236 gloria
2504 1166 2558 1221 in
2588 1168 2782 1221 sacula
2810 1170 3148 1222 saeculorum.
3179 1171 3354 1225 Amen.

2766 1282 3047 1340 HOMILIA
3097 1283 3272 1340 XCIV.

2614 1392 2667 1431 ιι(
2689 1393 2849 1432 nam
2868 1394 3060 1441 QUINTA
3089 1393 3215 1432 POS'I'
3248 1376 3403 1435 Oculi.

2300 1489 2367 1544 In
2386 1490 2480 1545 illo
2508 1498 2734 1561 tempore
2761 1508 2972 1564 surgens
2992 1491 3148 1547 Iesus
3178 1492 3239 1546 de
3266 1509 3510 1563 synagoga,
3534 1494 3687 1547 introivit

2224 1586 2277 1640 in
2299 1587 2506 1640 domum
2537 1585 2785 1653 Simonis,
2817 1600 2920 1643 etc.
2948 1589 3102 1661 (Luc.
3131 1588 3225 1658 tv).

2299 1678 2582 1735 Homiliam
2610 1683 2808 1749 require
2833 1683 3040 1736 sabbato
3073 1693 3184 1751 post
3208 1680 3520 1737 Pentecosten.

2774 1797 3056 1853 HOMILIA
3101 1798 3186 1852 XC
3198 1798 3252 1853 ιτ.

2621 1910 2675 1949 IN
2703 1908 2860 1948 FBBIA
2898 1908 3068 1947 sexu
3093 1909 3220 1947 pusr
3245 1892 3400 1946 Oculi.

2296 2008 2363 2063 In
2397 2007 2491 2062 illo
2537 2017 2762 2076 tempore
2790 2008 2923 2060 venit
2951 2006 3105 2059 Iesus
3152 2009 3204 2059 in
3244 2006 3469 2059 ciuitatem
3494 2004 3693 2060 Samarita-

2222 2118 2429 2168 norum,
2451 2118 2566 2170 qua:
2595 2111 2804 2155 vocatur
2834 2101 3053 2163 Sic/tor,
3086 2102 3239 2170 juxta
3269 2101 3491 2169 prtediunt
3511 2101 3614 2169 quod
3633 2099 3692 2152 dt-

2222 2194 2299 2249 dit
2327 2184 2489 2248 Iacob
2515 2195 2709 2263 Ioseph
2753 2194 2863 2263 ﬁlio
2891 2210 3004 2249 suo.
3036 2192 3163 2247 Erat
3188 2202 3349 2246 autem
3376 2191 3436 2244 ibi
3455 2191 3549 2254 {om
3568 2189 3692 2255 Iacob,

2220 2296 2323 2342 etc.
2356 2284 2539 2355 (Ioan.
2574 2284 2669 2357 tv).

2290 2383 2365 2433 Ex
2401 2378 2500 2433 hac
2553 2378 2785 2433 lectione
2828 2391 2952 2433 vera
3000 2376 3166 2430 uestri
3209 2372 3693 2443 Redemptoris,quatn

2216 2487 2282 2529 ex
2306 2470 2459 2526 nobis
2483 2480 2536 2524 et
2565 2484 2662 2540 pro
2683 2469 2841 2524 nobis
2873 2469 3191 2536 assumpsit,
3210 2466 3483 2521 humanitas
3498 2478 3694 2517 C(lltlmt‘llr

2215 2564 2392 2619 datur.
2474 2562 2606 2615 Cum
2648 2561 2790 2616 enim
2846 2569 2992 2616 esset
3043 2575 3201 2614 verus
3250 2558 3404 2613 Filius
3454 2556 3558 2621 Dei,
3593 2555 3696 2607 beate

2214 2669 2456 2711 summus
2500 2663 2555 2708 et
2602 2667 2812 2708 summe
2861 2653 3092 2719 beatus,
3140 2653 3273 2706 bona
3313 2648 3693 2705 cunctatribueus,

2214 2747 2411 2803 nullius
2441 2760 2604 2818 egens
2625 2790 2640 2813 ,
2674 2753 2896 2816 propter
2923 2760 3020 2799 nos
3050 2741 3388 2799 redimendos
3407 2740 3541 2795 homo
3563 2739 3694 2799 lactus,

2211 2838 2286 2894 ita
2319 2854 2438 2894 sese
2467 2848 2665 2893 nostra:
2710 2837 3006 2892 infirmitati
3061 2832 3486 2906 contemperavit,
3515 2839 3559 2883 ut
3576 2827 3694 2882 omnia

2208 2946 2329 3003 quae
2346 2940 2538 2985 nostrae
2559 2930 2823 3001 fragilitati
2839 2929 3188 2994 conveniunt,
3213 2930 3263 2984 in
3277 2943 3352 2991 se,
3368 2933 3695 2994 exceptopecca-

2208 3035 2286 3090 to,
2308 3024 2626 3092 susciperet.
2652 3024 2890 3094 Denique
2905 3022 2953 3077 is
2975 3024 3061 3092 qui
3098 3024 3253 3093 panis
3281 3023 3394 3076 vitzc
3417 3028 3532 3084 erat,
3552 3011 3694 3076 esuriit,

2207 3119 2326 3175 fons
2349 3120 2568 3190 justitiae
2602 3120 2763 3173 sitivit
2793 3137 2805 3171 :
2841 3118 3090 3188 fatigatus
3123 3125 3298 3173 estex
3322 3109 3698 3180 itinere,quienl

2208 3214 2294 3268 via
2324 3231 2337 3266 :
2368 3213 2565 3281 quique
2614 3213 2700 3266 lux
2732 3222 2847 3265 erat
2896 3209 3119 3277 mundi,
3152 3219 3334 3266 nostro
3364 3206 3566 3275 permisit
3584 3212 3696 3255 mem-

2212 3305 2310 3361 bra
2341 3306 2544 3375 sopori.
2590 3304 2745 3358 Modo
2768 3319 2963 3375 nempe
2990 3304 3065 3357 ait
3101 3301 3460 3373 evangelista:
3487 3289 3694 3362 lamini-

2207 3408 2357 3470 gatus
2390 3413 2455 3451 ea:
2486 3397 2689 3466 itinere,
2720 3397 2926 3451 sedebat
2964 3399 3036 3451 sic
3063 3413 3223 3462 super
3246 3397 3445 3466 fontem.
3468 3389 3550 3447 Sed
3570 3385 3686 3439 νίάειιο

2206 3490 2331 3544 dum
2354 3505 2419 3544 ex
2443 3505 2551 3555 quo
2580 3489 2773 3545 itinere
2798 3489 3056 3544 Dominus
3087 3490 3342 3560 fatigatus
3368 3486 3560 3541 dicatur.
3574 3477 3689 3545 Sum

2205 3582 2397 3651 legitur
2418 3581 2562 3651 quod
2587 3598 2707 3636 cum
2750 3581 2987 3637 audisset
3016 3581 3181 3637 Iesus
3204 3581 3326 3651 quia
3358 3579 3571 3633 dixerunt
3590 3568 3690 3622 deeo

2206 3675 2459 3744 phariswi
2505 3675 2646 3744 quod
2707 3675 2889 3746 plures
2938 3674 3239 3745 discipulos
3292 3672 3412 3727 facit
3453 3678 3500 3722 et
3540 3660 3695 3730 bapliul

2205 3786 2366 3841 quam
2417 3768 2654 3825 Joannes
2677 3812 2693 3838 ,
2745 3771 2984 3839 quamvis
3010 3770 3171 3827 Jesus
3202 3771 3319 3834 ipse
3347 3783 3441 3822 non
3468 3759 3695 3832 baptizare.

2201 3861 2297 3917 sed
2334 3861 2585 3929 discipuli
2636 3861 2750 3931 ejus
2774 3901 2789 3927 ,
2821 3861 3037 3932 reliquit
3065 3862 3335 3928 Iudaeam,
3377 3868 3425 3914 et
3446 3855 3556 3912 abiit
3570 3851 3699 3905 iterum

2199 3953 2252 4008 in
2284 3953 2583 4009 Galilaeam.
2640 3953 2785 4007 Venit
2807 3969 2929 4025 ergo
2956 3956 3009 4007 in
3031 3954 3292 4008 ciuitatem
3315 3947 3697 4007 Samaritanorum.

2199 4060 2313 4115 qum
2334 4045 2527 4098 dicitur
2555 4044 2762 4110 Sichar,
2802 4024 2957 4115 juxta
2999 4045 3259 4115 prrediunt
3289 4041 3421 4114 quod
3449 4037 3565 4092 dedit
3593 4024 3699 4083 Ιαίοδ

2198 4138 2310 4207 ﬁlio
2344 4153 2439 4191 suo
2465 4136 2679 4208 Ioseph,
2711 4137 2798 4191 ubi
2827 4147 2933 4190 erat
2965 4140 3082 4208 fons
3110 4135 3307 4200 Iacob;
3334 4148 3394 4187 ac
3429 4125 3610 4189 deinde,

2196 4248 2284 4285 sus
2327 4232 2579 4301 fatigatus
2620 4246 2686 4285 ea:
2738 4232 2940 4285 itinere.
2990 4230 3094 4285 Pro
3122 4230 3280 4285 nobis
3309 4239 3432 4295 ergo
3454 4231 3502 4278 et
3526 4233 3579 4274 ex
3601 4210 3701 4268 nobis

2198 4324 2411 4394 fatigari
2446 4324 2621 4393 potuit
2643 4368 2658 4391 ,
2711 4326 2802 4393 qui
2833 4324 2885 4377 in
2916 4338 2976 4379 se
3003 4332 3153 4378 motu
3184 4320 3391 4377 stabilis
3417 4325 3467 4372 et
3491 4321 3605 4368 statu
3624 4316 3695 4359 uio-

2196 4416 2321 4471 bilis
2347 4431 2561 4485 semper
2594 4416 2719 4469 fuit.
2758 4416 2994 4471 Sedebat
3018 4431 3184 4486 super
3213 4415 3433 4477 fontem,
3473 4416 3523 4460 ut
3547 4398 3701 4458 lassitu-

508 4516 756 4584 decipere
798 4517 1046 4585 festinat,
1091 4526 1145 4572 et
1181 4519 1245 4572 ad
1285 4488 1487 4589 agenda
1526 4534 1643 4588 qua:
1674 4518 1882 4572 divinus
1914 4534 2092 4575 sermo
2124 4544 2177 4604 ι)
2199 4511 2340 4566 dinis
2377 4511 2779 4566 incommOdum
2807 4511 3097 4566 τθιθνπθίο
3130 4509 3201 4565 Εῑ
3234 4517 3502 4578 Ρθτεθηδω
3525 4496 3703 4604 εί

512 4610 788 4676 prohibet,
836 4608 1084 4680 instigat,
1133 4619 1192 4664 ut
1236 4609 1505 4667 hominem
1553 4612 1616 4664 ad
1669 4612 1949 4682 imaginem
1999 4612 2091 4668 Dei

511 4700 783 4755 conditum
813 4701 1034 4769 polluat.
1072 4702 1223 4757 Unde
1251 4712 1304 4757 ct
1335 4702 1610 4768 Dominus,
1642 4706 1966 4759 enumeratis
1995 4721 2092 4764 (o-

523 4795 866 4859 gitationibus
897 4794 1070 4860 malis,
1101 4793 1371 4864 subjnnsit
1398 4814 1409 4848 ε
1438 4794 1567 4850 ch
1587 4808 1703 4850 sunt
1732 4813 1844 4866 quae
1870 4799 2093 4866 coinqui-

520 4896 644 4942 nant
672 4888 924 4941 hominem
952 4900 969 4940 :
1001 4902 1101 4941 non
1148 4886 1265 4940 lotis
1299 4898 1465 4940 autem
1504 4889 1733 4941 manibus
1763 4888 2090 4955 manducare,

516 4998 615 5034 non
646 4981 939 5051 coinquinat
964 4979 1235 5034 hominem.
1261 4979 1365 5035 Sed
1398 4978 1651 5034 Pharisaei
1678 4980 1829 5050 juxta
1861 4980 2091 5037 litteram

520 5081 710 5129 cuncta
741 5072 1095 5142 accipientes,
1126 5081 1182 5127 et
1205 5072 1495 5141 spiritualia
1528 5072 1902 5142 prephetarum
1935 5074 2092 5130 verba

519 5164 866 5235 spiritualiter
908 5164 1206 5234 intelligere
1245 5165 1519 5230 nolentes,
1559 5179 1891 5235 quaecunque
1922 5166 1995 5222 illi
2026 5168 2093 5225 de

520 5257 697 5313 cordis
724 5256 883 5311 simul
907 5267 961 5312 et
1001 5256 1245 5326 corporis
1284 5256 1541 5311 munditia
1572 5255 1975 5327 praecipiebant,
2006 5258 2086 5314 di-

518 5360 706 5407 centes
736 5367 751 5406 :
783 5349 1079 5417 Lavomini,
1119 5351 1297 5403 mundi
1335 5360 1488 5403 estote
1523 5348 1666 5420 (lsa.
1695 5349 1772 5421 ι).
1815 5349 1883 5405 Ει
1920 5352 2040 5407 alibi
2072 5372 2086 5409 :

522 5442 850 5499 Mundamini
874 5442 962 5510 qui
986 5442 1127 5509 fertis
1153 5458 1272 5496 uasa
1301 5440 1514 5495 Domini
1540 5444 1557 5510 (
1572 5440 1679 5497 Isa.
1705 5442 1830 5514 ιιι),
1862 5447 1975 5500 haec
2003 5446 2089 5502 isti

523 5537 578 5591 in
605 5535 717 5589 sola
741 5548 1023 5603 corporum
1053 5532 1345 5588 munditate
1369 5535 1625 5589 servanda
1655 5536 1957 5592 credebant.
1984 5538 2090 5593 Sed

516 5628 715 5681 frustra
746 5640 933 5679 manus
960 5626 1278 5691 abluebant,
1308 5625 1500 5680 frustra
1543 5627 1966 5697 baptizabantur,
1999 5632 2085 5700 qui

517 5716 669 5772 fonte
699 5715 989 5771 Salvatoris
1026 5718 1168 5771 ablui
1200 5721 1627 5775 contemnebant.
1672 5720 1775 5775 Sed
1806 5723 1929 5791 quid
1970 5738 2084 5789 pro-

524 5811 645 5868 dest
670 5811 908 5868 exterius
932 5811 1287 5869 excandidare
1310 5824 1516 5882 cutem,
1559 5824 1613 5870 st
1640 5814 1863 5871 interius
1890 5815 2086 5871 invidia

2200 4614 2361 4659 tatem
2387 4605 2623 4674 magistri
2654 4602 2993 4658 intendebat.
3017 4601 3224 4657 Sedere
3256 4610 3477 4666 namque
3497 4587 3702 4682 magis"?

2197 4716 2312 4755 rum
2341 4709 2445 4755 est.
2498 4698 2659 4755 Venit
2687 4713 2816 4768 ergo
2848 4697 3107 4752 Dominus
3136 4698 3193 4752 in
3226 4694 3493 4749 civitatem
3534 4686 3703 4738 Samm-

2198 4802 2443 4847 tanorum
2471 4832 2487 4856 ,
2532 4800 2591 4845 ut
2638 4790 2741 4845 illis
2775 4804 2987 4858 quoque
3030 4790 3083 4844 in
3119 4787 3352 4843 transitu
3393 4777 3701 4866 doctrinae

2197 4884 2514 4940 beneficium
2553 4883 2875 4951 impertiret.
2919 4882 2999 4936 Ad
3031 4882 3290 4952 prcdium
3317 4891 3439 4932 vero
3469 4868 3586 4943 quod
3607 4858 3702 4916 Ml"

2194 4978 2355 5033 Iacob
2408 4976 2516 5045 ﬁlio
2558 4992 2648 5030 suo
2691 4975 2883 5042 Ioseph
2929 4975 3158 5029 accessit
3202 4972 3423 5032 idcirco,
3454 4972 3505 5020 ut
3528 4960 3701 5016 illumse

2194 5088 2315 5129 esse
2348 5075 2657 5127 ostenderet
2690 5084 2849 5139 quem
2877 5077 3094 5124 sanctus
3114 5067 3319 5135 Ioseph
3341 5050 3700 5132 praesignaverat,

2194 5179 2358 5234 quem
2380 5177 2507 5218 vere
2536 5163 2615 5216 sol
2646 5169 2701 5217 et
2749 5162 2874 5215 luna
2914 5168 3268 5225 venerantur,
3300 5166 3356 5211 et
3381 5152 3601 5208 cuiastn
3622 5148 3701 5245 illi?

2193 5230 2281 5313 nia
2314 5256 2663 5323 famulantur,
2693 5270 2960 5325 quemque
3000 5255 3196 5309 fratres
3229 5251 3400 5321 impii,
3426 5241 3575 5303 Judazi
3598 5230 3701 5325 vide'

2194 5351 2339 5416 licet,
2373 5350 2574 5419 injusto
2604 5323 2726 5404 odio
2771 5323 3255 5418 persequebantur.
3298 5339 3443 5399 Sedit
3464 5344 3597 5405 super
3625 5323 3700 5378 lon-

2193 5442 2475 5511 tem,quia
2521 5442 2593 5497 ibi
2645 5450 2873 5496 noverat
2934 5450 3219 5496 venturam
3273 5436 3552 5493 mulierem.
3586 5429 3697 5492 ll“am

2191 5536 2512 5593 credituram
2546 5544 2671 5589 ante
2701 5535 2899 5589 saecula
2933 5533 3271 5605 praesciebat.
3314 5527 3460 5587 Unde
3483 5516 3693 5605 sequitur:

2202 5631 2347 5684 Venit
2377 5630 2557 5683 mulier
2583 5629 2647 5683 de
2675 5628 2917 5682 Samaria
2934 5600 3153 5681 haurire
3188 5641 3394 5697 aquam.
3436 5616 3555 5673 Dicit
3579 5610 3615 5663 ei
3631 5600 3694 5658 Ie"

2188 5740 2308 5779 sus:
2342 5722 2421 5777 Da
2444 5724 2571 5776 mihi
2597 5723 2782 5778 bibere.
2828 5724 2963 5790 Quid
2995 5734 3075 5778 est
3096 5722 3242 5791 quod
3289 5715 3525 5778 Dominus
3558 5721 3579 5757 ει
3604 5710 3694 5799 ψ’

2189 5820 2320 5876 liere
2344 5820 2678 5877 Samaritana
2708 5828 2897 5887 potum
2928 5818 3203 5889 exposcit,
3253 5813 3378 5882 quid
3405 5811 3453 5865 in
3480 5798 3691 5872 σαίνων
