3972 6340
226 372 356 431 1275

1177 368 1639 430 HOMlLlARlUS.
1677 397 1748 411 —
1782 366 1949 424 HOM.
1987 366 2080 423 DE
2116 364 2464 425 TEMPORE.

3342 371 3480 429 1274

228 507 317 549 ous
341 491 629 561 spiritualis
658 490 985 547 afﬂuentiam
1032 488 1199 546 fontis
1246 490 1301 545 in
1353 504 1413 545 se
1451 488 1790 545 credentibus
1817 487 1869 546 Δ
1898 488 2037 540 niam
2067 487 2167 539 huc
2195 485 2425 542 haurire.
2477 485 2565 540 Ait
2610 486 2683 540 illi
2717 485 2973 542 Dominus
2999 506 3011 541 :
3064 487 3227 554 Vade,
3256 507 3378 545 uoca
3410 494 3485 547 vi-

226 588 464 643 daturum
515 587 800 655 promisit?
840 587 941 640 Sed
984 586 1227 649 sitiebat,
1281 600 1387 637 nou
1431 592 1537 637 tam
1575 597 1788 652 aquam,

227 696 387 752 quam
417 680 657 733 mulieris
684 679 907 733 salutem
932 689 982 730 et
1014 678 1197 730 ﬁdem.
1260 676 1495 743 Denique
1526 676 1702 742 qualis
1730 670 1799 726 sit

225 775 338 828 sitis
366 773 573 828 Domini
605 788 668 826 ex
712 771 1059 841 sequentibus
1086 768 1290 833 claret,
1323 768 1410 822 ubi
1433 767 1561 821 dicit
1592 785 1605 819 ε
1650 765 1796 820 Meus

224 867 361 921 cibus
386 875 481 931 est,
506 874 560 919 ut
587 866 774 933 faciam
794 864 1101 917 voluntatem
1125 861 1298 916 Patris
1318 861 1435 913 mei.
1469 860 1649 927 Qualis
1672 873 1800 927 ergo

222 959 372 1015 cibus
393 958 526 1028 ejus,
561 957 680 1011 talis
709 968 762 1011 et
802 967 955 1024 potus
992 963 1094 1010 est.
1136 954 1246 1008 Hoc
1284 970 1411 1023 ergo
1439 952 1799 1016 desiderabat,

223 1051 330 1106 hoc
351 1050 598 1119 sitiebat,
632 1059 687 1103 ut
717 1049 767 1102 in
800 1048 889 1102 illa
925 1048 1251 1101 voluntatem
1287 1044 1461 1098 Patris
1495 1046 1800 1112 perliceret.

228 1145 331 1200 Sed
364 1142 594 1197 carnalis
623 1143 796 1196 adhuc
841 1142 1051 1206 mulier,
1096 1142 1242 1195 sitim
1278 1140 1483 1192 Domini
1516 1140 1805 1195 carnaliter

223 1238 520 1308 accipiens,
555 1238 833 1306 respondit
864 1256 876 1291 :
904 1236 1174 1305 Quomodo
1214 1246 1286 1301 tu,
1315 1250 1429 1287 cum
1462 1232 1680 1288 Iudaeus
1711 1235 1804 1300 sis,

224 1333 388 1386 bibere
413 1350 444 1386 a
473 1348 550 1386 me
575 1333 763 1401 poscis,
796 1346 909 1401 qua!
929 1346 1041 1383 sum
1070 1328 1255 1383 mulier
1284 1330 1617 1384 Samaritana
1643 1330 1667 1381 1’
1696 1330 1806 1385 lloc

224 1440 387 1492 quare
414 1425 635 1476 miretur
670 1423 905 1477 ostendit
950 1421 1321 1477 subinierens:
1374 1419 1494 1474 Non
1536 1421 1669 1475 enim
1718 1438 1807 1474 co-

226 1526 436 1570 utuntur
461 1514 631 1570 Judaei
657 1515 1023 1570 Samaritanis.
1051 1514 1173 1567 Non
1195 1523 1492 1580 contuntur,
1515 1515 1562 1568 id
1582 1522 1684 1579 est,
1701 1529 1807 1569 non

230 1609 626 1662 communicant
659 1606 1013 1662 Samaritanis
1064 1605 1267 1671 Judaei,
1320 1606 1519 1659 nullius
1553 1608 1629 1660 rei
1655 1622 1807 1661 usum

226 1718 347 1759 cum
377 1703 479 1756 illis
503 1702 719 1767 habent,
739 1717 837 1756 nec
859 1700 913 1757 in
935 1702 1114 1769 aliquo
1143 1700 1429 1770 participes
1458 1712 1581 1754 sunt
1599 1716 1806 1757 eorum.

228 1796 595 1850 Exsecrantur
635 1793 779 1848 enim
827 1794 964 1859 illos,
1014 1801 1068 1847 et
1103 1792 1322 1860 odiunt,
1376 1793 1516 1864 quod
1570 1794 1804 1863 ipsorum

1903 596 2016 633 rum
2042 589 2201 644 tuum,
2242 588 2289 632 et
2334 581 2446 633 veni
2482 579 2601 633 huc.
2664 578 2908 633 Dicitei:
2946 580 3063 634 Non
3094 581 3251 636 habeo
3289 586 3478 639 virum.

1906 674 2039 728 Dicit
2084 674 2131 730 ei
2165 673 2318 727 .lestts
2368 692 2383 726 :
2426 672 2562 727 Bene
2590 674 2760 727 dixisti
2806 674 2929 743 quia
2960 690 3059 726 non
3090 675 3246 728 habeo
3276 678 3438 732 virum
3467 694 3487 735 :

1902 768 2127 838 quinque
2156 767 2286 819 enim
2310 767 2445 819 viros
2475 766 2691 819 habuisti
2719 809 2733 831 ,
2780 777 2826 819 et
2855 784 2987 820 nunc
3010 782 3159 838 quem
3188 769 3361 836 habes,
3388 789 3489 828 non

1904 868 1979 912 est
2013 868 2128 911 tuus
2161 859 2255 912 vir.
2292 857 2523 911 Noverat
2548 866 2693 912 certe
2715 858 2971 912 Dominus
2997 858 3137 912 illam
3162 874 3266 914 non
3292 860 3491 920 habere

1906 949 2075 1001 virum
2098 988 2114 1014 ,
2150 958 2204 1003 et
2229 958 2324 1002 ista
2358 949 2674 1018 loquebatur
2705 958 2764 1003 ut
2794 950 3049 1017 paulatim
3078 966 3194 1005 eam
3226 967 3254 1006 a
3284 954 3487 1010 carnali

1910 1043 2185 1098 intellectu
2215 1043 2541 1105 retraheret,
2586 1052 2637 1095 et
2668 1043 2731 1096 ad
2766 1043 3165 1110 intelligendum
3196 1045 3310 1114 quis
3344 1056 3488 1101 esset

1910 1136 1999 1204 qui
2030 1149 2149 1189 cum
2174 1150 2236 1189 ea
2267 1135 2609 1205 loquebatur,
2644 1136 2985 1205 perduceret.
3029 1136 3271 1208 Denique
3302 1140 3491 1196 mulier

1911 1232 2133 1286 audiens
2162 1247 2282 1299 qua:
2301 1231 2446 1285 circa
2477 1247 2537 1286 se
2568 1243 2755 1300 erant,
2791 1231 2966 1302 primo
2997 1248 3121 1289 eum
3152 1235 3492 1303 prophetam,

1912 1326 2251 1397 postmodum
2300 1325 2567 1380 Christum
2601 1324 2844 1381 confessa
2876 1337 2975 1382 est.
3038 1327 3142 1385 Sed
3191 1328 3304 1383 haec
3330 1328 3495 1384 histo-

1912 1423 2006 1476 riae
2034 1421 2111 1475 sic
2136 1431 2217 1476 est
2245 1420 2397 1490 plana
2428 1419 2761 1489 simplicitas,
2794 1430 2851 1475 ut
2882 1422 2933 1476 in
2961 1437 3022 1477 ea
3049 1438 3302 1477 sensuum
3335 1423 3496 1479 lateat

1913 1516 2017 1570 alta
2052 1515 2413 1585 profunditas.
2454 1516 2510 1570 Si
2558 1530 2687 1584 ergo
2730 1514 2933 1585 aliquid
2980 1516 3091 1586 jam
3122 1517 3190 1573 de
3216 1516 3319 1571 hoc
3357 1517 3499 1571 dono

1918 1608 2035 1674 Dei,
2069 1617 2120 1661 et
2155 1606 2222 1662 de
2251 1606 2511 1676 spirituali
2559 1623 2694 1676 aqua
2735 1608 3100 1677 gustavimus,
3148 1610 3500 1677 spiritualiter

1915 1702 2014 1757 ista
2066 1711 2378 1756 tractemus.
2438 1701 2503 1756 Et
2548 1702 2719 1769 primo
2762 1701 3037 1758 videamus
3080 1704 3206 1774 quid
3242 1705 3502 1776 signiticet

1920 1795 2060 1866 quod
2113 1794 2243 1849 hora
2290 1803 2438 1850 sexta
2474 1796 2733 1850 Dominus
2772 1796 2835 1849 ad
2876 1806 3093 1865 puteum
3125 1797 3338 1853 venisse
3367 1796 3502 1853 dici-

228 1889 501 1961 regionem
531 1888 873 1957 possideant,
907 1888 986 1941 vel
1019 1887 1158 1955 quod
1186 1887 1352 1942 Deum
1394 1861 1549 1942 simul
1586 1861 1643 1942 et
1670 1887 1809 1942 idola
1839 1861 1888 1921 Β
1919 1861 2024 1943 tur.
2082 1889 2220 1942 Hora
2271 1898 2421 1942 sexta
2464 1898 2677 1943 sextam
2725 1861 2906 1944 mundi
2952 1900 3163 1945 astatem
3212 1890 3500 1959 signiﬁcat,

229 1983 428 2037 colant.
474 1979 624 2035 Unde
654 1991 705 2035 et
736 1995 831 2048 pro
866 1994 1054 2050 magna
1085 1979 1412 2033 contumelia
1445 1979 1732 2047 ducebant,
1768 1981 1812 2034 si

230 2086 386 2141 quem
419 2069 815 2123 Samai-itanum
845 2078 1150 2135 vocassent,
1182 2084 1285 2139 quo
1306 2070 1521 2124 nomine
1543 2069 1810 2124 Christum

234 2163 424 2217 crebro
462 2161 707 2231 leguntur
738 2161 1040 2229 injuriasse.
1086 2161 1190 2217 Sed
1241 2161 1518 2216 audiamus
1549 2163 1671 2232 quid
1707 2164 1813 2216 Do-

237 2257 415 2310 minus
456 2255 632 2309 adhuc
679 2255 879 2309 erranti
928 2263 982 2309 et
1034 2253 1086 2307 in
1119 2254 1352 2309 tenebris
1400 2257 1574 2324 agenti
1609 2255 1815 2310 mulieri

229 2347 604 2416 responderit:
638 2346 699 2400 Si
747 2346 925 2412 scires,
977 2346 1184 2413 inquit,
1241 2348 1435 2399 donum
1462 2347 1577 2414 Dei,
1618 2357 1663 2401 et
1704 2350 1818 2418 quis

227 2451 299 2496 est
321 2443 409 2511 qui
431 2441 556 2493 dicit
588 2441 678 2493 tibi
702 2455 721 2494 :
763 2439 842 2492 Da
872 2440 997 2492 mihi
1040 2440 1234 2503 bibere,
1284 2449 1337 2494 tu
1361 2439 1578 2509 forsitan
1610 2440 1817 2509 petisses

231 2534 293 2587 ab
320 2549 401 2601 eo,
433 2542 479 2585 et
511 2534 731 2586 dedisset
759 2533 844 2586 tibi
872 2550 1057 2601 aquam
1086 2534 1269 2587 vivam.
1307 2534 1508 2588 Donum
1540 2534 1666 2601 Dei,
1692 2535 1818 2605 quid

231 2634 315 2682 est
354 2625 495 2679 aliud
546 2640 703 2694 quam
754 2624 988 2693 Spiritus
1033 2633 1271 2679 sanctus.
1317 2625 1426 2680 lloc
1469 2627 1665 2679 donum
1701 2634 1822 2694 post

231 2734 383 2775 suam
409 2720 780 2773 ascensionem
812 2717 1057 2772 lidelibus
1088 2718 1271 2786 dedit,
1304 2721 1421 2787 quia
1464 2720 1740 2773 ascendens
1766 2722 1819 2774 in

230 2811 418 2877 altunt,
451 2810 708 2877 captiuum
735 2808 880 2863 duxit
909 2811 1288 2881 captivitatem,
1331 2811 1465 2865 dedit
1495 2812 1629 2866 dona
1656 2812 1823 2868 homi-

231 2904 376 2959 nibus
406 2902 623 2975 (Ephes.
657 2904 752 2973 tv).
780 2901 844 2957 Et
871 2904 1011 2958 sicut
1038 2904 1164 2958 alibi
1207 2902 1346 2958 idem
1380 2903 1710 2974 evangelista
1742 2905 1824 2960 di-

227 2994 303 3049 cit
328 3013 341 3047 :
378 2994 626 3049 Nondum
654 3007 762 3050 erat
792 2996 1000 3066 spiritus
1046 3002 1198 3051 datus
1217 3039 1233 3065 ,
1267 2998 1390 3068 quia
1414 2995 1566 3053 Iesus
1595 3001 1824 3053 nondum

228 3096 341 3140 erat
370 3088 689 3156 gloriﬁcatus
730 3086 911 3158 (Joan.
944 3088 1059 3159 vn).
1122 3088 1371 3144 Ostendit
1401 3104 1532 3159 ergo
1564 3089 1825 3146 Dominus

226 3195 289 3235 se
320 3194 423 3234 non
469 3181 628 3236 talem
690 3180 843 3235 sitire
874 3196 1064 3249 aquam
1096 3183 1312 3251 qualem
1346 3183 1434 3237 illa
1466 3184 1821 3256 intelligebat.

228 3271 420 3327 Fidem
469 3288 699 3342 namque
747 3271 865 3343 ejus
906 3250 1162 3342 sitiebat,
1210 3283 1264 3328 et
1313 3274 1513 3330 idcirco
1538 3276 1586 3331 ei
1618 3250 1819 3332 sitienti
1849 3250 1896 3313 ο

227 3364 491 3436 Spiritum
544 3366 672 3422 dare
720 3366 957 3421 volebat.
1017 3366 1144 3421 Huic
1184 3376 1266 3421 est
1307 3382 1440 3437 aqua
1466 3368 1532 3422 de
1566 3386 1670 3437 qna
1698 3370 1822 3424 alibi

226 3472 381 3517 stans
407 3461 461 3515 in
492 3460 715 3530 templo,
746 3459 991 3515 dicebat:
1020 3459 1120 3528 Qui
1151 3461 1279 3524 sitit,
1313 3461 1479 3514 veniat
1505 3471 1550 3514 et
1579 3461 1733 3529 bibat,
1776 3471 1821 3516 et

227 3556 292 3608 de
320 3565 491 3609 ventre
539 3557 651 3627 ejus
698 3556 858 3625 fluent
888 3571 1033 3625 aqua:
1070 3557 1192 3608 vince
1221 3553 1437 3626 (lbid.).
1487 3556 1639 3622 Quod
1662 3572 1823 3627 expo-

226 3664 365 3704 nens
395 3648 757 3719 evangelista,
804 3648 1120 3719 subiunxit:
1152 3647 1269 3702 Hoc
1305 3658 1474 3702 autem
1516 3651 1714 3705 dicebat
1759 3651 1824 3706 de

228 3741 436 3810 Spiritu
461 3760 612 3813 quem
640 3744 898 3812 accepturi
926 3753 1071 3796 erant
1103 3743 1363 3796 credentes
1393 3744 1445 3797 in
1494 3760 1608 3796 eum
1630 3743 1820 3815 (Ibid).

228 3837 327 3891 Ait
367 3851 491 3906 ergo
530 3854 542 3890 :
590 3837 650 3891 Si
676 3837 831 3890 scires
879 3836 1074 3889 donum
1105 3836 1200 3889 Dei
1238 3846 1285 3890 et
1323 3838 1437 3906 quis
1477 3846 1552 3889 est
1581 3838 1667 3904 qui
1695 3837 1821 3891 dicit

233 3927 328 3982 tibi
359 3943 378 3980 :
409 3928 484 3981 Da
514 3931 638 3982 mihi
666 3930 861 3993 bibere,
896 3940 949 3983 tu
977 3930 1195 4000 forsitan
1229 3931 1440 3998 petisses
1468 3930 1528 3983 ab
1555 3946 1634 3996 eo,
1670 3938 1718 3983 et
1737 3932 1825 3984 de-

227 4019 391 4074 disset
416 4020 506 4074 tibi
527 4038 713 4092 aquam
748 4023 931 4076 vivam.
982 4022 1133 4077 Scire
1159 4021 1432 4076 Christum
1458 4038 1561 4075 non
1594 4032 1820 4090 poterat,

225 4113 363 4183 quia
393 4114 594 4168 donum
628 4115 745 4179 Dei,
777 4115 828 4168 id
860 4122 943 4169 est
973 4113 1232 4183 Spiritum
1257 4124 1500 4168 sanctum
1530 4130 1633 4168 non
1661 4113 1823 4171 habe-

225 4204 346 4261 bat.
390 4206 451 4259 Et
483 4207 603 4260 ideo
631 4207 749 4275 quia
793 4206 1060 4261 Christum
1090 4206 1395 4275 ignorabat,
1428 4221 1618 4275 aquam
1654 4206 1821 4259 vivam

228 4314 420 4370 petere
459 4300 525 4353 ab
552 4315 618 4353 eo
644 4298 941 4354 nesciebat.
986 4300 1088 4352 Sed
1132 4299 1308 4352 adhuc
1339 4298 1392 4352 in
1433 4296 1633 4352 carnali
1660 4312 1820 4353 sensu

225 4392 433 4447 mulier
460 4407 831 4460 perseverans,
854 4392 1135 4461 reSpoiidit
1158 4409 1170 4443 :
1200 4391 1437 4457 Domine,
1465 4408 1621 4460 neque
1646 4391 1700 4445 in
1721 4407 1821 4462 quo

194 4552 197 4553 ν
225 4485 447 4537 haurias
496 4486 650 4541 habes
670 4528 685 4552 ,
730 4494 777 4539 et
826 4498 1004 4555 puteus
1034 4485 1169 4538 altus
1195 4493 1303 4551 est,
1356 4484 1492 4539 unde
1517 4501 1636 4555 ergo
1665 4487 1822 4539 habes

221 4594 420 4647 aquam
458 4593 619 4631 vivam
644 4582 666 4632 ἶ)
707 4576 954 4647 Nunquid
983 4585 1039 4631 tu
1067 4579 1237 4649 major
1267 4593 1318 4630 es
1349 4586 1495 4646 patre
1526 4586 1701 4630 nostro
1728 4574 1823 4629 Ja-

221 4670 347 4735 cob,
382 4670 467 4738 qui
498 4670 635 4722 dedit
668 4669 814 4722 nobis
847 4678 1073 4735 puteum,
1107 4680 1149 4721 et
1180 4670 1287 4737 ipse
1313 4683 1377 4721 ex
1406 4683 1462 4721 eo
1487 4666 1629 4732 bibit,
1657 4677 1702 4721 et
1725 4667 1822 4736 filii

219 4764 368 4831 ejus,
399 4772 444 4814 et
470 4777 651 4829 pecora
689 4761 848 4830 ejus?
885 4761 1187 4816 Notandum
1230 4775 1356 4814 vero
1408 4759 1546 4829 quod
1591 4758 1677 4813 hic
1726 4775 1821 4828 pu-

221 4864 387 4908 teum
421 4855 570 4919 dicit,
601 4868 720 4907 cum
752 4856 998 4922 superius
1028 4853 1224 4908 fontem
1264 4852 1618 4907 nominaverit
1652 4869 1665 4905 :
1698 4852 1819 4923 quia

219 4950 490 5003 nimirum
522 4951 695 5002 omnis
748 4957 937 5015 puteus
970 4949 1119 5011 fons,
1171 4964 1274 5001 non
1298 4960 1475 5002 autem
1506 4948 1680 5003 omnis
1706 4946 1823 5004 fons

217 5052 448 5114 puteus.
513 5044 643 5111 Qua:
675 5044 832 5096 verba
884 5044 1021 5097 sicut
1050 5053 1233 5111 aperta
1266 5052 1318 5097 et
1349 5043 1504 5112 plana
1546 5053 1822 5097 transcur-

215 5143 453 5202 rentes,
485 5135 764 5189 audiamus
804 5134 931 5204 quid
962 5135 1010 5188 ei
1044 5133 1298 5187 Dominus
1329 5134 1690 5203 responderit,
1722 5149 1835 5209 su-l

214 5229 453 5301 periura
476 5242 569 5301 sua
601 5226 760 5280 verba
807 5241 1104 5295 esponens.
1158 5226 1244 5279 Ait
1292 5226 1433 5281 cnim
1474 5242 1486 5278 :
1519 5225 1699 5278 Omnis
1737 5226 1826 5294 qui

214 5295 435 5379 biberit
461 5295 686 5385 ex‘aqua
717 5319 845 5387 hac,
892 5320 1027 5372 sitiet
1058 5318 1241 5371 iterum
1267 5333 1286 5372 :
1326 5319 1413 5388 qui
1446 5328 1615 5371 autem
1646 5317 1826 5373 biberit

212 5431 294 5469 ex
314 5430 455 5481 aqua
474 5429 627 5482 quam
651 5428 742 5481 ego
773 5412 906 5466 dabo
938 5411 1003 5479 ei,
1033 5428 1133 5465 non
1164 5412 1294 5465 sitiet
1326 5413 1375 5464 in
1406 5418 1674 5466 wternum.
1717 5411 1825 5465 Sed

210 5524 371 5575 aqua
404 5523 554 5575 quam
588 5522 677 5576 ego
706 5506 835 5559 dabo
875 5505 960 5568 ei,
992 5504 1077 5573 ﬁet
1108 5506 1160 5557 in
1188 5520 1248 5557 eo
1278 5504 1393 5574 fons
1422 5520 1571 5573 aqua:
1594 5504 1826 5559 salientis

210 5603 279 5655 in
316 5601 471 5652 vitam
497 5610 760 5654 aeternam.
815 5599 1015 5667 Quibus
1046 5598 1382 5652 sermonibus
1428 5596 1636 5651 Domini
1675 5598 1824 5652 dele-

210 5706 399 5758 stula,
425 5706 475 5747 et
507 5694 635 5749 tanti
689 5696 926 5748 muneris
965 5708 1189 5748 consors
1217 5708 1336 5747 esse
1366 5694 1609 5762 cupiens,
1647 5701 1701 5746 et
1730 5693 1826 5746 ad-

212 5790 341 5843 linc
374 5787 715 5855 prudentiam
768 5784 944 5840 carnis
978 5787 1332 5853 amplectens,
1368 5784 1680 5854 respondit:
1716 5784 1826 5840 Do-

212 5882 397 5941 mine,
427 5879 495 5934 da
525 5879 651 5933 mihi
694 5880 824 5933 hanc
848 5896 1054 5948 aquam,
1104 5888 1158 5933 ut
1188 5894 1290 5934 non
1309 5879 1514 5950 sitiam,
1542 5893 1701 5951 neque
1729 5895 1815 5936 vsa

1853 4628 1906 4691 Ι)

1920 1981 2134 2050 quando
2193 1992 2444 2069 tapquam
2498 1982 2549 2035 in
2601 1990 2878 2037 senectute
2928 1983 3134 2046 mundi,
3168 1982 3422 2039 Dominus
3450 1992 3505 2040 et

1920 2074 2247 2143 Redemptor
2298 2074 2567 2129 hominem
2600 2074 2851 2140 indutus,
2884 2074 3029 2129 venit
3055 2076 3119 2129 ad
3153 2089 3405 2144 puteum,
3434 2075 3502 2131 ad

1921 2170 2264 2225 tenebrosam
2304 2170 2559 2225 videlicet
2607 2169 2793 2224 mundi
2848 2170 3006 2239 hujus
3046 2169 3503 2240 profunditatem:

1921 2264 1987 2319 de
2018 2264 2106 2318 illa
2137 2263 2396 2319 caelorum
2431 2262 2769 2317 sublimitate
2810 2262 2876 2317 ad
2908 2263 3119 2317 intimas
3150 2273 3307 2317 terra:
3332 2270 3507 2331 partes

1921 2356 2169 2426 dignatus
2208 2367 2290 2411 est
2336 2354 2686 2409 descendere.
2732 2354 2873 2408 Hora
2905 2367 3035 2423 ergo
3064 2362 3216 2409 sexta
3251 2353 3510 2408 Dominus

1924 2451 1989 2506 ad
2032 2460 2249 2520 puteum
2282 2449 2468 2515 venit,
2503 2448 2719 2519 quando
2746 2449 2828 2503 sol
2865 2448 2932 2501 ad
2969 2446 3252 2502 inferiores
3280 2447 3509 2502 circulos

1927 2562 1957 2600 a
1982 2559 2195 2600 summo
2224 2543 2348 2599 coeli
2372 2553 2558 2598 centro
2591 2544 2809 2612 incoepit
2838 2542 3148 2598 declinare:
3180 2543 3299 2611 quia
3332 2541 3513 2596 novis-

1922 2638 2058 2693 sima
2089 2637 2296 2704 saeculi,
2330 2645 2387 2690 ut
2410 2636 2611 2690 dictum
2641 2646 2744 2703 est,
2770 2646 2959 2703 aetate,
2996 2636 3160 2691 Filius
3184 2636 3277 2691 Dei
3308 2636 3374 2690 ad
3406 2646 3513 2690 ter-

1923 2746 2114 2786 renum
2152 2731 2389 2784 laborem
2419 2739 2661 2784 nostrum
2694 2728 2944 2798 dignatus
2970 2740 3053 2784 est
3080 2728 3430 2795 descendere,
3456 2736 3514 2783 ut

1926 2836 2026 2877 nos
2062 2820 2282 2876 doceret
2326 2835 2528 2877 exuere
2569 2830 2808 2875 veterem
2855 2820 3128 2874 hominem
3159 2834 3281 2874 cum
3302 2819 3514 2875 actibus

1925 2914 2040 2969 suis
2065 2954 2081 2980 ,
2132 2921 2187 2967 et
2216 2911 2438 2967 induere
2467 2926 2688 2981 novum,
2718 2912 2811 2980 qui
2834 2912 3132 2968 secundum
3165 2911 3329 2966 Deum
3360 2926 3511 2965 crea-

1928 3015 2012 3060 tus
2042 3013 2146 3060 est.
2188 3003 2339 3071 Quod
2374 3005 2623 3077 fatigatus
2668 3006 2835 3071 venit,
2883 3005 3247 3061 inﬁrmitatem
3283 3006 3463 3061 carnis
3494 3023 3513 3075 ;

1928 3098 2072 3168 quod
2114 3099 2295 3164 sedit,
2359 3099 2715 3153 humilitatem
2763 3097 3021 3154 ostendit.
3067 3098 3342 3168 Fatigatus
3381 3113 3514 3169 ergo

1931 3189 2154 3257 resedit,
2186 3189 2310 3259 quia
2342 3196 2396 3242 et
2420 3187 2841 3244 imbecillitatem
2875 3190 3054 3243 carnis
3087 3204 3183 3258 pro
3210 3189 3366 3244 nobis
3396 3205 3515 3245 sus-

1928 3282 2109 3351 cepit,
2162 3290 2216 3335 et
2245 3280 2404 3334 homo
2434 3281 2650 3336 humilis
2680 3282 2820 3336 inter
2851 3280 3093 3337 homines
3126 3285 3392 3352 apparuit.
3436 3282 3513 3338 De

1927 3375 2031 3430 hac
2058 3374 2370 3428 inﬁrmitate
2401 3374 2581 3428 carnis
2626 3374 2743 3444 ejus
2771 3374 2904 3429 dicit
2934 3376 3194 3445 propheta
3220 3392 3233 3428 :
3278 3374 3513 3431 Vidimus

1926 3483 2062 3532 eum,
2088 3474 2134 3522 et
2161 3481 2263 3521 non
2286 3473 2396 3521 erat
2430 3475 2661 3537 aspectus
2686 3481 2706 3521 :
2732 3476 2777 3520 et
2824 3467 3226 3521 desiderauimus
3264 3484 3395 3533 eum,
3427 3469 3518 3522 de-

1926 3568 2153 3628 spectum
2200 3567 2248 3611 et
2296 3559 2625 3613 nouissimum
2652 3560 2917 3627 virorum,
2962 3560 3127 3614 virum
3176 3562 3435 3631 dolorum,
3467 3570 3516 3617 et

1926 3652 2167 3707 scientem
2196 3652 2549 3721 infirmitatem
2583 3649 2714 3723 (Isa.
2757 3660 2896 3720 uti).
2949 3652 3021 3705 Dc
3064 3651 3361 3708 humilitate
3390 3666 3517 3708 vero

1930 3743 2050 3814 ejus
2099 3744 2175 3797 ait
2215 3745 2542 3812 Apostolus:
2599 3742 2907 3796 Humiliavit
2953 3744 3276 3815 semetipsum
3302 3786 3315 3808 ,
3348 3746 3517 3815 factus

1930 3834 2174 3890 obediens
2200 3852 2358 3905 usque
2380 3837 2447 3888 ad
2469 3846 2702 3899 mortem,
2728 3846 2939 3889 mortem
2968 3848 3138 3889 autem
3160 3839 3324 3891 crucis
3347 3836 3514 3906 (Phil.

1928 3927 2018 3997 ll).
2074 3925 2266 3981 Mulier
2297 3925 2411 3981 haec
2453 3925 2783 3982 Samaritana
2828 3927 3066 3995 gentium
3118 3937 3202 3982 est
3249 3926 3513 3996 Ecclesia,

1928 4034 2046 4089 qua:
2096 4017 2236 4073 bene
2281 4017 2619 4073 Samaritana
2661 4027 2905 4075 vocatur.
2974 4018 3211 4074 Samaria
3243 4019 3384 4073 enim
3419 4033 3515 4088 pro

1928 4110 2228 4166 idololatria
2275 4112 2417 4166 solet
2457 4110 2650 4179 accipi.
2694 4110 2830 4165 Hinc
2858 4111 3118 4181 propheta
3151 4110 3347 4165 Christi
3378 4127 3516 4179 prae-

1929 4206 2184 4261 nuntians
2216 4203 2636 4258 incarnationem
2662 4243 2679 4269 ,
2722 4203 2884 4258 dicit:
2926 4204 3214 4274 Antequam
3235 4204 3365 4257 sciat
3393 4219 3518 4269 puer

1928 4312 2109 4351 vocare
2150 4305 2349 4365 patrem
2396 4305 2487 4348 aut
2537 4304 2749 4349 matrem
2776 4311 2954 4364 suam,
2994 4295 3221 4365 accipiet
3261 4294 3510 4350 virtutem

1930 4387 2220 4454 Damasci,
2264 4394 2311 4440 et
2348 4385 2512 4457 spolia
2558 4386 2817 4442 Samaria:
2864 4384 3020 4457 (lsai.
3071 4387 3209 4456 vui).
3268 4385 3514 4443 Christus

1931 4496 2163 4549 namque
2192 4482 2447 4537 virtutem
2480 4481 2725 4536 Damasci
2756 4483 2964 4553 accepit
2990 4525 3004 4548 ,
3048 4482 3261 4552 quando
3287 4483 3336 4537 ei
3377 4483 3516 4553 magi

1932 4592 2122 4631 aurum
2154 4575 2502 4641 obtulerunt,
2549 4575 2600 4629 in
2632 4591 2739 4643 quo
2760 4576 3026 4644 quondam
3060 4576 3175 4645 ipsa
3207 4578 3519 4647 potentissi-

1929 4684 2015 4721 ma
2038 4666 2226 4722 civitas
2254 4667 2578 4722 conﬁdebat.
2603 4666 3005 4737 AccepitSpolia
3034 4668 3312 4733 Samaria),
3343 4669 3511 4737 idest,

1932 4762 2185 4817 homines
2218 4761 2542 4817 idololatriae
2572 4763 2879 4831 captivitate
2904 4777 3188 4831 oppressos
3210 4763 3275 4817 ad
3306 4763 3519 4818 liherta-

1931 4863 2035 4911 tem
2087 4871 2241 4911 novae
2291 4855 2478 4927 gratiae
2523 4854 2756 4909 reduxit.
2799 4859 2934 4924 Apte
2976 4856 3135 4925 igitur
3161 4855 3275 4910 haec
3322 4857 3516 4911 mulier

1929 4951 2277 5007 Samaritana
2300 4951 2517 5018 dicitur,
2544 4949 2666 5019 quia
2693 4959 2876 5005 sancta
2909 4950 3144 5005 Ecclesia
3169 4958 3294 5005 ante
3312 4949 3514 5006 Christi

1929 5043 2221 5099 adventum
2276 5041 2596 5098 idololatriae
2645 5042 2825 5096 dedita
2875 5041 3040 5095 cultui
3076 5050 3228 5096 erat:
3272 5042 3515 5111 nihilque

1934 5136 2077 5190 aliud
2107 5152 2268 5205 agere
2321 5147 2543 5191 noverat
2597 5151 2753 5205 quam
2794 5150 2937 5191 circa
2969 5135 3151 5190 saeculi
3176 5151 3332 5191 curas
3363 5139 3514 5194 vanis

1934 5228 2318 5296 cupiditatibus
2364 5228 2637 5295 occupari.
2703 5226 2813 5281 lloc
2857 5226 3000 5282 enim
3046 5227 3513 5300 signiﬁcat,quod

1935 5335 2057 5375 cum
2089 5319 2277 5390 hydria
2305 5317 2371 5372 ad
2422 5329 2638 5388 puteum
2675 5318 2788 5373 lucc
2831 5321 3024 5375 mulier
3063 5334 3253 5390 aquam
3299 5323 3510 5379 haurire

1935 5411 2204 5469 veniebat.
2246 5409 2511 5468 Poscebat
2534 5412 2788 5467 Dominus
2816 5412 2883 5467 ab
2926 5428 2987 5469 ea
3019 5414 3237 5482 bibere,
3286 5416 3513 5472 salutem

1934 5507 2167 5577 gentium
2198 5507 2382 5564 sitiens
2408 5552 2422 5576 ,
2472 5517 2735 5577 quatenus
2757 5523 2851 5563 eas
2874 5508 2943 5563 ab
2971 5524 3156 5564 errore
3187 5519 3423 5580 erueret,
3455 5520 3511 5567 et

1932 5603 1997 5654 ad
2030 5600 2351 5656 Christiana:
2399 5599 2523 5655 ﬁdei
2569 5602 2878 5672 religionem
2910 5602 3219 5658 adduceret.
3267 5605 3515 5674 Quinque

1931 5693 2031 5747 viri
2063 5707 2198 5763 quos
2229 5693 2489 5748 habuerat
2511 5693 2743 5765 quinque
2764 5709 2956 5750 sensus
2976 5697 3219 5766 corporis
3240 5699 3512 5767 accipiun-
3582 5758 3587 5761 _

1933 5794 2040 5853 tur,
2094 5787 2237 5840 visus
2283 5786 2556 5853 videlicet,
2602 5788 2846 5857 auditus,
2881 5797 3101 5859 gustus,
3156 5787 3408 5845 odoratus
3460 5798 3515 5847 et

1930 5886 2132 5940 tactust
2174 5882 2241 5939 Et
2275 5879 2394 5940 visu
2420 5879 2800 5957 quidemalba
2824 5889 2883 5939 et
2914 5880 3068 5953 nigra
3111 5891 3326 5954 quoque
3346 5882 3511 5942 modo
