3972 6340
218 385 356 472 tzir

1177 387 1634 474 ﬁoaittiaiiius.
1674 446 1745 459 —
1783 384 1941 514 sua.
1989 385 2076 475 Dii
2117 387 2464 480 iudiciis.

3363 403 3504 488 liis

216 533 443 626 mulieris
466 576 484 602 ,
515 521 621 598 uir;
669 541 819 600 caput
848 522 1022 586 an’tem
1042 532 1177 626 uiri,
1207 532 1438 588 Christus
1465 533 1514 606 (1
1544 519 1792 626 Coram).
1824 519 1882 596 Ᾰ
1905 547 2176 596 transacta
2208 542 2385 598 hieme
2423 529 2762 600 infidelitatis
2789 590 2802 615 ,
2851 525 3048 603 adesse
3080 533 3204 606 ﬁdei
3245 545 3506 626 calorem,

216 613 323 684 Sed
351 625 437 680 illa
463 634 742 708 postquam
773 625 995 710 audivit,
1040 613 1149 695 Ego
1171 643 1315 691 sum,
1351 627 1481 682 nihil
1513 617 1810 696 respondit,

215 719 337 788 quia
366 717 650 774 manifeste
679 701 786 787 jam
822 701 1100 798 Christum,
1127 720 1402 789 cognovit.
1463 707 1530 804 E't
1571 719 1815 772 continuo
1877 727 1890 735 '

216 801 459 880 discipuli
486 813 595 881 ejus
621 820 862 884 venerunt
889 853 904 877 ,
955 821 1000 864 et
1043 811 1361 882 mirabantur
1384 801 1520 880 quod
1556 827 1670 864 cum
1706 826 1812 862 mu-

215 908 342 960 liere
366 905 684 985 loquebatur.
731 906 1000 961 Venerunt
1025 906 1272 972 discipuli
1297 947 1312 972 ,
1355 907 1447 982 qui
1476 915 1630 962 erant
1661 906 1714 960 in
1740 905 1816 960 ci-

213 1001 398 1062 vitate,
449 1006 505 1052 ut
545 998 696 1052 cibos
744 1009 1020 1056 emerent.
1082 997 1340 1054 Mirantur
1373 1009 1569 1052 tantam
1607 997 1814 1053 Christi

213 1093 608 1160 dignationem,
631 1099 836 1145 tantam
857 1093 1342 1162 clementiam,qna
1369 1091 1626 1160 perditam
1652 1106 1808 1146 ovem

213 1187 518 1256 quaerebat,
567 1187 962 1256 quagentilem
995 1197 1051 1240 et
1077 1201 1354 1240 erroneatn
1389 1187 1667 1241 mulierem
1705 1185 1807 1240 do-

215 1261 395 1332 celiat.
462 1255 607 1332 llanc
651 1263 769 1347 ejus
797 1279 1223 1333 misericordiam
1243 1320 1256 1344 ,
1288 1278 1423 1332 hanc
1452 1279 1567 1345 ejus
1595 1277 1810 1332 bonita-

216 1380 327 1425 tem
381 1371 812 1452 llltl‘Sllll'lIll.lllelll
874 1373 1230 1437 mirabantur,
1277 1387 1390 1446 non
1431 1371 1552 1423 mali
1607 1371 1814 1438 aliquid

215 1462 652 1529 susriicabanlur.
683 1461 905 1531 Reliquit
934 1480 1053 1532 ergo
1087 1461 1271 1514 mulier
1298 1462 1534 1542 hydriam
1564 1476 1732 1542 suum,
1769 1470 1814 1513 et

215 1557 343 1610 abiit
393 1557 446 1610 in
483 1556 772 1620 civitatum,
821 1565 865 1608 et
901 1557 1024 1609 dicit
1057 1556 1168 1628 [illis
1193 1555 1476 1608 hominibus
1505 1570 1523 1607 :
1565 1553 1742 1606 Venite
1768 1563 1816 1606 et

214 1651 384 1704 uidete
415 1633 667 1712 hominem
700 1645 783 1716 qui
815 1649 945 1700 dixit
978 1648 1100 1700 mihi
1140 1650 1308 1700 omnia
1335 1663 1648 1716 quaecunque
1693 1646 1810 1714 feci.

220 1741 456 1810 Projecit
485 1739 728 1811 hydriam
753 1756 938 1808 suam,
970 1756 1126 1810 quam
1157 1743 1224 1794 ob
1251 1739 1468 1812 nimiam
1501 1738 1810 1792 aviditatem

1913 631 2132 704 jamque
2167 645 2349 704 parata
2381 653 2501 693 esse
2549 638 2712 693 corda
2760 641 3020 710 gentium,
3055 653 3112 696 ut
3141 659 3206 712 ex
3236 645 3339 716 illis
3362 660 3506 702 mes-

1917 740 2033 781 sem
2077 725 2298 796 justitiae
2329 741 2504 784 vestra
2537 731 2920 799 praedicatione
2957 724 3242 806 colligatis.
3300 717 3505 808 lnhoc

1918 820 2055 892 enim
2079 821 2284 894 verbum
2330 832 2402 876 est
2448 821 2621 876 verum
2648 865 2664 898 ,
2704 825 2828 892 quia
2873 817 3006 898 qlius
3049 821 3234 898 estqui
3271 823 3504 902 seminat,

1917 906 2054 968 alius
2079 915 2168 985 qui
2189 915 2348 969 metit.
2395 915 2504 985 Ego
2545 919 2661 971 misi
2702 936 2786 973 vos
2813 931 3001 977 metere
3031 924 3165 992 quod
3193 940 3277 978 vos
3298 927 3397 980 u'on
3427 926 3510 981 la;

1917 1003 2154 1060 borastis.
2209 1007 2312 1060 Alii
2357 1008 2754 1078 laboraverunt,
2781 1020 2827 1064 et
2875 1029 2961 1066 vos
3005 1013 3058 1067 iu
3108 999 3304 1069 labores
3337 1033 3511 1072 eorum

1917 1097 2186 1164 introistis.
2241 1098 2357 1190 Non
2411 1095 2555 1155 misit
2602 1101 2862 1157 Dominus
2891 1105 3161 1188 seminare
3192 1103 3510 1176 discipulos,

1918 1189 2010 1242 sed
2044 1201 2265 1245 metere.
2335 1179 2649 1262 Diriguntur
2669 1196 2814 1248 enim
2844 1185 2931 1250 ubi
2963 1189 3072 1267 jam
3109 1179 3200 1254 alii
3235 1189 3511 1257 laborave-

1919 1290 2045 1334 runt
2067 1319 2083 1345 ,
2115 1281 2165 1335 id
2198 1289 2280 1336 est
2305 1323 2321 1350 ,
2368 1284 2431 1336 ad
2463 1283 2676 1339 Judatos
2707 1287 2938 1354 prinmm
2959 1335 2972 1354 ,
3007 1290 3200 1357 quibus
3231 1281 3510 1362 prophetas

1917 1370 2188 1426 Christum
2238 1374 2386 1442 prius
2435 1377 2904 1452 annuntiaveraut.
2974 1367 3035 1435 Et
3082 1382 3170 1436 ubi
3199 1383 3501 1438 laboratum

1917 1475 2057 1530 erat,
2089 1465 2275 1535 utique
2301 1467 2623 1522 seminatum
2657 1480 2792 1525 erat.
2835 1455 2983 1538 Quod
3025 1488 3150 1528 vero
3181 1457 3501 1544 seminatnm

1917 1556 2188 1626 erat,jam
2216 1568 2482 1614 maturum
2509 1601 2525 1626 ,
2584 1559 2778 1616 falcem
2828 1573 2880 1615 et
2923 1565 3164 1619 trituram
3209 1557 3506 1636 quaerebat.

1919 1650 2233 1720 Diriguntur
2282 1667 2412 1721 ergo
2470 1653 2700 1724 apostoli
2755 1670 2862 1724 quo
2910 1655 3020 1726 jam
3082 1639 3512 1727 prasdicaverant

1918 1743 2218 1811 prophetae.
2288 1743 2390 1812 Ipsi
2442 1745 2585 1798 enim
2645 1745 3047 1801 seminaverunt
3099 1751 3204 1820 hoc
3261 1750 3400 1818 quod
3443 1749 3510 1804 ad

215 1852 374 1890 suam
404 1846 510 1888 non
556 1835 664 1902 jam
698 1835 813 1888 usui
843 1877 857 1902 ,
891 1835 983 1888 sed
1017 1836 1167 1888 oneri
1197 1834 1520 1904 deputabat,
1561 1842 1614 1886 ut
1647 1846 1814 1899 expe-
1847 1903 1850 1906 _
1915 1833 2078 1904 hujus
2109 1835 2353 1888 mulieris
2395 1835 2636 1890 notitiam
2669 1849 3013 1908 pervenerat.
3072 1839 3224 1912 Unde
3251 1829 3465 1895 dicebat
3492 1857 3508 1896 :

223 1931 336 1992 dita
384 1939 544 1999 atque
575 1939 864 1982 exonerata
900 1915 1168 1981 Christum
1212 1927 1577 2002 annuntiaret.
1625 1925 1729 1979 Sed
1761 1934 1814 1978 et
1850 1915 1890 1974 Β
1920 1927 2042 1981 Scio
2093 1927 2217 1996 quia
2261 1927 2476 1981 Messias
2517 1929 2647 1982 venit
2673 1970 2689 1993 ,
2731 1932 2818 1998 qui
2857 1932 3044 1984 dicitur
3083 1931 3340 1989 Christus.
3383 1933 3510 1990 Hinc

222 2024 452 2095 mystice
481 2033 665 2098 sancta
693 2022 932 2076 Ecclesia
959 2063 974 2088 ,
1025 2029 1305 2090 postquam
1331 2019 1396 2098 ad
1432 2019 1589 2072 fidem
1618 2018 1815 2072 Christi

219 2118 412 2188 venit,
462 2097 702 2198 hydria'm
737 2114 958 2186 projecil
987 2154 1002 2177 ,
1055 2115 1177 2182 quia
1222 2113 1607 2180 cupiditatibus
1636 2111 1816 2165 saeculi

193 2210 581 2278 .renuntiavit.
622 2208 819 2278 l-lydria
845 2207 984 2278 enim
1019 2205 1105 2258 illa
1143 2221 1379 2259 amoretn
1407 2203 1586 2257 saeculi
1617 2204 1816 2272 figura-

223 2304 352 2360 liter
379 2302 744 2372 exprimebat,
779 2315 879 2370 qua
915 2299 1016 2354 sibi
1066 2299 1310 2352 homines
1340 2301 1407 2352 de
1439 2299 1724 2352 tenebrosa
1755 2311 1818 2350 ac

220 2399 280 2452 in
323 2379 484 2450 imum
538 2395 779 2449 demersa
829 2391 1274 2470 conversatione,
1326 2391 1474 2459 quasi
1525 2390 1592 2443 de
1635 2400 1814 2457 puteo,

217 2488 553 2558 voluptatem
579 2485 917 2539 hauriebam.
962 2484 1076 2550 Qua
1111 2491 1368 2552 percepta
1387 2482 1576 2560 iterum
1604 2482 1812 2545 sitiunt,

221 2579 351 2654 quia
401 2579 612 2648 espleta
665 2577 910 2646 voluptas
945 2576 1265 2658 :non_,sat_iat
1287 2615 1302 2640 ,
1334 2573 1429 2628 sed
1456 2573 1521 2628 ad
1557 2573 1814 2643 majorem

219 2653 372 2730 sitim
401 2672 527 2727 mali
560 2673 740 2741 operis
765 2653 1028 2726 accendit.
1069 2653 1250 2723 Venite
1273 2709 1289 2737 ,
1331 2657 1506 2738 inquit
1534 2712 1546 2733 ,
1580 2676 1630 2746 eti
1654 2666 1816 2724 uidete

219 2768 484 2840 hominem
509 2767 752 2836 quildixit
786 2765 912 2818 mihi
942 2765 1114 2838 omnia
1143 2780 1454 2834 quiscunque
1472 2763 1589 2832 feci.
1624 2761 1811 2816 Paula-

221 2862 322 2917 tim
358 2861 518 2928 venit,
549 2859 616 2913 ad
663 2857 1064 2928 praedicandum
1093 2857 1390 2914 Christum.
1453 2855 1633 2910 Primo
1663 2865 1818 2910 vocat

217 2971 347 3011 eum
381 2953 680 3018 hominem,
710 2970 776 3007 ne
804 2953 849 3006 si
878 2951 1150 3022 Christum
1177 2952 1353 3022 primo
1380 2950 1620 3014 diceret,
1652 2951 1814 3004 audi-

220 3056 376 3102 tores
406 3047 770 3118 irascerentur
816 3053 871 3098 et
919 3042 1345 3114 indignarentur,
1379 3041 1562 3116 sicque
1601 3042 1666 3094 ad
1694 3057 1816 3096 eum

218 3141 620 3212 eairenollent.
643 3138 844 3214 Interea
862 3139 1108 3209 rogabant
1131 3155 1245 3191 eum
1268 3136 1534 3205 discipuli,
1553 3137 1776 3210 dicentes
1800 3152 1817 3190 :

223 3234 420 3300 Rabbi,
452 3234 725 3287 manduca.
777 3233 875 3288 Ille
901 3246 1072 3288 autem
1095 3234 1226 3287 dixit
1253 3232 1323 3286 eis
1344 3247 1364 3285 :
1398 3231 1508 3304 Ego
1529 3232 1694 3284 cibum
1724 3231 1816 3314 lta-
1845 3243 1884 3314 ις

225 3329 323 3383 beo
350 3328 684 3396 manducare,
715 3343 864 3396 quem
893 3343 978 3380 vos
1004 3327 1228 3381 nescitis.
1285 3325 1543 3378 Dixerunt
1581 3341 1709 3396 ergo
1739 3323 1818 3378 di-

221 3420 418 3492 scipuli
451 3422 609 3487 ejus:
649 3418 902 3490 Nunquid
945 3418 1133 3488 aliquis
1181 3419 1225 3471 ei
1254 3419 1425 3470 attulit
1467 3417 1822 3470 manducare?

222 3511 386 3586 Quid,
419 3511 652 3578 mirum,
705 3511 749 3563 si
800 3509 996 3562 mulier
1035 3510 1370 3576 Samaritana
1423 3507 1672 3575 superius
1715 3523 1819 3560 non

221 3593 572 3677 intelligebat
611 3617 770 3670 quam
817 3616 1012 3672 aquam
1044 3600 1304 3656 Dominus
1355 3599 1414 3677 ei
1443 3597 1820 3669 promitteret?

223 3715 366 3766 ecce
392 3675 490 3767 ipsi
527 3697 771 3766 discipuli
803 3711 941 3750 nunc
984 3711 1088 3748 non
1131 3675 1431 3760 intelligunt
1471 3693 1538 3746 de
1568 3708 1668 3761 qua
1700 3705 1819 3744 esca

226 3793 503 3858 Dominus
553 3790 716 3860 dicat.
776 3788 882 3845 Sed
938 3789 1114 3842 verius
1163 3786 1414 3856 magister
1461 3786 1818 3849 instruiteos,

227 3903 351 3948 non
383 3887 519 3939 sicut
545 3885 820 3939 mulierem
851 3898 945 3954 per
972 3881 1244 3946 anfractus
1275 3890 1328 3934 et
1366 3893 1677 3932 sermonum
1718 3876 1821 3930 cir-

222 3981 419 4048 cuitus
446 4018 462 4046 ,
511 3980 606 4034 sed
653 3987 836 4047 aperte
867 3974 1120 4042 ostendit
1164 3973 1496 4042 spiritualem
1545 3970 1826 4026 nominare

221 4075 442 4140 cibum.
475 4075 560 4128 Ait
591 4075 732 4125 enim
765 4087 779 4123 :
827 4068 975 4124 Meus
1019 4067 1160 4122 cibus
1191 4075 1265 4122 est
1293 4076 1347 4120 ut
1380 4066 1567 4136 faciam
1595 4065 1826 4118 volunta-

225 4177 340 4220 tem
393 4164 563 4220 Patris
617 4160 721 4215 mei
769 4163 858 4228 qui
910 4164 960 4214 in
1006 4159 1154 4214 mdis
1185 4169 1376 4224 est,ut
1409 4157 1669 4225 perﬁciant
1698 4173 1826 4221 opus

225 4257 375 4328 ejus.
416 4254 676 4308 Voluntas
707 4253 876 4320 Patris
900 4264 974 4306 est
1004 4263 1057 4306 ut
1076 4251 1358 4306 credamus
1391 4251 1442 4303 in
1470 4250 1661 4304 Filium
1686 4248 1826 4319 ejus,

225 4351 380 4408 sicut
412 4349 537 4404 alibi
581 4333 747 4402 dicit:
781 4347 908 4402 Haec
958 4356 1042 4400 est
1090 4348 1337 4400 voluntas
1386 4343 1563 4399 Patris
1607 4345 1712 4399 mei
1739 4344 1828 4412 qui

231 4446 390 4501 misit
419 4460 526 4510 me,
557 4453 609 4496 ut
631 4442 850 4496 credatis
871 4443 924 4495 in
945 4435 1230 4509 eum'quem
1255 4441 1388 4496 misit
1414 4441 1498 4493 ille
1523 4438 1705 4513 (Joan.
1732 4439 1827 4511 Vt).

231 4540 392 4606 Opus
422 4553 550 4592 vero
584 4537 760 4602 Patris
793 4537 1028 4602 provisio
1055 4543 1258 4590 nostra:
1291 4534 1694 4602 redemptionis.
1745 4531 1832 4587 Ci-

1919 2018 2114 2072 messis
2149 2020 2378 2086 primum
2419 2019 2469 2072 in
2499 2019 2682 2074 Judaea
2721 2021 2945 2076 collecta
2979 2031 3094 2090 est,
3127 2025 3341 2092 quando
3372 2041 3510 2096 prat-

1917 2111 2134 2166 dicante
2179 2112 2340 2166 Petro
2389 2128 2491 2167 una
2540 2114 2628 2168 die
2658 2099 3005 2170 crediderunt
3037 2117 3134 2170 tria
3169 2119 3372 2186 millia,
3407 2120 3510 2174 alia

1920 2202 2008 2256 die
2040 2204 2276 2278 quinque
2330 2203 2495 2258 millia
2526 2248 2540 2272 ,
2587 2216 2639 2260 et
2686 2207 2941 2278 deinceps
2972 2209 3138 2262 multa
3173 2211 3339 2265 millia
3372 2212 3510 2283 (Act.

1919 2296 2019 2365 IV).
2081 2297 2296 2352 Etenim
2330 2299 2418 2368 qui
2450 2298 2830 2367 crediderant,
2860 2283 3156 2356 alierebaut
3187 2318 3365 2358 rerum
3391 2319 3515 2358 sua-

1919 2405 2037 2444 rum
2089 2392 2261 2458 pretia
2291 2436 2304 2458 ,
2334 2401 2598 2460 ponentes
2642 2404 2776 2464 ante,
2815 2395 2978 2476 pedes
3018 2398 3424 2466 apostolorum,
3456 2407 3514 2454 ut

1918 2482 2154 2558 expediti
2187 2498 2216 2536 a
2239 2485 2469 2538 sarcinis
2513 2485 2694 2540 szeculi
2729 2477 2886 2542 liberi
2917 2487 3192 2544 Christum
3221 2505 3516 2560 sequeren-

1920 2580 2026 2627 tur.
2061 2573 2142 2656 De
2175 2573 2276 2628 hac
2308 2590 2484 2630 messe
2532 2591 2696 2646 pauca
2743 2592 2908 2648 grana
2955 2594 3051 2650 per
3089 2582 3273 2636 orbem
3304 2597 3513 2652 sparsa,

1919 2655 2256 2734 innumeram
2298 2681 2528 2725 messem
2567 2686 2662 2740 per
2691 2655 2860 2728 totum
2907 2675 3160 2744 mundum
3193 2688 3514 2750 genuerunt,

1919 2775 2038 2829 quae
2092 2759 2142 2812 in
2169 2758 2279 2814 ﬁne
2327 2759 2510 2814 saeculi
2559 2761 2858 2832 colligenda
2888 2773 2992 2818 est.
3042 2765 3361 2821 Intuendum
3386 2755 3516 2823 vero

1921 2851 2061 2922 quod
2085 2865 2250 2919 supra
2293 2849 2468 2905 dixit:
2507 2835 2574 2908 Ut
2610 2861 2664 2907 et
2704 2854 2794 2922 qui
2831 2841 3061 2909 seruiinat
3092 2856 3253 2912 simul
3282 2841 3508 2929 gaudeat

1927 2953 1981 2997 et
2016 2941 2105 3012 qui
2137 2939 2313 2995 metit.
2369 2939 2653 3010 Propheta:
2699 2944 2838 2997 enim
2873 2931 3228 3001 setnina'tores
3257 2990 3273 3015 ,
3303 2929 3356 3002 ei
3387 2933 3516 3018 apo-

1926 3033 2048 3088 stoli
2073 3046 2366 3098 messores,
2389 3023 2621 3100 dispa’ris
2647 3031 2906 3103 temporis
2929 3029 3143 3090 ltibores
3175 3035 3502 3103 habuerunt,

1923 3128 2014 3182 sed
2048 3142 2210 3181 unam
2242 3119 2550 3180 mercedem
2579 3135 2932 3196 seca-perunt,
2961 3137 3016 3182 et
3051 3127 3290 3183 fructum
3319 3131 3517 3196 pariter

1925 3222 1976 3275 in
2000 3223 2162 3276 vitam
2191 3213 2450 3278 {sternam
2479 3237 2962 3298 congregaverunt.
3005 3227 3088 3283 Ea:
3111 3229 3318 3284 ciuitate
3338 3240 3516 3284 autem

1924 3315 2017 3368 illa
2039 3317 2188 3370 multi
2217 3319 2542 3373 crediderunt
2575 3320 2630 3374 in
2651 3335 2767 3374 eum
2795 3321 3276 3389 Samaritanorum,
3307 3334 3518 3394 propter

1923 3411 2132 3464 uerbum
2180 3411 2410 3465 mulieris
2463 3413 2810 3486 testimonium
2854 3417 3201 3490 perhibentis,
3237 3419 3357 3488 quia
3386 3420 3518 3474 dixit

1921 3503 2046 3568 milii
2074 3503 2246 3556 omnia
2286 3520 2600 3576 quwcunque
2652 3509 2769 3577 feci.
2831 3507 2961 3563 Cum
2989 3512 3237 3582 uenissent
3259 3527 3379 3583 ergo
3409 3512 3517 3569 Sa-

1922 3596 2167 3650 maritani
2195 3598 2262 3652 ad
2291 3599 2472 3663 illum,
2501 3611 2806 3671 rogaverunt
2837 3618 2953 3656 eum
2978 3613 3032 3655 ut
3061 3605 3129 3656 ibi
3158 3614 3404 3658 maneret.
3450 3604 3518 3660 Et

1925 3691 2112 3742 mtmsit
2160 3689 2229 3743 ibi
2278 3692 2408 3745 duos
2451 3692 2560 3746 dies
2581 3733 2595 3757 ,
2641 3703 2686 3748 et
2717 3697 2876 3749 multo
2901 3696 3074 3766 Plures
3105 3697 3431 3751 crediderunt
3457 3699 3511 3758 in

1924 3799 2038 3836 eum
2092 3794 2300 3854 propter
2347 3801 2630 3838 sermonem
2673 3791 2801 3859 ejus.
2870 3786 2932 3842 Et
2981 3790 3185 3842 mulieri
3235 3791 3511 3846 dicebant:

1929 3875 2063 3940 Quia
2077 3876 2200 3946 jam
2242 3891 2345 3928 non
2394 3887 2604 3946 propter
2633 3889 2776 3931 tuam
2811 3880 3066 3949 loquelam
3093 3881 3386 3946 credimus;
3416 3881 3520 3952 ipsi

1926 3973 2059 4026 enim
2087 3972 2375 4026 audivimus
2401 3983 2449 4026 et
2475 3976 2665 4028 scimus
2691 3975 2814 4043 quia
2839 3975 2922 4026 hic
2947 3985 3019 4029 est
3043 3975 3283 4028 Saluator
3312 3976 3512 4031 mundi.

1928 4061 2111 4120 Primo
2137 4063 2354 4133 quidem
2386 4063 2710 4120 Samaritani
2745 4065 2940 4119 famam
2969 4066 3178 4120 Domini
3213 4067 3518 4135 audierunt,

1930 4155 2272 4225 postmodum
2327 4165 2747 4224 conspexerunt.
2813 4156 2924 4212 Nec
2977 4157 3079 4212 hoc
3122 4157 3322 4218 sufficit
3353 4201 3369 4227 ,
3423 4158 3522 4216 sed

1929 4248 2092 4302 etiam
2144 4258 2470 4319 rogaverunt
2507 4264 2629 4304 eum
2677 4257 2734 4304 ut
2773 4250 2965 4305 saltem
2995 4250 3197 4319 aliquot
3235 4250 3353 4306 dies
3379 4254 3518 4322 apud

1934 4347 2052 4402 illos
2079 4357 2342 4403 maneret.
2381 4347 2492 4403 Nec
2519 4348 2630 4418 jam
2657 4363 2716 4402 se
2733 4344 2959 4417 propter
2980 4349 3080 4403 hoc
3105 4349 3172 4403 de
3195 4365 3302 4418 quo
3327 4352 3522 4408 mulier

1933 4438 2302 4494 testimonium
2335 4439 2713 4508 perhibuerunt,
2757 4438 2986 4496 'credere
3015 4439 3288 4504 dicebant.
3315 4442 3410 4498 sed
3433 4457 3523 4499 so-

1934 4531 2081 4600 ipsos
2114 4541 2240 4586 vere
2267 4531 2589 4602 cognovisse
2619 4542 2672 4587 et
2713 4532 2883 4588 scisse
2911 4531 3034 4601 quia
3076 4532 3193 4601 ipse
3221 4544 3306 4590 est
3335 4534 3522 4591 Salva-

226 4633 342 4687 bus
373 4645 501 4699 ergo
529 4627 728 4685 Christi
754 4628 884 4683 ﬁdes
915 4639 1092 4681 nostra
1114 4638 1166 4682 et
1196 4626 1340 4682 salus
1363 4637 1463 4681 est.
1505 4627 1678 4696 Atque
1707 4625 1827 4682 ideo
1854 4613 1906 4706 ﬂ
1933 4635 2019 4680 tor
2049 4625 2252 4680 intmdi.
2283 4625 2400 4680 Cita
2425 4626 2717 4682 credulitas
2749 4623 3204 4684 Samaritanorum
3236 4639 3524 4699 exaggerat

235 4721 563 4792 perﬁciebat
596 4720 926 4774 voluntatem
961 4719 1168 4785 Patris,
1203 4735 1392 4774 omnes
1422 4721 1472 4774 in
1505 4735 1564 4775 se
1605 4720 1828 4778 credere

231 4817 512 4876 docendo.
547 4815 862 4870 Pet-ticiebat
892 4831 1024 4882 opus
1057 4815 1194 4884 ejus,
1231 4819 1476 4868 burnaute
1505 4813 1829 4883 redemptio-

240 4912 336 4968 nis
365 4909 678 4980 mySterium
730 4908 1067 4988 maturanda.
1139 4908 1326 4962 Nonne
1367 4924 1453 4961 vos
1487 4909 1676 4973 dicitis,
1706 4910 1826 4978 quia

231 5003 419 5057 adhuc
441 5011 658 5071 quatuor
680 5016 872 5056 men-ses
893 5010 1027 5063 sunt,
1053 5010 1098 5053 et
1122 5001 1294 5058 utessis
1315 5002 1482 5054 vertit?
1507 4999 1652 5070 Opus
1683 5000 1829 5056 illum

241 5097 477 5166 urgebat
501 5129 516 5159 ,
547 5104 600 5150 et
626 5096 854 5164 quodam
891 5095 1099 5148 fervore
1133 5096 1482 5162 properanda:
1513 5097 1700 5151 salutis
1727 5078 1828 5150 nti-

237 5201 378 5245 strae
407 5187 822 5251 exarrlescebat,
853 5185 960 5254 jam
992 5187 1299 5253 operarios,
1330 5185 1382 5240 id
1413 5195 1492 5239 est
1521 5185 1831 5254 prmdicato-

237 5300 367 5348 res,
402 5286 454 5338 in
487 5283 744 5336 mundum
780 5285 990 5336 mittere
1022 5281 1249 5336 volebat.
1296 5280 1416 5344 Vas,
1443 5283 1634 5350 inquit,
1660 5281 1832 5336 dicitis

241 5378 397 5448 quod
426 5376 593 5430 adhuc
613 5383 832 5445 quatuor
862 5385 1060 5428 menses
1083 5385 1222 5436 sunt,
1245 5383 1295 5426 et
1327 5375 1500 5428 messis
1529 5375 1676 5428 venit.
1726 5374 1832 5429 Sed

237 5483 355 5536 ego
388 5467 540 5522 vobis
565 5468 724 5524 aliam
774 5481 1008 5520 messem
1031 5469 1136 5533 jam
1165 5475 1340 5522 ortam
1365 5493 1383 5531 -,
1413 5466 1522 5532 iam
1547 5476 1831 5529 maturam,

1935 4719 2159 4773 multum
2189 4728 2244 4773 et
2269 4727 2526 4788 aggravat
2547 4719 2916 4774 inﬁdelitatem
2946 4719 3278 4779 intimorum.
3332 4721 3524 4776 Sama-

1930 4814 2088 4868 ritani
2142 4827 2270 4867 vero
2312 4822 2459 4868 certe
2501 4811 2709 4866 nullum
2762 4812 3077 4866 miraculum
3105 4811 3382 4877 viderant,
3417 4825 3521 4865 non

1932 4915 2202 4960 mortuum
2229 4904 2605 4958 resuscitatum
2637 4903 3003 4971 inspexerant,
3045 4916 3150 4955 non
3191 4915 3340 4956 mare
3369 4901 3521 4968 pedi-

1933 4998 2032 5051 bus
2057 5004 2445 5052 traxismeatom
2471 5002 2814 5063 acceperant,
2845 4992 2942 5050 sed
2988 5001 3193 5048 tantum
3231 4991 3374 5062 quod
3407 5005 3523 5046 mu-

1931 5091 2032 5148 lier
2061 5091 2273 5148 diccbat
2294 5131 2312 5158 ,
2359 5092 2480 5163 quia
2527 5090 2657 5144 diuit
2689 5089 2814 5141 milii
2851 5089 3027 5142 omnia
3063 5101 3374 5158 quacunque
3401 5087 3519 5155 feci.

1932 5187 2102 5243 Judaei
2135 5202 2260 5241 vero
2281 5227 2296 5252 ,
2327 5186 2612 5239 innumera
2637 5182 2876 5252 quotidie
2907 5181 3176 5237 mirabilia
3215 5191 3522 5246 cernentes,

1933 5294 2040 5333 non
2071 5279 2245 5333 solum
2276 5285 2380 5331 non
2412 5276 2734 5339 credebant,
2780 5289 2967 5328 verum
2997 5273 3161 5328 etiam
3193 5285 3304 5326 sua:
3333 5273 3522 5328 salutis

1935 5370 2397 5440 persequebantur
2418 5375 2710 5422 auctarum.
2747 5366 2836 5421 Sic
2859 5367 3018 5422 etiam
3036 5365 3278 5434 quotidie
3299 5365 3358 5420 ﬁt
3382 5365 3522 5433 apud

1931 5462 2180 5531 uentiies.
2225 5462 2360 5514 Cum
2389 5462 2532 5514 enim
2557 5475 2590 5514 a
2613 5457 2830 5513 Christi
2859 5457 3049 5512 amicis
3079 5456 3353 5512 Christum
3389 5470 3524 5523 prte-

237 5569 305 5615 et
332 5559 400 5612 ad
421 5559 728 5614 metendum
763 5567 1003 5626 paratam
1031 5558 1277 5612 ostendo.
1313 5557 1478 5622 Ecce,
1503 5557 1698 5627 inquit,
1723 5559 1839 5613 dico
1935 5554 2105 5610 dicari
2139 5551 2713 5616 audiunt‘etcredunt,
2758 5550 2907 5618 quasi
2937 5564 3034 5618 per
3063 5537 3262 5602 famam
3289 5547 3527 5603 mulieris

239 5649 429 5704 vobis:
476 5646 662 5702 Leonte
689 5651 862 5702 oculos
893 5657 1112 5710 vestros,
1147 5660 1192 5700 et
1222 5649 1383 5702 videte
1413 5650 1640 5718 regiones
1663 5689 1678 5714 ,
1719 5652 1839 5718 quia
1935 5649 2279 5720 praedicantis
2321 5647 2391 5701 ad
2432 5647 2700 5701 Christum
2747 5646 2984 5700 veniunt.
3012 5645 3234 5712 .Sicque
3275 5653 3344 5699 'eo
3383 5645 3523 5714 apud

239 5738 388 5796 alba!
407 5740 659 5810 sunt-jam
685 5739 754 5792 ad
790 5755 1023 5795 messem.
1071 5736 1214 5810 Ergo
1261 5747 1469 5807 tempus
1501 5754 1581 5795 est
1616 5752 1671 5796 ut
1699 5759 1840 5798 ntes-
1939 5743 2064 5798 illos
2095 5743 2366 5807 manente,
2396 5743 2502 5808 jam
2528 5739 2800 5794 robustius
2829 5755 2927 5806 per
2957 5740 3167 5805 seipson
3201 5729 3397 5806 quanta
3437 5745 3525 5794 ve-

239 5853 411 5896 sones
457 5839 761 5892 nituntur.
801 5835 952 5903 Quod
975 5842 1067 5889 est
1092 5843 1278 5904 aperte
1319 5835 1526 5900 dicere,
1565 5837 1843 5893 intellectu
1935 5839 2076 5891 ritas
2109 5835 2434 5890 Christi-ana:
2485 5834 2641 5900 fidei,
2671 5838 2865 5904 quanta
2893 5833 2958 5887 sit
2986 5832 3137 5888 salus
3163 5836 3224 5890 in
3253 5834 3524 5892 Christum

251 5935 452 5995 mentis
497 5933 836 5993 considerate
892 5929 1062 5986 Deum
1119 5929 1318 5985 mundo
1360 5929 1730 5996 reconciliari.
1787 5939 1844 5989 et
1943 5928 2396 5995 credentibus,es
2422 5937 2664 5999 tempore
2690 5933 3042 5998 cognoscunt.
3073 5925 3184 5984 Nec
3216 5928 3526 5995 vacatquod
