3972 6340
521 348 659 409 1279

1364 340 1565 398 PAULI
1604 337 1870 396 DIACONI
1907 334 2063 393 OPP.
2103 331 2282 389 PARS
2318 331 2383 388 ll.
2424 362 2497 375 ——
2533 331 2894 390 ASCETICA.

3561 346 3665 409 ιιιθ

522 463 685 522 b’iduo
705 461 841 533 apud
865 474 960 516 eos
982 459 1244 514 mansisse
1276 456 1488 522 dicitur,
1526 458 1646 525 quia
1678 455 1926 508 nimirum
1955 453 2006 505 in
2038 462 2097 504 se
2124 449 2173 505 Α
2202 462 2418 503 morans
2445 465 2458 500 :
2492 446 2592 512 Qui
2614 447 2947 517 propitiatur,
2968 446 3157 517 inquit,
3178 451 3389 507 omnibus
3410 453 3669 525 inquitotibu

522 560 800 616 credentes
826 554 1069 610 Christus
1110 551 1316 607 duobus
1364 550 1638 618 praeceptis
1669 547 1884 601 instruit
1921 545 2101 600 chari-

524 652 646 706 tatis
671 692 684 713 ,
731 650 928 704 docens
974 659 1069 700 eos
1107 643 1269 697 Deum
1309 641 1529 708 diligere
1555 654 1715 708 super
1762 638 1939 690 omnia
1975 651 2100 705 pro-

524 746 722 802 simum
754 742 890 797 sicut
924 742 1149 808 seipsos.
1195 737 1361 791 Biduo
1390 751 1517 805 ergo
1551 733 1689 800 apud
1737 733 2102 786 Samaritanos

525 814 741 905 mansit,
768 836 890 905 quia
920 836 971 890 in
1003 849 1187 890 eorum
1221 831 1468 885 cordibus
1499 827 1816 897 requiescit,
1845 839 1979 895 quos
2006 839 2102 891 ge-

524 912 669 987 mina
718 928 994 984 eharitatis
1045 924 1288 994 lampade
1341 923 1547 978 fervere
1597 919 1929 991 cognoverit.
1994 916 2102 971 Nec

525 1024 656 1080 illud
689 1018 1040 1075 omittendum
1082 1017 1221 1084 quod
1267 1015 1410 1069 nulla
1443 1014 1635 1080 noctis,
1681 1011 1772 1066 sed
1801 1011 1965 1065 solius
1995 1007 2101 1063 diei

525 1118 585 1173 ﬁt
610 1115 831 1169 mentio.
880 1109 1020 1165 Nam
1063 1125 1177 1178 quoe
1212 1117 1374 1179 potest
1412 1122 1519 1162 esse
1546 1106 1761 1159 societas
1802 1104 1909 1156 luci
1940 1101 2009 1154 ad
2033 1110 2101 1154 te-

528 1201 741 1258 nebras?
768 1199 998 1254 Joannes
1026 1197 1166 1249 enim
1194 1195 1322 1249 dicit
1348 1211 1361 1246 :
1398 1193 1531 1246 Deus
1566 1192 1792 1244 churitas
1817 1198 1889 1241 est
1918 1187 2098 1257 (Joan.

528 1292 625 1363 tv).
660 1290 801 1344 Idem
832 1302 1040 1358 quoque
1071 1287 1193 1341 alibi
1222 1285 1350 1339 dicit
1376 1302 1387 1336 :
1414 1281 1549 1335 Deus
1579 1280 1672 1333 lua:
1700 1289 1791 1341 est,
1812 1288 1856 1331 et
1881 1280 2099 1333 tenebrte

526 1400 627 1438 non
658 1392 775 1436 sunt
806 1382 857 1433 in
884 1395 939 1433 eo
970 1378 1092 1431 ulla:
1114 1376 1164 1447 (Ι
1196 1375 1354 1429 Joan.
1386 1378 1449 1443 ι).
1505 1372 1561 1427 Si
1610 1386 1735 1442 ergo
1768 1370 1905 1424 Deus
1928 1369 2106 1423 chari-

528 1485 609 1531 tas
652 1483 773 1539 est,
816 1479 870 1526 et
900 1470 945 1524 si
976 1470 1116 1524 Deus
1151 1468 1240 1522 lus
1288 1474 1411 1531 est,
1462 1478 1588 1533 ergo
1629 1462 1859 1515 charitas
1892 1461 1975 1515 lus
2002 1471 2101 1515 est.

527 1567 626 1623 Ubi
654 1581 783 1636 ergo
814 1563 1047 1619 charitas
1089 1561 1177 1615 lux
1210 1566 1334 1623 est,
1377 1557 1496 1626 quis
1540 1552 1774 1608 tenebris
1814 1553 1962 1607 locus
1988 1566 2107 1607 esse

530 1655 739 1727 potest?
771 1656 834 1709 Et
862 1670 891 1708 e
915 1651 1204 1716 contrario,
1233 1650 1319 1703 ubi
1342 1648 1574 1702 charitas
1602 1654 1826 1707 nonest,
1858 1643 1928 1698 ibi
1960 1643 2105 1698 nulla

528 1748 614 1802 lux
642 1788 659 1814 ,
702 1746 797 1801 sed
846 1745 1027 1799 omnia
1078 1751 1211 1797 tetra
1258 1738 1581 1794 obscuritate
1613 1738 1758 1805 nigra
1783 1745 1930 1790 sunt.
1972 1734 2108 1789 Hinc

530 1839 804 1894 Joannes:
837 1835 1023 1893 Omnis
1073 1834 1162 1903 qui
1204 1849 1309 1887 non
1359 1832 1527 1901 diligit
1579 1830 1795 1884 fratrem
1842 1844 1995 1882 suum
2050 1827 2105 1881 in
2137 1815 2185 1875 B

531 1931 746 1984 tenebris
774 1939 869 1993 est,
901 1937 948 1982 et
975 1929 1027 1981 in
1058 1926 1273 1980 tenebris
1300 1924 1523 1977 ambulat
1550 1965 1564 1987 ,
1615 1930 1662 1975 et
1696 1922 1853 1974 nescit
1899 1936 1998 1989 quo
2028 1928 2109 1972 eat

533 2024 633 2091 Qui
662 2036 838 2079 autem
864 2025 1048 2094 diligit,
1077 2023 1131 2076 in
1160 2022 1348 2075 lumine
1374 2027 1541 2073 manet
1580 2016 1630 2087 (Ι
1667 2015 1822 2070 Joan.
1852 2014 1930 2083 ιι).
1964 2009 2112 2065 Hanc

533 2120 693 2189 igitur
723 2119 775 2172 in
798 2126 1052 2183 quantum
1091 2129 1375 2185 possumus
1404 2112 1698 2166 efficaciter
1726 2119 2024 2169 teneamus,
2055 2113 2113 2158 ut

538 2210 755 2267 ChriSto
785 2208 1118 2265 inhabitante
1147 2207 1381 2277 gaudere
1405 2217 1726 2259 mereamur.
1764 2198 2111 2265 Projiciamus

539 2319 569 2358 a
594 2302 751 2358 nobis
783 2300 1059 2356 noxiarum
1090 2299 1331 2371 hydriam
1362 2296 1710 2366 cupiditatum
1732 2334 1746 2357 ,
1776 2301 1830 2346 et
1878 2291 1943 2344 ad
1975 2289 2111 2343 bona

540 2409 661 2467 qua:
692 2394 801 2447 Deo
831 2393 1123 2462 inspirante
1146 2380 1524 2461 cognovimus,
1549 2385 1826 2440 nobiscum
1850 2383 1982 2436 alios
2003 2390 2112 2435 tra-

537 2489 670 2543 here
716 2486 1048 2541 festinemus.
1144 2485 1492 2539 Clementiam
1540 2480 1708 2536 nostri
1762 2474 2115 2546 redemptoris

541 2581 643 2652 piis
666 2580 885 2633 vocibus
914 2593 977 2633 ac
1025 2577 1180 2633 bonis
1222 2576 1430 2631 actibus
1470 2587 1787 2636 exoremus,
1821 2579 1877 2623 ut
1922 2567 2114 2638 quibus

539 2674 644 2745 jam
675 2687 824 2726 suum
855 2671 984 2725 dare
1010 2671 1259 2741 dignatus
1287 2680 1370 2723 est
1390 2666 1770 2736 cognitionem,
1798 2677 1919 2717 cum
1946 2662 2115 2716 virtu-

541 2775 652 2821 tum
685 2764 926 2835 profectu
955 2762 1021 2818 ad
1066 2777 1177 2817 sua:
1221 2761 1408 2832 gloriae
1438 2760 1685 2830 dignetur
1717 2756 2007 2827 perducere
2034 2754 2116 2807 vi-

537 2863 765 2916 sionem.
790 2857 985 2914 Amen.

1081 2971 1361 3028 IIOMILIA
1404 2967 1561 3024 XCV.

974 3103 1027 3145 ιιι
1065 3100 1299 3142 suosuo
1337 3098 1467 3139 ros'r
1508 3080 1684 3137 Oculi.

620 3204 682 3260 In
708 3204 800 3260 illo
827 3213 1051 3275 tenipore
1078 3202 1302 3274 perrexit
1328 3199 1358 3253 J
1367 3216 1484 3254 esus
1507 3199 1562 3252 in
1591 3179 1810 3250 montem
1836 3194 2043 3261 Oliveti,
2069 3199 2119 3249 et
2148 3203 2195 3267 ο

546 3297 770 3351 diluculo
789 3296 972 3349 iterum
991 3295 1126 3347 venit
1154 3294 1204 3346 in
1229 3292 1496 3361 templum,
1529 3298 1633 3344 etc.
1669 3288 1852 3359 (Joan.
1883 3287 2028 3356 VIII).

621 3406 1187 3476 Omnipotentissimus
1213 3405 1492 3472 Dominus,
1516 3403 1764 3458 conditor
1783 3412 1838 3457 et
1861 3399 2120 3470 benignis

546 3502 712 3556 simus
740 3510 947 3556 amator
968 3498 1265 3564 hominum,
1301 3497 1558 3551 Dominus
1588 3504 1771 3550 noster
1790 3493 1945 3549 Jesus
1964 3492 2125 3547 Chri-

552 3602 705 3659 stus,
761 3593 912 3662 cujus
954 3590 1217 3645 universa:
1250 3590 1349 3645 via:
1388 3587 1755 3645 misericordia
1804 3596 1858 3642 et
1901 3585 2122 3649 veritas,

555 3683 691 3737 hanc
721 3682 822 3737 sibi
855 3681 1086 3736 maxime
1133 3682 1277 3735 circa
1327 3694 1477 3734 suam
1520 3681 1822 3749 passionem
1873 3676 2126 3731 etlecerat

554 3775 1023 3839 consuetudinem,
1056 3782 1113 3828 ιιι
1138 3773 1190 3827 in
1220 3772 1410 3828 diebus
1439 3771 1653 3840 quidem
1679 3771 1729 3825 in
1755 3769 1956 3839 templo
1983 3767 2124 3837 quod

553 3865 937 3936 Hierosolymis
984 3871 1103 3919 erat
1147 3862 1369 3919 verbum
1398 3862 1491 3917 Dei
1521 3861 1869 3931 praedicaret,
1893 3860 2041 3930 signa
2072 3869 2127 3914 et

553 3957 804 4013 miracula
831 3955 1141 4012 ostenderet
1166 3996 1182 4023 ,
1213 3956 1407 4026 quibus
1436 3970 1496 4009 se
1520 3954 1615 4008 Dei
1648 3968 1769 4009 esse
1810 3953 2001 4006 Filium
2026 3951 2124 4006 de-

553 4048 785 4102 clararet
811 4064 823 4099 :
856 4060 978 4101 sero
1006 4055 1185 4101 autem
1216 4055 1579 4101 reverteretur
1608 4044 1659 4098 in
1695 4042 2003 4098 Betlianiam
2030 4058 2043 4094 :
2073 4050 2127 4097 et
2170 4092 2173 4095 .

553 4139 692 4208 apud
739 4140 969 4193 amicum
1020 4153 1174 4195 suum
1206 4136 1494 4203 Lazarum,
1536 4151 1855 4207 sororesque
1875 4135 1993 4204 ejus
2019 4133 2129 4186 Ma-

550 4232 686 4285 riam
712 4239 764 4285 et
808 4230 1093 4296 Martliam,
1130 4230 1378 4285 noctibus
1406 4228 1802 4295 hospitaretur:
1832 4228 2015 4296 sicque
2041 4226 2125 4279 in-

552 4324 759 4379 terdum
785 4324 1016 4379 diluculo
1058 4323 1123 4377 ad
1154 4324 1332 4379 simile
1360 4322 1751 4391 praedicationis
1780 4337 1911 4390 opus
1946 4319 2128 4373 Hiero-

552 4414 813 4483 solymam
857 4422 1240 4468 reverteretur.
1280 4413 1585 4469 Secundum
1632 4412 1775 4467 hunc
1823 4411 1984 4481 igitur
2024 4409 2125 4464 sibi

554 4515 871 4560 consuetum
900 4522 1126 4572 morem,
1152 4522 1271 4563 cum
1305 4516 1414 4562 tota
1445 4508 1532 4562 die
1566 4508 1615 4561 in
1636 4506 1723 4560 die
1760 4504 1896 4560 festo
1924 4504 2126 4559 Sceno-

2203 542 2321 602 tuis,
2369 541 2459 610 qui
2505 549 2653 593 sanat
2702 555 2874 592 omnes
2922 538 3235 607 infirmitates
3279 554 3378 597 tuas
3420 544 3671 624 (Psal.cn).

2206 629 2467 697 Pergebut
2505 644 2633 698 ergo
2666 628 2926 683 Dominus
2980 630 3031 683 in
3084 641 3304 687 montem
3333 635 3524 703 Oliveti,
3548 640 3674 713 illique

2209 722 2479 784 manebat,
2513 728 2572 775 ut
2598 735 2774 776 arcem
2802 722 2852 775 in
2884 735 2943 777 se
2967 722 3333 780 misericordia:
3359 740 3581 796 constare,
3603 735 3677 791 imo

2206 829 2264 868 se
2291 812 2602 868 ostenderet
2643 829 2764 869 esse
2794 815 2964 884 ipsam
3009 814 3432 887 misericordiam,
3460 826 3677 882 secundum

2204 903 2501 959 Psalmista:
2533 920 2739 960 vocem.
2784 904 2944 973 Deus,
2982 907 3185 975 inquit,
3225 921 3460 980 susceptor
3492 931 3681 973 meum:

2204 993 2348 1051 Deus
2389 1013 2528 1051 meus
2562 998 2918 1050 misericordia
2962 1014 3073 1051 mea
3118 997 3285 1066 (Psal.
3313 1002 3466 1070 Lvnt).
3515 1004 3681 1076 Tempus

2207 1106 2336 1146 vero
2363 1091 2607 1159 diluculi,
2639 1108 2745 1161 quo
2774 1093 3157 1162 praedicaturus
3199 1094 3570 1169 Hierosolymam
3603 1103 3684 1157 red-

2209 1184 2339 1250 ibat,
2374 1194 2582 1255 tempus
2610 1200 2759 1240 nova:
2787 1188 2971 1256 gratia:
2986 1198 3226 1242 exortum
3248 1190 3488 1261 designat,
3515 1196 3683 1262 quando,

2207 1288 2416 1334 remota
2461 1279 2710 1349 legalium
2744 1280 2929 1334 umbra
2965 1281 3246 1347 figurarum
3274 1327 3287 1347 ,
3324 1285 3403 1338 lux
3442 1288 3686 1355 evangelica

2208 1373 2451 1427 veritatis
2491 1372 2691 1426 mundo
2738 1373 3024 1428 revelanda
3055 1382 3188 1427 erat.
3243 1372 3303 1427 Et
3339 1378 3483 1430 omnis
3507 1378 3682 1446 ,‘inquit,

2208 1465 2423 1537 populus
2463 1465 2595 1518 venit
2617 1465 2686 1518 ad
2726 1481 2859 1529 eum,
2890 1473 2935 1517 et
2966 1467 3142 1518 sedens
3181 1466 3378 1520 docebat
3413 1483 3503 1522 eos.
3551 1467 3684 1523 Sessio

2216 1558 2425 1612 Domini
2459 1558 2812 1612 humilitatem
2846 1557 3231 1611 incarnationis
3257 1558 3365 1625 ejus
3392 1560 3600 1623 insinuat,
3627 1575 3687 1627 per

2212 1663 2369 1718 quam
2404 1649 2602 1703 mundo
2632 1649 2919 1703 subvenire
2947 1649 3197 1722 dignatus
3227 1659 3324 1702 est.
3392 1649 3580 1703 Domino
3602 1666 3689 1720 ergo

2212 1740 2266 1795 in
2311 1741 2511 1810 templo
2557 1740 2783 1795 sedente
2810 1784 2825 1808 ,
2871 1742 3045 1795 omnis
3078 1740 3296 1810 populus
3335 1742 3467 1795 venit
3502 1742 3554 1794 ad
3592 1758 3690 1808 eum,

2215 1832 2334 1902 quia
2373 1841 2648 1899 postquam
2694 1848 2787 1901 per
2816 1842 3119 1902 susceptam
3167 1831 3696 1895 bumanitatem,visibi-

2218 1925 2322 1978 Iern
2352 1939 2411 1978 se
2438 1925 2744 1979 hominibus
2775 1927 3018 1994 praebuit,
3047 1937 3320 1995 coeperunt
3348 1926 3480 1979 multi
3512 1926 3697 1994 pra-dica-

2217 2020 2417 2074 tionem
2461 2020 2577 2089 ejus
2623 2019 2810 2074 audire
2839 2062 2854 2088 ,
2903 2031 2959 2076 et
3003 2024 3054 2076 in
3106 2038 3226 2077 eum
3267 2022 3501 2077 credere:
3533 2032 3575 2077 et
3598 2032 3699 2077 tanto

2217 2110 2470 2164 libentius
2498 2153 2513 2178 ,
2561 2124 2766 2180 quanto
2795 2128 2915 2167 eum
2946 2113 3047 2167 sibi
3096 2129 3187 2181 per
3222 2124 3520 2183 assumptam
3546 2129 3698 2167 carnem

2219 2205 2517 2271 proximum
2574 2204 2769 2258 factum
2820 2220 2939 2259 esse
2984 2208 3354 2261 meminerant.
3415 2207 3542 2261 Multi
3578 2216 3700 2260 autem

2218 2294 2472 2363 dixuttus,
2505 2294 2625 2364 quia
2662 2298 2875 2363 plurimi
2907 2299 3139 2367 superba
3177 2309 3351 2353 mente
3379 2300 3569 2353 salutem
3594 2313 3701 2367 quam

2218 2390 2470 2442 attulerat
2514 2396 2977 2453 contempserunt.
3059 2390 3213 2446 Unde
3263 2393 3471 2445 multum
3510 2402 3606 2444 ante
3641 2405 3703 2459 per

2220 2492 2533 2551 prophetam
2580 2483 2886 2550 praedictum
2922 2483 3099 2538 fuerat
3125 2503 3139 2539 :
3167 2486 3384 2539 Audiam
3426 2484 3706 2545 munsueti,rt

2219 2579 2456 2633 (terentur
2486 2577 2656 2648 (Psal.
2692 2579 2909 2649 χχχιιι).
2939 2579 3233 2635 Mansuetis
3270 2582 3421 2652 igitur
3445 2590 3491 2633 et
3526 2576 3707 2644 simplici-

2221 2672 2377 2726 cibus
2416 2687 2717 2726 sermonem
2758 2671 2968 2725 Domini
3018 2671 3336 2725 mirantibus
3372 2681 3421 2724 et
3445 2666 3708 2722 intentissima

2222 2763 2567 2817 audientibus
2592 2804 2607 2828 ,
2653 2762 2775 2830 quid
2819 2774 3226 2832 contemptores
3255 2761 3464 2817 fecerint
3488 2758 3708 2813 audiamus.

2230 2854 2499 2910 Adducunt
2522 2864 2693 2909 autern
2723 2855 2901 2909 scriba:
2929 2865 2976 2907 et
3004 2854 3267 2909 Phariscei
3298 2853 3537 2907 mulierem
3559 2852 3600 2903 in
3617 2849 3710 2902 add-

2226 2947 2352 3001 terio
2384 2947 2773 3016 deprehensam,
2802 2958 2847 3001 et
2876 2957 3168 3001 statuerunt
3208 2963 3317 3001 eam
3342 2946 3394 2999 in
3416 2944 3584 3008 medio,
3604 2948 3637 2995 et
3658 2938 3710 2991 di-

2224 3052 2408 3096 xerunt
2430 3042 2473 3094 ei
2497 3056 2516 3094 :
2548 3039 2814 3109 Magister,
2849 3039 2977 3095 ch
3005 3041 3195 3095 mulier
3217 3041 3367 3095 modo
3395 3037 3649 3108 deprehensa
3667 3040 3712 3085 est

2228 3134 2282 3188 in
2309 3132 2582 3188 adulterio.
2627 3134 2690 3187 In
2740 3133 2849 3205 lege
2896 3146 3065 3189 autem
3119 3133 3329 3207 Moyses
3377 3126 3713 3204 praacepitnobis

2226 3227 2520 3299 hujusmodi
2568 3228 2797 3296 lapidare
2824 3271 2837 3294 ,
2891 3240 2943 3282 tu
2983 3246 3105 3298 ergo
3150 3231 3274 3299 quid
3307 3229 3458 3282 dicis?
3493 3227 3530 3280 Ο
3552 3222 3712 3291 αιριὶοει

2230 3320 2531 3374 veneratio!
2557 3336 2586 3371 ο
2611 3321 2913 3374 simulatum
2933 3333 3217 3375 venenata:
3250 3322 3436 3375 mentis
3459 3311 3705 3384 obsequium!

2227 3426 2260 3463 o
2285 3410 2426 3464 labia
2451 3410 2636 3464 dolosa
2663 3413 2715 3464 in
2745 3412 2907 3467 corde
2934 3454 2949 3478 ,
3002 3422 3057 3467 et
3083 3412 3276 3467 dolum
3309 3428 3371 3467 es
3401 3410 3540 3467 corde
3560 3416 3704 3470 mouen-

2227 3503 2303 3556 tia
2329 3504 2343 3557 !
2376 3502 2710 3573 lnterrogant
2739 3519 2845 3557 non
2871 3514 2929 3557 ut
2948 3504 3090 3573 quod
3125 3517 3335 3561 rectum
3359 3512 3439 3560 est
3457 3490 3705 3561 discuti»Md

2227 3601 2285 3646 ut
2326 3591 2535 3647 veritati
2576 3595 2793 3662 laqueos
2845 3603 3080 3649 nectant.
3147 3597 3402 3652 Sciebant
3429 3596 3549 3650 enim
3573 3588 3707 3642 idcirco

2228 3684 2313 3738 vel
2374 3684 2607 3739 maxime
2656 3687 2943 3741 Dominum
2995 3703 3025 3741 a
3053 3689 3230 3744 turbis
3257 3690 3419 3743 amari
3449 3685 3549 3757 quia
3573 3676 3713 3736 miscri-

2228 3781 2463 3835 Cordiam
2483 3782 2825 3849 praedicabat,
2845 3793 2892 3835 et
2915 3793 3230 3851 peccatores
3248 3783 3590 3853 benignissime
3604 3771 3715 3828 susci-

2232 3875 2417 3943 piebat
2445 3894 2456 3927 :
2501 3875 2728 3942 ideoque
2758 3891 2885 3931 cum
2904 3877 3250 3934 invenissent
3282 3878 3539 3931 mulierem
3562 3873 3602 3926 in
3623 3864 3716 3922 adul-

2227 3967 2389 4035 terio,
2423 3968 2767 4025 exsultabant
2794 3969 3063 4025 invenisse
3106 3989 3166 4026 se
3193 3971 3427 4026 tentandi
3450 3967 3714 4022 occasionem.

2229 4059 2585 4115 Adduxerunt
2629 4076 2756 4131 ergo
2802 4076 2923 4116 eam
2988 4063 3053 4116 ad
3093 4063 3383 4118 Dominum
3436 4062 3717 4130 percontantes

2229 4153 2357 4221 quid
2388 4153 2454 4207 de
2481 4167 2546 4207 ea
2580 4151 2693 4206 fieri
2716 4153 2949 4223 juberet.
2994 4155 3259 4210 Dicebant
3289 4159 3426 4209 enim
3451 4153 3508 4206 ad
3532 4152 3716 4205 invicem:

2228 4245 2283 4299 Si
2313 4243 2538 4309 dixerit,
2569 4245 2878 4315 Lapidanda
2901 4253 2985 4301 est
3013 4246 3132 4302 bare
3154 4248 3348 4302 mulier
3373 4248 3508 4316 jmta
3530 4243 3718 4297 decretum

2230 4335 2395 4407 Moysi
2427 4378 2441 4401 ,
2490 4339 2638 4405 quasi
2670 4338 3049 4392 misericordia:
3079 4338 3312 4393 oblitum
3353 4354 3499 4408 quam
3546 4332 3723 4402 pradica-

2231 4427 2342 4494 bat,
2372 4429 2770 4493 deridebimus,
2803 4428 2988 4495 sicque
3009 4444 3134 4483 eum
3169 4432 3414 4484 odiosum
3447 4425 3589 4481 turbis
3609 4416 3721 4485 aqui-

2232 4520 2331 4575 bus
2371 4519 2608 4589 diligitur
2639 4519 2916 4575 faciemus.
2976 4520 3033 4574 Si
3069 4536 3204 4575 vero
3247 4521 3582 4589 lapidarieam
3606 4507 3723 4577 prohi-

553 4599 720 4668 pegiae
744 4639 758 4663 ,
788 4599 836 4651 id
858 4606 963 4666 est,
1002 4571 1511 4665 Tabernaculorum,
1541 4602 1592 4655 in
1625 4600 1821 4668 templo
1848 4599 2128 4669 praedicas-

2232 4611 2409 4667 buerit
2433 4655 2447 4679 ,
2499 4611 2650 4680 quasi
2682 4611 2813 4681 legis
2841 4613 3212 4666 adverszirium
3256 4622 3311 4665 et
3359 4612 3587 4665 fautorem
3610 4600 3723 4655 πάθ’

552 4700 635 4748 set
661 4707 677 4748 :
707 4702 1018 4762 vesperante
1038 4692 1150 4764 jam
1180 4695 1294 4760 die,
1337 4696 1473 4749 sicut
1505 4697 1695 4749 asserit
1722 4703 1940 4749 sanctus
1962 4709 2123 4748 evan-

552 4784 766 4854 gelista,
799 4784 1034 4851 perrexit
1082 4785 1132 4837 in
1162 4794 1393 4853 montem
1423 4785 1647 4852 Oliveti,
1681 4794 1733 4839 et
1758 4784 1882 4839 inde
1914 4799 2121 4839 rursum

553 4876 788 4932 diluculo
837 4876 986 4931 venit
1032 4876 1086 4931 in
1134 4876 1414 4946 templum.
1453 4875 1707 4948 Mystiee,
1751 4889 1904 4930 mons
1931 4874 2125 4929 Oliveti

555 4967 940 5024 sublimitatem
962 4968 1244 5023 dominica:
1275 4969 1485 5037 pietatis
1528 4983 1590 5023 ac
1619 4966 2003 5023 misericordim
2030 4965 2126 5022 deo

554 5062 755 5132 signat,
778 5062 918 5131 quod
947 5060 999 5115 in
1024 5062 1140 5131 ipso
1170 5062 1299 5117 satis
1328 5061 1499 5116 claret
1517 5059 1797 5125 vocabulo,
1827 5058 1949 5128 quia
1974 5072 2130 5113 mons

557 5152 746 5209 Oliveti
775 5166 804 5205 a
851 5153 1219 5209 misericordia
1264 5169 1457 5209 nomen
1490 5152 1686 5218 trahit,
1719 5150 1862 5214 ἕλεος
1901 5166 2127 5219 namque

558 5243 764 5309 Grece,
793 5243 980 5299 Latine
1008 5246 1376 5301 misericordia
1415 5247 1628 5301 dicitur.
1689 5244 1885 5299 Natura
1916 5260 2127 5314 quoque

556 5336 661 5392 olei
690 5336 946 5406 mysterio
973 5337 1250 5406 aptissime
1275 5338 1545 5403 convenit,
1569 5347 1726 5404 atque
1747 5338 1966 5405 gratiam
1994 5352 2127 5406 prae-

560 5437 822 5483 monstrat
867 5430 1271 5485 misericordiae.
1314 5430 1389 5485 De
1418 5445 1521 5499 qua
1562 5428 1837 5485 Psalmista
1879 5448 1891 5483 :
1941 5428 2128 5486 Suavis

554 5518 803 5575 Dominus
834 5522 1085 5575 uniuersis
1108 5561 1124 5585 ,
1167 5532 1214 5574 et
1262 5522 1603 5576 miserationes
1627 5523 1740 5592 ejus
1780 5539 1931 5593 super
1956 5525 2127 5576 omnia

552 5625 707 5680 opera
734 5611 1047 5683 ejus(Psat.
1095 5612 1301 5681 csuv).
1375 5614 1597 5683 Dleiqne
1657 5616 1932 5683 perunctio
1975 5615 2127 5671 fessis

555 5700 863 5757 dolentibus
890 5705 1146 5760 membris
1175 5705 1312 5761 solet
1338 5704 1528 5761 afferre
1556 5706 1818 5762 levamen.
1878 5707 1943 5761 Et
1980 5707 2127 5764 Psal-

554 5797 718 5861 mists
764 5800 1134 5857 miserationes
1185 5801 1391 5857 Domini
1432 5800 1661 5871 gratiosa
1698 5800 1858 5859 laude
1886 5817 2124 5860 commo-

2234 4723 2349 4762 rum
2401 4707 2613 4777 publice
2658 4708 3217 4774 comprehendemus,
3266 4719 3320 4763 et
3351 4707 3522 4760 mortis
3541 4691 3725 4766 supplicio

2233 4798 2730 4853 condemnabimus.
2766 4799 2870 4853 Sed
2901 4799 3026 4865 quid
3057 4799 3386 4867 perversitas
3419 4800 3541 4849 valet
3567 4793 3721 4843 humana

2232 4900 2420 4945 contra
2447 4899 2759 4958 potestatem
2786 4888 3057 4943 divinam?
3106 4889 3388 4958 Scriptum
3431 4897 3623 4954 namque
3643 4886 3722 4929 esti

2235 4983 2357 5038 Non
2395 4994 2468 5037 est
2510 4983 2783 5053 sapientia,
2828 4998 2932 5037 non
2979 4993 3051 5037 est
3090 4984 3399 5051 prudentia,
3430 4997 3522 5035 non
3545 4986 3600 5030 est
3616 4966 3729 5024 cossi-

2231 5072 2358 5127 lium
2382 5083 2560 5127 contra
2597 5074 2903 5127 Dominum.
2944 5074 3203 5143 Sequitur
3231 5075 3376 5129 enim
3402 5091 3415 5125 :
3454 5072 3586 5125 Iesus
3615 5071 3727 5115 αιιειη

2233 5164 2513 5219 inclinavit
2540 5180 2594 5218 se
2614 5165 2875 5230 deorsum,
2898 5172 2952 5219 et
2976 5164 3139 5232 digito
3164 5165 3417 5218 scribebat
3436 5162 3482 5215 in
3511 5171 3638 5212 terra.
3660 5150 3728 5203 Ρα

2235 5257 2338 5311 hoc
2378 5256 2519 5325 quod
2569 5272 2627 5311 se
2672 5258 2928 5311 Dominus
2976 5258 3261 5313 inclinavit
3289 5301 3303 5324 ,
3347 5255 3650 5313 humilitatem
3676 5256 3730 5294 ις·

2234 5361 2460 5416 sumpta:
2503 5348 2848 5403 humanitatis
2888 5349 3143 5404 ostendit.
3211 5350 3317 5404 Per
3335 5351 3538 5418 digitum
3556 5341 3626 5409 qui
3644 5348 3729 5389 cott-

2228 5437 2594 5509 junctionibus
2636 5441 2984 5495 articulorum
3045 5446 3386 5510 compositus
3411 5484 3425 5507 ,
3485 5449 3617 5502 atque
3653 5426 3731 5480 ideo

2233 5530 2443 5587 caeteris
2491 5533 2745 5588 membris
2793 5533 3078 5587 ﬂesibilior
3105 5544 3232 5599 est,
3281 5530 3559 5586 sublimitas
3590 5522 3731 5576 diser?

2234 5623 2393 5677 tionis
2432 5622 2770 5692 exprimitur.
2835 5624 2936 5679 Per
2977 5633 3180 5678 terram
3226 5640 3375 5689 vero,
3413 5618 3732 5675 humanumof

2232 5712 2564 5781 ostenditur,
2610 5716 2738 5783 quia
2777 5714 2905 5769 illud
2943 5715 3210 5770 bonarum
3243 5717 3327 5770 vel
3356 5713 3591 5767 malarum
3614 5700 3729 5756 3000'

2233 5820 2362 5861 num
2404 5806 2633 5863 reddere
2676 5807 2817 5863 solet
2860 5806 3085 5864 fructus.
3155 5807 3508 5879 Exspectatur
3545 5806 3685 5856 autem
3710 5797 3731 5838 ³
