  <div class='ocr_page' id='page_1' title='image "/cluster/home/n/w/nwhite01/storage/ocr_20150623/95/hvd.32044010719722/670.png"; bbox 0 0 3972 6340; ppageno 0'>
   <div class='ocr_carea' id='block_1_1' title="bbox 232 320 364 379">
    <p class='ocr_par' dir='ltr' id='par_1_1' title="bbox 232 320 364 379">
     <span class='ocr_line' id='line_1_1' title="bbox 232 320 364 379; baseline 0 -1"><span class='ocrx_word' id='word_1_1' title='bbox 232 320 364 379; x_wconf 69' lang='grc'><strong>1281</strong></span> 
     </span>
    </p>
   </div>
   <div class='ocr_carea' id='block_1_2' title="bbox 1184 325 2476 391">
    <p class='ocr_par' dir='ltr' id='par_1_2' title="bbox 1184 325 2476 391">
     <span class='ocr_line' id='line_1_2' title="bbox 1184 325 2476 391; baseline 0.005 -7"><span class='ocrx_word' id='word_1_2' title='bbox 1184 325 1642 387; x_wconf 80' lang='lat' dir='ltr'><strong>HOMILIARIUS.</strong></span> <span class='ocrx_word' id='word_1_3' title='bbox 1685 358 1755 373; x_wconf 91' lang='lat'><strong>—-</strong></span> <span class='ocrx_word' id='word_1_4' title='bbox 1792 330 1957 390; x_wconf 76' lang='grc' dir='ltr'><strong>ΗΟΜ.</strong></span> <span class='ocrx_word' id='word_1_5' title='bbox 2004 331 2091 388; x_wconf 87' lang='lat' dir='ltr'><strong>DE</strong></span> <span class='ocrx_word' id='word_1_6' title='bbox 2128 332 2476 391; x_wconf 80' lang='lat' dir='ltr'><strong>TEMPORE.</strong></span> 
     </span>
    </p>
   </div>
   <div class='ocr_carea' id='block_1_3' title="bbox 3352 341 3493 399">
    <p class='ocr_par' dir='ltr' id='par_1_3' title="bbox 3352 341 3493 399">
     <span class='ocr_line' id='line_1_3' title="bbox 3352 341 3493 399; baseline 0.014 -2"><span class='ocrx_word' id='word_1_7' title='bbox 3352 341 3493 399; x_wconf 67' lang='lat' dir='ltr'><strong>128i</strong></span> 
     </span>
    </p>
   </div>
   <div class='ocr_carea' id='block_1_4' title="bbox 223 435 3495 519">
    <p class='ocr_par' dir='ltr' id='par_1_4' title="bbox 223 435 3495 519">
     <span class='ocr_line' id='line_1_4' title="bbox 223 435 3495 519; baseline 0.004 -28"><span class='ocrx_word' id='word_1_8' title='bbox 223 435 513 496; x_wconf 70' lang='lat' dir='ltr'><strong>Pharisaeis</strong></span> <span class='ocrx_word' id='word_1_9' title='bbox 561 436 852 506; x_wconf 86' lang='lat' dir='ltr'><strong>Dominus,</strong></span> <span class='ocrx_word' id='word_1_10' title='bbox 902 448 961 492; x_wconf 90' lang='lat' dir='ltr'><strong>ut</strong></span> <span class='ocrx_word' id='word_1_11' title='bbox 990 437 1059 494; x_wconf 90' lang='lat' dir='ltr'><strong>de</strong></span> <span class='ocrx_word' id='word_1_12' title='bbox 1083 439 1324 496; x_wconf 84' lang='lat' dir='ltr'><strong>adultera</strong></span> <span class='ocrx_word' id='word_1_13' title='bbox 1353 444 1673 497; x_wconf 89' lang='lat' dir='ltr'><strong>sententiam</strong></span> <span class='ocrx_word' id='word_1_14' title='bbox 1708 444 1809 498; x_wconf 86' lang='lat' dir='ltr'><strong>fer-</strong></span> <span class='ocrx_word' id='word_1_15' title='bbox 1836 450 1887 510; x_wconf 74' lang='grc' dir='ltr'><strong>Α</strong></span> <span class='ocrx_word' id='word_1_16' title='bbox 1920 444 2120 499; x_wconf 85' lang='lat' dir='ltr'><strong>salubri</strong></span> <span class='ocrx_word' id='word_1_17' title='bbox 2153 445 2527 501; x_wconf 72' lang='lat' dir='ltr'><strong>exhortatione</strong></span> <span class='ocrx_word' id='word_1_18' title='bbox 2561 460 2935 514; x_wconf 78' lang='lat' dir='ltr'><strong>provocemus.</strong></span> <span class='ocrx_word' id='word_1_19' title='bbox 2980 448 3197 519; x_wconf 85' lang='lat' dir='ltr'><strong>Erigens</strong></span> <span class='ocrx_word' id='word_1_20' title='bbox 3231 457 3400 505; x_wconf 75' lang='lat' dir='ltr'><strong>autem</strong></span> <span class='ocrx_word' id='word_1_21' title='bbox 3439 464 3495 505; x_wconf 85' lang='lat' dir='ltr'><strong>se</strong></span> 
     </span>
    </p>
   </div>
   <div class='ocr_carea' id='block_1_5' title="bbox 222 528 1806 600">
    <p class='ocr_par' dir='ltr' id='par_1_5' title="bbox 222 528 1806 600">
     <span class='ocr_line' id='line_1_5' title="bbox 222 528 1806 600; baseline 0.004 -17"><span class='ocrx_word' id='word_1_22' title='bbox 222 536 345 591; x_wconf 84' lang='lat' dir='ltr'><strong>ret;</strong></span> <span class='ocrx_word' id='word_1_23' title='bbox 398 544 503 581; x_wconf 93' lang='lat' dir='ltr'><strong>non</strong></span> <span class='ocrx_word' id='word_1_24' title='bbox 552 530 730 582; x_wconf 89' lang='lat' dir='ltr'><strong>statim</strong></span> <span class='ocrx_word' id='word_1_25' title='bbox 775 528 1003 598; x_wconf 76' lang='lat' dir='ltr'><strong>judicat,</strong></span> <span class='ocrx_word' id='word_1_26' title='bbox 1034 533 1125 585; x_wconf 92' lang='lat' dir='ltr'><strong>sed</strong></span> <span class='ocrx_word' id='word_1_27' title='bbox 1174 532 1317 600; x_wconf 90' lang='lat' dir='ltr'><strong>prius</strong></span> <span class='ocrx_word' id='word_1_28' title='bbox 1357 533 1619 587; x_wconf 91' lang='lat' dir='ltr'><strong>inclinans</strong></span> <span class='ocrx_word' id='word_1_29' title='bbox 1643 550 1722 599; x_wconf 89' lang='lat' dir='ltr'><strong>se,</strong></span> <span class='ocrx_word' id='word_1_30' title='bbox 1756 535 1806 589; x_wconf 93' lang='lat' dir='ltr'><strong>in</strong></span> 
     </span>
    </p>
   </div>
   <div class='ocr_carea' id='block_1_6' title="bbox 222 620 1807 688">
    <p class='ocr_par' dir='ltr' id='par_1_6' title="bbox 222 620 1807 688">
     <span class='ocr_line' id='line_1_6' title="bbox 222 620 1807 688; baseline 0.003 -12"><span class='ocrx_word' id='word_1_31' title='bbox 222 628 366 676; x_wconf 86' lang='lat' dir='ltr'><strong>terra</strong></span> <span class='ocrx_word' id='word_1_32' title='bbox 393 620 603 688; x_wconf 88' lang='lat' dir='ltr'><strong>scribit,</strong></span> <span class='ocrx_word' id='word_1_33' title='bbox 634 635 696 674; x_wconf 92' lang='lat' dir='ltr'><strong>ac</strong></span> <span class='ocrx_word' id='word_1_34' title='bbox 719 622 795 675; x_wconf 89' lang='lat' dir='ltr'><strong>sic</strong></span> <span class='ocrx_word' id='word_1_35' title='bbox 822 622 1034 675; x_wconf 87' lang='lat' dir='ltr'><strong>demum</strong></span> <span class='ocrx_word' id='word_1_36' title='bbox 1072 623 1176 676; x_wconf 91' lang='lat' dir='ltr'><strong>illis</strong></span> <span class='ocrx_word' id='word_1_37' title='bbox 1210 625 1405 679; x_wconf 83' lang='lat' dir='ltr'><strong>obnixe</strong></span> <span class='ocrx_word' id='word_1_38' title='bbox 1437 626 1807 681; x_wconf 71' lang='lat' dir='ltr'><strong>insistentibus</strong></span> 
     </span>
    </p>
   </div>
   <div class='ocr_carea' id='block_1_7' title="bbox 216 713 1809 788">
    <p class='ocr_par' dir='ltr' id='par_1_7' title="bbox 216 713 1809 788">
     <span class='ocr_line' id='line_1_7' title="bbox 216 713 1809 788; baseline 0.004 -21"><span class='ocrx_word' id='word_1_39' title='bbox 216 713 456 787; x_wconf 90' lang='lat' dir='ltr'><strong>judicat,</strong></span> <span class='ocrx_word' id='word_1_40' title='bbox 518 722 575 766; x_wconf 91' lang='lat' dir='ltr'><strong>ut</strong></span> <span class='ocrx_word' id='word_1_41' title='bbox 616 729 710 767; x_wconf 92' lang='lat' dir='ltr'><strong>nos</strong></span> <span class='ocrx_word' id='word_1_42' title='bbox 740 713 843 768; x_wconf 89' lang='lat' dir='ltr'><strong>hoc</strong></span> <span class='ocrx_word' id='word_1_43' title='bbox 872 715 1120 784; x_wconf 81' lang='lat' dir='ltr'><strong>exemplo</strong></span> <span class='ocrx_word' id='word_1_44' title='bbox 1152 718 1325 787; x_wconf 87' lang='lat' dir='ltr'><strong>typice</strong></span> <span class='ocrx_word' id='word_1_45' title='bbox 1348 728 1591 784; x_wconf 88' lang='lat' dir='ltr'><strong>moneat,</strong></span> <span class='ocrx_word' id='word_1_46' title='bbox 1622 730 1809 788; x_wconf 84' lang='lat' dir='ltr'><strong>quate-</strong></span> 
     </span>
    </p>
   </div>
   <div class='ocr_carea' id='block_1_8' title="bbox 221 805 1807 878">
    <p class='ocr_par' dir='ltr' id='par_1_8' title="bbox 221 805 1807 878">
     <span class='ocr_line' id='line_1_8' title="bbox 221 805 1807 878; baseline 0.004 -18"><span class='ocrx_word' id='word_1_47' title='bbox 221 822 323 860; x_wconf 87' lang='lat' dir='ltr'><strong>nus</strong></span> <span class='ocrx_word' id='word_1_48' title='bbox 353 820 480 860; x_wconf 89' lang='lat' dir='ltr'><strong>cum</strong></span> <span class='ocrx_word' id='word_1_49' title='bbox 525 805 624 873; x_wconf 90' lang='lat' dir='ltr'><strong>ipsi</strong></span> <span class='ocrx_word' id='word_1_50' title='bbox 671 807 814 859; x_wconf 89' lang='lat' dir='ltr'><strong>mala</strong></span> <span class='ocrx_word' id='word_1_51' title='bbox 865 810 1232 876; x_wconf 77' lang='lat' dir='ltr'><strong>proximorum</strong></span> <span class='ocrx_word' id='word_1_52' title='bbox 1278 810 1666 878; x_wconf 87' lang='lat' dir='ltr'><strong>conspicimus,</strong></span> <span class='ocrx_word' id='word_1_53' title='bbox 1701 828 1807 867; x_wconf 92' lang='lat' dir='ltr'><strong>non</strong></span> 
     </span>
    </p>
   </div>
   <div class='ocr_carea' id='block_1_9' title="bbox 172 892 1807 969">
    <p class='ocr_par' dir='ltr' id='par_1_9' title="bbox 172 892 1807 969">
     <span class='ocr_line' id='line_1_9' title="bbox 172 892 1807 969; baseline 0.004 -16"><span class='ocrx_word' id='word_1_54' title='bbox 172 892 185 900; x_wconf 82' lang='grc'><em>’</em></span> <span class='ocrx_word' id='word_1_55' title='bbox 218 898 400 953; x_wconf 89' lang='lat' dir='ltr'><strong>statim</strong></span> <span class='ocrx_word' id='word_1_56' title='bbox 461 912 521 951; x_wconf 90' lang='lat' dir='ltr'><strong>ea</strong></span> <span class='ocrx_word' id='word_1_57' title='bbox 570 907 771 952; x_wconf 88' lang='lat' dir='ltr'><strong>temere</strong></span> <span class='ocrx_word' id='word_1_58' title='bbox 833 900 1278 968; x_wconf 82' lang='lat' dir='ltr'><strong>reprehendendo</strong></span> <span class='ocrx_word' id='word_1_59' title='bbox 1324 902 1680 969; x_wconf 81' lang='lat' dir='ltr'><strong>damnemus;</strong></span> <span class='ocrx_word' id='word_1_60' title='bbox 1711 905 1807 959; x_wconf 90' lang='lat' dir='ltr'><strong>sed</strong></span> 
     </span>
    </p>
   </div>
   <div class='ocr_carea' id='block_1_10' title="bbox 220 987 1810 1059">
    <p class='ocr_par' dir='ltr' id='par_1_10' title="bbox 220 987 1810 1059">
     <span class='ocr_line' id='line_1_10' title="bbox 220 987 1810 1059; baseline 0.005 -17"><span class='ocrx_word' id='word_1_61' title='bbox 220 990 372 1059; x_wconf 90' lang='lat' dir='ltr'><strong>prius</strong></span> <span class='ocrx_word' id='word_1_62' title='bbox 396 987 463 1042; x_wconf 90' lang='lat' dir='ltr'><strong>ad</strong></span> <span class='ocrx_word' id='word_1_63' title='bbox 510 990 679 1043; x_wconf 88' lang='lat' dir='ltr'><strong>nostri</strong></span> <span class='ocrx_word' id='word_1_64' title='bbox 721 990 897 1046; x_wconf 83' lang='lat' dir='ltr'><strong>cordis</strong></span> <span class='ocrx_word' id='word_1_65' title='bbox 943 993 1326 1048; x_wconf 87' lang='lat' dir='ltr'><strong>conscientiam</strong></span> <span class='ocrx_word' id='word_1_66' title='bbox 1374 994 1644 1049; x_wconf 84' lang='lat' dir='ltr'><strong>humiliter</strong></span> <span class='ocrx_word' id='word_1_67' title='bbox 1680 1009 1810 1050; x_wconf 91' lang='lat' dir='ltr'><strong>con-</strong></span> 
     </span>
    </p>
   </div>
   <div class='ocr_carea' id='block_1_11' title="bbox 218 1079 1804 1157">
    <p class='ocr_par' dir='ltr' id='par_1_11' title="bbox 218 1079 1804 1157">
     <span class='ocr_line' id='line_1_11' title="bbox 218 1079 1804 1157; baseline 0.005 -23"><span class='ocrx_word' id='word_1_68' title='bbox 218 1081 404 1147; x_wconf 81' lang='lat' dir='ltr'><strong>versi,</strong></span> <span class='ocrx_word' id='word_1_69' title='bbox 456 1079 622 1151; x_wconf 80' lang='lat' dir='ltr'><strong>digito</strong></span> <span class='ocrx_word' id='word_1_70' title='bbox 675 1081 1016 1139; x_wconf 82' lang='lat' dir='ltr'><strong>discretionis</strong></span> <span class='ocrx_word' id='word_1_71' title='bbox 1057 1101 1119 1140; x_wconf 86' lang='lat' dir='ltr'><strong>ea</strong></span> <span class='ocrx_word' id='word_1_72' title='bbox 1168 1086 1396 1141; x_wconf 83' lang='lat' dir='ltr'><strong>sollicite</strong></span> <span class='ocrx_word' id='word_1_73' title='bbox 1425 1087 1804 1157; x_wconf 90' lang='lat' dir='ltr'><strong>disquiramus,</strong></span> 
     </span>
    </p>
   </div>
   <div class='ocr_carea' id='block_1_12' title="bbox 216 1175 1802 1252">
    <p class='ocr_par' dir='ltr' id='par_1_12' title="bbox 216 1175 1802 1252">
     <span class='ocr_line' id='line_1_12' title="bbox 216 1175 1802 1252; baseline 0.005 -24"><span class='ocrx_word' id='word_1_74' title='bbox 216 1184 396 1228; x_wconf 88' lang='lat' dir='ltr'><strong>utrum</strong></span> <span class='ocrx_word' id='word_1_75' title='bbox 447 1175 556 1229; x_wconf 89' lang='lat' dir='ltr'><strong>sint</strong></span> <span class='ocrx_word' id='word_1_76' title='bbox 601 1190 767 1245; x_wconf 88' lang='lat' dir='ltr'><strong>opera</strong></span> <span class='ocrx_word' id='word_1_77' title='bbox 820 1176 931 1231; x_wconf 90' lang='lat' dir='ltr'><strong>Deo</strong></span> <span class='ocrx_word' id='word_1_78' title='bbox 984 1179 1246 1247; x_wconf 84' lang='lat' dir='ltr'><strong>placentia</strong></span> <span class='ocrx_word' id='word_1_79' title='bbox 1317 1194 1384 1235; x_wconf 90' lang='lat' dir='ltr'><strong>an</strong></span> <span class='ocrx_word' id='word_1_80' title='bbox 1442 1181 1802 1252; x_wconf 87' lang='lat' dir='ltr'><strong>displicentia,</strong></span> 
     </span>
    </p>
   </div>
   <div class='ocr_carea' id='block_1_13' title="bbox 214 1267 1804 1344">
    <p class='ocr_par' dir='ltr' id='par_1_13' title="bbox 214 1267 1804 1344">
     <span class='ocr_line' id='line_1_13' title="bbox 214 1267 1804 1344; baseline 0.004 -21"><span class='ocrx_word' id='word_1_81' title='bbox 214 1267 399 1339; x_wconf 80' lang='lat' dir='ltr'><strong>sicque</strong></span> <span class='ocrx_word' id='word_1_82' title='bbox 449 1268 695 1338; x_wconf 78' lang='lat' dir='ltr'><strong>diligenti</strong></span> <span class='ocrx_word' id='word_1_83' title='bbox 745 1270 1094 1327; x_wconf 85' lang='lat' dir='ltr'><strong>meditatione</strong></span> <span class='ocrx_word' id='word_1_84' title='bbox 1150 1273 1553 1344; x_wconf 87' lang='lat' dir='ltr'><strong>investigemus.</strong></span> <span class='ocrx_word' id='word_1_85' title='bbox 1607 1276 1804 1330; x_wconf 87' lang='lat' dir='ltr'><strong>Teme-</strong></span> 
     </span>
    </p>
   </div>
   <div class='ocr_carea' id='block_1_14' title="bbox 222 1360 1806 1434">
    <p class='ocr_par' dir='ltr' id='par_1_14' title="bbox 222 1360 1806 1434">
     <span class='ocr_line' id='line_1_14' title="bbox 222 1360 1806 1434; baseline 0.006 -19"><span class='ocrx_word' id='word_1_86' title='bbox 222 1360 423 1415; x_wconf 91' lang='lat' dir='ltr'><strong>rarium</strong></span> <span class='ocrx_word' id='word_1_87' title='bbox 483 1370 565 1416; x_wconf 91' lang='lat' dir='ltr'><strong>est</strong></span> <span class='ocrx_word' id='word_1_88' title='bbox 611 1363 755 1416; x_wconf 92' lang='lat' dir='ltr'><strong>enim</strong></span> <span class='ocrx_word' id='word_1_89' title='bbox 803 1362 1046 1433; x_wconf 85' lang='lat' dir='ltr'><strong>judicare</strong></span> <span class='ocrx_word' id='word_1_90' title='bbox 1098 1365 1165 1421; x_wconf 89' lang='lat' dir='ltr'><strong>de</strong></span> <span class='ocrx_word' id='word_1_91' title='bbox 1215 1368 1480 1423; x_wconf 86' lang='lat' dir='ltr'><strong>erratibus</strong></span> <span class='ocrx_word' id='word_1_92' title='bbox 1520 1368 1730 1434; x_wconf 90' lang='lat' dir='ltr'><strong>alienis,</strong></span> <span class='ocrx_word' id='word_1_93' title='bbox 1758 1367 1806 1424; x_wconf 91' lang='lat' dir='ltr'><strong>si</strong></span> 
     </span>
    </p>
   </div>
   <div class='ocr_carea' id='block_1_15' title="bbox 217 1453 1805 1527">
    <p class='ocr_par' dir='ltr' id='par_1_15' title="bbox 217 1453 1805 1527">
     <span class='ocr_line' id='line_1_15' title="bbox 217 1453 1805 1527; baseline 0.007 -23"><span class='ocrx_word' id='word_1_94' title='bbox 217 1453 393 1506; x_wconf 81' lang='lat' dir='ltr'><strong>adhuc</strong></span> <span class='ocrx_word' id='word_1_95' title='bbox 435 1454 847 1522; x_wconf 87' lang='lat' dir='ltr'><strong>reprehenderis</strong></span> <span class='ocrx_word' id='word_1_96' title='bbox 896 1457 1151 1526; x_wconf 80' lang='lat' dir='ltr'><strong>propriis.</strong></span> <span class='ocrx_word' id='word_1_97' title='bbox 1228 1458 1364 1512; x_wconf 88' lang='lat' dir='ltr'><strong>Hinc</strong></span> <span class='ocrx_word' id='word_1_98' title='bbox 1415 1468 1469 1513; x_wconf 91' lang='lat' dir='ltr'><strong>et</strong></span> <span class='ocrx_word' id='word_1_99' title='bbox 1514 1458 1805 1527; x_wconf 86' lang='lat' dir='ltr'><strong>Apostolus</strong></span> 
     </span>
    </p>
   </div>
   <div class='ocr_carea' id='block_1_16' title="bbox 218 1543 1805 1621">
    <p class='ocr_par' dir='ltr' id='par_1_16' title="bbox 218 1543 1805 1621">
     <span class='ocr_line' id='line_1_16' title="bbox 218 1543 1805 1621; baseline 0.005 -22"><span class='ocrx_word' id='word_1_100' title='bbox 218 1545 349 1599; x_wconf 88' lang='lat' dir='ltr'><strong>dicit</strong></span> <span class='ocrx_word' id='word_1_101' title='bbox 374 1563 386 1597; x_wconf 95' lang='lat'><strong>:</strong></span> <span class='ocrx_word' id='word_1_102' title='bbox 419 1543 654 1607; x_wconf 84' lang='lat' dir='ltr'><strong>Fratres.</strong></span> <span class='ocrx_word' id='word_1_103' title='bbox 677 1556 722 1600; x_wconf 90' lang='lat' dir='ltr'><strong>et</strong></span> <span class='ocrx_word' id='word_1_104' title='bbox 749 1548 793 1601; x_wconf 98' lang='lat' dir='ltr'><strong>si</strong></span> <span class='ocrx_word' id='word_1_105' title='bbox 818 1560 1206 1620; x_wconf 77' lang='lat' dir='ltr'><strong>prteoccupatus</strong></span> <span class='ocrx_word' id='word_1_106' title='bbox 1231 1551 1385 1616; x_wconf 78' lang='lat' dir='ltr'><strong>fuerit</strong></span> <span class='ocrx_word' id='word_1_107' title='bbox 1406 1552 1524 1620; x_wconf 84' lang='lat' dir='ltr'><strong>quis</strong></span> <span class='ocrx_word' id='word_1_108' title='bbox 1552 1551 1606 1604; x_wconf 89' lang='lat' dir='ltr'><strong>in</strong></span> <span class='ocrx_word' id='word_1_109' title='bbox 1631 1551 1805 1621; x_wconf 84' lang='lat' dir='ltr'><strong>aliqua</strong></span> 
     </span>
    </p>
   </div>
   <div class='ocr_carea' id='block_1_17' title="bbox 217 1638 1805 1714">
    <p class='ocr_par' dir='ltr' id='par_1_17' title="bbox 217 1638 1805 1714">
     <span class='ocr_line' id='line_1_17' title="bbox 217 1638 1805 1714; baseline 0.006 -25"><span class='ocrx_word' id='word_1_110' title='bbox 217 1638 427 1704; x_wconf 87' lang='lat' dir='ltr'><strong>delicto,</strong></span> <span class='ocrx_word' id='word_1_111' title='bbox 450 1654 535 1692; x_wconf 90' lang='lat' dir='ltr'><strong>vos</strong></span> <span class='ocrx_word' id='word_1_112' title='bbox 562 1640 650 1710; x_wconf 97' lang='lat' dir='ltr'><strong>qui</strong></span> <span class='ocrx_word' id='word_1_113' title='bbox 671 1641 963 1707; x_wconf 88' lang='lat' dir='ltr'><strong>spirituales</strong></span> <span class='ocrx_word' id='word_1_114' title='bbox 991 1642 1133 1705; x_wconf 88' lang='lat' dir='ltr'><strong>estis,</strong></span> <span class='ocrx_word' id='word_1_115' title='bbox 1164 1642 1398 1695; x_wconf 86' lang='lat' dir='ltr'><strong>iustruite</strong></span> <span class='ocrx_word' id='word_1_116' title='bbox 1430 1643 1727 1714; x_wconf 68' lang='lat' dir='ltr'><strong>Itujusmodi</strong></span> <span class='ocrx_word' id='word_1_117' title='bbox 1749 1645 1805 1699; x_wconf 84' lang='lat' dir='ltr'><strong>in</strong></span> 
     </span>
    </p>
   </div>
   <div class='ocr_carea' id='block_1_18' title="bbox 212 1730 1802 1800">
    <p class='ocr_par' dir='ltr' id='par_1_18' title="bbox 212 1730 1802 1800">
     <span class='ocr_line' id='line_1_18' title="bbox 212 1730 1802 1800; baseline 0.004 -19"><span class='ocrx_word' id='word_1_118' title='bbox 212 1731 399 1798; x_wconf 84' lang='lat' dir='ltr'><strong>spiritu</strong></span> <span class='ocrx_word' id='word_1_119' title='bbox 427 1730 668 1797; x_wconf 81' lang='lat' dir='ltr'><strong>lenitatis,</strong></span> <span class='ocrx_word' id='word_1_120' title='bbox 692 1732 1016 1785; x_wconf 82' lang='lat' dir='ltr'><strong>considerans</strong></span> <span class='ocrx_word' id='word_1_121' title='bbox 1047 1732 1283 1800; x_wconf 87' lang='lat' dir='ltr'><strong>teipsum,</strong></span> <span class='ocrx_word' id='word_1_122' title='bbox 1316 1749 1381 1786; x_wconf 85' lang='lat' dir='ltr'><strong>ne</strong></span> <span class='ocrx_word' id='word_1_123' title='bbox 1416 1742 1463 1787; x_wconf 90' lang='lat' dir='ltr'><strong>et</strong></span> <span class='ocrx_word' id='word_1_124' title='bbox 1503 1742 1557 1787; x_wconf 87' lang='lat' dir='ltr'><strong>tu</strong></span> <span class='ocrx_word' id='word_1_125' title='bbox 1598 1735 1802 1788; x_wconf 87' lang='lat' dir='ltr'><strong>tenteris</strong></span> 
     </span>
    </p>
   </div>
   <div class='ocr_carea' id='block_1_19' title="bbox 1913 534 3496 609">
    <p class='ocr_par' dir='ltr' id='par_1_19' title="bbox 1913 534 3496 609">
     <span class='ocr_line' id='line_1_19' title="bbox 1913 534 3496 609; baseline 0.004 -21"><span class='ocrx_word' id='word_1_126' title='bbox 1913 534 2084 601; x_wconf 84' lang='lat' dir='ltr'><strong>Jesus,</strong></span> <span class='ocrx_word' id='word_1_127' title='bbox 2121 536 2250 591; x_wconf 69' lang='lat' dir='ltr'><strong>dixit</strong></span> <span class='ocrx_word' id='word_1_128' title='bbox 2288 539 2370 591; x_wconf 84' lang='lat' dir='ltr'><strong>ei:</strong></span> <span class='ocrx_word' id='word_1_129' title='bbox 2418 538 2637 603; x_wconf 84' lang='lat' dir='ltr'><strong>Mulier,</strong></span> <span class='ocrx_word' id='word_1_130' title='bbox 2683 540 2767 593; x_wconf 89' lang='lat' dir='ltr'><strong>ubi</strong></span> <span class='ocrx_word' id='word_1_131' title='bbox 2796 550 2909 593; x_wconf 86' lang='lat' dir='ltr'><strong>sunt</strong></span> <span class='ocrx_word' id='word_1_132' title='bbox 2948 542 3035 609; x_wconf 88' lang='lat' dir='ltr'><strong>qui</strong></span> <span class='ocrx_word' id='word_1_133' title='bbox 3079 551 3125 594; x_wconf 89' lang='lat' dir='ltr'><strong>te</strong></span> <span class='ocrx_word' id='word_1_134' title='bbox 3150 538 3496 595; x_wconf 65' lang='lat' dir='ltr'><strong>accusabant?</strong></span> 
     </span>
    </p>
   </div>
   <div class='ocr_carea' id='block_1_20' title="bbox 1915 626 3490 700">
    <p class='ocr_par' dir='ltr' id='par_1_20' title="bbox 1915 626 3490 700">
     <span class='ocr_line' id='line_1_20' title="bbox 1915 626 3490 700; baseline 0.005 -20"><span class='ocrx_word' id='word_1_135' title='bbox 1915 626 2082 681; x_wconf 82' lang='lat' dir='ltr'><strong>Nemo</strong></span> <span class='ocrx_word' id='word_1_136' title='bbox 2130 639 2175 681; x_wconf 89' lang='lat' dir='ltr'><strong>te</strong></span> <span class='ocrx_word' id='word_1_137' title='bbox 2214 632 2605 685; x_wconf 78' lang='lat' dir='ltr'><strong>condemnavit?</strong></span> <span class='ocrx_word' id='word_1_138' title='bbox 2655 634 2783 700; x_wconf 74' lang='lat' dir='ltr'><strong>Qua?</strong></span> <span class='ocrx_word' id='word_1_139' title='bbox 2816 634 2989 688; x_wconf 76' lang='lat' dir='ltr'><strong>dixit:</strong></span> <span class='ocrx_word' id='word_1_140' title='bbox 3023 633 3222 700; x_wconf 79' lang='lat' dir='ltr'><strong>Nemo,</strong></span> <span class='ocrx_word' id='word_1_141' title='bbox 3251 633 3490 688; x_wconf 80' lang='lat' dir='ltr'><strong>Domine.</strong></span> 
     </span>
    </p>
   </div>
   <div class='ocr_carea' id='block_1_21' title="bbox 1910 721 3487 795">
    <p class='ocr_par' dir='ltr' id='par_1_21' title="bbox 1910 721 3487 795">
     <span class='ocr_line' id='line_1_21' title="bbox 1910 721 3487 795; baseline 0.004 -20"><span class='ocrx_word' id='word_1_142' title='bbox 1910 721 2095 776; x_wconf 87' lang='lat' dir='ltr'><strong>Nullus</strong></span> <span class='ocrx_word' id='word_1_143' title='bbox 2143 725 2340 794; x_wconf 87' lang='lat' dir='ltr'><strong>quippe</strong></span> <span class='ocrx_word' id='word_1_144' title='bbox 2391 741 2551 780; x_wconf 90' lang='lat' dir='ltr'><strong>ausus</strong></span> <span class='ocrx_word' id='word_1_145' title='bbox 2598 739 2682 782; x_wconf 89' lang='lat' dir='ltr'><strong>est</strong></span> <span class='ocrx_word' id='word_1_146' title='bbox 2727 727 3087 781; x_wconf 86' lang='lat' dir='ltr'><strong>condemnare</strong></span> <span class='ocrx_word' id='word_1_147' title='bbox 3134 727 3487 795; x_wconf 85' lang='lat' dir='ltr'><strong>peccatricem</strong></span> 
     </span>
    </p>
   </div>
   <div class='ocr_carea' id='block_1_22' title="bbox 1912 814 3489 888">
    <p class='ocr_par' dir='ltr' id='par_1_22' title="bbox 1912 814 3489 888">
     <span class='ocr_line' id='line_1_22' title="bbox 1912 814 3489 888; baseline 0.004 -21"><span class='ocrx_word' id='word_1_148' title='bbox 1912 814 2212 878; x_wconf 87' lang='lat' dir='ltr'><strong>mulierem,</strong></span> <span class='ocrx_word' id='word_1_149' title='bbox 2256 818 2379 885; x_wconf 88' lang='lat' dir='ltr'><strong>quia</strong></span> <span class='ocrx_word' id='word_1_150' title='bbox 2403 817 2629 872; x_wconf 92' lang='lat' dir='ltr'><strong>Domino</strong></span> <span class='ocrx_word' id='word_1_151' title='bbox 2654 820 2873 888; x_wconf 88' lang='lat' dir='ltr'><strong>ancipiti</strong></span> <span class='ocrx_word' id='word_1_152' title='bbox 2903 819 3049 873; x_wconf 81' lang='lat' dir='ltr'><strong>verbi</strong></span> <span class='ocrx_word' id='word_1_153' title='bbox 3077 819 3158 872; x_wconf 91' lang='lat' dir='ltr'><strong>sui</strong></span> <span class='ocrx_word' id='word_1_154' title='bbox 3185 819 3361 888; x_wconf 88' lang='lat' dir='ltr'><strong>gladio</strong></span> <span class='ocrx_word' id='word_1_155' title='bbox 3396 833 3489 873; x_wconf 91' lang='lat' dir='ltr'><strong>eo-</strong></span> 
     </span>
    </p>
   </div>
   <div class='ocr_carea' id='block_1_23' title="bbox 1913 909 3491 983">
    <p class='ocr_par' dir='ltr' id='par_1_23' title="bbox 1913 909 3491 983">
     <span class='ocr_line' id='line_1_23' title="bbox 1913 909 3491 983; baseline 0.004 -22"><span class='ocrx_word' id='word_1_156' title='bbox 1913 922 2031 961; x_wconf 85' lang='lat' dir='ltr'><strong>rum</strong></span> <span class='ocrx_word' id='word_1_157' title='bbox 2059 909 2417 964; x_wconf 88' lang='lat' dir='ltr'><strong>conscientias</strong></span> <span class='ocrx_word' id='word_1_158' title='bbox 2446 921 2785 981; x_wconf 86' lang='lat' dir='ltr'><strong>penetrante,</strong></span> <span class='ocrx_word' id='word_1_159' title='bbox 2811 914 3004 983; x_wconf 78' lang='lat' dir='ltr'><strong>singuli</strong></span> <span class='ocrx_word' id='word_1_160' title='bbox 3030 914 3082 967; x_wconf 92' lang='lat' dir='ltr'><strong>in</strong></span> <span class='ocrx_word' id='word_1_161' title='bbox 3110 928 3170 968; x_wconf 88' lang='lat' dir='ltr'><strong>se</strong></span> <span class='ocrx_word' id='word_1_162' title='bbox 3192 912 3491 968; x_wconf 85' lang='lat' dir='ltr'><strong>cernebant</strong></span> 
     </span>
    </p>
   </div>
   <div class='ocr_carea' id='block_1_24' title="bbox 1911 1000 3494 1075">
    <p class='ocr_par' dir='ltr' id='par_1_24' title="bbox 1911 1000 3494 1075">
     <span class='ocr_line' id='line_1_24' title="bbox 1911 1000 3494 1075; baseline 0.006 -22"><span class='ocrx_word' id='word_1_163' title='bbox 1911 1000 2053 1069; x_wconf 90' lang='lat' dir='ltr'><strong>quod</strong></span> <span class='ocrx_word' id='word_1_164' title='bbox 2084 1002 2253 1069; x_wconf 90' lang='lat' dir='ltr'><strong>magis</strong></span> <span class='ocrx_word' id='word_1_165' title='bbox 2275 1002 2522 1058; x_wconf 87' lang='lat' dir='ltr'><strong>damnari</strong></span> <span class='ocrx_word' id='word_1_166' title='bbox 2554 1005 2828 1061; x_wconf 88' lang='lat' dir='ltr'><strong>deberent.</strong></span> <span class='ocrx_word' id='word_1_167' title='bbox 2871 1005 2975 1061; x_wconf 88' lang='lat' dir='ltr'><strong>Sed</strong></span> <span class='ocrx_word' id='word_1_168' title='bbox 3009 1007 3127 1075; x_wconf 90' lang='lat' dir='ltr'><strong>quia</strong></span> <span class='ocrx_word' id='word_1_169' title='bbox 3153 1014 3494 1062; x_wconf 83' lang='lat' dir='ltr'><strong>accusatores</strong></span> 
     </span>
    </p>
   </div>
   <div class='ocr_carea' id='block_1_25' title="bbox 1905 1093 3494 1170">
    <p class='ocr_par' dir='ltr' id='par_1_25' title="bbox 1905 1093 3494 1170">
     <span class='ocr_line' id='line_1_25' title="bbox 1905 1093 3494 1170; baseline 0.004 -23"><span class='ocrx_word' id='word_1_170' title='bbox 1905 1093 2128 1164; x_wconf 71' lang='lat' dir='ltr'><strong>iustitia:</strong></span> <span class='ocrx_word' id='word_1_171' title='bbox 2158 1098 2483 1153; x_wconf 89' lang='lat' dir='ltr'><strong>auctoritate</strong></span> <span class='ocrx_word' id='word_1_172' title='bbox 2514 1100 2829 1165; x_wconf 85' lang='lat' dir='ltr'><strong>prostravit,</strong></span> <span class='ocrx_word' id='word_1_173' title='bbox 2860 1114 2977 1155; x_wconf 93' lang='lat' dir='ltr'><strong>eam</strong></span> <span class='ocrx_word' id='word_1_174' title='bbox 3001 1114 3118 1170; x_wconf 82' lang='lat' dir='ltr'><strong>quae</strong></span> <span class='ocrx_word' id='word_1_175' title='bbox 3140 1098 3494 1155; x_wconf 88' lang='lat' dir='ltr'><strong>accusabatur</strong></span> 
     </span>
    </p>
   </div>
   <div class='ocr_carea' id='block_1_26' title="bbox 1913 1191 3488 1265">
    <p class='ocr_par' dir='ltr' id='par_1_26' title="bbox 1913 1191 3488 1265">
     <span class='ocr_line' id='line_1_26' title="bbox 1913 1191 3488 1265; baseline 0.005 -23"><span class='ocrx_word' id='word_1_176' title='bbox 1913 1205 2107 1259; x_wconf 87' lang='lat' dir='ltr'><strong>magno</strong></span> <span class='ocrx_word' id='word_1_177' title='bbox 2139 1191 2350 1258; x_wconf 87' lang='lat' dir='ltr'><strong>pietatis</strong></span> <span class='ocrx_word' id='word_1_178' title='bbox 2398 1209 2621 1250; x_wconf 90' lang='lat' dir='ltr'><strong>munere</strong></span> <span class='ocrx_word' id='word_1_179' title='bbox 2661 1196 2977 1251; x_wconf 83' lang='lat' dir='ltr'><strong>sublevavit.</strong></span> <span class='ocrx_word' id='word_1_180' title='bbox 3025 1196 3278 1265; x_wconf 88' lang='lat' dir='ltr'><strong>Sequitur</strong></span> <span class='ocrx_word' id='word_1_181' title='bbox 3305 1196 3488 1251; x_wconf 88' lang='lat' dir='ltr'><strong>enim:</strong></span> 
     </span>
    </p>
   </div>
   <div class='ocr_carea' id='block_1_27' title="bbox 1911 1277 3491 1354">
    <p class='ocr_par' dir='ltr' id='par_1_27' title="bbox 1911 1277 3491 1354">
     <span class='ocr_line' id='line_1_27' title="bbox 1911 1277 3491 1354; baseline 0.006 -24"><span class='ocrx_word' id='word_1_182' title='bbox 1911 1277 2055 1331; x_wconf 78' lang='lat' dir='ltr'><strong>Dixit</strong></span> <span class='ocrx_word' id='word_1_183' title='bbox 2093 1280 2139 1335; x_wconf 86' lang='lat' dir='ltr'><strong>ei</strong></span> <span class='ocrx_word' id='word_1_184' title='bbox 2176 1278 2329 1341; x_wconf 80' lang='lat' dir='ltr'><strong>Jesus</strong></span> <span class='ocrx_word' id='word_1_185' title='bbox 2351 1297 2372 1337; x_wconf 90' lang='lat'><strong><em>:</em></strong></span> <span class='ocrx_word' id='word_1_186' title='bbox 2416 1282 2526 1337; x_wconf 90' lang='lat' dir='ltr'><strong>Nec</strong></span> <span class='ocrx_word' id='word_1_187' title='bbox 2546 1300 2638 1354; x_wconf 85' lang='lat' dir='ltr'><strong>ego</strong></span> <span class='ocrx_word' id='word_1_188' title='bbox 2668 1293 2713 1338; x_wconf 81' lang='lat' dir='ltr'><strong>te</strong></span> <span class='ocrx_word' id='word_1_189' title='bbox 2734 1285 3115 1353; x_wconf 84' lang='lat' dir='ltr'><strong>condemnabo;</strong></span> <span class='ocrx_word' id='word_1_190' title='bbox 3141 1286 3287 1350; x_wconf 87' lang='lat' dir='ltr'><strong>vade,</strong></span> <span class='ocrx_word' id='word_1_191' title='bbox 3314 1296 3360 1339; x_wconf 89' lang='lat' dir='ltr'><strong>et</strong></span> <span class='ocrx_word' id='word_1_192' title='bbox 3383 1302 3491 1339; x_wconf 87' lang='lat' dir='ltr'><strong>am-</strong></span> 
     </span>
    </p>
   </div>
   <div class='ocr_carea' id='block_1_28' title="bbox 1906 1372 3488 1447">
    <p class='ocr_par' dir='ltr' id='par_1_28' title="bbox 1906 1372 3488 1447">
     <span class='ocr_line' id='line_1_28' title="bbox 1906 1372 3488 1447; baseline 0.003 -20"><span class='ocrx_word' id='word_1_193' title='bbox 1906 1372 2045 1443; x_wconf 84' lang='lat' dir='ltr'><strong>plius</strong></span> <span class='ocrx_word' id='word_1_194' title='bbox 2074 1372 2181 1425; x_wconf 87' lang='lat' dir='ltr'><strong>noli</strong></span> <span class='ocrx_word' id='word_1_195' title='bbox 2213 1390 2438 1441; x_wconf 77' lang='lat' dir='ltr'><strong>peccare.</strong></span> <span class='ocrx_word' id='word_1_196' title='bbox 2488 1374 2762 1445; x_wconf 87' lang='lat' dir='ltr'><strong>Tanquam</strong></span> <span class='ocrx_word' id='word_1_197' title='bbox 2793 1379 2910 1447; x_wconf 89' lang='lat' dir='ltr'><strong>pius</strong></span> <span class='ocrx_word' id='word_1_198' title='bbox 2957 1378 3222 1444; x_wconf 57' lang='lat' dir='ltr'><strong>praterita</strong></span> <span class='ocrx_word' id='word_1_199' title='bbox 3268 1386 3488 1445; x_wconf 81' lang='lat' dir='ltr'><strong>peccata</strong></span> 
     </span>
    </p>
   </div>
   <div class='ocr_carea' id='block_1_29' title="bbox 1908 1463 3494 1539">
    <p class='ocr_par' dir='ltr' id='par_1_29' title="bbox 1908 1463 3494 1539">
     <span class='ocr_line' id='line_1_29' title="bbox 1908 1463 3494 1539; baseline 0.004 -21"><span class='ocrx_word' id='word_1_200' title='bbox 1908 1463 2174 1534; x_wconf 77' lang='lat' dir='ltr'><strong>ignoscit:</strong></span> <span class='ocrx_word' id='word_1_201' title='bbox 2207 1476 2261 1521; x_wconf 88' lang='lat' dir='ltr'><strong>et</strong></span> <span class='ocrx_word' id='word_1_202' title='bbox 2307 1469 2459 1537; x_wconf 85' lang='lat' dir='ltr'><strong>quasi</strong></span> <span class='ocrx_word' id='word_1_203' title='bbox 2499 1468 2679 1538; x_wconf 88' lang='lat' dir='ltr'><strong>justus</strong></span> <span class='ocrx_word' id='word_1_204' title='bbox 2702 1512 2715 1533; x_wconf 94' lang='lat'><strong>,</strong></span> <span class='ocrx_word' id='word_1_205' title='bbox 2763 1485 2830 1525; x_wconf 92' lang='lat' dir='ltr'><strong>ne</strong></span> <span class='ocrx_word' id='word_1_206' title='bbox 2855 1470 3082 1539; x_wconf 89' lang='lat' dir='ltr'><strong>amplius</strong></span> <span class='ocrx_word' id='word_1_207' title='bbox 3112 1484 3333 1538; x_wconf 88' lang='lat' dir='ltr'><strong>peccare</strong></span> <span class='ocrx_word' id='word_1_208' title='bbox 3359 1485 3494 1538; x_wconf 72' lang='lat' dir='ltr'><strong>prai-</strong></span> 
     </span>
    </p>
   </div>
   <div class='ocr_carea' id='block_1_30' title="bbox 1908 1555 3493 1625">
    <p class='ocr_par' dir='ltr' id='par_1_30' title="bbox 1908 1555 3493 1625">
     <span class='ocr_line' id='line_1_30' title="bbox 1908 1555 3493 1625; baseline 0.002 -15"><span class='ocrx_word' id='word_1_209' title='bbox 1908 1564 2126 1619; x_wconf 88' lang='lat' dir='ltr'><strong>sumat,</strong></span> <span class='ocrx_word' id='word_1_210' title='bbox 2180 1555 2471 1612; x_wconf 88' lang='lat' dir='ltr'><strong>interdicit.</strong></span> <span class='ocrx_word' id='word_1_211' title='bbox 2520 1558 2655 1625; x_wconf 88' lang='lat' dir='ltr'><strong>Quia</strong></span> <span class='ocrx_word' id='word_1_212' title='bbox 2693 1559 2834 1613; x_wconf 89' lang='lat' dir='ltr'><strong>enim</strong></span> <span class='ocrx_word' id='word_1_213' title='bbox 2889 1558 3027 1614; x_wconf 88' lang='lat' dir='ltr'><strong>Deus</strong></span> <span class='ocrx_word' id='word_1_214' title='bbox 3071 1570 3185 1614; x_wconf 86' lang='lat' dir='ltr'><strong>erat</strong></span> <span class='ocrx_word' id='word_1_215' title='bbox 3226 1567 3282 1614; x_wconf 90' lang='lat' dir='ltr'><strong>et</strong></span> <span class='ocrx_word' id='word_1_216' title='bbox 3312 1562 3493 1625; x_wconf 83' lang='lat' dir='ltr'><strong>homo,</strong></span> 
     </span>
    </p>
   </div>
   <div class='ocr_carea' id='block_1_31' title="bbox 1908 1646 3492 1720">
    <p class='ocr_par' dir='ltr' id='par_1_31' title="bbox 1908 1646 3492 1720">
     <span class='ocr_line' id='line_1_31' title="bbox 1908 1646 3492 1720; baseline 0.002 -18"><span class='ocrx_word' id='word_1_217' title='bbox 1908 1662 2005 1718; x_wconf 87' lang='lat' dir='ltr'><strong>per</strong></span> <span class='ocrx_word' id='word_1_218' title='bbox 2052 1649 2101 1702; x_wconf 94' lang='lat' dir='ltr'><strong>id</strong></span> <span class='ocrx_word' id='word_1_219' title='bbox 2153 1650 2293 1719; x_wconf 90' lang='lat' dir='ltr'><strong>quod</strong></span> <span class='ocrx_word' id='word_1_220' title='bbox 2347 1651 2506 1705; x_wconf 84' lang='lat' dir='ltr'><strong>homo</strong></span> <span class='ocrx_word' id='word_1_221' title='bbox 2537 1662 2685 1717; x_wconf 89' lang='lat' dir='ltr'><strong>erat,</strong></span> <span class='ocrx_word' id='word_1_222' title='bbox 2712 1662 2974 1706; x_wconf 70' lang='lat' dir='ltr'><strong>accusata:</strong></span> <span class='ocrx_word' id='word_1_223' title='bbox 2998 1646 3252 1707; x_wconf 84' lang='lat' dir='ltr'><strong>misereri</strong></span> <span class='ocrx_word' id='word_1_224' title='bbox 3285 1652 3492 1720; x_wconf 89' lang='lat' dir='ltr'><strong>potttit:</strong></span> 
     </span>
    </p>
   </div>
   <div class='ocr_carea' id='block_1_32' title="bbox 1912 1739 3494 1812">
    <p class='ocr_par' dir='ltr' id='par_1_32' title="bbox 1912 1739 3494 1812">
     <span class='ocr_line' id='line_1_32' title="bbox 1912 1739 3494 1812; baseline 0.003 -18"><span class='ocrx_word' id='word_1_225' title='bbox 1912 1754 2005 1809; x_wconf 89' lang='lat' dir='ltr'><strong>per</strong></span> <span class='ocrx_word' id='word_1_226' title='bbox 2032 1739 2084 1794; x_wconf 90' lang='lat' dir='ltr'><strong>id</strong></span> <span class='ocrx_word' id='word_1_227' title='bbox 2116 1756 2245 1795; x_wconf 88' lang='lat' dir='ltr'><strong>vero</strong></span> <span class='ocrx_word' id='word_1_228' title='bbox 2268 1743 2413 1812; x_wconf 89' lang='lat' dir='ltr'><strong>quod</strong></span> <span class='ocrx_word' id='word_1_229' title='bbox 2449 1743 2587 1798; x_wconf 90' lang='lat' dir='ltr'><strong>Deus</strong></span> <span class='ocrx_word' id='word_1_230' title='bbox 2608 1753 2725 1809; x_wconf 87' lang='lat' dir='ltr'><strong>est,</strong></span> <span class='ocrx_word' id='word_1_231' title='bbox 2756 1743 2979 1799; x_wconf 89' lang='lat' dir='ltr'><strong>dimisso</strong></span> <span class='ocrx_word' id='word_1_232' title='bbox 3008 1745 3211 1799; x_wconf 87' lang='lat' dir='ltr'><strong>scelere</strong></span> <span class='ocrx_word' id='word_1_233' title='bbox 3248 1759 3366 1799; x_wconf 91' lang='lat' dir='ltr'><strong>eam</strong></span> <span class='ocrx_word' id='word_1_234' title='bbox 3398 1744 3494 1798; x_wconf 58' lang='lat' dir='ltr'><strong>ab.</strong></span> 
     </span>
    </p>
   </div>
   <div class='ocr_carea' id='block_1_33' title="bbox 215 1818 3495 1905">
    <p class='ocr_par' dir='ltr' id='par_1_33' title="bbox 215 1818 3495 1905">
     <span class='ocr_line' id='line_1_33' title="bbox 215 1818 3495 1905; baseline 0.006 -32"><span class='ocrx_word' id='word_1_235' title='bbox 215 1818 363 1890; x_wconf 80' lang='lat' dir='ltr'><strong>(Gal.</strong></span> <span class='ocrx_word' id='word_1_236' title='bbox 389 1819 482 1892; x_wconf 89' lang='lat' dir='ltr'><strong>tv).</strong></span> <span class='ocrx_word' id='word_1_237' title='bbox 514 1819 641 1875; x_wconf 83' lang='lat' dir='ltr'><strong>Cum</strong></span> <span class='ocrx_word' id='word_1_238' title='bbox 664 1831 841 1876; x_wconf 90' lang='lat' dir='ltr'><strong>autem</strong></span> <span class='ocrx_word' id='word_1_239' title='bbox 873 1832 1250 1893; x_wconf 80' lang='lat' dir='ltr'><strong>perseverarent</strong></span> <span class='ocrx_word' id='word_1_240' title='bbox 1272 1823 1641 1895; x_wconf 83' lang='lat' dir='ltr'><strong>interrogantes</strong></span> <span class='ocrx_word' id='word_1_241' title='bbox 1665 1840 1803 1892; x_wconf 88' lang='lat' dir='ltr'><strong>eum,</strong></span> <span class='ocrx_word' id='word_1_242' title='bbox 1836 1820 1884 1880; x_wconf 86' lang='grc' dir='ltr'><strong>Β</strong></span> <span class='ocrx_word' id='word_1_243' title='bbox 1910 1831 2088 1887; x_wconf 86' lang='lat' dir='ltr'><strong>solvit.</strong></span> <span class='ocrx_word' id='word_1_244' title='bbox 2133 1831 2473 1889; x_wconf 84' lang='lat' dir='ltr'><strong>Veneremur</strong></span> <span class='ocrx_word' id='word_1_245' title='bbox 2501 1849 2628 1905; x_wconf 89' lang='lat' dir='ltr'><strong>ergo</strong></span> <span class='ocrx_word' id='word_1_246' title='bbox 2656 1850 2778 1890; x_wconf 88' lang='lat' dir='ltr'><strong>eum</strong></span> <span class='ocrx_word' id='word_1_247' title='bbox 2829 1850 2922 1904; x_wconf 91' lang='lat' dir='ltr'><strong>per</strong></span> <span class='ocrx_word' id='word_1_248' title='bbox 2958 1835 3009 1890; x_wconf 94' lang='lat' dir='ltr'><strong>id</strong></span> <span class='ocrx_word' id='word_1_249' title='bbox 3036 1836 3176 1904; x_wconf 88' lang='lat' dir='ltr'><strong>quod</strong></span> <span class='ocrx_word' id='word_1_250' title='bbox 3211 1835 3325 1890; x_wconf 89' lang='lat' dir='ltr'><strong>Deo</strong></span> <span class='ocrx_word' id='word_1_251' title='bbox 3352 1832 3495 1889; x_wconf 78' lang='lat' dir='ltr'><strong>Patri</strong></span> 
     </span>
    </p>
   </div>
   <div class='ocr_carea' id='block_1_34' title="bbox 214 1914 1805 1985">
    <p class='ocr_par' dir='ltr' id='par_1_34' title="bbox 214 1914 1805 1985">
     <span class='ocr_line' id='line_1_34' title="bbox 214 1914 1805 1985; baseline 0.003 -20"><span class='ocrx_word' id='word_1_252' title='bbox 214 1916 376 1965; x_wconf 71' lang='lat' dir='ltr'><strong>erexit</strong></span> <span class='ocrx_word' id='word_1_253' title='bbox 401 1930 472 1978; x_wconf 79' lang='lat' dir='ltr'><strong>se,</strong></span> <span class='ocrx_word' id='word_1_254' title='bbox 494 1925 542 1967; x_wconf 88' lang='lat' dir='ltr'><strong>et</strong></span> <span class='ocrx_word' id='word_1_255' title='bbox 564 1915 691 1968; x_wconf 76' lang='lat' dir='ltr'><strong>dixit</strong></span> <span class='ocrx_word' id='word_1_256' title='bbox 714 1914 787 1971; x_wconf 86' lang='lat' dir='ltr'><strong>eis</strong></span> <span class='ocrx_word' id='word_1_257' title='bbox 808 1930 829 1969; x_wconf 89' lang='lat'><strong><em>:</em></strong></span> <span class='ocrx_word' id='word_1_258' title='bbox 856 1915 956 1981; x_wconf 83' lang='lat' dir='ltr'><strong>Qui</strong></span> <span class='ocrx_word' id='word_1_259' title='bbox 979 1915 1087 1969; x_wconf 83' lang='lat' dir='ltr'><strong>sine</strong></span> <span class='ocrx_word' id='word_1_260' title='bbox 1111 1923 1314 1983; x_wconf 85' lang='lat' dir='ltr'><strong>peccato</strong></span> <span class='ocrx_word' id='word_1_261' title='bbox 1337 1924 1410 1969; x_wconf 86' lang='lat' dir='ltr'><strong>est</strong></span> <span class='ocrx_word' id='word_1_262' title='bbox 1431 1926 1673 1982; x_wconf 82' lang='lat' dir='ltr'><strong>vestrum,</strong></span> <span class='ocrx_word' id='word_1_263' title='bbox 1697 1917 1805 1985; x_wconf 84' lang='lat' dir='ltr'><strong>pri-</strong></span> 
     </span>
    </p>
   </div>
   <div class='ocr_carea' id='block_1_35' title="bbox 217 2005 1807 2078">
    <p class='ocr_par' dir='ltr' id='par_1_35' title="bbox 217 2005 1807 2078">
     <span class='ocr_line' id='line_1_35' title="bbox 217 2005 1807 2078; baseline 0.003 -21"><span class='ocrx_word' id='word_1_264' title='bbox 217 2020 329 2059; x_wconf 84' lang='lat' dir='ltr'><strong>mus</strong></span> <span class='ocrx_word' id='word_1_265' title='bbox 349 2005 404 2058; x_wconf 89' lang='lat' dir='ltr'><strong>in</strong></span> <span class='ocrx_word' id='word_1_266' title='bbox 424 2005 571 2060; x_wconf 84' lang='lat' dir='ltr'><strong>illam</strong></span> <span class='ocrx_word' id='word_1_267' title='bbox 597 2005 820 2077; x_wconf 89' lang='lat' dir='ltr'><strong>lapidem</strong></span> <span class='ocrx_word' id='word_1_268' title='bbox 842 2007 1028 2061; x_wconf 84' lang='lat' dir='ltr'><strong>mittat.</strong></span> <span class='ocrx_word' id='word_1_269' title='bbox 1066 2006 1327 2061; x_wconf 67' lang='lat' dir='ltr'><strong>Pharisaai</strong></span> <span class='ocrx_word' id='word_1_270' title='bbox 1356 2007 1572 2078; x_wconf 85' lang='lat' dir='ltr'><strong>quidem</strong></span> <span class='ocrx_word' id='word_1_271' title='bbox 1601 2017 1655 2062; x_wconf 91' lang='lat' dir='ltr'><strong>et</strong></span> <span class='ocrx_word' id='word_1_272' title='bbox 1674 2010 1807 2062; x_wconf 89' lang='lat' dir='ltr'><strong>scri-</strong></span> 
     </span>
    </p>
   </div>
   <div class='ocr_carea' id='block_1_36' title="bbox 215 2092 1808 2172">
    <p class='ocr_par' dir='ltr' id='par_1_36' title="bbox 215 2092 1808 2172">
     <span class='ocr_line' id='line_1_36' title="bbox 215 2092 1808 2172; baseline 0.005 -23"><span class='ocrx_word' id='word_1_273' title='bbox 215 2092 300 2149; x_wconf 75' lang='lat' dir='ltr'><strong>bae</strong></span> <span class='ocrx_word' id='word_1_274' title='bbox 330 2111 396 2150; x_wconf 78' lang='lat' dir='ltr'><strong>ex</strong></span> <span class='ocrx_word' id='word_1_275' title='bbox 417 2097 564 2150; x_wconf 92' lang='lat' dir='ltr'><strong>omni</strong></span> <span class='ocrx_word' id='word_1_276' title='bbox 593 2108 743 2167; x_wconf 83' lang='lat' dir='ltr'><strong>parte</strong></span> <span class='ocrx_word' id='word_1_277' title='bbox 769 2099 988 2168; x_wconf 89' lang='lat' dir='ltr'><strong>laqueos</strong></span> <span class='ocrx_word' id='word_1_278' title='bbox 1017 2098 1373 2166; x_wconf 86' lang='lat' dir='ltr'><strong>tetenderant,</strong></span> <span class='ocrx_word' id='word_1_279' title='bbox 1405 2101 1808 2172; x_wconf 87' lang='lat' dir='ltr'><strong>credebantque</strong></span> 
     </span>
    </p>
   </div>
   <div class='ocr_carea' id='block_1_37' title="bbox 214 2198 1806 2264">
    <p class='ocr_par' dir='ltr' id='par_1_37' title="bbox 214 2198 1806 2264">
     <span class='ocr_line' id='line_1_37' title="bbox 214 2198 1806 2264; baseline 0.004 -17"><span class='ocrx_word' id='word_1_280' title='bbox 214 2207 275 2247; x_wconf 86' lang='lat' dir='ltr'><strong>se</strong></span> <span class='ocrx_word' id='word_1_281' title='bbox 297 2210 421 2249; x_wconf 89' lang='lat' dir='ltr'><strong>eum</strong></span> <span class='ocrx_word' id='word_1_282' title='bbox 448 2210 605 2264; x_wconf 88' lang='lat' dir='ltr'><strong>posse</strong></span> <span class='ocrx_word' id='word_1_283' title='bbox 634 2198 918 2253; x_wconf 87' lang='lat' dir='ltr'><strong>ostendere</strong></span> <span class='ocrx_word' id='word_1_284' title='bbox 949 2199 1031 2252; x_wconf 90' lang='lat' dir='ltr'><strong>vel</strong></span> <span class='ocrx_word' id='word_1_285' title='bbox 1060 2198 1541 2253; x_wconf 90' lang='lat' dir='ltr'><strong>immisericordem</strong></span> <span class='ocrx_word' id='word_1_286' title='bbox 1564 2237 1579 2263; x_wconf 90' lang='lat'><strong>,</strong></span> <span class='ocrx_word' id='word_1_287' title='bbox 1607 2198 1694 2254; x_wconf 91' lang='lat' dir='ltr'><strong>vel</strong></span> <span class='ocrx_word' id='word_1_288' title='bbox 1723 2199 1806 2253; x_wconf 91' lang='lat' dir='ltr'><strong>in-</strong></span> 
     </span>
    </p>
   </div>
   <div class='ocr_carea' id='block_1_38' title="bbox 211 2286 1809 2355">
    <p class='ocr_par' dir='ltr' id='par_1_38' title="bbox 211 2286 1809 2355">
     <span class='ocr_line' id='line_1_38' title="bbox 211 2286 1809 2355; baseline 0.004 -16"><span class='ocrx_word' id='word_1_289' title='bbox 211 2286 457 2355; x_wconf 79' lang='lat' dir='ltr'><strong>justuin;</strong></span> <span class='ocrx_word' id='word_1_290' title='bbox 484 2288 578 2343; x_wconf 86' lang='lat' dir='ltr'><strong>sed</strong></span> <span class='ocrx_word' id='word_1_291' title='bbox 612 2288 868 2344; x_wconf 89' lang='lat' dir='ltr'><strong>Dominus</strong></span> <span class='ocrx_word' id='word_1_292' title='bbox 900 2290 1120 2346; x_wconf 76' lang='lat' dir='ltr'><strong>fraudes</strong></span> <span class='ocrx_word' id='word_1_293' title='bbox 1150 2292 1364 2346; x_wconf 90' lang='lat' dir='ltr'><strong>illorum</strong></span> <span class='ocrx_word' id='word_1_294' title='bbox 1393 2291 1647 2346; x_wconf 81' lang='lat' dir='ltr'><strong>facillime</strong></span> <span class='ocrx_word' id='word_1_295' title='bbox 1668 2293 1809 2345; x_wconf 88' lang='lat' dir='ltr'><strong>sicut</strong></span> 
     </span>
    </p>
   </div>
   <div class='ocr_carea' id='block_1_39' title="bbox 215 2380 1808 2453">
    <p class='ocr_par' dir='ltr' id='par_1_39' title="bbox 215 2380 1808 2453">
     <span class='ocr_line' id='line_1_39' title="bbox 215 2380 1808 2453; baseline 0.002 -19"><span class='ocrx_word' id='word_1_296' title='bbox 215 2380 305 2435; x_wconf 83' lang='lat' dir='ltr'><strong>ﬁla</strong></span> <span class='ocrx_word' id='word_1_297' title='bbox 335 2397 548 2437; x_wconf 63' lang='lat' dir='ltr'><strong>araneae</strong></span> <span class='ocrx_word' id='word_1_298' title='bbox 580 2383 915 2451; x_wconf 89' lang='lat' dir='ltr'><strong>pertransiit,</strong></span> <span class='ocrx_word' id='word_1_299' title='bbox 951 2397 1169 2439; x_wconf 88' lang='lat' dir='ltr'><strong>servans</strong></span> <span class='ocrx_word' id='word_1_300' title='bbox 1212 2400 1307 2453; x_wconf 88' lang='lat' dir='ltr'><strong>per</strong></span> <span class='ocrx_word' id='word_1_301' title='bbox 1351 2385 1529 2438; x_wconf 88' lang='lat' dir='ltr'><strong>omnia</strong></span> <span class='ocrx_word' id='word_1_302' title='bbox 1571 2393 1627 2439; x_wconf 89' lang='lat' dir='ltr'><strong>et</strong></span> <span class='ocrx_word' id='word_1_303' title='bbox 1650 2380 1808 2453; x_wconf 85' lang='lat' dir='ltr'><strong>justi-</strong></span> 
     </span>
    </p>
   </div>
   <div class='ocr_carea' id='block_1_40' title="bbox 218 2475 1808 2548">
    <p class='ocr_par' dir='ltr' id='par_1_40' title="bbox 218 2475 1808 2548">
     <span class='ocr_line' id='line_1_40' title="bbox 218 2475 1808 2548; baseline 0.001 -18"><span class='ocrx_word' id='word_1_304' title='bbox 218 2475 308 2530; x_wconf 68' lang='lat' dir='ltr'><strong>tite</strong></span> <span class='ocrx_word' id='word_1_305' title='bbox 352 2476 741 2532; x_wconf 88' lang='lat' dir='ltr'><strong>districtionem</strong></span> <span class='ocrx_word' id='word_1_306' title='bbox 794 2488 848 2533; x_wconf 91' lang='lat' dir='ltr'><strong>et</strong></span> <span class='ocrx_word' id='word_1_307' title='bbox 906 2478 1118 2548; x_wconf 87' lang='lat' dir='ltr'><strong>pietatis</strong></span> <span class='ocrx_word' id='word_1_308' title='bbox 1161 2478 1655 2534; x_wconf 85' lang='lat' dir='ltr'><strong>mansuetudinem.</strong></span> <span class='ocrx_word' id='word_1_309' title='bbox 1716 2477 1808 2532; x_wconf 89' lang='lat' dir='ltr'><strong>Ait</strong></span> 
     </span>
    </p>
   </div>
   <div class='ocr_carea' id='block_1_41' title="bbox 216 2569 1805 2641">
    <p class='ocr_par' dir='ltr' id='par_1_41' title="bbox 216 2569 1805 2641">
     <span class='ocr_line' id='line_1_41' title="bbox 216 2569 1805 2641; baseline 0.001 -18"><span class='ocrx_word' id='word_1_310' title='bbox 216 2569 360 2623; x_wconf 88' lang='lat' dir='ltr'><strong>enim</strong></span> <span class='ocrx_word' id='word_1_311' title='bbox 385 2586 399 2623; x_wconf 92' lang='lat'>:</span> <span class='ocrx_word' id='word_1_312' title='bbox 434 2569 535 2637; x_wconf 84' lang='lat' dir='ltr'><strong>Qui</strong></span> <span class='ocrx_word' id='word_1_313' title='bbox 562 2570 669 2623; x_wconf 85' lang='lat' dir='ltr'><strong>sine</strong></span> <span class='ocrx_word' id='word_1_314' title='bbox 690 2580 895 2640; x_wconf 86' lang='lat' dir='ltr'><strong>peccato</strong></span> <span class='ocrx_word' id='word_1_315' title='bbox 918 2581 991 2624; x_wconf 89' lang='lat' dir='ltr'><strong>est</strong></span> <span class='ocrx_word' id='word_1_316' title='bbox 1010 2581 1229 2626; x_wconf 87' lang='lat' dir='ltr'><strong>vestrum</strong></span> <span class='ocrx_word' id='word_1_317' title='bbox 1249 2612 1265 2637; x_wconf 87' lang='lat'><strong>,</strong></span> <span class='ocrx_word' id='word_1_318' title='bbox 1292 2585 1419 2626; x_wconf 89' lang='lat' dir='ltr'><strong>ecce</strong></span> <span class='ocrx_word' id='word_1_319' title='bbox 1449 2569 1805 2641; x_wconf 84' lang='lat' dir='ltr'><strong>temperantia</strong></span> 
     </span>
    </p>
   </div>
   <div class='ocr_carea' id='block_1_42' title="bbox 212 2661 1803 2735">
    <p class='ocr_par' dir='ltr' id='par_1_42' title="bbox 212 2661 1803 2735">
     <span class='ocr_line' id='line_1_42' title="bbox 212 2661 1803 2735; baseline 0.001 -18"><span class='ocrx_word' id='word_1_320' title='bbox 212 2661 543 2718; x_wconf 83' lang='lat' dir='ltr'><strong>miserantis.</strong></span> <span class='ocrx_word' id='word_1_321' title='bbox 591 2662 829 2730; x_wconf 80' lang='lat' dir='ltr'><strong>Rursus,</strong></span> <span class='ocrx_word' id='word_1_322' title='bbox 864 2664 1057 2731; x_wconf 81' lang='lat' dir='ltr'><strong>primus</strong></span> <span class='ocrx_word' id='word_1_323' title='bbox 1089 2665 1142 2718; x_wconf 90' lang='lat' dir='ltr'><strong>in</strong></span> <span class='ocrx_word' id='word_1_324' title='bbox 1171 2664 1315 2717; x_wconf 81' lang='lat' dir='ltr'><strong>illaut</strong></span> <span class='ocrx_word' id='word_1_325' title='bbox 1345 2662 1569 2735; x_wconf 89' lang='lat' dir='ltr'><strong>lapidem</strong></span> <span class='ocrx_word' id='word_1_326' title='bbox 1611 2663 1803 2731; x_wconf 86' lang='lat' dir='ltr'><strong>mittat,</strong></span> 
     </span>
    </p>
   </div>
   <div class='ocr_carea' id='block_1_43' title="bbox 211 2756 1809 2827">
    <p class='ocr_par' dir='ltr' id='par_1_43' title="bbox 211 2756 1809 2827">
     <span class='ocr_line' id='line_1_43' title="bbox 211 2756 1809 2827; baseline -0.001 -14"><span class='ocrx_word' id='word_1_327' title='bbox 211 2769 346 2813; x_wconf 90' lang='lat' dir='ltr'><strong>ecce</strong></span> <span class='ocrx_word' id='word_1_328' title='bbox 386 2756 591 2825; x_wconf 79' lang='lat' dir='ltr'><strong>justitia</strong></span> <span class='ocrx_word' id='word_1_329' title='bbox 627 2757 934 2825; x_wconf 87' lang='lat' dir='ltr'><strong>judicantis.</strong></span> <span class='ocrx_word' id='word_1_330' title='bbox 980 2758 1055 2813; x_wconf 88' lang='lat' dir='ltr'><strong>Ac</strong></span> <span class='ocrx_word' id='word_1_331' title='bbox 1090 2759 1133 2812; x_wconf 89' lang='lat' dir='ltr'><strong>si</strong></span> <span class='ocrx_word' id='word_1_332' title='bbox 1160 2768 1404 2827; x_wconf 90' lang='lat' dir='ltr'><strong>patenter</strong></span> <span class='ocrx_word' id='word_1_333' title='bbox 1434 2759 1674 2813; x_wconf 88' lang='lat' dir='ltr'><strong>diceret:</strong></span> <span class='ocrx_word' id='word_1_334' title='bbox 1717 2758 1809 2813; x_wconf 87' lang='lat' dir='ltr'><strong>Di-</strong></span> 
     </span>
    </p>
   </div>
   <div class='ocr_carea' id='block_1_44' title="bbox 214 2845 1802 2920">
    <p class='ocr_par' dir='ltr' id='par_1_44' title="bbox 214 2845 1802 2920">
     <span class='ocr_line' id='line_1_44' title="bbox 214 2845 1802 2920; baseline 0.003 -19"><span class='ocrx_word' id='word_1_335' title='bbox 214 2846 342 2901; x_wconf 88' lang='lat' dir='ltr'><strong>citis</strong></span> <span class='ocrx_word' id='word_1_336' title='bbox 369 2845 494 2916; x_wconf 87' lang='lat' dir='ltr'><strong>quia</strong></span> <span class='ocrx_word' id='word_1_337' title='bbox 516 2847 725 2917; x_wconf 74' lang='lat' dir='ltr'><strong>bioyses</strong></span> <span class='ocrx_word' id='word_1_338' title='bbox 750 2847 1055 2918; x_wconf 85' lang='lat' dir='ltr'><strong>hujusmodi</strong></span> <span class='ocrx_word' id='word_1_339' title='bbox 1095 2848 1335 2919; x_wconf 86' lang='lat' dir='ltr'><strong>lapidare</strong></span> <span class='ocrx_word' id='word_1_340' title='bbox 1367 2852 1621 2920; x_wconf 52' lang='lat' dir='ltr'><strong>praecepit</strong></span> <span class='ocrx_word' id='word_1_341' title='bbox 1643 2890 1660 2917; x_wconf 96' lang='lat'><strong>,</strong></span> <span class='ocrx_word' id='word_1_342' title='bbox 1710 2850 1802 2905; x_wconf 87' lang='lat' dir='ltr'><strong>sed</strong></span> 
     </span>
    </p>
   </div>
   <div class='ocr_carea' id='block_1_45' title="bbox 214 2938 1800 3011">
    <p class='ocr_par' dir='ltr' id='par_1_45' title="bbox 214 2938 1800 3011">
     <span class='ocr_line' id='line_1_45' title="bbox 214 2938 1800 3011; baseline 0.002 -18"><span class='ocrx_word' id='word_1_343' title='bbox 214 2940 320 2994; x_wconf 83' lang='lat' dir='ltr'><strong>hoc</strong></span> <span class='ocrx_word' id='word_1_344' title='bbox 368 2954 396 2993; x_wconf 91' lang='lat' dir='ltr'><strong>a</strong></span> <span class='ocrx_word' id='word_1_345' title='bbox 441 2938 605 3009; x_wconf 90' lang='lat' dir='ltr'><strong>justis</strong></span> <span class='ocrx_word' id='word_1_346' title='bbox 655 2951 847 2995; x_wconf 90' lang='lat' dir='ltr'><strong>etnon</strong></span> <span class='ocrx_word' id='word_1_347' title='bbox 897 2957 926 2994; x_wconf 92' lang='lat' dir='ltr'><strong>a</strong></span> <span class='ocrx_word' id='word_1_348' title='bbox 974 2942 1345 3010; x_wconf 88' lang='lat' dir='ltr'><strong>peccatoribus</strong></span> <span class='ocrx_word' id='word_1_349' title='bbox 1378 2943 1488 2997; x_wconf 83' lang='lat' dir='ltr'><strong>ﬁeri</strong></span> <span class='ocrx_word' id='word_1_350' title='bbox 1532 2943 1800 3011; x_wconf 54' lang='lat' dir='ltr'><strong>praecepit.</strong></span> 
     </span>
    </p>
   </div>
   <div class='ocr_carea' id='block_1_46' title="bbox 211 3029 1806 3104">
    <p class='ocr_par' dir='ltr' id='par_1_46' title="bbox 211 3029 1806 3104">
     <span class='ocr_line' id='line_1_46' title="bbox 211 3029 1806 3104; baseline 0.002 -18"><span class='ocrx_word' id='word_1_351' title='bbox 211 3029 399 3086; x_wconf 86' lang='lat' dir='ltr'><strong>Primo</strong></span> <span class='ocrx_word' id='word_1_352' title='bbox 426 3033 586 3102; x_wconf 80' lang='lat' dir='ltr'><strong>igitur</strong></span> <span class='ocrx_word' id='word_1_353' title='bbox 605 3033 865 3100; x_wconf 86' lang='lat' dir='ltr'><strong>justitiam</strong></span> <span class='ocrx_word' id='word_1_354' title='bbox 897 3034 1026 3102; x_wconf 91' lang='lat' dir='ltr'><strong>legis</strong></span> <span class='ocrx_word' id='word_1_355' title='bbox 1049 3035 1445 3104; x_wconf 89' lang='lat' dir='ltr'><strong>implete,etsic</strong></span> <span class='ocrx_word' id='word_1_356' title='bbox 1462 3034 1671 3089; x_wconf 91' lang='lat' dir='ltr'><strong>mundis</strong></span> <span class='ocrx_word' id='word_1_357' title='bbox 1693 3049 1806 3089; x_wconf 85' lang='lat' dir='ltr'><strong>ma-</strong></span> 
     </span>
    </p>
   </div>
   <div class='ocr_carea' id='block_1_47' title="bbox 210 3122 1804 3192">
    <p class='ocr_par' dir='ltr' id='par_1_47' title="bbox 210 3122 1804 3192">
     <span class='ocr_line' id='line_1_47' title="bbox 210 3122 1804 3192; baseline 0.003 -16"><span class='ocrx_word' id='word_1_358' title='bbox 210 3123 374 3176; x_wconf 86' lang='lat' dir='ltr'><strong>nibus</strong></span> <span class='ocrx_word' id='word_1_359' title='bbox 391 3130 445 3177; x_wconf 90' lang='lat' dir='ltr'><strong>et</strong></span> <span class='ocrx_word' id='word_1_360' title='bbox 466 3122 629 3178; x_wconf 90' lang='lat' dir='ltr'><strong>corde</strong></span> <span class='ocrx_word' id='word_1_361' title='bbox 656 3122 724 3177; x_wconf 92' lang='lat' dir='ltr'><strong>ad</strong></span> <span class='ocrx_word' id='word_1_362' title='bbox 748 3123 1085 3192; x_wconf 91' lang='lat' dir='ltr'><strong>lapidandam</strong></span> <span class='ocrx_word' id='word_1_363' title='bbox 1110 3141 1255 3181; x_wconf 90' lang='lat' dir='ltr'><strong>ream</strong></span> <span class='ocrx_word' id='word_1_364' title='bbox 1274 3128 1596 3181; x_wconf 89' lang='lat' dir='ltr'><strong>concurrite.</strong></span> <span class='ocrx_word' id='word_1_365' title='bbox 1623 3126 1804 3180; x_wconf 89' lang='lat' dir='ltr'><strong>Primo</strong></span> 
     </span>
    </p>
   </div>
   <div class='ocr_carea' id='block_1_48' title="bbox 1908 1924 3496 1996">
    <p class='ocr_par' dir='ltr' id='par_1_48' title="bbox 1908 1924 3496 1996">
     <span class='ocr_line' id='line_1_48' title="bbox 1908 1924 3496 1996; baseline 0.001 -16"><span class='ocrx_word' id='word_1_366' title='bbox 1908 1924 2133 1994; x_wconf 65' lang='lat' dir='ltr'><strong>aequalis</strong></span> <span class='ocrx_word' id='word_1_367' title='bbox 2163 1936 2244 1979; x_wconf 91' lang='lat' dir='ltr'><strong>est</strong></span> <span class='ocrx_word' id='word_1_368' title='bbox 2264 1968 2280 1994; x_wconf 88' lang='lat'><strong>,</strong></span> <span class='ocrx_word' id='word_1_369' title='bbox 2331 1924 2616 1995; x_wconf 83' lang='lat' dir='ltr'><strong>diligamus</strong></span> <span class='ocrx_word' id='word_1_370' title='bbox 2644 1941 2767 1981; x_wconf 92' lang='lat' dir='ltr'><strong>eum</strong></span> <span class='ocrx_word' id='word_1_371' title='bbox 2806 1942 2898 1996; x_wconf 91' lang='lat' dir='ltr'><strong>per</strong></span> <span class='ocrx_word' id='word_1_372' title='bbox 2930 1927 2981 1981; x_wconf 92' lang='lat' dir='ltr'><strong>id</strong></span> <span class='ocrx_word' id='word_1_373' title='bbox 3010 1928 3150 1996; x_wconf 93' lang='lat' dir='ltr'><strong>quod</strong></span> <span class='ocrx_word' id='word_1_374' title='bbox 3184 1927 3339 1981; x_wconf 90' lang='lat' dir='ltr'><strong>nobis</strong></span> <span class='ocrx_word' id='word_1_375' title='bbox 3371 1941 3496 1996; x_wconf 71' lang='lat' dir='ltr'><strong>pro~</strong></span> 
     </span>
    </p>
   </div>
   <div class='ocr_carea' id='block_1_49' title="bbox 1914 2014 3494 2087">
    <p class='ocr_par' dir='ltr' id='par_1_49' title="bbox 1914 2014 3494 2087">
     <span class='ocr_line' id='line_1_49' title="bbox 1914 2014 3494 2087; baseline 0.001 -17"><span class='ocrx_word' id='word_1_376' title='bbox 1914 2014 2090 2070; x_wconf 80' lang='lat' dir='ltr'><strong>ximus</strong></span> <span class='ocrx_word' id='word_1_377' title='bbox 2129 2014 2253 2071; x_wconf 80' lang='lat' dir='ltr'><strong>ﬁeri</strong></span> <span class='ocrx_word' id='word_1_378' title='bbox 2302 2014 2552 2085; x_wconf 86' lang='lat' dir='ltr'><strong>dignatus</strong></span> <span class='ocrx_word' id='word_1_379' title='bbox 2581 2027 2686 2072; x_wconf 91' lang='lat' dir='ltr'><strong>est.</strong></span> <span class='ocrx_word' id='word_1_380' title='bbox 2737 2017 3026 2073; x_wconf 89' lang='lat' dir='ltr'><strong>Precemur</strong></span> <span class='ocrx_word' id='word_1_381' title='bbox 3047 2017 3163 2087; x_wconf 88' lang='lat' dir='ltr'><strong>ejus</strong></span> <span class='ocrx_word' id='word_1_382' title='bbox 3189 2018 3494 2072; x_wconf 87' lang='lat' dir='ltr'><strong>misericor-</strong></span> 
     </span>
    </p>
   </div>
   <div class='ocr_carea' id='block_1_50' title="bbox 1908 2107 3490 2178">
    <p class='ocr_par' dir='ltr' id='par_1_50' title="bbox 1908 2107 3490 2178">
     <span class='ocr_line' id='line_1_50' title="bbox 1908 2107 3490 2178; baseline 0.001 -16"><span class='ocrx_word' id='word_1_383' title='bbox 1908 2107 2049 2162; x_wconf 91' lang='lat' dir='ltr'><strong>diam</strong></span> <span class='ocrx_word' id='word_1_384' title='bbox 2079 2108 2179 2176; x_wconf 91' lang='lat' dir='ltr'><strong>piis</strong></span> <span class='ocrx_word' id='word_1_385' title='bbox 2206 2109 2428 2162; x_wconf 86' lang='lat' dir='ltr'><strong>vocibus</strong></span> <span class='ocrx_word' id='word_1_386' title='bbox 2446 2108 2605 2177; x_wconf 88' lang='lat' dir='ltr'><strong>justis</strong></span> <span class='ocrx_word' id='word_1_387' title='bbox 2626 2110 2904 2178; x_wconf 88' lang='lat' dir='ltr'><strong>cperibus,</strong></span> <span class='ocrx_word' id='word_1_388' title='bbox 2935 2118 2993 2164; x_wconf 94' lang='lat' dir='ltr'><strong>ut</strong></span> <span class='ocrx_word' id='word_1_389' title='bbox 3019 2125 3116 2165; x_wconf 83' lang='lat' dir='ltr'><strong>nos</strong></span> <span class='ocrx_word' id='word_1_390' title='bbox 3144 2110 3213 2164; x_wconf 87' lang='lat' dir='ltr'><strong>ab</strong></span> <span class='ocrx_word' id='word_1_391' title='bbox 3241 2110 3490 2164; x_wconf 92' lang='lat' dir='ltr'><strong>omnibus</strong></span> 
     </span>
    </p>
   </div>
   <div class='ocr_carea' id='block_1_51' title="bbox 1910 2200 3492 2271">
    <p class='ocr_par' dir='ltr' id='par_1_51' title="bbox 1910 2200 3492 2271">
     <span class='ocr_line' id='line_1_51' title="bbox 1910 2200 3492 2271; baseline 0.001 -16"><span class='ocrx_word' id='word_1_392' title='bbox 1910 2211 2257 2271; x_wconf 86' lang='lat' dir='ltr'><strong>peccatorum</strong></span> <span class='ocrx_word' id='word_1_393' title='bbox 2309 2200 2537 2255; x_wconf 76' lang='lat' dir='ltr'><strong>nexibus</strong></span> <span class='ocrx_word' id='word_1_394' title='bbox 2581 2201 2752 2257; x_wconf 76' lang='lat' dir='ltr'><strong>solvnt</strong></span> <span class='ocrx_word' id='word_1_395' title='bbox 2776 2241 2791 2266; x_wconf 85' lang='lat'><strong>,</strong></span> <span class='ocrx_word' id='word_1_396' title='bbox 2825 2201 2972 2258; x_wconf 88' lang='lat' dir='ltr'><strong>etde</strong></span> <span class='ocrx_word' id='word_1_397' title='bbox 3005 2210 3200 2256; x_wconf 76' lang='lat' dir='ltr'><strong>etetero</strong></span> <span class='ocrx_word' id='word_1_398' title='bbox 3226 2217 3334 2256; x_wconf 92' lang='lat' dir='ltr'><strong>non</strong></span> <span class='ocrx_word' id='word_1_399' title='bbox 3364 2215 3492 2271; x_wconf 90' lang='lat' dir='ltr'><strong>pec-</strong></span> 
     </span>
    </p>
   </div>
   <div class='ocr_carea' id='block_1_52' title="bbox 1907 2291 3489 2362">
    <p class='ocr_par' dir='ltr' id='par_1_52' title="bbox 1907 2291 3489 2362">
     <span class='ocr_line' id='line_1_52' title="bbox 1907 2291 3489 2362; baseline 0 -16"><span class='ocrx_word' id='word_1_400' title='bbox 1907 2304 2034 2346; x_wconf 89' lang='lat' dir='ltr'><strong>care</strong></span> <span class='ocrx_word' id='word_1_401' title='bbox 2062 2292 2359 2360; x_wconf 89' lang='lat' dir='ltr'><strong>concedat,</strong></span> <span class='ocrx_word' id='word_1_402' title='bbox 2390 2291 2575 2362; x_wconf 87' lang='lat' dir='ltr'><strong>sicque</strong></span> <span class='ocrx_word' id='word_1_403' title='bbox 2607 2303 2814 2348; x_wconf 86' lang='lat' dir='ltr'><strong>mentes</strong></span> <span class='ocrx_word' id='word_1_404' title='bbox 2848 2302 3060 2349; x_wconf 90' lang='lat' dir='ltr'><strong>nostras</strong></span> <span class='ocrx_word' id='word_1_405' title='bbox 3090 2295 3260 2349; x_wconf 87' lang='lat' dir='ltr'><strong>sancti</strong></span> <span class='ocrx_word' id='word_1_406' title='bbox 3287 2294 3489 2348; x_wconf 92' lang='lat' dir='ltr'><strong>amoris</strong></span> 
     </span>
    </p>
   </div>
   <div class='ocr_carea' id='block_1_53' title="bbox 1907 2384 3490 2456">
    <p class='ocr_par' dir='ltr' id='par_1_53' title="bbox 1907 2384 3490 2456">
     <span class='ocr_line' id='line_1_53' title="bbox 1907 2384 3490 2456; baseline -0.002 -14"><span class='ocrx_word' id='word_1_407' title='bbox 1907 2386 1992 2442; x_wconf 87' lang='lat' dir='ltr'><strong>sui</strong></span> <span class='ocrx_word' id='word_1_408' title='bbox 2039 2384 2271 2441; x_wconf 81' lang='lat' dir='ltr'><strong>ﬂammis</strong></span> <span class='ocrx_word' id='word_1_409' title='bbox 2305 2386 2608 2453; x_wconf 84' lang='lat' dir='ltr'><strong>accendat,</strong></span> <span class='ocrx_word' id='word_1_410' title='bbox 2654 2395 2713 2440; x_wconf 94' lang='lat' dir='ltr'><strong>ut</strong></span> <span class='ocrx_word' id='word_1_411' title='bbox 2760 2387 3053 2442; x_wconf 88' lang='lat' dir='ltr'><strong>secundum</strong></span> <span class='ocrx_word' id='word_1_412' title='bbox 3099 2385 3490 2456; x_wconf 77' lang='lat' dir='ltr'><strong>beneplaciiutn</strong></span> 
     </span>
    </p>
   </div>
   <div class='ocr_carea' id='block_1_54' title="bbox 1907 2480 3497 2553">
    <p class='ocr_par' dir='ltr' id='par_1_54' title="bbox 1907 2480 3497 2553">
     <span class='ocr_line' id='line_1_54' title="bbox 1907 2480 3497 2553; baseline -0.001 -17"><span class='ocrx_word' id='word_1_413' title='bbox 1907 2495 2062 2536; x_wconf 88' lang='lat' dir='ltr'><strong>suum</strong></span> <span class='ocrx_word' id='word_1_414' title='bbox 2088 2482 2140 2535; x_wconf 91' lang='lat' dir='ltr'><strong>in</strong></span> <span class='ocrx_word' id='word_1_415' title='bbox 2172 2483 2319 2535; x_wconf 91' lang='lat' dir='ltr'><strong>omni</strong></span> <span class='ocrx_word' id='word_1_416' title='bbox 2362 2481 2504 2537; x_wconf 91' lang='lat' dir='ltr'><strong>bono</strong></span> <span class='ocrx_word' id='word_1_417' title='bbox 2546 2496 2645 2537; x_wconf 91' lang='lat' dir='ltr'><strong>nos</strong></span> <span class='ocrx_word' id='word_1_418' title='bbox 2693 2482 3121 2553; x_wconf 88' lang='lat' dir='ltr'><strong>perseverabiles</strong></span> <span class='ocrx_word' id='word_1_419' title='bbox 3148 2482 3312 2537; x_wconf 89' lang='lat' dir='ltr'><strong>faciat</strong></span> <span class='ocrx_word' id='word_1_420' title='bbox 3338 2480 3497 2536; x_wconf 82' lang='lat' dir='ltr'><strong>Jesus</strong></span> 
     </span>
    </p>
   </div>
   <div class='ocr_carea' id='block_1_55' title="bbox 1908 2572 2909 2631">
    <p class='ocr_par' dir='ltr' id='par_1_55' title="bbox 1908 2572 2909 2631">
     <span class='ocr_line' id='line_1_55' title="bbox 1908 2572 2909 2631; baseline 0.002 -2"><span class='ocrx_word' id='word_1_421' title='bbox 1908 2572 2156 2630; x_wconf 87' lang='lat' dir='ltr'><strong>Christus</strong></span> <span class='ocrx_word' id='word_1_422' title='bbox 2182 2572 2442 2629; x_wconf 91' lang='lat' dir='ltr'><strong>Dominus</strong></span> <span class='ocrx_word' id='word_1_423' title='bbox 2469 2582 2683 2629; x_wconf 89' lang='lat' dir='ltr'><strong>noster.</strong></span> <span class='ocrx_word' id='word_1_424' title='bbox 2713 2575 2909 2631; x_wconf 85' lang='lat' dir='ltr'><strong>Amen.</strong></span> 
     </span>
    </p>
   </div>
   <div class='ocr_carea' id='block_1_56' title="bbox 2443 2710 2952 2768">
    <p class='ocr_par' dir='ltr' id='par_1_56' title="bbox 2443 2710 2952 2768">
     <span class='ocr_line' id='line_1_56' title="bbox 2443 2710 2952 2768; baseline 0.002 -2"><span class='ocrx_word' id='word_1_425' title='bbox 2443 2710 2725 2768; x_wconf 82' lang='lat' dir='ltr'><strong>HOMILIA</strong></span> <span class='ocrx_word' id='word_1_426' title='bbox 2769 2710 2952 2768; x_wconf 79' lang='lat' dir='ltr'><strong>XCVI.</strong></span> 
     </span>
    </p>
   </div>
   <div class='ocr_carea' id='block_1_57' title="bbox 2399 2802 3004 2862">
    <p class='ocr_par' dir='ltr' id='par_1_57' title="bbox 2399 2802 3004 2862">
     <span class='ocr_line' id='line_1_57' title="bbox 2399 2802 3004 2862; baseline 0.007 -4"><span class='ocrx_word' id='word_1_427' title='bbox 2399 2820 2450 2859; x_wconf 83' lang='lat' dir='ltr'><strong>tn</strong></span> <span class='ocrx_word' id='word_1_428' title='bbox 2488 2820 2739 2860; x_wconf 75' lang='lat' dir='ltr'><strong>DOIINICA</strong></span> <span class='ocrx_word' id='word_1_429' title='bbox 2778 2802 3004 2862; x_wconf 74' lang='lat' dir='ltr'><strong>Laetare.</strong></span> 
     </span>
    </p>
   </div>
   <div class='ocr_carea' id='block_1_58' title="bbox 2157 2918 3243 2995">
    <p class='ocr_par' dir='ltr' id='par_1_58' title="bbox 2157 2918 3243 2995">
     <span class='ocr_line' id='line_1_58' title="bbox 2157 2918 3243 2995; baseline 0.006 -23"><span class='ocrx_word' id='word_1_430' title='bbox 2157 2918 2260 2990; x_wconf 82' lang='lat' dir='ltr'><strong>(Ex</strong></span> <span class='ocrx_word' id='word_1_431' title='bbox 2284 2919 2419 2989; x_wconf 90' lang='lat' dir='ltr'><strong>Opp.</strong></span> <span class='ocrx_word' id='word_1_432' title='bbox 2451 2919 2594 2974; x_wconf 89' lang='lat' dir='ltr'><strong>beati</strong></span> <span class='ocrx_word' id='word_1_433' title='bbox 2623 2919 2817 2976; x_wconf 86' lang='lat' dir='ltr'><strong>Leonis</strong></span> <span class='ocrx_word' id='word_1_434' title='bbox 2844 2921 3020 2991; x_wconf 81' lang='lat' dir='ltr'><strong>Magni</strong></span> <span class='ocrx_word' id='word_1_435' title='bbox 3044 2924 3243 2995; x_wconf 66' lang='lat' dir='ltr'><strong>papas.)</strong></span> 
     </span>
    </p>
   </div>
   <div class='ocr_carea' id='block_1_59' title="bbox 1982 3013 3493 3086">
    <p class='ocr_par' dir='ltr' id='par_1_59' title="bbox 1982 3013 3493 3086">
     <span class='ocr_line' id='line_1_59' title="bbox 1982 3013 3493 3086; baseline 0.003 -20"><span class='ocrx_word' id='word_1_436' title='bbox 1982 3014 2325 3081; x_wconf 84' lang='lat' dir='ltr'><strong>Apostolica,</strong></span> <span class='ocrx_word' id='word_1_437' title='bbox 2358 3013 2739 3081; x_wconf 92' lang='lat' dir='ltr'><strong>dilectissimi,</strong></span> <span class='ocrx_word' id='word_1_438' title='bbox 2786 3023 2893 3069; x_wconf 91' lang='lat' dir='ltr'><strong>etc.</strong></span> <span class='ocrx_word' id='word_1_439' title='bbox 2947 3014 3160 3081; x_wconf 85' lang='lat' dir='ltr'><strong>Reliqua</strong></span> <span class='ocrx_word' id='word_1_440' title='bbox 3202 3015 3314 3070; x_wconf 86' lang='lat' dir='ltr'><strong>vide</strong></span> <span class='ocrx_word' id='word_1_441' title='bbox 3353 3018 3493 3086; x_wconf 79' lang='lat' dir='ltr'><strong>apud</strong></span> 
     </span>
    </p>
   </div>
   <div class='ocr_carea' id='block_1_60' title="bbox 1908 3105 3495 3180">
    <p class='ocr_par' dir='ltr' id='par_1_60' title="bbox 1908 3105 3495 3180">
     <span class='ocr_line' id='line_1_60' title="bbox 1908 3105 3495 3180; baseline -0.001 -16"><span class='ocrx_word' id='word_1_442' title='bbox 1908 3120 2140 3164; x_wconf 82' lang='lat' dir='ltr'><strong>sanctum</strong></span> <span class='ocrx_word' id='word_1_443' title='bbox 2180 3106 2439 3173; x_wconf 87' lang='lat' dir='ltr'><strong>Leonem,</strong></span> <span class='ocrx_word' id='word_1_444' title='bbox 2484 3107 2709 3178; x_wconf 78' lang='lat' dir='ltr'><strong>Operam</strong></span> <span class='ocrx_word' id='word_1_445' title='bbox 2747 3108 2856 3176; x_wconf 79' lang='lat' dir='ltr'><strong>ejus</strong></span> <span class='ocrx_word' id='word_1_446' title='bbox 2901 3118 3034 3162; x_wconf 87' lang='lat' dir='ltr'><strong>tomo</strong></span> <span class='ocrx_word' id='word_1_447' title='bbox 3079 3105 3133 3175; x_wconf 87' lang='lat'><strong>1,</strong></span> <span class='ocrx_word' id='word_1_448' title='bbox 3182 3106 3495 3180; x_wconf 78' lang='lat' dir='ltr'><strong>Patrologite</strong></span> 
     </span>
    </p>
   </div>
   <div class='ocr_carea' id='block_1_61' title="bbox 208 3198 2350 3288">
    <p class='ocr_par' dir='ltr' id='par_1_61' title="bbox 208 3198 2350 3288">
     <span class='ocr_line' id='line_1_61' title="bbox 208 3198 2350 3288; baseline 0.001 -19"><span class='ocrx_word' id='word_1_449' title='bbox 208 3213 375 3269; x_wconf 82' lang='lat' dir='ltr'><strong>ﬁdem</strong></span> <span class='ocrx_word' id='word_1_450' title='bbox 406 3223 461 3269; x_wconf 89' lang='lat' dir='ltr'><strong>et</strong></span> <span class='ocrx_word' id='word_1_451' title='bbox 489 3214 1248 3287; x_wconf 87' lang='lat' dir='ltr'><strong>misericordiam,spiritualia</strong></span> <span class='ocrx_word' id='word_1_452' title='bbox 1269 3218 1518 3273; x_wconf 90' lang='lat' dir='ltr'><strong>videlicet</strong></span> <span class='ocrx_word' id='word_1_453' title='bbox 1541 3228 1802 3288; x_wconf 69' lang='lat' dir='ltr'><strong>prazcepta</strong></span> <span class='ocrx_word' id='word_1_454' title='bbox 1835 3198 1881 3261; x_wconf 72' lang='grc' dir='ltr'>Ο</span> <span class='ocrx_word' id='word_1_455' title='bbox 1912 3199 1987 3255; x_wconf 74' lang='lat' dir='ltr'><strong>LI</strong></span> <span class='ocrx_word' id='word_1_456' title='bbox 2000 3199 2068 3269; x_wconf 66' lang='grc' dir='ltr'><strong><em>γ’</em></strong></span> <span class='ocrx_word' id='word_1_457' title='bbox 2096 3202 2198 3257; x_wconf 66' lang='grc' dir='ltr'><strong>σοι’</strong></span> <span class='ocrx_word' id='word_1_458' title='bbox 2220 3200 2350 3256; x_wconf 61' lang='lat'><strong>28‘-</strong></span> 
     </span>
    </p>
   </div>
   <div class='ocr_carea' id='block_1_62' title="bbox 208 3307 1809 3380">
    <p class='ocr_par' dir='ltr' id='par_1_62' title="bbox 208 3307 1809 3380">
     <span class='ocr_line' id='line_1_62' title="bbox 208 3307 1809 3380; baseline 0.002 -18"><span class='ocrx_word' id='word_1_459' title='bbox 208 3307 477 3379; x_wconf 84' lang='lat' dir='ltr'><strong>perticite,</strong></span> <span class='ocrx_word' id='word_1_460' title='bbox 492 3316 547 3363; x_wconf 89' lang='lat' dir='ltr'><strong>et</strong></span> <span class='ocrx_word' id='word_1_461' title='bbox 575 3307 653 3363; x_wconf 90' lang='lat' dir='ltr'><strong>sic</strong></span> <span class='ocrx_word' id='word_1_462' title='bbox 680 3309 747 3363; x_wconf 89' lang='lat' dir='ltr'><strong>ad</strong></span> <span class='ocrx_word' id='word_1_463' title='bbox 776 3309 1222 3377; x_wconf 88' lang='lat' dir='ltr'><strong>carnaliajudicia</strong></span> <span class='ocrx_word' id='word_1_464' title='bbox 1249 3309 1452 3365; x_wconf 88' lang='lat' dir='ltr'><strong>venite.</strong></span> <span class='ocrx_word' id='word_1_465' title='bbox 1477 3309 1587 3364; x_wconf 90' lang='lat' dir='ltr'><strong>lloc</strong></span> <span class='ocrx_word' id='word_1_466' title='bbox 1602 3309 1809 3380; x_wconf 89' lang='lat' dir='ltr'><strong>judicio</strong></span> 
     </span>
    </p>
   </div>
   <div class='ocr_carea' id='block_1_63' title="bbox 208 3399 1802 3468">
    <p class='ocr_par' dir='ltr' id='par_1_63' title="bbox 208 3399 1802 3468">
     <span class='ocr_line' id='line_1_63' title="bbox 208 3399 1802 3468; baseline 0.001 -15"><span class='ocrx_word' id='word_1_467' title='bbox 208 3400 364 3468; x_wconf 79' lang='lat' dir='ltr'><strong>dato,</strong></span> <span class='ocrx_word' id='word_1_468' title='bbox 393 3399 654 3454; x_wconf 88' lang='lat' dir='ltr'><strong>Dominus</strong></span> <span class='ocrx_word' id='word_1_469' title='bbox 683 3401 867 3454; x_wconf 86' lang='lat' dir='ltr'><strong>iterum</strong></span> <span class='ocrx_word' id='word_1_470' title='bbox 882 3416 937 3455; x_wconf 90' lang='lat' dir='ltr'><strong>se</strong></span> <span class='ocrx_word' id='word_1_471' title='bbox 956 3403 1228 3468; x_wconf 84' lang='lat' dir='ltr'><strong>inclinans,</strong></span> <span class='ocrx_word' id='word_1_472' title='bbox 1256 3401 1504 3456; x_wconf 86' lang='lat' dir='ltr'><strong>scribebat</strong></span> <span class='ocrx_word' id='word_1_473' title='bbox 1546 3403 1600 3455; x_wconf 84' lang='lat' dir='ltr'><strong>in</strong></span> <span class='ocrx_word' id='word_1_474' title='bbox 1645 3412 1802 3455; x_wconf 87' lang='lat' dir='ltr'><strong>terra.</strong></span> 
     </span>
    </p>
   </div>
   <div class='ocr_carea' id='block_1_64' title="bbox 207 3489 1807 3566">
    <p class='ocr_par' dir='ltr' id='par_1_64' title="bbox 207 3489 1807 3566">
     <span class='ocr_line' id='line_1_64' title="bbox 207 3489 1807 3566; baseline 0.001 -19"><span class='ocrx_word' id='word_1_475' title='bbox 207 3489 397 3547; x_wconf 81' lang='lat' dir='ltr'><strong>Potest</strong></span> <span class='ocrx_word' id='word_1_476' title='bbox 417 3492 636 3561; x_wconf 86' lang='lat' dir='ltr'><strong>intelligi</strong></span> <span class='ocrx_word' id='word_1_477' title='bbox 664 3493 949 3549; x_wconf 91' lang='lat' dir='ltr'><strong>Dominum</strong></span> <span class='ocrx_word' id='word_1_478' title='bbox 973 3493 1161 3551; x_wconf 90' lang='lat' dir='ltr'><strong>fecisse</strong></span> <span class='ocrx_word' id='word_1_479' title='bbox 1182 3494 1282 3549; x_wconf 88' lang='lat' dir='ltr'><strong>hoc</strong></span> <span class='ocrx_word' id='word_1_480' title='bbox 1301 3493 1457 3566; x_wconf 81' lang='lat' dir='ltr'><strong>juxta</strong></span> <span class='ocrx_word' id='word_1_481' title='bbox 1477 3508 1682 3549; x_wconf 90' lang='lat' dir='ltr'><strong>morem</strong></span> <span class='ocrx_word' id='word_1_482' title='bbox 1708 3493 1807 3549; x_wconf 90' lang='lat' dir='ltr'><strong>bu-</strong></span> 
     </span>
    </p>
   </div>
   <div class='ocr_carea' id='block_1_65' title="bbox 207 3585 1804 3657">
    <p class='ocr_par' dir='ltr' id='par_1_65' title="bbox 207 3585 1804 3657">
     <span class='ocr_line' id='line_1_65' title="bbox 207 3585 1804 3657; baseline 0.001 -17"><span class='ocrx_word' id='word_1_483' title='bbox 207 3600 389 3640; x_wconf 71' lang='lat' dir='ltr'><strong>manae</strong></span> <span class='ocrx_word' id='word_1_484' title='bbox 403 3585 825 3653; x_wconf 86' lang='lat' dir='ltr'><strong>consuetudinis,</strong></span> <span class='ocrx_word' id='word_1_485' title='bbox 844 3595 902 3640; x_wconf 92' lang='lat' dir='ltr'><strong>ut</strong></span> <span class='ocrx_word' id='word_1_486' title='bbox 916 3588 1064 3656; x_wconf 90' lang='lat' dir='ltr'><strong>quasi</strong></span> <span class='ocrx_word' id='word_1_487' title='bbox 1078 3586 1221 3642; x_wconf 93' lang='lat' dir='ltr'><strong>aliud</strong></span> <span class='ocrx_word' id='word_1_488' title='bbox 1233 3602 1416 3657; x_wconf 90' lang='lat' dir='ltr'><strong>agens,</strong></span> <span class='ocrx_word' id='word_1_489' title='bbox 1430 3597 1483 3642; x_wconf 92' lang='lat' dir='ltr'><strong>et</strong></span> <span class='ocrx_word' id='word_1_490' title='bbox 1497 3588 1644 3642; x_wconf 90' lang='lat' dir='ltr'><strong>vultu</strong></span> <span class='ocrx_word' id='word_1_491' title='bbox 1660 3586 1804 3642; x_wconf 91' lang='lat' dir='ltr'><strong>aliud</strong></span> 
     </span>
    </p>
   </div>
   <div class='ocr_carea' id='block_1_66' title="bbox 205 3675 1801 3749">
    <p class='ocr_par' dir='ltr' id='par_1_66' title="bbox 205 3675 1801 3749">
     <span class='ocr_line' id='line_1_66' title="bbox 205 3675 1801 3749; baseline 0.001 -17"><span class='ocrx_word' id='word_1_492' title='bbox 205 3675 501 3732; x_wconf 86' lang='lat' dir='ltr'><strong>intendens</strong></span> <span class='ocrx_word' id='word_1_493' title='bbox 524 3718 540 3744; x_wconf 92' lang='lat'><strong>,</strong></span> <span class='ocrx_word' id='word_1_494' title='bbox 588 3677 810 3734; x_wconf 91' lang='lat' dir='ltr'><strong>liberam</strong></span> <span class='ocrx_word' id='word_1_495' title='bbox 843 3680 923 3733; x_wconf 90' lang='lat' dir='ltr'><strong>eis</strong></span> <span class='ocrx_word' id='word_1_496' title='bbox 952 3679 1256 3733; x_wconf 82' lang='lat' dir='ltr'><strong>facultatem</strong></span> <span class='ocrx_word' id='word_1_497' title='bbox 1286 3680 1597 3748; x_wconf 86' lang='lat' dir='ltr'><strong>egrediendi</strong></span> <span class='ocrx_word' id='word_1_498' title='bbox 1629 3680 1801 3749; x_wconf 89' lang='lat' dir='ltr'><strong>daret,</strong></span> 
     </span>
    </p>
   </div>
   <div class='ocr_carea' id='block_1_67' title="bbox 207 3773 1800 3845">
    <p class='ocr_par' dir='ltr' id='par_1_67' title="bbox 207 3773 1800 3845">
     <span class='ocr_line' id='line_1_67' title="bbox 207 3773 1800 3845; baseline 0.003 -21"><span class='ocrx_word' id='word_1_499' title='bbox 207 3783 355 3841; x_wconf 89' lang='lat' dir='ltr'><strong>quos</strong></span> <span class='ocrx_word' id='word_1_500' title='bbox 384 3786 479 3825; x_wconf 92' lang='lat' dir='ltr'><strong>sua</strong></span> <span class='ocrx_word' id='word_1_501' title='bbox 509 3773 861 3843; x_wconf 89' lang='lat' dir='ltr'><strong>responsione</strong></span> <span class='ocrx_word' id='word_1_502' title='bbox 890 3775 1167 3842; x_wconf 90' lang='lat' dir='ltr'><strong>perculsos</strong></span> <span class='ocrx_word' id='word_1_503' title='bbox 1198 3783 1253 3828; x_wconf 91' lang='lat' dir='ltr'><strong>et</strong></span> <span class='ocrx_word' id='word_1_504' title='bbox 1274 3774 1329 3829; x_wconf 92' lang='lat' dir='ltr'><strong>in</strong></span> <span class='ocrx_word' id='word_1_505' title='bbox 1353 3777 1607 3829; x_wconf 90' lang='lat' dir='ltr'><strong>ruborem</strong></span> <span class='ocrx_word' id='word_1_506' title='bbox 1630 3784 1800 3845; x_wconf 88' lang='lat' dir='ltr'><strong>actos,</strong></span> 
     </span>
    </p>
   </div>
   <div class='ocr_carea' id='block_1_68' title="bbox 206 3868 1798 3942">
    <p class='ocr_par' dir='ltr' id='par_1_68' title="bbox 206 3868 1798 3942">
     <span class='ocr_line' id='line_1_68' title="bbox 206 3868 1798 3942; baseline 0.003 -18"><span class='ocrx_word' id='word_1_507' title='bbox 206 3868 386 3924; x_wconf 88' lang='lat' dir='ltr'><strong>citius</strong></span> <span class='ocrx_word' id='word_1_508' title='bbox 410 3869 647 3925; x_wconf 80' lang='lat' dir='ltr'><strong>exituros</strong></span> <span class='ocrx_word' id='word_1_509' title='bbox 672 3886 832 3940; x_wconf 90' lang='lat' dir='ltr'><strong>quam</strong></span> <span class='ocrx_word' id='word_1_510' title='bbox 866 3871 1016 3939; x_wconf 92' lang='lat' dir='ltr'><strong>plura</strong></span> <span class='ocrx_word' id='word_1_511' title='bbox 1065 3871 1490 3942; x_wconf 88' lang='lat' dir='ltr'><strong>interrogaturos</strong></span> <span class='ocrx_word' id='word_1_512' title='bbox 1517 3887 1640 3928; x_wconf 85' lang='lat' dir='ltr'><strong>esse</strong></span> <span class='ocrx_word' id='word_1_513' title='bbox 1678 3888 1798 3928; x_wconf 85' lang='lat' dir='ltr'><strong>cer-</strong></span> 
     </span>
    </p>
   </div>
   <div class='ocr_carea' id='block_1_69' title="bbox 202 3963 1803 4035">
    <p class='ocr_par' dir='ltr' id='par_1_69' title="bbox 202 3963 1803 4035">
     <span class='ocr_line' id='line_1_69' title="bbox 202 3963 1803 4035; baseline 0 -16"><span class='ocrx_word' id='word_1_514' title='bbox 202 3964 406 4019; x_wconf 84' lang='lat' dir='ltr'><strong>nebat.</strong></span> <span class='ocrx_word' id='word_1_515' title='bbox 448 3963 684 4034; x_wconf 88' lang='lat' dir='ltr'><strong>Denique</strong></span> <span class='ocrx_word' id='word_1_516' title='bbox 716 3968 791 4020; x_wconf 92' lang='lat' dir='ltr'><strong>ait</strong></span> <span class='ocrx_word' id='word_1_517' title='bbox 828 3965 1156 4035; x_wconf 88' lang='lat' dir='ltr'><strong>evangelista</strong></span> <span class='ocrx_word' id='word_1_518' title='bbox 1182 3982 1195 4019; x_wconf 91' lang='lat'>:</span> <span class='ocrx_word' id='word_1_519' title='bbox 1227 3964 1328 4032; x_wconf 86' lang='lat' dir='ltr'><strong>Qui</strong></span> <span class='ocrx_word' id='word_1_520' title='bbox 1356 3966 1646 4032; x_wconf 88' lang='lat' dir='ltr'><strong>audientes,</strong></span> <span class='ocrx_word' id='word_1_521' title='bbox 1670 3982 1803 4021; x_wconf 84' lang='lat' dir='ltr'><strong>unus</strong></span> 
     </span>
    </p>
   </div>
   <div class='ocr_carea' id='block_1_70' title="bbox 201 4058 1802 4141">
    <p class='ocr_par' dir='ltr' id='par_1_70' title="bbox 201 4058 1802 4141">
     <span class='ocr_line' id='line_1_70' title="bbox 201 4058 1802 4141; baseline 0.003 -30"><span class='ocrx_word' id='word_1_522' title='bbox 201 4068 330 4129; x_wconf 81' lang='lat' dir='ltr'><strong>post</strong></span> <span class='ocrx_word' id='word_1_523' title='bbox 360 4074 515 4112; x_wconf 87' lang='lat' dir='ltr'><strong>unum</strong></span> <span class='ocrx_word' id='word_1_524' title='bbox 543 4060 768 4125; x_wconf 72' lang='lat' dir='ltr'><strong>exibant,</strong></span> <span class='ocrx_word' id='word_1_525' title='bbox 791 4059 1092 4141; x_wconf 73' lang='lat' dir='ltr'><strong>incipientes</strong></span> <span class='ocrx_word' id='word_1_526' title='bbox 1120 4058 1470 4114; x_wconf 81' lang='lat' dir='ltr'><strong>asenioribus.</strong></span> <span class='ocrx_word' id='word_1_527' title='bbox 1499 4060 1555 4113; x_wconf 92' lang='lat' dir='ltr'><strong>ln</strong></span> <span class='ocrx_word' id='word_1_528' title='bbox 1585 4060 1686 4115; x_wconf 88' lang='lat' dir='ltr'><strong>hoc</strong></span> <span class='ocrx_word' id='word_1_529' title='bbox 1712 4074 1802 4116; x_wconf 52' lang='lat' dir='ltr'><strong>ve.</strong></span> 
     </span>
    </p>
   </div>
   <div class='ocr_carea' id='block_1_71' title="bbox 201 4149 1800 4221">
    <p class='ocr_par' dir='ltr' id='par_1_71' title="bbox 201 4149 1800 4221">
     <span class='ocr_line' id='line_1_71' title="bbox 201 4149 1800 4221; baseline 0.002 -17"><span class='ocrx_word' id='word_1_530' title='bbox 201 4163 275 4204; x_wconf 82' lang='lat' dir='ltr'><strong>ro</strong></span> <span class='ocrx_word' id='word_1_531' title='bbox 307 4150 447 4218; x_wconf 91' lang='lat' dir='ltr'><strong>quod</strong></span> <span class='ocrx_word' id='word_1_532' title='bbox 490 4159 614 4204; x_wconf 90' lang='lat' dir='ltr'><strong>ante</strong></span> <span class='ocrx_word' id='word_1_533' title='bbox 650 4149 830 4204; x_wconf 91' lang='lat' dir='ltr'><strong>datam</strong></span> <span class='ocrx_word' id='word_1_534' title='bbox 873 4151 1195 4205; x_wconf 85' lang='lat' dir='ltr'><strong>sententiam</strong></span> <span class='ocrx_word' id='word_1_535' title='bbox 1220 4160 1272 4206; x_wconf 89' lang='lat' dir='ltr'><strong>et</strong></span> <span class='ocrx_word' id='word_1_536' title='bbox 1301 4159 1420 4221; x_wconf 88' lang='lat' dir='ltr'><strong>post</strong></span> <span class='ocrx_word' id='word_1_537' title='bbox 1462 4149 1717 4205; x_wconf 85' lang='lat' dir='ltr'><strong>inclinato</strong></span> <span class='ocrx_word' id='word_1_538' title='bbox 1740 4164 1800 4207; x_wconf 88' lang='lat' dir='ltr'><strong>se</strong></span> 
     </span>
    </p>
   </div>
   <div class='ocr_carea' id='block_1_72' title="bbox 197 4239 1799 4311">
    <p class='ocr_par' dir='ltr' id='par_1_72' title="bbox 197 4239 1799 4311">
     <span class='ocr_line' id='line_1_72' title="bbox 197 4239 1799 4311; baseline 0.001 -15"><span class='ocrx_word' id='word_1_539' title='bbox 197 4239 487 4296; x_wconf 84' lang='lat' dir='ltr'><strong>scribebat</strong></span> <span class='ocrx_word' id='word_1_540' title='bbox 514 4242 565 4294; x_wconf 92' lang='lat' dir='ltr'><strong>iu</strong></span> <span class='ocrx_word' id='word_1_541' title='bbox 599 4249 772 4307; x_wconf 88' lang='lat' dir='ltr'><strong>terra,</strong></span> <span class='ocrx_word' id='word_1_542' title='bbox 807 4242 1099 4311; x_wconf 82' lang='lat' dir='ltr'><strong>ﬁguraliter</strong></span> <span class='ocrx_word' id='word_1_543' title='bbox 1126 4243 1404 4297; x_wconf 90' lang='lat' dir='ltr'><strong>admonuit</strong></span> <span class='ocrx_word' id='word_1_544' title='bbox 1441 4251 1498 4297; x_wconf 91' lang='lat' dir='ltr'><strong>ut</strong></span> <span class='ocrx_word' id='word_1_545' title='bbox 1526 4251 1583 4298; x_wconf 91' lang='lat' dir='ltr'><strong>et</strong></span> <span class='ocrx_word' id='word_1_546' title='bbox 1626 4242 1799 4311; x_wconf 89' lang='lat' dir='ltr'><strong>prius-</strong></span> 
     </span>
    </p>
   </div>
   <div class='ocr_carea' id='block_1_73' title="bbox 199 4332 1797 4404">
    <p class='ocr_par' dir='ltr' id='par_1_73' title="bbox 199 4332 1797 4404">
     <span class='ocr_line' id='line_1_73' title="bbox 199 4332 1797 4404; baseline 0.003 -19"><span class='ocrx_word' id='word_1_547' title='bbox 199 4346 373 4402; x_wconf 86' lang='lat' dir='ltr'><strong>quam</strong></span> <span class='ocrx_word' id='word_1_548' title='bbox 406 4341 718 4402; x_wconf 83' lang='lat' dir='ltr'><strong>pcccantem</strong></span> <span class='ocrx_word' id='word_1_549' title='bbox 748 4332 969 4388; x_wconf 91' lang='lat' dir='ltr'><strong>fratrem</strong></span> <span class='ocrx_word' id='word_1_550' title='bbox 993 4334 1367 4404; x_wconf 91' lang='lat' dir='ltr'><strong>corripiamus,</strong></span> <span class='ocrx_word' id='word_1_551' title='bbox 1397 4344 1455 4389; x_wconf 88' lang='lat' dir='ltr'><strong>et</strong></span> <span class='ocrx_word' id='word_1_552' title='bbox 1486 4342 1671 4403; x_wconf 91' lang='lat' dir='ltr'><strong>postea</strong></span> <span class='ocrx_word' id='word_1_553' title='bbox 1702 4350 1797 4390; x_wconf 87' lang='lat' dir='ltr'><strong>an-</strong></span> 
     </span>
    </p>
   </div>
   <div class='ocr_carea' id='block_1_74' title="bbox 197 4424 1784 4498">
    <p class='ocr_par' dir='ltr' id='par_1_74' title="bbox 197 4424 1784 4498">
     <span class='ocr_line' id='line_1_74' title="bbox 197 4424 1784 4498; baseline 0.003 -20"><span class='ocrx_word' id='word_1_554' title='bbox 197 4432 431 4491; x_wconf 78' lang='lat' dir='ltr'><strong>tequam</strong></span> <span class='ocrx_word' id='word_1_555' title='bbox 475 4425 524 4480; x_wconf 91' lang='lat' dir='ltr'><strong>ei</strong></span> <span class='ocrx_word' id='word_1_556' title='bbox 560 4424 914 4480; x_wconf 89' lang='lat' dir='ltr'><strong>ministerium</strong></span> <span class='ocrx_word' id='word_1_557' title='bbox 947 4427 1305 4496; x_wconf 89' lang='lat' dir='ltr'><strong>correptionis</strong></span> <span class='ocrx_word' id='word_1_558' title='bbox 1335 4428 1784 4498; x_wconf 88' lang='lat' dir='ltr'><strong>impenderimus,</strong></span> 
     </span>
    </p>
   </div>
   <div class='ocr_carea' id='block_1_75' title="bbox 200 4516 1793 4589">
    <p class='ocr_par' dir='ltr' id='par_1_75' title="bbox 200 4516 1793 4589">
     <span class='ocr_line' id='line_1_75' title="bbox 200 4516 1793 4589; baseline 0.003 -19"><span class='ocrx_word' id='word_1_559' title='bbox 200 4516 445 4570; x_wconf 84' lang='lat' dir='ltr'><strong>sollicita</strong></span> <span class='ocrx_word' id='word_1_560' title='bbox 490 4526 649 4586; x_wconf 89' lang='lat' dir='ltr'><strong>atque</strong></span> <span class='ocrx_word' id='word_1_561' title='bbox 695 4516 878 4572; x_wconf 88' lang='lat' dir='ltr'><strong>ltumili</strong></span> <span class='ocrx_word' id='word_1_562' title='bbox 930 4518 1343 4589; x_wconf 87' lang='lat' dir='ltr'><strong>investigatione</strong></span> <span class='ocrx_word' id='word_1_563' title='bbox 1401 4520 1793 4589; x_wconf 87' lang='lat' dir='ltr'><strong>perpendamus</strong></span> 
     </span>
    </p>
   </div>
   <div class='ocr_carea' id='block_1_76' title="bbox 2434 3296 2960 3353">
    <p class='ocr_par' dir='ltr' id='par_1_76' title="bbox 2434 3296 2960 3353">
     <span class='ocr_line' id='line_1_76' title="bbox 2434 3296 2960 3353; baseline 0.006 -3"><span class='ocrx_word' id='word_1_564' title='bbox 2434 3296 2718 3353; x_wconf 74' lang='lat' dir='ltr'><strong>HOMILIA</strong></span> <span class='ocrx_word' id='word_1_565' title='bbox 2756 3296 2960 3353; x_wconf 80' lang='lat' dir='ltr'><strong>XCVII.</strong></span> 
     </span>
    </p>
   </div>
   <div class='ocr_carea' id='block_1_77' title="bbox 2404 3429 2994 3470">
    <p class='ocr_par' dir='ltr' id='par_1_77' title="bbox 2404 3429 2994 3470">
     <span class='ocr_line' id='line_1_77' title="bbox 2404 3429 2994 3470; baseline 0.002 -3"><span class='ocrx_word' id='word_1_566' title='bbox 2404 3429 2467 3468; x_wconf 78' lang='lat' dir='ltr'><strong>DE</strong></span> <span class='ocrx_word' id='word_1_567' title='bbox 2508 3430 2683 3470; x_wconf 72' lang='grc' dir='ltr'><strong>ΕΑοεκ</strong></span> <span class='ocrx_word' id='word_1_568' title='bbox 2722 3429 2971 3470; x_wconf 63' lang='grc' dir='ltr'>υοιιιιηιω</span> <span class='ocrx_word' id='word_1_569' title='bbox 2982 3454 2994 3468; x_wconf 88' lang='grc'><strong>.</strong></span> 
     </span>
    </p>
   </div>
   <div class='ocr_carea' id='block_1_78' title="bbox 1977 3520 3488 3596">
    <p class='ocr_par' dir='ltr' id='par_1_78' title="bbox 1977 3520 3488 3596">
     <span class='ocr_line' id='line_1_78' title="bbox 1977 3520 3488 3596; baseline 0.003 -21"><span class='ocrx_word' id='word_1_570' title='bbox 1977 3520 2046 3578; x_wconf 85' lang='lat' dir='ltr'><strong>In</strong></span> <span class='ocrx_word' id='word_1_571' title='bbox 2067 3522 2159 3577; x_wconf 88' lang='lat' dir='ltr'><strong>illo</strong></span> <span class='ocrx_word' id='word_1_572' title='bbox 2185 3531 2409 3596; x_wconf 87' lang='lat' dir='ltr'><strong>tempore</strong></span> <span class='ocrx_word' id='word_1_573' title='bbox 2432 3525 2555 3579; x_wconf 88' lang='lat' dir='ltr'><strong>abiit</strong></span> <span class='ocrx_word' id='word_1_574' title='bbox 2584 3524 2735 3580; x_wconf 84' lang='lat' dir='ltr'><strong>Jesus</strong></span> <span class='ocrx_word' id='word_1_575' title='bbox 2752 3536 2894 3581; x_wconf 88' lang='lat' dir='ltr'><strong>trans</strong></span> <span class='ocrx_word' id='word_1_576' title='bbox 2914 3541 3061 3581; x_wconf 87' lang='lat' dir='ltr'><strong>mare</strong></span> <span class='ocrx_word' id='word_1_577' title='bbox 3079 3523 3332 3592; x_wconf 73' lang='lat' dir='ltr'><strong>Galilwte,</strong></span> <span class='ocrx_word' id='word_1_578' title='bbox 3353 3527 3488 3596; x_wconf 86' lang='lat' dir='ltr'><strong>quod</strong></span> 
     </span>
    </p>
   </div>
   <div class='ocr_carea' id='block_1_79' title="bbox 1906 3614 3489 3690">
    <p class='ocr_par' dir='ltr' id='par_1_79' title="bbox 1906 3614 3489 3690">
     <span class='ocr_line' id='line_1_79' title="bbox 1906 3614 3489 3690; baseline 0.001 -21"><span class='ocrx_word' id='word_1_579' title='bbox 1906 3626 1977 3670; x_wconf 86' lang='lat' dir='ltr'><strong>est</strong></span> <span class='ocrx_word' id='word_1_580' title='bbox 2019 3614 2330 3672; x_wconf 86' lang='lat' dir='ltr'><strong>Tiberiadis.</strong></span> <span class='ocrx_word' id='word_1_581' title='bbox 2374 3616 2441 3669; x_wconf 85' lang='lat' dir='ltr'><strong>Et</strong></span> <span class='ocrx_word' id='word_1_582' title='bbox 2481 3620 2785 3688; x_wconf 85' lang='lat' dir='ltr'><strong>sequebatur</strong></span> <span class='ocrx_word' id='word_1_583' title='bbox 2815 3634 2929 3673; x_wconf 88' lang='lat' dir='ltr'><strong>eum</strong></span> <span class='ocrx_word' id='word_1_584' title='bbox 2968 3618 3243 3672; x_wconf 86' lang='lat' dir='ltr'><strong>multitudo</strong></span> <span class='ocrx_word' id='word_1_585' title='bbox 3279 3633 3489 3690; x_wconf 85' lang='lat' dir='ltr'><strong>magna,</strong></span> 
     </span>
    </p>
   </div>
   <div class='ocr_carea' id='block_1_80' title="bbox 1903 3707 3489 3781">
    <p class='ocr_par' dir='ltr' id='par_1_80' title="bbox 1903 3707 3489 3781">
     <span class='ocr_line' id='line_1_80' title="bbox 1903 3707 3489 3781; baseline 0.003 -22"><span class='ocrx_word' id='word_1_586' title='bbox 1903 3707 2027 3778; x_wconf 86' lang='lat' dir='ltr'><strong>quia</strong></span> <span class='ocrx_word' id='word_1_587' title='bbox 2054 3708 2285 3762; x_wconf 81' lang='lat' dir='ltr'><strong>viderant</strong></span> <span class='ocrx_word' id='word_1_588' title='bbox 2316 3711 2463 3780; x_wconf 85' lang='lat' dir='ltr'><strong>signa</strong></span> <span class='ocrx_word' id='word_1_589' title='bbox 2488 3724 2599 3779; x_wconf 74' lang='lat' dir='ltr'><strong>quat</strong></span> <span class='ocrx_word' id='word_1_590' title='bbox 2621 3709 2833 3779; x_wconf 83' lang='lat' dir='ltr'><strong>faciebat</strong></span> <span class='ocrx_word' id='word_1_591' title='bbox 2857 3725 3013 3780; x_wconf 81' lang='lat' dir='ltr'><strong>super</strong></span> <span class='ocrx_word' id='word_1_592' title='bbox 3041 3708 3121 3763; x_wconf 81' lang='lat' dir='ltr'><strong>Itis</strong></span> <span class='ocrx_word' id='word_1_593' title='bbox 3147 3709 3235 3781; x_wconf 88' lang='lat' dir='ltr'><strong>qui</strong></span> <span class='ocrx_word' id='word_1_594' title='bbox 3257 3710 3489 3779; x_wconf 80' lang='lat' dir='ltr'><strong>inﬁrma-</strong></span> 
     </span>
    </p>
   </div>
   <div class='ocr_carea' id='block_1_81' title="bbox 1904 3798 2578 3871">
    <p class='ocr_par' dir='ltr' id='par_1_81' title="bbox 1904 3798 2578 3871">
     <span class='ocr_line' id='line_1_81' title="bbox 1904 3798 2578 3871; baseline 0.004 -21"><span class='ocrx_word' id='word_1_595' title='bbox 1904 3798 2109 3865; x_wconf 89' lang='lat' dir='ltr'><strong>bantur,</strong></span> <span class='ocrx_word' id='word_1_596' title='bbox 2142 3810 2246 3854; x_wconf 90' lang='lat' dir='ltr'><strong>etc.</strong></span> <span class='ocrx_word' id='word_1_597' title='bbox 2278 3798 2455 3871; x_wconf 85' lang='lat' dir='ltr'><strong>(Joan.</strong></span> <span class='ocrx_word' id='word_1_598' title='bbox 2480 3799 2578 3870; x_wconf 77' lang='lat' dir='ltr'><strong>vr).</strong></span> 
     </span>
    </p>
   </div>
   <div class='ocr_carea' id='block_1_82' title="bbox 1978 3890 3489 3963">
    <p class='ocr_par' dir='ltr' id='par_1_82' title="bbox 1978 3890 3489 3963">
     <span class='ocr_line' id='line_1_82' title="bbox 1978 3890 3489 3963; baseline 0.002 -18"><span class='ocrx_word' id='word_1_599' title='bbox 1978 3890 2076 3958; x_wconf 90' lang='lat' dir='ltr'><strong>Qui</strong></span> <span class='ocrx_word' id='word_1_600' title='bbox 2118 3893 2267 3960; x_wconf 86' lang='lat' dir='ltr'><strong>signa</strong></span> <span class='ocrx_word' id='word_1_601' title='bbox 2312 3902 2366 3948; x_wconf 93' lang='lat' dir='ltr'><strong>et</strong></span> <span class='ocrx_word' id='word_1_602' title='bbox 2412 3892 2666 3946; x_wconf 89' lang='lat' dir='ltr'><strong>miracula</strong></span> <span class='ocrx_word' id='word_1_603' title='bbox 2701 3893 2947 3961; x_wconf 91' lang='lat' dir='ltr'><strong>Domini,</strong></span> <span class='ocrx_word' id='word_1_604' title='bbox 2980 3902 3084 3949; x_wconf 92' lang='lat' dir='ltr'><strong>etc.</strong></span> <span class='ocrx_word' id='word_1_605' title='bbox 3137 3892 3355 3963; x_wconf 86' lang='lat' dir='ltr'><strong>Reliqua</strong></span> <span class='ocrx_word' id='word_1_606' title='bbox 3377 3895 3489 3949; x_wconf 78' lang='lat' dir='ltr'><strong>vide</strong></span> 
     </span>
    </p>
   </div>
   <div class='ocr_carea' id='block_1_83' title="bbox 1902 3981 3489 4056">
    <p class='ocr_par' dir='ltr' id='par_1_83' title="bbox 1902 3981 3489 4056">
     <span class='ocr_line' id='line_1_83' title="bbox 1902 3981 3489 4056; baseline 0.003 -22"><span class='ocrx_word' id='word_1_607' title='bbox 1902 3982 2039 4051; x_wconf 75' lang='lat' dir='ltr'><strong>apud</strong></span> <span class='ocrx_word' id='word_1_608' title='bbox 2065 3997 2177 4037; x_wconf 78' lang='lat' dir='ltr'><strong>ven.</strong></span> <span class='ocrx_word' id='word_1_609' title='bbox 2210 3981 2437 4051; x_wconf 87' lang='lat' dir='ltr'><strong>Bedam,</strong></span> <span class='ocrx_word' id='word_1_610' title='bbox 2486 3982 2715 4054; x_wconf 83' lang='lat' dir='ltr'><strong>Operam</strong></span> <span class='ocrx_word' id='word_1_611' title='bbox 2743 3988 2856 4054; x_wconf 85' lang='lat' dir='ltr'><strong>ejus</strong></span> <span class='ocrx_word' id='word_1_612' title='bbox 2896 3993 3032 4041; x_wconf 85' lang='lat' dir='ltr'><strong>temo</strong></span> <span class='ocrx_word' id='word_1_613' title='bbox 3083 3984 3144 4051; x_wconf 75' lang='grc' dir='ltr'><strong>ν,</strong></span> <span class='ocrx_word' id='word_1_614' title='bbox 3174 3984 3489 4056; x_wconf 78' lang='lat' dir='ltr'><strong>Patrologia:</strong></span> 
     </span>
    </p>
   </div>
   <div class='ocr_carea' id='block_1_84' title="bbox 1901 4070 2403 4141">
    <p class='ocr_par' dir='ltr' id='par_1_84' title="bbox 1901 4070 2403 4141">
     <span class='ocr_line' id='line_1_84' title="bbox 1901 4070 2403 4141; baseline 0 -12"><span class='ocrx_word' id='word_1_615' title='bbox 1901 4070 2034 4129; x_wconf 73' lang='lat' dir='ltr'><strong>XCI</strong></span> <span class='ocrx_word' id='word_1_616' title='bbox 2049 4072 2112 4141; x_wconf 84' lang='lat' dir='ltr'><strong>V,</strong></span> <span class='ocrx_word' id='word_1_617' title='bbox 2144 4074 2248 4132; x_wconf 89' lang='lat' dir='ltr'><strong>col.</strong></span> <span class='ocrx_word' id='word_1_618' title='bbox 2281 4074 2403 4132; x_wconf 78' lang='grc'><strong>110.</strong></span> 
     </span>
    </p>
   </div>
   <div class='ocr_carea' id='block_1_85' title="bbox 2420 4183 2960 4243">
    <p class='ocr_par' dir='ltr' id='par_1_85' title="bbox 2420 4183 2960 4243">
     <span class='ocr_line' id='line_1_85' title="bbox 2420 4183 2960 4243; baseline 0.004 -4"><span class='ocrx_word' id='word_1_619' title='bbox 2420 4183 2700 4240; x_wconf 85' lang='lat' dir='ltr'><strong>HOMILIA</strong></span> <span class='ocrx_word' id='word_1_620' title='bbox 2728 4186 2960 4243; x_wconf 80' lang='lat' dir='ltr'><strong>XCVIII.</strong></span> 
     </span>
    </p>
   </div>
   <div class='ocr_carea' id='block_1_86' title="bbox 2232 4302 3152 4359">
    <p class='ocr_par' dir='ltr' id='par_1_86' title="bbox 2232 4302 3152 4359">
     <span class='ocr_line' id='line_1_86' title="bbox 2232 4302 3152 4359; baseline 0.002 -2"><span class='ocrx_word' id='word_1_621' title='bbox 2232 4317 2283 4358; x_wconf 80' lang='lat' dir='ltr'><strong>tn</strong></span> <span class='ocrx_word' id='word_1_622' title='bbox 2313 4318 2471 4358; x_wconf 74' lang='lat' dir='ltr'><strong>FERIA</strong></span> <span class='ocrx_word' id='word_1_623' title='bbox 2496 4316 2734 4358; x_wconf 68' lang='lat' dir='ltr'><strong>sscunns</strong></span> <span class='ocrx_word' id='word_1_624' title='bbox 2762 4319 2891 4358; x_wconf 78' lang='lat' dir='ltr'><strong>posr</strong></span> <span class='ocrx_word' id='word_1_625' title='bbox 2929 4302 3152 4359; x_wconf 79' lang='lat' dir='ltr'><strong>Ltetare.</strong></span> 
     </span>
    </p>
   </div>
   <div class='ocr_carea' id='block_1_87' title="bbox 1970 4411 3489 4485">
    <p class='ocr_par' dir='ltr' id='par_1_87' title="bbox 1970 4411 3489 4485">
     <span class='ocr_line' id='line_1_87' title="bbox 1970 4411 3489 4485; baseline 0.007 -20"><span class='ocrx_word' id='word_1_626' title='bbox 1970 4411 2038 4466; x_wconf 85' lang='lat' dir='ltr'><strong>In</strong></span> <span class='ocrx_word' id='word_1_627' title='bbox 2082 4411 2176 4466; x_wconf 90' lang='lat' dir='ltr'><strong>illo</strong></span> <span class='ocrx_word' id='word_1_628' title='bbox 2215 4422 2439 4483; x_wconf 83' lang='lat' dir='ltr'><strong>tempore</strong></span> <span class='ocrx_word' id='word_1_629' title='bbox 2471 4431 2626 4485; x_wconf 86' lang='lat' dir='ltr'><strong>prope</strong></span> <span class='ocrx_word' id='word_1_630' title='bbox 2673 4424 2781 4469; x_wconf 86' lang='lat' dir='ltr'><strong>erat</strong></span> <span class='ocrx_word' id='word_1_631' title='bbox 2827 4414 3028 4469; x_wconf 84' lang='lat' dir='ltr'><strong>Pascha</strong></span> <span class='ocrx_word' id='word_1_632' title='bbox 3075 4413 3398 4485; x_wconf 78' lang='lat' dir='ltr'><strong>Judteorttm,</strong></span> <span class='ocrx_word' id='word_1_633' title='bbox 3439 4431 3489 4475; x_wconf 90' lang='lat' dir='ltr'><strong>et</strong></span> 
     </span>
    </p>
   </div>
   <div class='ocr_carea' id='block_1_88' title="bbox 1900 4503 3488 4580">
    <p class='ocr_par' dir='ltr' id='par_1_88' title="bbox 1900 4503 3488 4580">
     <span class='ocr_line' id='line_1_88' title="bbox 1900 4503 3488 4580; baseline 0.002 -21"><span class='ocrx_word' id='word_1_634' title='bbox 1900 4505 2128 4559; x_wconf 88' lang='lat' dir='ltr'><strong>ascendit</strong></span> <span class='ocrx_word' id='word_1_635' title='bbox 2170 4504 2321 4558; x_wconf 82' lang='lat' dir='ltr'><strong>Jesus</strong></span> <span class='ocrx_word' id='word_1_636' title='bbox 2377 4503 2811 4575; x_wconf 84' lang='lat' dir='ltr'><strong>Hierosolymam.</strong></span> <span class='ocrx_word' id='word_1_637' title='bbox 2866 4505 2933 4560; x_wconf 81' lang='lat' dir='ltr'><strong>Et</strong></span> <span class='ocrx_word' id='word_1_638' title='bbox 2969 4507 3160 4560; x_wconf 82' lang='lat' dir='ltr'><strong>invenit</strong></span> <span class='ocrx_word' id='word_1_639' title='bbox 3207 4508 3261 4561; x_wconf 87' lang='lat' dir='ltr'><strong>in</strong></span> <span class='ocrx_word' id='word_1_640' title='bbox 3301 4509 3488 4580; x_wconf 86' lang='lat' dir='ltr'><strong>templo</strong></span> 
     </span>
    </p>
   </div>
   <div class='ocr_carea' id='block_1_89' title="bbox 198 4579 1802 4683">
    <p class='ocr_par' dir='ltr' id='par_1_89' title="bbox 198 4579 1795 4683">
     <span class='ocr_line' id='line_1_89' title="bbox 198 4579 1795 4683; baseline 0.002 -19"><span class='ocrx_word' id='word_1_641' title='bbox 198 4618 394 4664; x_wconf 86' lang='lat' dir='ltr'><strong>utrum</strong></span> <span class='ocrx_word' id='word_1_642' title='bbox 426 4616 521 4662; x_wconf 91' lang='lat' dir='ltr'><strong>aut</strong></span> <span class='ocrx_word' id='word_1_643' title='bbox 549 4579 678 4677; x_wconf 71' lang='lat' dir='ltr'><strong>ipsis</strong></span> <span class='ocrx_word' id='word_1_644' title='bbox 700 4610 768 4664; x_wconf 89' lang='lat' dir='ltr'><strong>de</strong></span> <span class='ocrx_word' id='word_1_645' title='bbox 790 4609 984 4680; x_wconf 91' lang='lat' dir='ltr'><strong>quibus</strong></span> <span class='ocrx_word' id='word_1_646' title='bbox 1006 4579 1165 4666; x_wconf 73' lang='lat' dir='ltr'><strong>alium</strong></span> <span class='ocrx_word' id='word_1_647' title='bbox 1190 4579 1537 4683; x_wconf 77' lang='lat' dir='ltr'><strong>castigamus,</strong></span> <span class='ocrx_word' id='word_1_648' title='bbox 1565 4622 1658 4667; x_wconf 89' lang='lat' dir='ltr'><strong>aut</strong></span> <span class='ocrx_word' id='word_1_649' title='bbox 1676 4614 1795 4667; x_wconf 89' lang='lat' dir='ltr'><strong>aliis</strong></span> 
     </span>
    </p>
   </div>
   <div class='ocr_carea' id='block_1_90' title="bbox 1914 4579 3484 4683">
    <p class='ocr_par' dir='ltr' id='par_1_90' title="bbox 1914 4597 3484 4673">
     <span class='ocr_line' id='line_1_90' title="bbox 1914 4597 3484 4673; baseline 0.004 -23"><span class='ocrx_word' id='word_1_650' title='bbox 1914 4598 2161 4655; x_wconf 78' lang='lat' dir='ltr'><strong>tendentes</strong></span> <span class='ocrx_word' id='word_1_651' title='bbox 2202 4613 2317 4655; x_wconf 85' lang='lat' dir='ltr'><strong>oves</strong></span> <span class='ocrx_word' id='word_1_652' title='bbox 2356 4608 2403 4651; x_wconf 89' lang='lat' dir='ltr'><strong>et</strong></span> <span class='ocrx_word' id='word_1_653' title='bbox 2451 4597 2596 4653; x_wconf 86' lang='lat' dir='ltr'><strong>boves</strong></span> <span class='ocrx_word' id='word_1_654' title='bbox 2621 4608 2667 4652; x_wconf 92' lang='lat' dir='ltr'><strong>et</strong></span> <span class='ocrx_word' id='word_1_655' title='bbox 2700 4597 2976 4673; x_wconf 77' lang='lat' dir='ltr'><strong>columbas,</strong></span> <span class='ocrx_word' id='word_1_656' title='bbox 3018 4609 3066 4654; x_wconf 86' lang='lat' dir='ltr'><strong>et</strong></span> <span class='ocrx_word' id='word_1_657' title='bbox 3113 4603 3484 4657; x_wconf 84' lang='lat' dir='ltr'><strong>nuntmularios</strong></span> 
     </span>
    </p>
   </div>
   <div class='ocr_carea' id='block_1_91' title="bbox 200 4700 1796 4774">
    <p class='ocr_par' dir='ltr' id='par_1_91' title="bbox 200 4700 1796 4774">
     <span class='ocr_line' id='line_1_91' title="bbox 200 4700 1796 4774; baseline 0.004 -21"><span class='ocrx_word' id='word_1_658' title='bbox 200 4700 453 4770; x_wconf 87' lang='lat' dir='ltr'><strong>peccatis</strong></span> <span class='ocrx_word' id='word_1_659' title='bbox 496 4701 715 4756; x_wconf 82' lang='lat' dir='ltr'><strong>obnoxii</strong></span> <span class='ocrx_word' id='word_1_660' title='bbox 772 4704 962 4757; x_wconf 89' lang='lat' dir='ltr'><strong>simus.</strong></span> <span class='ocrx_word' id='word_1_661' title='bbox 1037 4704 1193 4771; x_wconf 69' lang='lat' dir='ltr'><strong>Saepe</strong></span> <span class='ocrx_word' id='word_1_662' title='bbox 1242 4706 1384 4759; x_wconf 91' lang='lat' dir='ltr'><strong>enim</strong></span> <span class='ocrx_word' id='word_1_663' title='bbox 1432 4705 1693 4774; x_wconf 89' lang='lat' dir='ltr'><strong>contingit</strong></span> <span class='ocrx_word' id='word_1_664' title='bbox 1737 4715 1796 4760; x_wconf 89' lang='lat' dir='ltr'><strong>ut</strong></span> 
     </span>
    </p>
   </div>
   <div class='ocr_carea' id='block_1_92' title="bbox 201 4794 1793 4866">
    <p class='ocr_par' dir='ltr' id='par_1_92' title="bbox 201 4794 1793 4866">
     <span class='ocr_line' id='line_1_92' title="bbox 201 4794 1793 4866; baseline 0.001 -17"><span class='ocrx_word' id='word_1_665' title='bbox 201 4794 311 4849; x_wconf 85' lang='lat' dir='ltr'><strong>ille</strong></span> <span class='ocrx_word' id='word_1_666' title='bbox 336 4795 427 4863; x_wconf 88' lang='lat' dir='ltr'><strong>qui</strong></span> <span class='ocrx_word' id='word_1_667' title='bbox 460 4796 621 4848; x_wconf 91' lang='lat' dir='ltr'><strong>alium</strong></span> <span class='ocrx_word' id='word_1_668' title='bbox 652 4794 720 4848; x_wconf 93' lang='lat' dir='ltr'><strong>de</strong></span> <span class='ocrx_word' id='word_1_669' title='bbox 747 4794 1294 4866; x_wconf 84' lang='lat' dir='ltr'><strong>homicidiojudicat,</strong></span> <span class='ocrx_word' id='word_1_670' title='bbox 1340 4797 1457 4865; x_wconf 90' lang='lat' dir='ltr'><strong>ipse</strong></span> <span class='ocrx_word' id='word_1_671' title='bbox 1489 4811 1583 4865; x_wconf 91' lang='lat' dir='ltr'><strong>per</strong></span> <span class='ocrx_word' id='word_1_672' title='bbox 1612 4796 1793 4852; x_wconf 91' lang='lat' dir='ltr'><strong>odium</strong></span> 
     </span>
    </p>
   </div>
   <div class='ocr_carea' id='block_1_93' title="bbox 198 4888 1796 4947">
    <p class='ocr_par' dir='ltr' id='par_1_93' title="bbox 198 4888 1796 4947">
     <span class='ocr_line' id='line_1_93' title="bbox 198 4888 1796 4947; baseline 0.002 -3"><span class='ocrx_word' id='word_1_673' title='bbox 198 4888 404 4944; x_wconf 78' lang='lat' dir='ltr'><strong>fratris</strong></span> <span class='ocrx_word' id='word_1_674' title='bbox 431 4896 556 4943; x_wconf 89' lang='lat' dir='ltr'><strong>ante</strong></span> <span class='ocrx_word' id='word_1_675' title='bbox 585 4889 768 4944; x_wconf 88' lang='lat' dir='ltr'><strong>oculos</strong></span> <span class='ocrx_word' id='word_1_676' title='bbox 790 4889 1097 4945; x_wconf 78' lang='lat' dir='ltr'><strong>Conditoris</strong></span> <span class='ocrx_word' id='word_1_677' title='bbox 1134 4906 1257 4946; x_wconf 93' lang='lat' dir='ltr'><strong>reus</strong></span> <span class='ocrx_word' id='word_1_678' title='bbox 1298 4890 1571 4944; x_wconf 84' lang='lat' dir='ltr'><strong>homicidii</strong></span> <span class='ocrx_word' id='word_1_679' title='bbox 1602 4891 1796 4947; x_wconf 86' lang='lat' dir='ltr'><strong>habea-</strong></span> 
     </span>
    </p>
   </div>
   <div class='ocr_carea' id='block_1_94' title="bbox 200 4984 1794 5054">
    <p class='ocr_par' dir='ltr' id='par_1_94' title="bbox 200 4984 1794 5054">
     <span class='ocr_line' id='line_1_94' title="bbox 200 4984 1794 5054; baseline 0.001 -17"><span class='ocrx_word' id='word_1_680' title='bbox 200 4993 327 5050; x_wconf 77' lang='lat' dir='ltr'><strong>tur,</strong></span> <span class='ocrx_word' id='word_1_681' title='bbox 362 4986 483 5053; x_wconf 86' lang='lat' dir='ltr'><strong>quia</strong></span> <span class='ocrx_word' id='word_1_682' title='bbox 513 4984 769 5052; x_wconf 89' lang='lat' dir='ltr'><strong>scriptum</strong></span> <span class='ocrx_word' id='word_1_683' title='bbox 798 4992 920 5037; x_wconf 89' lang='lat' dir='ltr'><strong>est:</strong></span> <span class='ocrx_word' id='word_1_684' title='bbox 951 4984 1129 5038; x_wconf 83' lang='lat' dir='ltr'><strong>Omnis</strong></span> <span class='ocrx_word' id='word_1_685' title='bbox 1153 4984 1239 5053; x_wconf 89' lang='lat' dir='ltr'><strong>qui</strong></span> <span class='ocrx_word' id='word_1_686' title='bbox 1262 4984 1368 5036; x_wconf 87' lang='lat' dir='ltr'><strong>odit</strong></span> <span class='ocrx_word' id='word_1_687' title='bbox 1392 4984 1601 5054; x_wconf 83' lang='lat' dir='ltr'><strong>fratrem</strong></span> <span class='ocrx_word' id='word_1_688' title='bbox 1620 5000 1794 5054; x_wconf 87' lang='lat' dir='ltr'><strong>suum,</strong></span> 
     </span>
    </p>
   </div>
   <div class='ocr_carea' id='block_1_95' title="bbox 197 5071 1797 5145">
    <p class='ocr_par' dir='ltr' id='par_1_95' title="bbox 197 5071 1797 5145">
     <span class='ocr_line' id='line_1_95' title="bbox 197 5071 1797 5145; baseline -0.001 -14"><span class='ocrx_word' id='word_1_689' title='bbox 197 5074 474 5131; x_wconf 73' lang='lat' dir='ltr'><strong>homicida</strong></span> <span class='ocrx_word' id='word_1_690' title='bbox 500 5083 576 5129; x_wconf 85' lang='lat' dir='ltr'><strong>est</strong></span> <span class='ocrx_word' id='word_1_691' title='bbox 603 5071 655 5145; x_wconf 86' lang='grc' dir='ltr'>(ι</span> <span class='ocrx_word' id='word_1_692' title='bbox 676 5072 832 5128; x_wconf 85' lang='lat' dir='ltr'><strong>Joan.</strong></span> <span class='ocrx_word' id='word_1_693' title='bbox 865 5074 967 5145; x_wconf 89' lang='grc' dir='ltr'>ιιι).</span> <span class='ocrx_word' id='word_1_694' title='bbox 995 5075 1382 5143; x_wconf 80' lang='lat' dir='ltr'><strong>Nonnunquam</strong></span> <span class='ocrx_word' id='word_1_695' title='bbox 1414 5074 1607 5145; x_wconf 90' lang='lat' dir='ltr'><strong>aliquis</strong></span> <span class='ocrx_word' id='word_1_696' title='bbox 1633 5075 1797 5130; x_wconf 87' lang='lat' dir='ltr'><strong>alium</strong></span> 
     </span>
    </p>
   </div>
   <div class='ocr_carea' id='block_1_96' title="bbox 196 5166 1799 5237">
    <p class='ocr_par' dir='ltr' id='par_1_96' title="bbox 196 5166 1799 5237">
     <span class='ocr_line' id='line_1_96' title="bbox 196 5166 1799 5237; baseline -0.001 -12"><span class='ocrx_word' id='word_1_697' title='bbox 196 5169 285 5225; x_wconf 86' lang='lat' dir='ltr'><strong>de</strong></span> <span class='ocrx_word' id='word_1_698' title='bbox 329 5168 680 5224; x_wconf 79' lang='lat' dir='ltr'><strong>fornicatione</strong></span> <span class='ocrx_word' id='word_1_699' title='bbox 706 5178 967 5233; x_wconf 90' lang='lat' dir='ltr'><strong>accusat,</strong></span> <span class='ocrx_word' id='word_1_700' title='bbox 1009 5178 1064 5223; x_wconf 92' lang='lat' dir='ltr'><strong>et</strong></span> <span class='ocrx_word' id='word_1_701' title='bbox 1094 5169 1146 5222; x_wconf 92' lang='lat' dir='ltr'><strong>in</strong></span> <span class='ocrx_word' id='word_1_702' title='bbox 1178 5183 1240 5223; x_wconf 91' lang='lat' dir='ltr'><strong>se</strong></span> <span class='ocrx_word' id='word_1_703' title='bbox 1278 5166 1486 5222; x_wconf 88' lang='lat' dir='ltr'><strong>facinus</strong></span> <span class='ocrx_word' id='word_1_704' title='bbox 1533 5168 1799 5237; x_wconf 70' lang='lat' dir='ltr'><strong>superbiat</strong></span> 
     </span>
    </p>
   </div>
   <div class='ocr_carea' id='block_1_97' title="bbox 196 5262 1795 5333">
    <p class='ocr_par' dir='ltr' id='par_1_97' title="bbox 196 5262 1795 5333">
     <span class='ocr_line' id='line_1_97' title="bbox 196 5262 1795 5333; baseline -0.002 -14"><span class='ocrx_word' id='word_1_705' title='bbox 196 5262 593 5319; x_wconf 79' lang='lat' dir='ltr'><strong>absconditum</strong></span> <span class='ocrx_word' id='word_1_706' title='bbox 638 5263 798 5319; x_wconf 91' lang='lat' dir='ltr'><strong>celat.</strong></span> <span class='ocrx_word' id='word_1_707' title='bbox 839 5262 972 5320; x_wconf 88' lang='lat' dir='ltr'><strong>Cum</strong></span> <span class='ocrx_word' id='word_1_708' title='bbox 1019 5277 1152 5333; x_wconf 90' lang='lat' dir='ltr'><strong>ergo</strong></span> <span class='ocrx_word' id='word_1_709' title='bbox 1201 5272 1516 5331; x_wconf 85' lang='lat' dir='ltr'><strong>peccantem</strong></span> <span class='ocrx_word' id='word_1_710' title='bbox 1559 5263 1795 5331; x_wconf 90' lang='lat' dir='ltr'><strong>aliquem</strong></span> 
     </span>
    </p>
   </div>
   <div class='ocr_carea' id='block_1_98' title="bbox 196 5353 1795 5426">
    <p class='ocr_par' dir='ltr' id='par_1_98' title="bbox 196 5353 1795 5426">
     <span class='ocr_line' id='line_1_98' title="bbox 196 5353 1795 5426; baseline -0.004 -13"><span class='ocrx_word' id='word_1_711' title='bbox 196 5353 558 5422; x_wconf 85' lang='lat' dir='ltr'><strong>corripimus,</strong></span> <span class='ocrx_word' id='word_1_712' title='bbox 591 5371 876 5426; x_wconf 88' lang='lat' dir='ltr'><strong>pensemus</strong></span> <span class='ocrx_word' id='word_1_713' title='bbox 923 5354 1153 5409; x_wconf 86' lang='lat' dir='ltr'><strong>sollicite</strong></span> <span class='ocrx_word' id='word_1_714' title='bbox 1175 5369 1331 5420; x_wconf 89' lang='lat' dir='ltr'><strong>quam</strong></span> <span class='ocrx_word' id='word_1_715' title='bbox 1372 5353 1601 5423; x_wconf 87' lang='lat' dir='ltr'><strong>dejecti,</strong></span> <span class='ocrx_word' id='word_1_716' title='bbox 1636 5367 1795 5422; x_wconf 88' lang='lat' dir='ltr'><strong>quam</strong></span> 
     </span>
    </p>
   </div>
   <div class='ocr_carea' id='block_1_99' title="bbox 196 5447 1797 5520">
    <p class='ocr_par' dir='ltr' id='par_1_99' title="bbox 196 5447 1797 5520">
     <span class='ocr_line' id='line_1_99' title="bbox 196 5447 1797 5520; baseline -0.002 -15"><span class='ocrx_word' id='word_1_717' title='bbox 196 5450 433 5520; x_wconf 75' lang='lat' dir='ltr'><strong>fragiles</strong></span> <span class='ocrx_word' id='word_1_718' title='bbox 459 5464 527 5506; x_wconf 78' lang='lat' dir='ltr'><strong>ex</strong></span> <span class='ocrx_word' id='word_1_719' title='bbox 557 5452 713 5506; x_wconf 90' lang='lat' dir='ltr'><strong>nobis</strong></span> <span class='ocrx_word' id='word_1_720' title='bbox 733 5450 903 5505; x_wconf 89' lang='lat' dir='ltr'><strong>simus</strong></span> <span class='ocrx_word' id='word_1_721' title='bbox 931 5450 976 5503; x_wconf 88' lang='lat' dir='ltr'><strong>si</strong></span> <span class='ocrx_word' id='word_1_722' title='bbox 1006 5464 1112 5504; x_wconf 93' lang='lat' dir='ltr'><strong>non</strong></span> <span class='ocrx_word' id='word_1_723' title='bbox 1142 5447 1335 5503; x_wconf 68' lang='lat' dir='ltr'><strong>divinat</strong></span> <span class='ocrx_word' id='word_1_724' title='bbox 1361 5448 1576 5516; x_wconf 88' lang='lat' dir='ltr'><strong>pietatis</strong></span> <span class='ocrx_word' id='word_1_725' title='bbox 1597 5448 1797 5502; x_wconf 83' lang='lat' dir='ltr'><strong>auxilio</strong></span> 
     </span>
    </p>
   </div>
   <div class='ocr_carea' id='block_1_100' title="bbox 197 5540 1802 5610">
    <p class='ocr_par' dir='ltr' id='par_1_100' title="bbox 197 5540 1802 5610">
     <span class='ocr_line' id='line_1_100' title="bbox 197 5540 1802 5610; baseline -0.005 -10"><span class='ocrx_word' id='word_1_726' title='bbox 197 5551 665 5600; x_wconf 70' lang='lat' dir='ltr'><strong>sustentaremur.</strong></span> <span class='ocrx_word' id='word_1_727' title='bbox 724 5540 803 5597; x_wconf 85' lang='lat' dir='ltr'><strong>Ita</strong></span> <span class='ocrx_word' id='word_1_728' title='bbox 828 5541 973 5596; x_wconf 89' lang='lat' dir='ltr'><strong>enim</strong></span> <span class='ocrx_word' id='word_1_729' title='bbox 1006 5540 1100 5595; x_wconf 84' lang='lat' dir='ltr'><strong>lict</strong></span> <span class='ocrx_word' id='word_1_730' title='bbox 1136 5550 1199 5599; x_wconf 85' lang='lat' dir='ltr'><strong>ut</strong></span> <span class='ocrx_word' id='word_1_731' title='bbox 1237 5555 1573 5610; x_wconf 87' lang='lat' dir='ltr'><strong>nequaquam</strong></span> <span class='ocrx_word' id='word_1_732' title='bbox 1612 5551 1802 5594; x_wconf 90' lang='lat' dir='ltr'><strong>contra</strong></span> 
     </span>
    </p>
   </div>
   <div class='ocr_carea' id='block_1_101' title="bbox 199 5632 1802 5705">
    <p class='ocr_par' dir='ltr' id='par_1_101' title="bbox 199 5632 1802 5705">
     <span class='ocr_line' id='line_1_101' title="bbox 199 5632 1802 5705; baseline -0.006 -12"><span class='ocrx_word' id='word_1_733' title='bbox 199 5649 340 5693; x_wconf 80' lang='lat' dir='ltr'><strong>eum</strong></span> <span class='ocrx_word' id='word_1_734' title='bbox 364 5650 520 5705; x_wconf 88' lang='lat' dir='ltr'><strong>quem</strong></span> <span class='ocrx_word' id='word_1_735' title='bbox 549 5634 894 5704; x_wconf 89' lang='lat' dir='ltr'><strong>corripimus,</strong></span> <span class='ocrx_word' id='word_1_736' title='bbox 943 5632 1358 5704; x_wconf 89' lang='lat' dir='ltr'><strong>superbiamus,</strong></span> <span class='ocrx_word' id='word_1_737' title='bbox 1408 5647 1509 5687; x_wconf 88' lang='lat' dir='ltr'><strong>nec</strong></span> <span class='ocrx_word' id='word_1_738' title='bbox 1550 5638 1802 5700; x_wconf 84' lang='lat' dir='ltr'><strong>protervo</strong></span> 
     </span>
    </p>
   </div>
   <div class='ocr_carea' id='block_1_102' title="bbox 198 5724 1802 5801">
    <p class='ocr_par' dir='ltr' id='par_1_102' title="bbox 198 5724 1802 5801">
     <span class='ocr_line' id='line_1_102' title="bbox 198 5724 1802 5801; baseline -0.003 -17"><span class='ocrx_word' id='word_1_739' title='bbox 198 5729 409 5801; x_wconf 73' lang='lat' dir='ltr'><strong>spiritu</strong></span> <span class='ocrx_word' id='word_1_740' title='bbox 429 5729 851 5785; x_wconf 89' lang='lat' dir='ltr'><strong>condemnemus</strong></span> <span class='ocrx_word' id='word_1_741' title='bbox 879 5746 891 5781; x_wconf 91' lang='lat'>:</span> <span class='ocrx_word' id='word_1_742' title='bbox 927 5727 1022 5782; x_wconf 90' lang='lat' dir='ltr'><strong>sed</strong></span> <span class='ocrx_word' id='word_1_743' title='bbox 1052 5740 1323 5780; x_wconf 89' lang='lat' dir='ltr'><strong>memores</strong></span> <span class='ocrx_word' id='word_1_744' title='bbox 1357 5726 1588 5796; x_wconf 68' lang='lat' dir='ltr'><strong>propriae</strong></span> <span class='ocrx_word' id='word_1_745' title='bbox 1615 5724 1802 5782; x_wconf 89' lang='lat' dir='ltr'><strong>condi-</strong></span> 
     </span>
    </p>
   </div>
   <div class='ocr_carea' id='block_1_103' title="bbox 204 5816 1802 5897">
    <p class='ocr_par' dir='ltr' id='par_1_103' title="bbox 204 5816 1802 5897">
     <span class='ocr_line' id='line_1_103' title="bbox 204 5816 1802 5897; baseline -0.007 -10"><span class='ocrx_word' id='word_1_746' title='bbox 204 5827 400 5897; x_wconf 81' lang='lat' dir='ltr'><strong>tionis,</strong></span> <span class='ocrx_word' id='word_1_747' title='bbox 444 5825 711 5885; x_wconf 74' lang='lat' dir='ltr'><strong>mansueti</strong></span> <span class='ocrx_word' id='word_1_748' title='bbox 748 5838 814 5883; x_wconf 80' lang='lat' dir='ltr'><strong>ac</strong></span> <span class='ocrx_word' id='word_1_749' title='bbox 847 5824 1041 5883; x_wconf 85' lang='lat' dir='ltr'><strong>leuiter</strong></span> <span class='ocrx_word' id='word_1_750' title='bbox 1066 5820 1136 5879; x_wconf 82' lang='lat' dir='ltr'><strong>ad</strong></span> <span class='ocrx_word' id='word_1_751' title='bbox 1156 5819 1595 5882; x_wconf 86' lang='lat' dir='ltr'><strong>emendationem</strong></span> <span class='ocrx_word' id='word_1_752' title='bbox 1619 5816 1802 5880; x_wconf 84' lang='lat' dir='ltr'><strong>delicti</strong></span> 
     </span>
    </p>
   </div>
   <div class='ocr_carea' id='block_1_104' title="bbox 1898 4688 2633 4760">
    <p class='ocr_par' dir='ltr' id='par_1_104' title="bbox 1898 4688 2633 4760">
     <span class='ocr_line' id='line_1_104' title="bbox 1898 4688 2633 4760; baseline 0.003 -15"><span class='ocrx_word' id='word_1_753' title='bbox 1898 4691 2148 4759; x_wconf 85' lang='lat' dir='ltr'><strong>sedentes,</strong></span> <span class='ocrx_word' id='word_1_754' title='bbox 2194 4698 2298 4745; x_wconf 89' lang='lat' dir='ltr'><strong>etc.</strong></span> <span class='ocrx_word' id='word_1_755' title='bbox 2336 4688 2517 4759; x_wconf 84' lang='lat' dir='ltr'><strong>(Joan.</strong></span> <span class='ocrx_word' id='word_1_756' title='bbox 2547 4692 2633 4760; x_wconf 87' lang='grc' dir='ltr'>ιι).</span> 
     </span>
    </p>
   </div>
   <div class='ocr_carea' id='block_1_105' title="bbox 1972 4798 3488 4874">
    <p class='ocr_par' dir='ltr' id='par_1_105' title="bbox 1972 4798 3488 4874">
     <span class='ocr_line' id='line_1_105' title="bbox 1972 4798 3488 4874; baseline 0.005 -21"><span class='ocrx_word' id='word_1_757' title='bbox 1972 4799 2136 4854; x_wconf 85' lang='lat' dir='ltr'><strong>Divus</strong></span> <span class='ocrx_word' id='word_1_758' title='bbox 2150 4798 2406 4866; x_wconf 82' lang='lat' dir='ltr'><strong>Joannes,</strong></span> <span class='ocrx_word' id='word_1_759' title='bbox 2425 4800 2513 4870; x_wconf 93' lang='lat' dir='ltr'><strong>qui</strong></span> <span class='ocrx_word' id='word_1_760' title='bbox 2534 4800 2752 4855; x_wconf 90' lang='lat' dir='ltr'><strong>ultimus</strong></span> <span class='ocrx_word' id='word_1_761' title='bbox 2778 4801 3017 4856; x_wconf 91' lang='lat' dir='ltr'><strong>omnium</strong></span> <span class='ocrx_word' id='word_1_762' title='bbox 3043 4803 3488 4874; x_wconf 89' lang='lat' dir='ltr'><strong>evangelistarum</strong></span> 
     </span>
    </p>
   </div>
   <div class='ocr_carea' id='block_1_106' title="bbox 1899 4886 3491 4965">
    <p class='ocr_par' dir='ltr' id='par_1_106' title="bbox 1899 4886 3491 4965">
     <span class='ocr_line' id='line_1_106' title="bbox 1899 4886 3491 4965; baseline 0.003 -19"><span class='ocrx_word' id='word_1_763' title='bbox 1899 4905 2054 4946; x_wconf 91' lang='lat' dir='ltr'><strong>suum</strong></span> <span class='ocrx_word' id='word_1_764' title='bbox 2103 4892 2321 4961; x_wconf 88' lang='lat' dir='ltr'><strong>scripsit</strong></span> <span class='ocrx_word' id='word_1_765' title='bbox 2358 4892 2713 4962; x_wconf 86' lang='lat' dir='ltr'><strong>evangelium,</strong></span> <span class='ocrx_word' id='word_1_766' title='bbox 2767 4886 2968 4949; x_wconf 89' lang='lat' dir='ltr'><strong>idcirco</strong></span> <span class='ocrx_word' id='word_1_767' title='bbox 3001 4893 3209 4963; x_wconf 89' lang='lat' dir='ltr'><strong>plenius</strong></span> <span class='ocrx_word' id='word_1_768' title='bbox 3256 4910 3320 4950; x_wconf 92' lang='lat' dir='ltr'><strong>ac</strong></span> <span class='ocrx_word' id='word_1_769' title='bbox 3368 4910 3491 4965; x_wconf 87' lang='lat' dir='ltr'><strong>pro-</strong></span> 
     </span>
    </p>
   </div>
   <div class='ocr_carea' id='block_1_107' title="bbox 1900 4984 3489 5059">
    <p class='ocr_par' dir='ltr' id='par_1_107' title="bbox 1900 4984 3489 5059">
     <span class='ocr_line' id='line_1_107' title="bbox 1900 4984 3489 5059; baseline 0.003 -19"><span class='ocrx_word' id='word_1_770' title='bbox 1900 4984 2116 5041; x_wconf 89' lang='lat' dir='ltr'><strong>fundius</strong></span> <span class='ocrx_word' id='word_1_771' title='bbox 2144 5001 2206 5040; x_wconf 88' lang='lat' dir='ltr'><strong>ea</strong></span> <span class='ocrx_word' id='word_1_772' title='bbox 2240 5002 2358 5056; x_wconf 70' lang='lat' dir='ltr'><strong>qua:</strong></span> <span class='ocrx_word' id='word_1_773' title='bbox 2386 5001 2417 5041; x_wconf 91' lang='lat' dir='ltr'><strong>a</strong></span> <span class='ocrx_word' id='word_1_774' title='bbox 2466 4988 2635 5041; x_wconf 89' lang='lat' dir='ltr'><strong>tribus</strong></span> <span class='ocrx_word' id='word_1_775' title='bbox 2659 4988 3009 5057; x_wconf 84' lang='lat' dir='ltr'><strong>evangelistis</strong></span> <span class='ocrx_word' id='word_1_776' title='bbox 3034 4990 3231 5044; x_wconf 89' lang='lat' dir='ltr'><strong>omissa</strong></span> <span class='ocrx_word' id='word_1_777' title='bbox 3259 4989 3489 5059; x_wconf 84' lang='lat' dir='ltr'><strong>fuerant,</strong></span> 
     </span>
    </p>
   </div>
   <div class='ocr_carea' id='block_1_108' title="bbox 1904 5079 3488 5152">
    <p class='ocr_par' dir='ltr' id='par_1_108' title="bbox 1904 5079 3488 5152">
     <span class='ocr_line' id='line_1_108' title="bbox 1904 5079 3488 5152; baseline 0.001 -17"><span class='ocrx_word' id='word_1_778' title='bbox 1904 5079 2217 5135; x_wconf 85' lang='lat' dir='ltr'><strong>describere</strong></span> <span class='ocrx_word' id='word_1_779' title='bbox 2250 5080 2476 5134; x_wconf 87' lang='lat' dir='ltr'><strong>curavit.</strong></span> <span class='ocrx_word' id='word_1_780' title='bbox 2518 5079 2596 5133; x_wconf 92' lang='lat' dir='ltr'><strong>Illi</strong></span> <span class='ocrx_word' id='word_1_781' title='bbox 2635 5080 2779 5134; x_wconf 91' lang='lat' dir='ltr'><strong>enim</strong></span> <span class='ocrx_word' id='word_1_782' title='bbox 2814 5094 2875 5135; x_wconf 84' lang='lat' dir='ltr'><strong>ea</strong></span> <span class='ocrx_word' id='word_1_783' title='bbox 2908 5088 3111 5135; x_wconf 85' lang='lat' dir='ltr'><strong>tantum</strong></span> <span class='ocrx_word' id='word_1_784' title='bbox 3140 5080 3488 5152; x_wconf 88' lang='lat' dir='ltr'><strong>scripserunt,</strong></span> 
     </span>
    </p>
   </div>
   <div class='ocr_carea' id='block_1_109' title="bbox 1904 5171 3490 5244">
    <p class='ocr_par' dir='ltr' id='par_1_109' title="bbox 1904 5171 3490 5244">
     <span class='ocr_line' id='line_1_109' title="bbox 1904 5171 3490 5244; baseline 0.004 -20"><span class='ocrx_word' id='word_1_785' title='bbox 1904 5187 2022 5241; x_wconf 77' lang='lat' dir='ltr'><strong>quae</strong></span> <span class='ocrx_word' id='word_1_786' title='bbox 2055 5184 2086 5223; x_wconf 90' lang='lat' dir='ltr'><strong>a</strong></span> <span class='ocrx_word' id='word_1_787' title='bbox 2126 5172 2353 5224; x_wconf 88' lang='lat' dir='ltr'><strong>Domino</strong></span> <span class='ocrx_word' id='word_1_788' title='bbox 2397 5171 2605 5225; x_wconf 88' lang='lat' dir='ltr'><strong>duobus</strong></span> <span class='ocrx_word' id='word_1_789' title='bbox 2650 5171 2806 5225; x_wconf 89' lang='lat' dir='ltr'><strong>annis</strong></span> <span class='ocrx_word' id='word_1_790' title='bbox 2855 5183 2979 5227; x_wconf 89' lang='lat' dir='ltr'><strong>ante</strong></span> <span class='ocrx_word' id='word_1_791' title='bbox 3028 5174 3326 5240; x_wconf 87' lang='lat' dir='ltr'><strong>passionem</strong></span> <span class='ocrx_word' id='word_1_792' title='bbox 3373 5174 3490 5244; x_wconf 89' lang='lat' dir='ltr'><strong>ejus</strong></span> 
     </span>
    </p>
   </div>
   <div class='ocr_carea' id='block_1_110' title="bbox 1901 5263 3489 5334">
    <p class='ocr_par' dir='ltr' id='par_1_110' title="bbox 1901 5263 3489 5334">
     <span class='ocr_line' id='line_1_110' title="bbox 1901 5263 3489 5334; baseline 0.003 -18"><span class='ocrx_word' id='word_1_793' title='bbox 1901 5274 2049 5334; x_wconf 89' lang='lat' dir='ltr'><strong>gesta</strong></span> <span class='ocrx_word' id='word_1_794' title='bbox 2079 5274 2224 5330; x_wconf 87' lang='lat' dir='ltr'><strong>sunt,</strong></span> <span class='ocrx_word' id='word_1_795' title='bbox 2277 5263 2592 5333; x_wconf 80' lang='lat' dir='ltr'><strong>incipientes</strong></span> <span class='ocrx_word' id='word_1_796' title='bbox 2618 5278 2647 5317; x_wconf 92' lang='lat' dir='ltr'><strong>a</strong></span> <span class='ocrx_word' id='word_1_797' title='bbox 2679 5272 2924 5332; x_wconf 86' lang='lat' dir='ltr'><strong>tempore</strong></span> <span class='ocrx_word' id='word_1_798' title='bbox 2960 5278 3066 5334; x_wconf 93' lang='lat' dir='ltr'><strong>quo</strong></span> <span class='ocrx_word' id='word_1_799' title='bbox 3109 5263 3343 5320; x_wconf 84' lang='lat' dir='ltr'><strong>Joannes</strong></span> <span class='ocrx_word' id='word_1_800' title='bbox 3392 5265 3489 5320; x_wconf 87' lang='lat' dir='ltr'><strong>Ba-</strong></span> 
     </span>
    </p>
   </div>
   <div class='ocr_carea' id='block_1_111' title="bbox 1902 5355 3490 5426">
    <p class='ocr_par' dir='ltr' id='par_1_111' title="bbox 1902 5355 3490 5426">
     <span class='ocr_line' id='line_1_111' title="bbox 1902 5355 3490 5426; baseline 0.003 -18"><span class='ocrx_word' id='word_1_801' title='bbox 1902 5355 2061 5425; x_wconf 89' lang='lat' dir='ltr'><strong>ptista</strong></span> <span class='ocrx_word' id='word_1_802' title='bbox 2091 5356 2286 5409; x_wconf 89' lang='lat' dir='ltr'><strong>missus</strong></span> <span class='ocrx_word' id='word_1_803' title='bbox 2321 5365 2404 5409; x_wconf 91' lang='lat' dir='ltr'><strong>est</strong></span> <span class='ocrx_word' id='word_1_804' title='bbox 2442 5355 2493 5408; x_wconf 92' lang='lat' dir='ltr'><strong>in</strong></span> <span class='ocrx_word' id='word_1_805' title='bbox 2539 5369 2836 5410; x_wconf 89' lang='lat' dir='ltr'><strong>carcerem.</strong></span> <span class='ocrx_word' id='word_1_806' title='bbox 2894 5356 3034 5425; x_wconf 89' lang='lat' dir='ltr'><strong>Ergo</strong></span> <span class='ocrx_word' id='word_1_807' title='bbox 3079 5355 3490 5426; x_wconf 85' lang='lat' dir='ltr'><strong>diligentissime</strong></span> 
     </span>
    </p>
   </div>
   <div class='ocr_carea' id='block_1_112' title="bbox 1904 5445 3513 5517">
    <p class='ocr_par' dir='ltr' id='par_1_112' title="bbox 1904 5445 3513 5517">
     <span class='ocr_line' id='line_1_112' title="bbox 1904 5445 3513 5517; baseline 0.003 -17"><span class='ocrx_word' id='word_1_808' title='bbox 1904 5445 2176 5516; x_wconf 87' lang='lat' dir='ltr'><strong>Evangelii</strong></span> <span class='ocrx_word' id='word_1_809' title='bbox 2209 5446 2515 5501; x_wconf 90' lang='lat' dir='ltr'><strong>narratione</strong></span> <span class='ocrx_word' id='word_1_810' title='bbox 2540 5446 2898 5514; x_wconf 89' lang='lat' dir='ltr'><strong>considerata,</strong></span> <span class='ocrx_word' id='word_1_811' title='bbox 2941 5447 3234 5517; x_wconf 90' lang='lat' dir='ltr'><strong>reperimus</strong></span> <span class='ocrx_word' id='word_1_812' title='bbox 3260 5447 3341 5503; x_wconf 89' lang='lat' dir='ltr'><strong>bis</strong></span> <span class='ocrx_word' id='word_1_813' title='bbox 3382 5446 3513 5505; x_wconf 46' lang='grc' dir='ltr'><strong>ΒΟ(</strong></span> 
     </span>
    </p>
   </div>
   <div class='ocr_carea' id='block_1_113' title="bbox 1903 5541 3488 5611">
    <p class='ocr_par' dir='ltr' id='par_1_113' title="bbox 1903 5541 3488 5611">
     <span class='ocr_line' id='line_1_113' title="bbox 1903 5541 3488 5611; baseline 0.001 -15"><span class='ocrx_word' id='word_1_814' title='bbox 1903 5542 2105 5596; x_wconf 89' lang='lat' dir='ltr'><strong>minum</strong></span> <span class='ocrx_word' id='word_1_815' title='bbox 2138 5541 2457 5596; x_wconf 86' lang='lat' dir='ltr'><strong>salvatorem</strong></span> <span class='ocrx_word' id='word_1_816' title='bbox 2483 5541 2550 5596; x_wconf 91' lang='lat' dir='ltr'><strong>ad</strong></span> <span class='ocrx_word' id='word_1_817' title='bbox 2590 5541 2893 5611; x_wconf 83' lang='lat' dir='ltr'><strong>paschalem</strong></span> <span class='ocrx_word' id='word_1_818' title='bbox 2923 5542 3311 5596; x_wconf 89' lang='lat' dir='ltr'><strong>solemnitatem</strong></span> <span class='ocrx_word' id='word_1_819' title='bbox 3339 5541 3488 5598; x_wconf 83' lang='lat' dir='ltr'><strong>cele-</strong></span> 
     </span>
    </p>
   </div>
   <div class='ocr_carea' id='block_1_114' title="bbox 1902 5634 3488 5705">
    <p class='ocr_par' dir='ltr' id='par_1_114' title="bbox 1902 5634 3488 5705">
     <span class='ocr_line' id='line_1_114' title="bbox 1902 5634 3488 5705; baseline 0.001 -15"><span class='ocrx_word' id='word_1_820' title='bbox 1902 5634 2163 5690; x_wconf 89' lang='lat' dir='ltr'><strong>brandam</strong></span> <span class='ocrx_word' id='word_1_821' title='bbox 2193 5634 2622 5705; x_wconf 86' lang='lat' dir='ltr'><strong>Hierosolymam</strong></span> <span class='ocrx_word' id='word_1_822' title='bbox 2653 5636 2891 5691; x_wconf 88' lang='lat' dir='ltr'><strong>venisse.</strong></span> <span class='ocrx_word' id='word_1_823' title='bbox 2930 5635 3106 5692; x_wconf 88' lang='lat' dir='ltr'><strong>Semel</strong></span> <span class='ocrx_word' id='word_1_824' title='bbox 3138 5635 3308 5705; x_wconf 88' lang='lat' dir='ltr'><strong>primo</strong></span> <span class='ocrx_word' id='word_1_825' title='bbox 3342 5650 3488 5693; x_wconf 85' lang='lat' dir='ltr'><strong>anno</strong></span> 
     </span>
    </p>
   </div>
   <div class='ocr_carea' id='block_1_115' title="bbox 1900 5726 3486 5798">
    <p class='ocr_par' dir='ltr' id='par_1_115' title="bbox 1900 5726 3486 5798">
     <span class='ocr_line' id='line_1_115' title="bbox 1900 5726 3486 5798; baseline -0.001 -14"><span class='ocrx_word' id='word_1_826' title='bbox 1900 5741 2016 5784; x_wconf 75' lang='lat' dir='ltr'><strong>suae</strong></span> <span class='ocrx_word' id='word_1_827' title='bbox 2046 5726 2461 5798; x_wconf 78' lang='lat' dir='ltr'><strong>praedicationis,</strong></span> <span class='ocrx_word' id='word_1_828' title='bbox 2516 5729 2656 5798; x_wconf 89' lang='lat' dir='ltr'><strong>quod</strong></span> <span class='ocrx_word' id='word_1_829' title='bbox 2694 5727 2928 5783; x_wconf 79' lang='lat' dir='ltr'><strong>Joannes</strong></span> <span class='ocrx_word' id='word_1_830' title='bbox 2953 5726 3160 5795; x_wconf 89' lang='lat' dir='ltr'><strong>scribit,</strong></span> <span class='ocrx_word' id='word_1_831' title='bbox 3188 5734 3243 5783; x_wconf 91' lang='lat' dir='ltr'><strong>et</strong></span> <span class='ocrx_word' id='word_1_832' title='bbox 3291 5726 3486 5783; x_wconf 83' lang='lat' dir='ltr'><strong>iterum</strong></span> 
     </span>
    </p>
   </div>
   <div class='ocr_carea' id='block_1_116' title="bbox 1901 5815 3507 5891">
    <p class='ocr_par' dir='ltr' id='par_1_116' title="bbox 1901 5815 3507 5891">
     <span class='ocr_line' id='line_1_116' title="bbox 1901 5815 3507 5891; baseline -0.001 -14"><span class='ocrx_word' id='word_1_833' title='bbox 1901 5818 2022 5891; x_wconf 85' lang='lat' dir='ltr'><strong>ipso</strong></span> <span class='ocrx_word' id='word_1_834' title='bbox 2049 5832 2157 5891; x_wconf 89' lang='lat' dir='ltr'><strong>quo</strong></span> <span class='ocrx_word' id='word_1_835' title='bbox 2183 5832 2444 5889; x_wconf 83' lang='lat' dir='ltr'><strong>passurus</strong></span> <span class='ocrx_word' id='word_1_836' title='bbox 2463 5828 2580 5877; x_wconf 83' lang='lat' dir='ltr'><strong>erat</strong></span> <span class='ocrx_word' id='word_1_837' title='bbox 2600 5835 2769 5889; x_wconf 86' lang='lat' dir='ltr'><strong>anno,</strong></span> <span class='ocrx_word' id='word_1_838' title='bbox 2792 5816 3007 5890; x_wconf 87' lang='lat' dir='ltr'><strong>quando</strong></span> <span class='ocrx_word' id='word_1_839' title='bbox 3030 5816 3219 5889; x_wconf 90' lang='lat' dir='ltr'><strong>quinto</strong></span> <span class='ocrx_word' id='word_1_840' title='bbox 3248 5815 3337 5875; x_wconf 87' lang='lat' dir='ltr'><strong>die</strong></span> <span class='ocrx_word' id='word_1_841' title='bbox 3355 5822 3507 5876; x_wconf 81' lang='lat' dir='ltr'><strong>ante-</strong></span> 
     </span>
    </p>
   </div>
  </div>
