3972 6340
1423 315 1630 386 PA‘ULI
1667 323 1936 384 DIACONI
1971 325 2124 383 ore.
2167 323 2345 382 rans
2383 325 2448 380 tt.
2491 353 2561 367 —
2602 305 2958 382 ascensa.

3587 333 3679 396 Ml

563 443 766 504 Pascha
794 441 945 498 asino
969 433 1185 508 sedens,
1237 439 1663 511 Hierdsolymam
1710 439 1946 495 intravit.
1986 437 2142 522 Utra-
2172 443 2227 502 Α
2249 451 2318 493 ne
2353 435 2478 508 quid
2527 435 2599 492 ibi
2651 435 2890 510 ineptum
2922 447 3192 526 geramus,
3220 449 3283 491 ne
3305 436 3478 520 dicatur
3511 441 3561 500 de
3580 451 3682 510 nobis

565 553 667 608 que
704 547 876 590 tamen
916 535 1034 589 vice
1061 533 1338 588 avaritiam
1389 533 1716 595 Scribarum,
1769 530 2148 612 Sacerdotum-

564 645 666 692 que
695 627 1024 694 impietatem
1059 625 1354 690 detestans,
1393 638 1553 694 quam
1603 623 1655 677 in
1685 622 1885 691 templo
1930 635 2148 677 exerce-

564 714 711 780 bant,
743 729 837 768 eos
861 729 982 768 cum
1007 714 1257 766 omnibus
1281 713 1370 781 qui
1398 714 1606 780 negotia
1633 711 1830 766 ibidem
1861 711 2144 776 habebant,

563 807 738 876 ejecit.
769 807 882 872 Qua
915 805 982 858 de
1015 821 1076 858 re
1105 813 1275 870 patet,
1306 819 1412 856 non
1441 804 1579 856 hanc
1607 817 1730 857 esse
1768 801 1935 870 ipsam
1965 802 2150 855 lectio-

564 917 686 955 nem
711 915 829 969 qute
859 898 998 965 apud
1027 897 1330 951 Mantineam
1355 905 1408 950 et
1437 895 1630 950 Lucam
1661 893 1870 962 legitur,
1895 889 2145 962 quoniam

563 998 646 1051 bis
674 996 811 1048 idem
849 992 1168 1048 miraculum
1209 993 1260 1042 in
1315 989 1514 1044 Pascha
1549 995 1761 1056 gestum
1807 993 1912 1041 est.
1971 984 2149 1040 Primo

563 1087 767 1143 scilicet
793 1101 938 1139 antro
962 1081 1385 1155 praedicationis,
1421 1079 1509 1148 qui
1537 1091 1618 1132 est
1647 1081 1840 1133 tertius
1868 1086 1992 1132 ante
2022 1091 2148 1145 pas-

561 1180 792 1240 sionem,
823 1187 876 1231 et
901 1174 1138 1232 secundo
1180 1174 1491 1226 imminente
1511 1171 1622 1240 jam
1653 1171 1783 1224 hora
1829 1169 1998 1237 ipsius
2031 1183 2149 1237 pas-

561 1275 750 1328 sionis.
797 1271 888 1326 llis
931 1283 1024 1337 per
1059 1280 1341 1322 excessum
1389 1266 1696 1322 necessario
1735 1262 2050 1332 praemissis,
2081 1259 2147 1314 ad

559 1365 930 1434 exponendam
980 1376 1073 1430 per
1120 1360 1366 1413 ordinem
1405 1355 1726 1412 accedamus
1771 1355 1941 1410 sancti
1980 1369 2144 1408 evan-

560 1457 684 1528 gelii
738 1457 1040 1512 lectionem.
1099 1452 1268 1520 Prope
1316 1462 1426 1506 erat
1475 1449 1680 1510 Pascha
1734 1447 2060 1515 Jurlworum,
2103 1457 2150 1504 et

563 1549 793 1604 ascendit
817 1546 968 1601 Iesus
994 1545 1426 1614 llicrosnlgsrsam.
1466 1540 1616 1607 Quod
1646 1542 1908 1596 Dominus
1956 1555 2153 1610 appro-

570 1647 862 1713 pinquante
929 1638 1130 1694 Pascha
1195 1637 1622 1706 Hierosolymam
1687 1634 1946 1696 ascendit,
2000 1633 2152 1688 nobis

564 1733 806 1803 profecto
836 1732 1142 1792 exemplum
1191 1726 1360 1788 dedit,
1387 1735 1584 1795 quanta
1615 1740 1744 1780 cura
1773 1734 1827 1779 et
1868 1723 2044 1778 studio
2070 1725 2153 1777 di-

2250 529 2390 602 quod
2417 545 2512 600 per
2539 529 2850 601 prophetam
2902 529 3155 598 Dominus
3183 517 3336 597 dixit:
3383 517 3564 593 Dilectus
3591 533 3686 599 metu

2249 623 2303 678 in
2327 622 2476 678 domo
2505 639 2618 678 mea
2656 623 2774 693 fecit
2819 621 3008 694 scelero
3036 609 3206 674 multo
3226 607 3344 691 (λέν.
3382 622 3451 695 tt).
3489 615 3571 684 Nec
3599 609 3687 688 obii:

2249 715 2520 771 viscamur
2566 713 2814 784 nosipsos
2865 711 3117 782 templum
3167 709 3256 768 Dei
3289 699 3413 780 esse,
3447 699 3623 786 ideoque
3647 721 3690 777 ab

2251 809 2396 863 onmi
2424 805 2757 864 immunditia
2783 815 2838 863 et
2871 804 3150 876 iniquitate
3183 801 3513 864 conscientiam
3532 799 3691 869 nostram

2252 902 2541 958 immunem
2564 901 2952 968 custodiamus,
2975 887 3104 952 illud
3127 913 3239 954 cum
3267 909 3467 956 tremore
3487 891 3695 962 recolentes

2253 994 2393 1065 quod
2422 995 2554 1048 dicit
2580 993 2866 1062 Apostolus
2893 1009 2909 1044 :
2942 989 3004 1046 Si
3025 991 3134 1061 quis
3156 989 3377 1058 templum
3401 991 3482 1045 Dei
3498 995 3694 1064 violaverit,

2253 1081 2514 1155 disperde!
2545 1083 2692 1138 illum
2718 1081 2973 1136 Dominus
2999 1078 3054 1153 (1
3087 1079 3205 1136 Cor.
3251 1085 3343 1152 ιιι).
3390 1083 3623 1141 Notandum
3639 1071 3698 1141 sui

2255 1185 2360 1231 tem
2395 1185 2497 1243 est,
2535 1175 2676 1247 quod
2705 1174 3076 1231 vendebantur
3103 1173 3154 1227 in
3198 1173 3379 1241 templo
3402 1187 3508 1240 ores
3525 1187 3566 1230 et
3594 1176 3700 1233 bores

2254 1277 2309 1325 et
2334 1269 2615 1324 columbzc.
2667 1269 2836 1322 Boves
2865 1268 3062 1337 quippe
3111 1275 3295 1321 terram
3329 1277 3536 1332 exarant,
3557 1276 3598 1323 et
3629 1255 3704 1334 stu;

2255 1344 2516 1430 cipieodis
2539 1358 2839 1436 seminibus
2861 1365 3182 1428 praeparant.
3213 1355 3341 1424 Quid
3363 1372 3472 1428 ergo
3495 1372 3568 1426 per
3583 1358 3703 1425 bores,

2257 1454 2356 1506 nisi
2407 1453 2648 1506 doctrina
2700 1449 2938 1506 caelestis
2984 1447 3278 1518 accipitur?
3320 1447 3472 1504 Boves
3505 1437 3603 1532 ergo
3628 1437 3708 1505 ten

2257 1545 2410 1612 dunt,
2441 1545 2528 1613 qui
2559 1545 2776 1597 verbum
2797 1541 3072 1610 Evangelii
3103 1554 3204 1594 non
3246 1554 3330 1610 pro
3357 1535 3600 1594 auditorum
3617 1541 3708 1593 tili-

2259 1645 2386 1701 tate,
2448 1649 2546 1690 nec
2603 1650 2761 1689 causa
2817 1633 3015 1688 amoris
3061 1630 3280 1699 Christi,
3330 1631 3412 1686 sed
3461 1632 3610 1686 intuitu
3631 1633 3712 1687 lucri

2260 1726 2571 1795 temporalis
2601 1721 3276 1792 anditoribusimpendunt.
3303 1722 3448 1790 Oves,
3472 1723 3712 1794 simpliciaet

561 1817 702 1878 iinis
731 1821 886 1877 subdi
916 1821 1210 1876 debeamus
1238 1817 1497 1888 imperiis.
1540 1816 1595 1872 Si
1629 1817 1772 1871 enim
1805 1817 1897 1870 ille
1924 1816 2010 1884 Qui
2041 1823 2155 1869 erat
2185 1809 2236 1871 Β
2261 1825 2535 1872 mansueta
2585 1815 2859 1880 animalia,
2893 1813 3192 1890 vestiendis
3238 1813 3512 1868 hominibus
3551 1829 3619 1868 sua
3639 1813 3715 1867 tel-

561 1919 655 1973 Dei
691 1918 876 1980 Filius,
923 1917 976 1970 in
1029 1915 1344 1970 inllrmitate
1384 1921 1582 1966 nostra:
1635 1910 1815 1966 car-uis
1863 1921 2151 1977 apparens,

561 2011 776 2065 decreta
809 2009 940 2077 legis
975 2023 1004 2064 a
1033 2021 1091 2061 se
1121 2007 1244 2059 data
1300 2004 1578 2073 implebat,
1621 2002 1990 2055 solemnitates
2030 1997 2158 2066 legi-

561 2105 719 2157 timas
755 2101 880 2156 cum
935 2099 1144 2155 caeteris
1199 2099 1506 2152 hominibus
1556 2093 1973 2163 irequeutaudo,
2025 2089 2154 2162 quid

567 2196 748 2265 nobis,
773 2195 862 2264 qui
891 2194 1030 2248 servi
1057 2207 1266 2257 sumus,
1295 2193 1558 2260 agendum
1593 2194 1712 2243 est?
1741 2190 1950 2254 Quanto
1979 2187 2158 2243 studio

567 2293 623 2340 et
655 2285 736 2337 liae
763 2294 819 2337 et
853 2284 972 2337 aliae
1022 2282 1340 2337 festivitates
1373 2281 1525 2334 bonis
1555 2280 1807 2349 operibus
1859 2287 1984 2331 sunt
2023 2293 2158 2347 pra:-

570 2374 866 2439 veniendte,
917 2380 972 2427 et
1001 2373 1157 2440 digna
1190 2374 1493 2426 reverentia
1539 2385 1662 2425 cum
1714 2368 1962 2424 venerint
2015 2368 2159 2423 cele¢

564 2469 821 2524 brandm?
851 2465 918 2520 Et
949 2468 1138 2520 invenit
1161 2467 1213 2520 iu
1243 2465 1434 2534 templo
1454 2465 1724 2517 uendentes
1754 2479 1889 2528 oues,
1915 2471 1960 2516 et
1986 2461 2156 2530 boves,

564 2571 609 2615 et
634 2559 916 2624 columbas,
946 2570 992 2612 et
1022 2559 1390 2611 nummutarios
1419 2558 1670 2613 sedentes.
1713 2554 1784 2609 Et
1804 2573 1918 2609 cum
1959 2557 2160 2626 fecisset

565 2655 710 2725 quasi
735 2653 995 2722 ﬂagellum
1024 2652 1087 2704 de
1115 2649 1386 2726 funiculis,
1433 2666 1606 2728 omnes
1646 2651 1792 2719 cjecit
1841 2649 1902 2700 de
1943 2648 2156 2714 templo,

565 2763 678 2801 oves
701 2761 898 2816 quoque
927 2753 974 2798 et
1006 2743 1173 2820 boves,
1199 2751 1244 2795 et
1275 2741 1739 2820 nutittttularioruttt
1781 2737 1958 2805 effudit
1989 2753 2080 2803 res,
2111 2744 2156 2789 et

567 2855 766 2893 mensas
792 2837 1057 2892 subvertit.
1093 2815 1206 2910 Non
1230 2844 1310 2889 est
1337 2815 1624 2903 putandum
1648 2833 1788 2902 quod
1812 2815 1927 2885 lucc
1954 2827 2157 2884 venalia

564 2931 617 2985 in
649 2933 764 3000 ipso
797 2929 996 2996 templo
1026 2929 1237 2989 tierent,
1269 2923 1362 2980 sed
1398 2927 1571 2996 potius
1609 2926 1658 2978 lll
1693 2923 2010 2992 porticibus,
2042 2923 2161 3000 qui-

569 3024 668 3079 bus
699 3024 871 3092 ipsqu
903 3021 1159 3089 templum
1207 3019 1542 3088 cingebatur.
1591 3019 1732 3072 Oves
1757 3031 1886 3085 ergo
1917 3024 1970 3071 et
1999 2997 2160 3069 boves

567 3127 622 3173 et
669 3097 928 3171 columbae
961 3116 1026 3168 ad
1077 3114 1180 3168 boc
1217 3113 1288 3167 ibi
1337 3113 1673 3178 emebantur,
1701 3123 1758 3166 ut
1800 3112 1852 3166 in
1899 3109 2158 3184 sacriﬁcio

2261 1909 2372 1963 lers
2416 1916 2694 1978 prmstant.
2739 1907 2802 1962 Et
2848 1909 2972 1978 quid
3002 1923 3097 1976 per
3126 1921 3270 1973 oves,
3300 1907 3394 1980 nisi
3421 1921 3553 1977 opera
3587 1907 3716 1975 simpli-

2259 2000 2436 2054 citatis
2464 2011 2516 2054 ct
2547 1994 3214 2068 innocentiafsignantur?
3257 1997 3483 2055 Vendunt
3505 2013 3605 2067 ergo
3621 2011 3716 2064 oves,

2258 2092 2350 2160 qui
2375 2095 2545 2160 gratia
2576 2089 2824 2144 humana:
2871 2090 3042 2144 laudis
3090 2105 3251 2160 opera
3299 2099 3444 2159 agunt
3470 2091 3644 2159 pietatis.
3675 2069 3718 2141 De

2258 2186 2451 2256 quibus
2470 2185 2662 2240 dicitur
2679 2201 2695 2240 ε
2711 2184 3028 2255 Receperunt
3053 2188 3328 2242 mercedem
3345 2175 3648 2256 suam-(iisut.
3660 2187 3718 2252 tt).

2259 2278 2394 2356 Quid
2428 2293 2557 2333 vero
2589 2292 2683 2347 per
2725 2277 3023 2347 columbas,
3055 2294 3174 2349 quae
3201 2279 3315 2334 felle
3342 2285 3521 2342 carent,
3547 2277 3620 2330 nisi
3643 2273 3722 2342 Spi-

2260 2371 2394 2426 ritus
2445 2377 2659 2425 sanctus
2715 2370 3052 2438 intelligitur,
3101 2371 3193 2441 qui
3247 2371 3298 2425 in
3343 2369 3500 2439 specie
3541 2365 3718 2423 columba

2261 2475 2422 2532 super
2451 2463 2773 2530 baptizatum
2805 2461 3088 2517 Dominum
3115 2472 3358 2517 ostensus
3383 2459 3494 2516 est?
3524 2457 3723 2514 Columbus

2265 2555 2430 2624 igitur
2457 2554 2719 2620 vendunt,
2752 2555 2844 2624 qui
2869 2555 3104 2624 Spiritus
3137 2555 3302 2608 sancti
3328 2553 3504 2608 donum
3527 2549 3724 2621 psrimpo-

2265 2648 2517 2702 sitionem
2567 2637 2758 2703 manus
2789 2649 2870 2703 vel
2901 2649 2968 2703 ad
3000 2649 3273 2718 praemium
3309 2646 3386 2702 vel
3411 2627 3469 2700 ad
3507 2642 3616 2714 vulgi
3636 2640 3726 2696 ltro-

2264 2753 2378 2794 rem
2411 2741 2670 2805 tribuunt,
2702 2740 2794 2810 qui
2842 2753 3029 2794 sacros
3057 2739 3282 2794 ordines
3308 2751 3404 2793 non
3448 2750 3529 2805 pro
3551 2733 3639 2789 vitae
3659 2745 3727 2786 me-

2263 2832 2392 2898 rito,
2445 2833 2541 2887 sed
2597 2847 2694 2902 pro
2737 2832 2903 2902 gratia
2955 2833 3278 2901 largiuntur.
3331 2825 3727 2884 Nummulariitero

2263 2933 2386 2978 sunt
2417 2922 2614 2995 bi,’qui
2648 2926 2702 2979 in
2732 2924 2960 2980 ecclesia
2989 2933 3183 2994 aperte
3224 2923 3438 2979 terrenis
3469 2921 3600 2976 rebus
3616 2917 3726 2992 inser-

2264 3019 2432 3085 vium,
2465 3035 2579 3091 qua
2605 3035 2702 3074 sua
2727 3029 2839 3075 sunt
2861 3029 3171 3090 querentes,
3201 3035 3302 3072 non
3337 3033 3441 3088 quae
3465 3015 3568 3069 less
3594 3010 3727 3067 Christi.

2265 3115 2466 3168 (hones
2498 3115 2676 3185 itaque
2709 3117 2840 3170 istos
2885 3117 3025 3169 tacto
3053 3113 3267 3185 ﬂagello
3302 3097 3367 3168 de
3401 3107 3616 3166 resticulis
3633 3102 3730 3174 eiecit

567 3207 778 3262 Domini
831 3206 1171 3260 olierrentur.
1229 3203 1578 3257 Nummularii
1635 3217 1766 3256 vero
1813 3202 1876 3254 ad
1927 3201 2028 3255 hoc
2081 3197 2154 3253 ibi
2188 3191 2235 3254 G
2265 3208 2333 3262 de
2361 3209 2581 3277 templo.
2613 3209 2750 3274 Quid
2785 3223 2880 3278 per
2909 3208 3231 3276 funiculum,
3257 3207 3356 3263 nisi
3386 3212 3607 3261 crementa
3634 3199 3730 3253 intel-

567 3298 897 3362 residebant,
932 3305 988 3350 ut
1034 3295 1172 3349 inter
1207 3305 1478 3365 emptores
1505 3294 1914 3362 venditoresque
1962 3293 2159 3346 hostia-

568 3402 687 3442 rum
715 3388 864 3441 fieret
897 3398 1138 3456 prompta
1182 3389 1420 3456 pecunia
1465 3388 1682 3441 taxatio.
1723 3385 1865 3454 Ergo
1893 3385 2156 3454 quodam-

569 3476 731 3532 modo
761 3481 990 3546 honesta
1030 3487 1146 3556 erat
1189 3489 1242 3532 et
1275 3478 1416 3552 licita
1458 3477 1750 3550 negotiatio
1791 3477 1911 3546 ista,
1943 3477 2064 3545 quia
2095 3475 2160 3530 ad

519 3617 522 3622 .
570 3573 673 3640 hoc
703 3575 784 3646 (ut
809 3571 1006 3636 dictum
1035 3571 1136 3642 est)
1170 3571 1488 3628 emebantur
1541 3569 1749 3642 hostiae,
1785 3577 1840 3621 ut
1870 3568 1976 3632 Deo
2001 3567 2164 3638 olfec-

569 3653 776 3744 t'eutur.
813 3660 949 3738 Quid
979 3677 1106 3729 ergo
1137 3673 1382 3736 putamus
1431 3660 1647 3726 fecisset
1687 3659 1961 3724 Dominus,
1993 3659 2036 3714 si
2077 3660 2168 3728 in:

573 3758 813 3811 venisset
842 3772 933 3807 eos
969 3754 1096 3810 rixis
1135 3755 1485 3816 dissidentes,
1533 3764 1623 3822 aut
1664 3753 1940 3818 fabulosis,
1975 3754 2172 3826 otiosis

575 3863 666 3926 aut
707 3850 948 3924 turpibus
1005 3859 1060 3904 ct
1109 3848 1355 3912 obscenis
1403 3847 1685 3918 colloquiis
1740 3857 2012 3914 vacantes,
2073 3857 2166 3922 aut

575 3944 817 4014 quolibet
844 3944 949 3998 alio
984 3943 1192 4012 scelere
1223 3953 1534 4018 occupatos,
1555 3943 1600 4007 si
1641 3943 1710 4010 ita
1733 3944 1786 4006 in
1807 3956 1900 4006 eos
1924 3942 2164 4006 desaevit,

570 4039 659 4109 qui
691 4054 750 4092 ea
787 4035 1195 4106 negotiabantur
1224 4035 1275 4088 in
1301 4037 1522 4104 templo,
1558 4051 1676 4104 qua:
1718 4036 1946 4102 Domin
1969 4034 2176 4098 0%er

571 4130 860 4186 volebant?
893 4127 1015 4180 llaec
1051 4138 1234 4202 contra
1282 4127 1408 4208 illos,
1448 4127 1694 4196 dicimus,
1749 4123 1839 4194 qui
1877 4125 2163 4180 ecclesiam

572 4221 822 4290 ingressi,
855 4235 957 4271 non
988 4220 1123 4271 sicut
1165 4219 1214 4270 in
1246 4218 1406 4272 domo
1448 4219 1538 4271 Dei
1575 4233 1695 4272 cum
1737 4228 1880 4272 metu
1926 4227 1979 4272 et
2010 4233 2168 4272 reve-

573 4313 742 4366 rentia
787 4313 855 4365 ibi
908 4313 1226 4377 consistunt,
1278 4311 1370 4365 sed
1429 4311 1837 4366 lascivientibns
1889 4313 2166 4368 obtutibus

577 4405 718 4466 vagi,
748 4402 990 4456 inanibus
1023 4401 1215 4456 fabulis
1249 4413 1611 4472 occupantur,
1651 4404 1916 4457 cachinno
1950 4405 2170 4458 solvun-

578 4504 684 4558 tur,
713 4507 1000 4562 ερτιιιιιψιθ
1029 4497 1322 4547 intentione
1351 4493 1563 4558 orandi,
1594 4505 1809 4561 peccata
1846 4509 1940 4562 pro
1969 4496 2166 4564 quibus

576 4603 804 4643 exorare
829 4589 1148 4651 debu=-rant,
1186 4599 1399 4658 augent.
1449 4588 1706 4657 Quodque
1744 4589 1958 4658 gravius
1984 4597 2088 4658 est,
2122 4588 2168 4643 si

575 4681 696 4750 quis
723 4693 816 4733 eos
857 4693 952 4748 pro
987 4678 1293 4748 ltujusmodi
1327 4682 1484 4734 stulta
1533 4684 1950 4750 praesumptione
1987 4683 2162 4734 redar-

578 4786 744 4842 guere
784 4786 946 4834 ausus
999 4771 1180 4836 fuerit,
1231 4771 1366 4830 odiis
1391 4788 1514 4828 eum
1571 4784 1624 4828 et
1664 4774 1961 4828 maledictis
1991 4787 2168 4842 perse-

583 4876 838 4936 quuntur,
875 4881 975 4924 nec
1023 4866 1262 4925 divinum
1298 4883 1364 4922 ex
1416 4868 1518 4922 hoc
1561 4868 1818 4937 judicium
1857 4868 2166 4937 formidant,

581 4959 736 5038 cuius
765 4959 1020 5028 templum
1070 4975 1198 5021 ausu
1236 4959 1443 5016 nefario
1491 4960 1790 5028 profanant.
1845 4959 1958 5014 Hoc
2011 4975 2165 5026 sane,

574 5049 721 5124 quod
767 5058 894 5108 tunc
923 5052 1276 5120 corporaliter
1305 5060 1517 5120 gestum
1548 5061 1630 5106 est
1666 5052 1720 5105 in
1759 5052 1983 5119 templo,
2023 5068 2168 5122 quo-

577 5145 703 5208 tidie
738 5144 851 5214 geri
886 5144 938 5202 in
987 5145 1214 5204 ecclesia
1245 5145 1424 5200 nullus
1473 5146 1563 5214 qui
1608 5155 1753 5200 recte
1805 5146 1942 5213 sapit
2007 5146 2170 5216 igno-

575 5243 673 5294 rat.
710 5235 1218 5310 Quotidienatuque
1249 5236 1507 5292 Dominus
1541 5245 1778 5292 sanctam
1817 5239 2166 5306 spiritualitet:

575 5326 736 5394 intrat
765 5327 1069 5394 ecclesiam,
1113 5339 1168 5384 et
1198 5329 1428 5398 qualiter
1459 5329 1516 5384 iu
1540 5343 1606 5383 ea
1654 5329 2016 5400 unusquisque
2048 5346 2164 5386 ven-

577 5427 745 5483 setur,
775 5419 1027 5480 attendit.
1070 5417 1390 5490 Cavendum
1433 5435 1564 5490 ergo
1607 5430 1664 5475 et
1689 5422 1846 5476 valde
1873 5423 2176 5489 pavendum-

575 5517 684 5573 est,
713 5525 781 5564 ne
815 5510 1140 5580 improvisus
1169 5509 1414 5576 veniens,
1465 5526 1772 5580 peruersum
1807 5513 1858 5568 in
1889 5514 2044 5568 nobis
2072 5514 2180 5567 ali-

505 5625 508 5627 -
579 5600 728 5670 quid,
757 5603 895 5658 unde
935 5603 1128 5679 merito
1157 5604 1444 5672 ﬂagellari,
1478 5615 1534 5664 et
1575 5606 1643 5662 de
1673 5607 1898 5663 ecclesia
1935 5607 2062 5678 ejici
2089 5609 2180 5664 de-

470 5705 492 5728 ο
578 5689 820 5758 beamus,
852 5693 1109 5760 inveniat.
1159 5695 1392 5760 Maxime
1421 5711 1554 5770 vero.
1598 5698 1698 5766 ltpc
1743 5700 2174 5756 observacede—

579 5782 768 5852 bemus
796 5787 849 5846 in
877 5803 1091 5866 «quin
1139 5791 1495 5876 spicitualiter
1543 5793 1739 5850 domus
1785 5794 1886 5850 Dei
1932 5802 2176 5864 vocante,

2263 3301 2497 3372 liguntur
2527 3303 2789 3356 malarum
2821 3303 3093 3357 actionum
3115 3301 3142 3357 2
3192 3295 3325 3356 Hinc
3361 3297 3506 3354 Isaias
3529 3293 3644 3370 dicit:
3675 3285 3728 3341 Vs

2262 3395 2349 3463 qui
2381 3394 2586 3447 trahitis
2618 3395 2935 3464 iniquitatem
2956 3394 3008 3447 in
3035 3392 3271 3463 funiculo
3305 3391 3520 3445 uauitatis
3547 3376 3718 3460 (lutet):

2265 3487 2328 3542 Et
2357 3487 2610 3542 Salomon
2640 3505 2652 3540 :
2689 3484 2956 3539 Puniculis
2980 3496 3307 3553 peccatorum
3331 3497 3519 3538 suorum
3549 3469 3721 3540 sumsit-

2265 3563 2363 3649 que
2380 3579 2743 3649 constringitur
2767 3577 2952 3647 (Prov.
2975 3579 3051 3646 v).
3069 3578 3207 3633 Cum
3227 3578 3365 3632 enim
3395 3581 3594 3643 peccator
3611 3560 3731 3630 aliquis

2267 3670 2537 3741 prioribus
2593 3670 2826 3740 peccatis
2877 3670 3123 3738 graviora
3175 3667 3482 3732 accumulat,
3507 3657 3620 3732 quasi
3645 3651 3732 3708 iuni-

2268 3765 2445 3817 ouinm
2489 3775 2594 3831 quo
2642 3761 2960 3831 ﬂagelletur,
3011 3763 3274 3831 paulatim
3306 3757 3494 3832 agendo
3529 3751 3734 3826 ’ρωῐοηῧπυ

2271 3854 2440 3922 Ejecit
2487 3869 2614 3921 ergo
2654 3854 2752 3907 ltus
2798 3853 3080 3919 Dominus,
3137 3855 3299 3924 ejecit
3341 3865 3452 3908 cum
3477 3850 3544 3903 eis
3579 3841 3738 3926 bovestl

2269 3960 2420 4014 oves,
2447 3955 2754 4014 ceteraque
2781 3947 3011 4011 venalia,
3041 3947 3166 4015 quia
3195 3946 3374 4000 talium
3397 3941 3599 3998 doctrina
3616 3930 3739 4015 plrlltl

2271 4053 2391 4092 cum
2410 4013 2534 4093 suis
2563 4013 2873 4092 auctoribus
2924 4013 3261 4106 reprobanda
3289 4045 3392 4100 est,
3419 4041 3471 4088 et
3494 4045 3520 4084 a
3541 4027 3661 4083 domo
3686 4013 3742 4072 Μ

2270 4129 2611 4198 depellenda.
2667 4130 3164 4186 Nummulariorum
3197 4143 3404 4198 quoque
3444 4115 3740 4198 teseﬂ'uoditut,

2271 4232 2328 4277 et
2344 4197 2556 4278 mensa
2585 4224 2996 4292 subvertuntur,
3025 4223 3159 4292 quia
3183 4197 3442 4278 damnatis
3469 4218 3515 4272 in
3538 4197 3743 4268 linetttttntli

2271 4317 2537 4386 mprobis,
2568 4316 2730 4372 etiam
2773 4317 2984 4372 illarum
3026 4331 3208 4372 rerum
3254 4330 3386 4386 quas
3421 4309 3666 4367 dilexerunt
3693 4310 3746 4351 δυ’

2273 4410 2513 4464 ferentur
2539 4411 2743 4481 tigni-re,
2789 4410 2939 4480 juxta
2985 4411 3128 4479 quod
3159 4410 3391 4464 Joannes
3419 4405 3563 4460 dicit;
3598 4389 3746 4481 multo

2275 4501 2475 4565 transit,
2530 4477 2599 4555 etv
2621 4477 3028 4572 concupiscentiis
3077 4502 3194 4573 ejus
3247 4499 3298 4570 (Ι
3352 4497 3499 4552 Joon.
3533 4490 3603 4559 tt).
3641 4477 3750 4537 Et“!

2275 4594 2360 4664 qui
2386 4595 2652 4648 columbas
2681 4594 2975 4656 vende-bant,
3031 4594 3159 4646 dixit
3187 4607 3208 4648 :
3263 4591 3464 4660 Auferte
3497 4587 3579 4640 ista
3610 4577 3748 4638 hince!

2275 4688 2433 4740 nolite
2461 4687 2630 4756 facere
2659 4691 2864 4739 domum
2899 4685 3075 4740 Patris
3109 4687 3209 4740 mei
3247 4686 3448 4738 domum
3477 4666 3750 4748 tteqotistionit.

2281 4779 2652 4834 Venditionem
2683 4782 3051 4835 columbarum
3081 4780 3135 4834 in
3172 4781 3378 4851 templo
3425 4775 3524 4831 ﬁeri
3552 4759 3749 4851 prohibuit,

2279 4873 2400 4940 quia
2433 4872 2604 4942 gratia
2638 4872 2870 4942 Spiritus
2907 4873 3079 4928 sancti
3115 4888 3225 4928 non
3266 4849 3333 4926 aid
3371 4859 3613 4940 praemium
3645 4849 3752 4942 dandi

2277 4939 2382 5027 et,
2411 4939 2506 5017 seu
2535 4939 2700 5033 gratis
2756 4941 2997 5032 accepta,
3030 4972 3084 5019 et
3137 4963 3305 5034 gratis
3331 4939 3483 5018 debet
3517 4953 3627 5012 dari.
3659 4939 3754 5001 Unde

2276 5067 2466 5108 omnes
2495 5055 2585 5124 qui
2601 5055 2846 5111 eamdem
2875 5071 2974 5126 pro
3003 5056 3230 5124 praemio
3263 5056 3344 5111 vel
3367 5039 3582 5120 accipere
3601 5036 3756 5097 reid”?

2277 5144 2566 5213 voluerint,
2597 5145 2802 5201 similes
2843 5157 2966 5201 sunt
2996 5149 3200 5203 Scribis
3225 5157 3282 5203 et
3305 5141 3578 5202 Pbarisatis.
3605 5135 3754 5190 Bonl"!

2276 5251 2410 5290 vero
2460 5236 2556 5291 Dei
2616 5236 2813 5292 faciunt
2846 5239 3064 5296 «suum
3116 5238 3504 5309 negotiationis,
3547 5228 3756 5301 quisse”!

2277 5330 2496 5384 ordines
2518 5331 2698 5386 dando
2727 5332 2806 5386 vel
2852 5333 3164 5403 accipiendo
3214 5331 3486 5404 prmium
3507 5323 3578 5379 vel
3597 5335 3619 5374 ι
3649 5319 3755 5370 mill

2281 5423 2370 5476 vel
2401 5423 2472 5475 ab
2503 5438 2600 5478 ore
2644 5426 2944 5494 requirunt,
2993 5435 3049 5480 et
3095 5425 3446 5480 ministerium
3483 5414 3599 5488 quod
3635 5415 3755 5477 Ροωε·

2281 5525 2492 5583 perunt,
2523 5529 2636 5569 non
2665 5515 2899 5594 simplici
2931 5519 3250 5583 intentione,
3279 5513 3372 5571 sed
3401 5527 3488 5585 pro
3508 5509 3684 5564 lim"

2280 5606 2573 5666 tributione
2633 5587 2696 5663 in.
2745 5608 2988 5665 Ecclesia
3043 5618 3348 5681 peragunt;
3395 5619 3486 5662 nec
3520 5587 3754 5681 Ψάωνα

2281 5702 2429 5758 Deus
2452 5706 2506 5759 in
2539 5705 2626 5759 his
2649 5719 2768 5775 qum
2791 5715 2954 5776 agunt
2977 5705 3326 5776 gloriﬁcatur,
3357 5700 3446 5758 sed
3465 5707 3515 5754 Ill
3537 5691 3616 5765 ii"i
3640 5680 3754 5776 Ρθίίῗ

2281 5771 3116 5856 mitissimi.
3149 5796 3263 5854 Sed
3305 5804 3360 5854 οι
3401 5794 3609 5849 bocnol
3641 5771 3752 5842 ιουδ-
