3972 6340
234 302 373 361 Ιίὶ85

1183 300 1649 361 HOMILIARIUS.
1693 331 1763 343 —
1799 295 1964 356 “OM.
2007 301 2094 357 DE
2131 293 2483 359 TEMPORE.

3353 297 3492 364 4986

227 437 416 504 genter
443 423 866 494 praetereundum
892 428 996 490 est,
1026 421 1166 491 quod
1201 421 1286 476 hic
1324 429 1548 490 utraque
1591 417 1803 473 Domini
1830 419 1887 480 Δ
1909 417 2052 473 tibus
2080 433 2140 473 se
2182 416 2376 472 vicinis
2401 413 2667 487 gentibus,
2703 424 2761 472 ut
2788 431 2892 474 una
2933 431 3094 475 manu
3144 418 3375 490 gladium
3409 434 3490 476 te-

227 521 516 574 s‘alvatoris
545 529 728 573 natura
759 517 911 573 nobis
941 515 1368 571 commendatur.
1399 513 1643 568 l-lumana
1687 510 1808 581 qui-

225 613 376 676 dem,
408 609 528 682 quia
559 611 695 666 sicut
738 611 900 664 homo
944 611 1008 664 ad
1051 607 1426 664 celebrandam
1477 605 1694 660 Pascha:
1720 620 1809 660 so-

228 705 556 758 lemnitatem
587 719 705 758 cum
734 703 946 758 caeteris
991 703 1249 757 ascendit.
1300 701 1487 756 Divina
1527 711 1676 767 Vero,
1725 715 1810 754 se-

225 795 458 850 cundum
485 810 643 864 quam
677 795 762 848 his
806 809 939 864 quos
983 794 1230 865 ejiciebat
1263 793 1330 847 de
1381 792 1598 859 templo,
1631 790 1808 845 dixit:

224 875 406 942 Nolite
428 888 598 957 facere
619 886 824 940 domum
859 884 1030 939 Patris
1059 887 1158 939 mei
1187 889 1394 937 domum
1423 882 1800 954 negotiationis.

221 979 422 1048 Aperte
482 991 712 1048 namque
753 992 810 1031 se
860 976 1049 1031 Filium
1097 977 1188 1030 Dei
1237 976 1489 1040 ostendit,
1530 976 1618 1044 qui
1669 985 1805 1029 tem-

225 1068 374 1137 plum
408 1069 500 1122 Dei
528 1069 700 1122 Patris
729 1070 808 1121 sui
836 1067 1053 1122 domum
1085 1067 1336 1136 appellat.
1389 1066 1660 1124 litem-dati
1685 1079 1806 1120 uero

221 1160 464 1229 discipuli
505 1168 646 1224 sunt,
696 1160 816 1229 quia
860 1161 1106 1229 scriptum
1151 1169 1223 1213 est
1253 1175 1272 1213 :
1309 1158 1465 1212 Zelus
1494 1158 1672 1220 domus
1698 1167 1804 1212 tua!

220 1251 438 1306 comedit
495 1266 573 1304 me
623 1249 798 1321 (Psal.
844 1249 1048 1318 min).
1105 1249 1364 1316 Zelusgin
1407 1249 1507 1304 hoc
1561 1249 1700 1315 loco,
1753 1251 1805 1304 in

220 1353 428 1415 partem
459 1345 650 1400 bonam
680 1343 958 1411 accipitur.
997 1343 1092 1397 Est
1133 1343 1275 1398 enim
1307 1343 1452 1397 zelus
1481 1342 1657 1396 fervor
1684 1342 1804 1410 qui-

217 1446 368 1505 dam,
395 1451 501 1506 quo
528 1449 702 1503 meus,
746 1434 948 1505 reiecto
981 1436 1218 1490 humano
1247 1435 1460 1498 timore,
1491 1449 1587 1503 pro
1615 1435 1806 1490 defen-

217 1530 374 1583 sione
405 1528 646 1582 veritatis
675 1525 1001 1581 accenditur.
1033 1526 1160 1581 Zelo
1197 1540 1328 1595 ergo
1357 1524 1450 1580 Dei
1490 1525 1664 1580 Patris
1688 1525 1807 1580 Sal-

217 1631 374 1676 vator
416 1613 604 1690 impios
633 1621 995 1690 negotiatores
1039 1621 1196 1689 eiecit
1240 1620 1308 1676 de
1354 1619 1575 1689 templo.
1617 1618 1722 1675 Sed
1750 1629 1806 1675 et

217 1729 320 1770 nos
345 1725 599 1784 quantum
645 1729 946 1784 possumus,
988 1714 1226 1770 aelemus
1264 1714 1479 1769 domum
1511 1714 1627 1781 Dei,
1655 1721 1710 1770 et
1738 1729 1806 1768 ne

1915 518 2122 578 tierent,
2151 510 2320 565 altera
2346 509 2578 579 lapidem
2622 509 2678 572 in
2714 510 2930 579 parietis
2975 520 3296 566 structuram
3327 527 3489 580 pone-

1912 611 2052 658 rent.
2089 603 2262 672 Atque
2293 602 2363 656 ita
2413 603 2608 657 iactum
2647 610 2748 667 est,
2779 610 2836 656 ut
2874 616 2970 672 per
3014 604 3362 674 quadraginta
3390 618 3486 662 sex

1912 708 2083 748 annos
2111 695 2356 768 inchoata
2399 694 2580 764 templi
2610 694 2942 761 fabrica,-vix
2989 696 3219 762 potuerit
3261 699 3486 768 impleri.

1916 784 2016 838 llic
2045 763 2225 840 auram
2272 801 2530 840 annorum
2567 799 2842 850 numerus,
2877 785 3184 854 periectioui
3230 789 3490 846 Dominici

1912 877 2156 946 corporis
2177 877 2454 946 aptissime
2475 879 2738 947 congruit.
2766 879 3000 932 'lTradunt
3017 893 3244 949 namque
3265 881 3491 953 physici,

1913 975 1993 1022 tot
2029 969 2236 1024 dierum
2267 969 2442 1038 spatio
2477 970 2702 1024 formam
2737 969 2952 1026 humani
2993 977 3234 1041 corporis
3260 975 3313 1029 in
3339 985 3490 1032 utero

1913 1060 2104 1114 matris
2159 1061 2365 1128 perlici.
2422 1061 2742 1131 Susceptum
2799 1078 3028 1134 namque
3073 1079 3257 1122 settien
3307 1069 3492 1138 primis

1909 1165 2005 1205 sex
2029 1167 2058 1206 a
2088 1157 2446 1223 conceptione
2464 1154 2676 1220 diebus,
2704 1154 2859 1209 lactis
2884 1155 3286 1214 similitudinem
3309 1159 3488 1227 habet,

1913 1258 2106 1298 novem
2141 1245 2494 1315 sequentibus
2523 1246 2750 1300 vertitur
2789 1247 2842 1302 in
2895 1250 3226 1316 sanguinem,
3259 1251 3508 1322 reliquie

1907 1333 2191 1389 duodecim
2219 1336 2557 1406 coagulatnr,
2599 1346 2655 1391 et
2680 1337 2732 1391 in
2762 1352 3013 1394 carrucam
3059 1341 3382 1398 soliditatem
3411 1359 3491 1400 re-

1906 1424 2122 1496 digitur,
2159 1427 2277 1482 aliis
2305 1443 2431 1483 vero
2461 1429 2646 1483 decem
2674 1436 2729 1482 et
2775 1439 2899 1484 octo
2937 1429 3200 1487 formatur
3235 1449 3400 1504 usque
3425 1437 3492 1492 ad

1906 1518 2148 1585 perlecta
2180 1519 2540 1574 membrorum
2573 1519 2917 1586 lineamenta,
2954 1522 3080 1578 hinc
3096 1523 3212 1593 jam
3238 1528 3490 1597 usque-ad

1906 1615 2120 1677 tempus
2160 1611 2415 1666 editionis
2454 1613 2820 1681 magnitudine
2861 1629 3072 1684 semper
3102 1628 3341 1686 augetur.
3387 1619 3491 1676 Sex

1907 1709 2082 1754 autem
2111 1713 2162 1756 et
2197 1717 2388 1756 novem
2421 1712 2479 1757 et
2521 1703 2822 1768 duodecim,
2863 1715 2918 1760 et
2955 1709 3160 1774 decem,
3192 1721 3244 1763 et
3282 1719 3403 1765 octo
3439 1713 3488 1765 in

217 1810 350 1879 quid
378 1825 592 1877 pravum
621 1810 672 1863 in
702 1822 766 1862 ea
792 1821 1030 1879 geratur,
1061 1808 1299 1863 studiose
1341 1823 1589 1862 curemus
1616 1824 1630 1862 :
1658 1808 1798 1877 quod
1833 1789 1876 1849 Β
1907 1805 2120 1845 suntme
2140 1794 2377 1861 collecti,
2407 1795 2758 1864 quadraginta
2789 1798 3022 1868 quinque
3041 1798 3261 1855 faciunt.
3289 1803 3491 1870 Quibus

218 1911 348 1955 tunc
373 1909 520 1955 recte
543 1901 772 1969 agimus,
817 1900 858 1953 si
889 1899 1106 1954 fratrem
1134 1887 1234 1970 qui
1251 1901 1503 1968 templum
1555 1897 1650 1953 Dei
1681 1889 1800 1954 esSe

215 1993 498 2060 debuerat,
524 1993 800 2047 videamus
845 1993 930 2045 vel
973 1991 1222 2060 superbia
1269 1991 1548 2058 tumidutn,
1593 1992 1674 2046 vel
1715 1992 1799 2046 lu-

215 2084 372 2139 xuria
403 2092 738 2150 enervatum,
767 2084 848 2138 vel
873 2082 1114 2146 ebrietati
1143 2081 1402 2148 deditum,
1433 2097 1525 2137 seu
1549 2084 1795 2153 cuiquam

219 2178 356 2231 vitio
373 2178 718 2240 substratum,
742 2184 797 2230 et
821 2175 871 2229 in
901 2184 1154 2244 quantum
1179 2174 1320 2229 vires
1342 2183 1652 2245 suppetunt,
1679 2189 1802 2230 eor-

213 2270 414 2344 rigere,
446 2278 498 2323 et
548 2269 616 2320 ad
664 2266 1044 2322 cmendatioris
1083 2266 1208 2320 vita:
1251 2266 1490 2321 ordinem
1540 2267 1798 2322 reducere

213 2361 526 2430 satagimus.
579 2360 670 2414 Vel
713 2360 876 2415 etiam
923 2360 974 2412 in
1026 2359 1138 2428 ipsa
1183 2359 1344 2413 domo
1385 2358 1669 2442 orationis,
1711 2358 1798 2412 ubi

211 2453 455 2522 corporis
499 2449 1069 2507 Christi-sacrosancta
1097 2459 1482 2506 consecrantur
1517 2452 1796 2518 mysteria,

215 2547 308 2600 ubi
337 2545 648 2615 angelorum
667 2555 720 2599 et
748 2545 913 2614 ipsius
945 2545 1036 2600 Dei
1068 2545 1344 2614 praesentia
1371 2557 1492 2598 esse
1519 2559 1624 2596 non
1648 2543 1802 2598 dubi-

213 2648 377 2702 tatur,
411 2653 477 2692 ne
499 2637 624 2707 quid
648 2639 989 2691 inhonestum
1014 2648 1102 2690 aut
1133 2636 1385 2692 indecens
1410 2647 1617 2705 agatur,
1650 2634 1799 2689 solli-

209 2732 322 2786 cite
343 2745 620 2798 procurem
631 2747 711 2785 us.
747 2731 1142 2802 Responderunt
1163 2729 1430 2792 Iudici,“
1454 2731 1693 2784 dixerunt
1713 2730 1796 2784 ei:

217 2823 369 2890 Quod
399 2824 601 2893 signum
625 2825 848 2877 ostendis
869 2824 1010 2877 nobis
1036 2824 1156 2894 quia
1180 2823 1286 2876 haec
1307 2823 1434 2890 facis
1457 2825 1481 2877 ?
1518 2823 1798 2891 Respondit

207 2918 320 2971 illis
369 2915 520 2974 Jews
545 2931 563 2971 :
614 2916 810 2972 Soluite
841 2918 1084 2987 templum
1129 2916 1245 2982 lter,
1276 2927 1321 2970 et
1351 2917 1402 2970 in
1433 2917 1596 2970 tribus
1620 2917 1797 2972 diebus

207 3009 444 3063 excitabit
471 3009 622 3063 illud.
666 3009 743 3064 De
789 3025 896 3078 quo
930 3010 1128 3078 templo
1189 3011 1289 3064 hoc
1325 3010 1814 3065 dixerit'o.~tetidit'

206 3102 535 3170 evangelista
565 3117 685 3156 cum
709 3103 890 3157 subdit
913 3122 926 3155 :
957 3102 1074 3157 Hoc
1094 3113 1263 3156 autem
1291 3103 1487 3156 diceb'at
1519 3105 1582 3156 de
1608 3103 1796 3171 templo

1907 1885 1954 1939 si
1982 1886 2156 1954 ipsum
2178 1887 2323 1942 diem
2367 1887 2608 1958 adjicias,
2652 1903 2757 1958 quo
2786 1892 3074 1948 diseretum
3121 1910 3214 1963 per
3249 1899 3488 1952 membra

1903 1991 2102 2046 corpus
2132 1979 2320 2046 incipit
2345 1994 2562 2035 sumere
2590 1979 3000 2050 incrementum,
3022 1987 3370 2057 quadraginta
3395 2004 3488 2042 sex

1903 2072 2104 2141 absque
2131 2087 2322 2128 errore
2351 2075 2610 2144 reperies.
2653 2075 2756 2130 Per
2785 2077 2928 2146 quod
2974 2080 3218 2135 videlicet.
3249 2092 3326 2135 tot
3372 2083 3487 2137 dies

1904 2167 1958 2220 in
2005 2167 2362 2222 aediﬁcatione
2389 2171 2630 2237 corporis
2679 2170 2908 2237 Domini,
2957 2184 3082 2241 quot
3120 2187 3290 2228 annos
3327 2175 3379 2228 in
3419 2176 3494 2230 la-

1906 2255 2054 2310 brica
2091 2255 2334 2326 legimus,
2358 2267 2725 2313 numerantur.
2757 2259 3048 2316 Possumus
3076 2278 3288 2332 quoque
3317 2265 3488 2332 ipsum

1905 2349 2050 2404 hunc
2083 2365 2368 2404 numerum
2401 2351 2452 2404 in
2479 2353 2695 2406 nomine
2726 2352 2913 2419 Adam,
2946 2365 3230 2423 supputato
3255 2357 3488 2424 ipsarum

1903 2445 2203 2500 litterarum
2237 2461 2481 2512 numero,
2528 2431 2787 2514 invenire,
2819 2450 2970 2518 cujus
3010 2465 3203 2506 nomen
3235 2467 3300 2506 ex
3346 2454 3489 2521 prin-

1903 2540 2162 2608 cipalibus
2192 2550 2422 2608 quatuor
2452 2542 2724 2596 climatum
2759 2543 2940 2597 mundi
2965 2543 3156 2599 litteris
3171 2545 3311 2614 apud
3341 2537 3486 2601 Grae-

1903 2645 1992 2685 cos
2035 2641 2265 2685 constat.
2313 2632 2412 2686 Per
2442 2635 2582 2702 quod
2615 2635 2872 2702 inuuitur,
2920 2638 3091 2704 ipsum
3125 2637 3351 2706 primum
3401 2654 3490 2707 pa-

1907 2727 2114 2776 rentem
2160 2733 2402 2778 nostrum
2445 2725 2512 2779 de
2558 2726 2804 2793 paradiso
2843 2725 3096 2796 ejectum,
3138 2715 3192 2784 et
3235 2731 3286 2784 in
3319 2742 3485 2786 totum

1903 2815 2091 2870 orbem
2145 2816 2314 2869 fuisse
2367 2817 2792 2872 disseminatum.
2847 2820 3068 2874 Nomina
3125 2819 3318 2891 quippe
3362 2839 3492 2893 qua-

1903 2916 2022 2960 tuor
2056 2910 2236 2961 mundi
2272 2912 2494 2974 partium
2527 2913 2819 2966 secundum
2847 2911 3062 2968 Graecos
3091 2924 3233 2979 sunt,
3274 2913 3485 2987 ἄρκτος,

1901 3000 2069 3064 δύσις,
2098 3004 2332 3069 ἀνατολὴ,
2366 3005 2691 3082 μεσημϐρία,
2726 3005 2960 3072 lioc.est,
2989 3006 3189 3071 oriens,
3217 3009 3486 3086 occidens,

1902 3099 2222 3164 septentrio,
2250 3107 2305 3150 et
2326 3097 2603 3152 tneridies.
2629 3099 2832 3152 Nomen
2860 3114 2985 3152 vero
3007 3099 3172 3180 Adam
3197 3113 3261 3153 ex
3284 3122 3337 3166 α,
3363 3098 3413 3163 δ,
3431 3123 3487 3180 at,

205 3195 444 3264 corporis
470 3195 572 3250 sui.
603 3194 881 3262 Templum
903 3194 1300 3264 dignissimum,
1322 3203 1564 3248 εηηριυιη
1599 3207 1790 3263 corpus
1825 3179 1960 3258 Cp,
1999 3196 2228 3241 constat.
2259 3188 2823 3254 Quartmt'litterarum
2853 3171 3141 3244 secundtim
3165 3189 3382 3245 Graecos
3405 3175 3489 3246 est

207 3301 370 3340 suum
399 3286 550 3350 dicit,
582 3287 873 3340 sacrarium
902 3286 1215 3352 divinitatis,
1248 3287 1391 3355 quia,
1428 3298 1484 3338 ut
1511 3289 1798 3355 Apostolus

205 3376 310 3445 ait,
355 3375 421 3430 lit
449 3377 562 3447 ipso
597 3377 791 3431 habitat
818 3379 984 3431 omnis
1010 3379 1268 3446 plenitudo
1307 3377 1586 3431 diuinitatis
1611 3393 1798 3448 corpo—

204 3471 410 3536 raliter,
440 3481 486 3524 et
540 3481 658 3524 sunt
703 3473 758 3524 in
801 3470 894 3524 illo
945 3460 1116 3524 omnes
1172 3470 1395 3524 thesauri
1447 3471 1716 3538 sapientia:
1748 3479 1798 3523 et

204 3564 434 3618 scientia
469 3563 754 3616 absconditi
802 3561 940 3632 (Col.
982 3561 1063 3632 It).
1117 3561 1230 3615 Hoc
1280 3561 1532 3631 templum
1579 3563 1797 3617 solven-

204 3654 340 3708 dum
372 3665 486 3708 erat
509 3656 560 3707 in
593 3654 858 3722 passione,
890 3654 1230 3708 exettandum
1261 3653 1519 3708 citissima
1551 3653 1654 3708 diei
1693 3664 1802 3706 ter-

205 3747 272 3799 tii
303 3747 713 3800 resurrectione.
767 3746 880 3799 Non
912 3747 1060 3813 dicit,
1102 3747 1241 3800 sicut
1273 3745 1348 3799 illi
1396 3748 1797 3812 conllnxerunt,

203 3839 274 3892 ln
305 3841 546 3906 passione
567 3839 859 3904 destruatn,
883 3840 976 3893 sed
999 3838 1222 3891 honesto
1248 3839 1430 3905 verbo,
1459 3837 1577 3902 Vos,
1607 3839 1798 3907 inquit,

204 3930 414 3986 soluite.
443 3929 620 4001 Neque
643 3933 786 3985 enim
813 3932 1084 3994 convenit,
1124 3942 1178 3985 ut
1201 3932 1399 3997 nosipsi
1431 3933 1588 3986 nobis
1613 3949 1800 3986 tnanus

201 4024 529 4080 inferamus.
595 4021 696 4078 Vos
725 4040 842 4094 ergo
874 4024 993 4095 (ait)
1017 4024 1213 4085 solvite,
1238 4025 1358 4091 quia
1385 4025 1450 4076 ab
1481 4025 1583 4077 illis
1609 4040 1804 4080 excru-

201 4121 438 4175 ciandus
469 4128 523 4174 et
549 4119 943 4189 cruciligendns
975 4128 1110 4172 erat.
1160 4118 1346 4172 Merito
1389 4118 1549 4186 igitur
1577 4119 1641 4174 de
1670 4130 1804 4173 tent-

202 4214 304 4284 plo
332 4212 425 4266 illo
455 4215 628 4284 typico
657 4217 810 4282 ejecti
853 4211 1097 4279 fuerant,
1139 4212 1227 4281 qui
1274 4211 1443 4280 ipsum
1478 4227 1659 4266 verum
1709 4212 1801 4266 Dei

205 4307 496 4374 templum,
532 4307 582 4358 in
611 4321 715 4374 quo
743 4307 883 4359 nulla
939 4319 1156 4372 prorsus
1188 4304 1394 4371 peccati
1447 4306 1652 4356 macula
1680 4318 1802 4357 esse

202 4407 448 4468 poterat,
498 4397 707 4452 solvere
750 4413 842 4464 per
891 4406 1116 4450 mortem
1167 4396 1500 4464 quint-ebant.
1551 4391 1804 4447 Dixerunt

197 4509 337 4560 ergo
367 4493 408 4544 ei
436 4491 605 4544 Iudici
629 4507 647 4544 :
683 4491 1034 4561 Quadraginta
1081 4498 1126 4542 et
1170 4504 1257 4542 sea:
1301 4475 1449 4541 annis
1487 4487 1799 4554 redi/iratum

1902 3299 1937 3333 α
1967 3293 2154 3344 unum,
2187 3278 2216 3335 δ
2244 3290 2494 3358 quatuor,
2525 3289 2579 3334 et
2610 3295 2819 3335 rursum
2841 3303 2875 3339 α
2897 3297 3081 3348 unum,
3112 3291 3168 3339 et
3201 3305 3240 3357 μ
3264 3284 3491 3354 quadra-

1907 3371 2076 3440 ginta,
2113 3387 2232 3441 qua:
2261 3373 2416 3426 simul
2443 3382 2568 3448 sunt
2589 3374 2937 3444 quadraginta
2973 3391 3086 3430 sex.
3113 3375 3212 3430 Tot
3239 3359 3488 3431 nimirum

1909 3461 2104 3517 diebus
2123 3477 2320 3533 corpus
2347 3463 2544 3518 Christi
2573 3464 2625 3518 in
2659 3474 2807 3518 utero
2836 3466 3076 3536 virginali
3121 3469 3398 3521 formatum
3431 3455 3493 3523 ac

1906 3555 2202 3634 perfectura
2228 3567 2330 3611 eSI.
2365 3556 2466 3611 Per
2488 3557 2625 3625 quod
2649 3557 3044 3628 designabatur,
3075 3562 3297 3629 primum
3324 3545 3488 3616 Adam

1906 3659 2000 3713 per
2031 3647 2217 3699 orbem
2245 3648 2574 3715 dispersum,
2605 3664 2698 3717 per
2735 3653 3026 3703 secundum
3074 3653 3260 3717 Adam,
3294 3655 3342 3708 id
3386 3662 3490 3717 est,
3547 3640 3557 3648 ’

1905 3737 2195 3803 Christum,
2229 3738 2612 3807 colligendum,
2643 3749 2807 3809 atque
2839 3741 2890 3794 in
2919 3744 3173 3796 unionem
3204 3745 3323 3798 Hdei
3357 3761 3489 3798 con—

1903 3829 2256 3898 gregaudum.
2289 3830 2417 3885 Cum
2465 3849 2587 3902 ergo
2626 3833 2923 3888 surrexisset
2953 3849 2983 3886 a
3032 3837 3266 3901 mortuis,
3317 3853 3489 3892 recor-

1905 3924 2007 3975 dati
2039 3933 2154 3974 sunt
2185 3923 2425 3993 discipuli
2475 3941 2608 3994 ejus,
2648 3925 2769 3995 quia
2815 3926 2922 3979 lucc
2965 3927 3183 3994 dicebat,
3234 3939 3280 3982 et
3325 3932 3492 3985 credi-

1906 4016 2088 4068 derunt
2119 4015 2426 4086 S'et'ipturw,
2461 4027 2506 4070 et
2536 4020 2759 4071 sermoni
2788 4037 2935 4089 quem
2962 4022 3088 4073 dixit
3132 4001 3304 4077 .lesus.
3351 4025 3493 4078 Non-

1908 4108 2033 4162 dum
2094 4112 2261 4162 sancti
2315 4111 2543 4177 apostoli
2595 4113 2893 4179 Scripturas
2944 4109 3326 4186 intelligebant,
3369 4118 3490 4186 quia

1907 4203 2132 4256 necdum
2173 4203 2418 4257 Christus
2456 4218 2484 4254 a
2531 4204 2754 4256 tnortuis
2803 4217 3192 4275 resurrexerat,
3247 4209 3483 4264 nomium

1907 4292 2011 4348 illis
2039 4293 2295 4360 Spiritum
2329 4289 2575 4348 sa'nctum
2623 4309 2807 4361 aperte
2857 4296 3097 4352 dederat.
3152 4303 3216 4352 At
3263 4300 3375 4367 ipsi.
3406 4303 3491 4355 die

1907 4385 2316 4440 resurrectionis
2361 4399 2469 4438 sua:
2515 4400 2780 4456 apparens
2810 4386 2936 4452 illis,
2981 4384 3196 4454 aperuit
3239 4390 3343 4444 illis
3368 4407 3492 4445 sen-

1908 4493 2050 4542 sum,
2101 4487 2160 4531 ut
2210 4478 2572 4551 intelligerent
2621 4479 2800 4546 omnia
2845 4495 2960 4548 qua:
3005 4479 3074 4534 de
3110 4480 3224 4550 ipso
3272 4481 3322 4535 iii
3374 4482 3491 4551 lege

198 4555 290 4641 est
313 4587 409 4637 hoc
435 4587 767 4655 templum,d
801 4597 852 4636 tu
880 4555 930 4636 in
958 4585 1113 4636 tribus
1145 4582 1318 4635 diebus
1347 4582 1586 4634 excitabis
1620 4579 1796 4632 illud?
1905 4571 2067 4635 MUYSi
2099 4579 2152 4624 ει
2203 4569 2476 4648 ρνομιιθιὶδ
2522 4579 2573 4648 et
2602 4569 2823 4648 psallitis
2870 4581 3024 4640 erant
3077 4573 3294 4652 scripla.
3343 4573 3491 4650 Tunc

198 4677 515 4734 Carnaliter
547 4677 767 4730 Domino
798 4677 1203 4744 responderunt,
1235 4676 1354 4743 quia
1386 4676 1659 4740 superiora
1680 4673 1798 4740 ejus

195 4772 381 4826 verba
413 4773 694 4825 carnaliter
743 4771 1139 4846 intellexerunt.
1193 4770 1342 4832 Quod
1386 4769 1527 4820 enim
1563 4767 1676 4835 ipse
1727 4765 1796 4820 de

197 4865 300 4920 sui
346 4863 584 4932 corpmis
635 4867 832 4931 templo
883 4861 1107 4920 dixerat,
1153 4860 1252 4912 hoc
1307 4860 1389 4911 isti
1421 4859 1487 4912 de
1536 4855 1796 4911 inateriali

201 4958 420 5024 templo
441 4957 637 5009 dictum
665 4955 936 5024 putabant.
973 4953 1167 5007 Verum
1197 4951 1337 5020 quod
1364 4952 1546 5005 dicunt
1571 4950 1800 5019 quadra-

197 5052 365 5122 ginta
394 5057 448 5102 et
473 5063 561 5101 sex
587 5048 738 5100 annis
770 5047 1023 5114 templum
1051 5045 1370 5097 aediﬁcatum
1397 5058 1499 5096 non
1550 5043 1795 5111 primam,

200 5142 315 5197 sed
348 5140 633 5193 secundam
669 5138 903 5211 indicant
928 5137 1353 5190 tedilicationem.
1391 5136 1622 5188 Primum
1648 5150 1810 5205 nam:

204 5248 327 5304 que
358 5234 610 5300 templum
657 5245 690 5304 a7
727 5229 1033 5295 Salomone,
1075 5211 1126 5282 in
1179 5229 1404 5282 maxima
1453 5228 1599 5297 regni
1646 5243 1796 5296 pace,

203 5303 602 5381 decentissime
651 5303 834 5389 opere,
882 5331 1086 5390 septem
1134 5335 1391 5374 annorum
1447 5321 1622 5388 spatio
1674 5333 1798 5387 per-

201 5418 420 5476 fectum
452 5426 548 5469 est.
579 5415 689 5469 lloc
719 5415 1043 5470 destructum
1078 5423 1258 5482 postea
1284 5429 1310 5466 a
1353 5411 1638 5477 Chaldaeis,
1674 5427 1797 5465 rur-

203 5523 341 5568 sum
368 5517 484 5578 post
513 5507 841 5578 septuaginta
870 5521 1040 5561 annos
1083 5503 1305 5576 jubente
1333 5519 1457 5574 rege
1491 5495 1798 5568 Persarum,

204 5603 458 5662 relaxata
490 5601 670 5672 populi
715 5601 1044 5671 captivitate,
1074 5613 1101 5653 a
1145 5599 1268 5653 {iliis
1303 5593 1800 5669 transmigrationis

206 5697 327 5755 sub
357 5693 652 5750 Zorobabel
704 5701 758 5750 et
795 5693 919 5749 Jesu
971 5693 1291 5763 principibus
1320 5693 1634 5748 remdilicari
1685 5705 1798 5748 cm-

212 5802 376 5878 ptum
406 5803 508 5849 est.
553 5791 610 5846 in
638 5805 743 5861 quo
772 5804 932 5862 Opere
957 5791 1036 5846 sic
1061 5785 1298 5874 impediti
1337 5776 1462 5843 sunt
1486 5788 1803 5858 impugnan-

1905 4662 2174 4719 recordati
2205 4670 2330 4718 sunt
2381 4645 2670 4717 verborum
2729 4645 2844 4732 qua:
2887 4673 3011 4717 ante
3050 4645 3491 4742 passionem'Do-

1905 4757 2109 4811 mitium
2140 4755 2406 4810 dicentem
2436 4756 2739 4810 audierant.
2787 4755 2853 4809 Et
2889 4757 3252 4824 crediderunt,
3296 4759 3486 4832 inquit,

1903 4851 2192 4918 Scriptura}
2262 4846 2648 4918 prophetarum
2703 4863 2819 4915 qua)
2880 4863 3002 4904 eum
3069 4831 3486 4914 resurrecturum

1904 4942 2245 5012 prmdixerat,
2299 4949 2354 4995 et
2406 4937 2639 4993 sermoni
2689 4954 2843 5008 quem
2891 4939 3027 4993 dixit
3071 4941 3146 4993 eis
3196 4939 3348 4995 Jesus
3390 4943 3488 4996 hoc

1905 5034 2155 5089 videlicet
2179 5031 2320 5104 quod
2353 5033 2682 5098 prtemissum
2713 5041 2827 5085 est:
2872 5031 3064 5085 Solvite
3093 5033 3336 5098 templum
3365 5032 3479 5097 hoc,

1905 5137 1950 5180 et
1995 5127 2047 5179 in
2097 5125 2256 5178 tribus
2303 5125 2476 5177 diebus
2507 5125 2734 5177 excitabo
2785 5123 2935 5176 illud.
2989 5125 3112 5175 Cum
3159 5133 3329 5177 autem
3359 5134 3484 5179 esset

1903 5220 2054 5275 Jesus
2083 5217 2454 5286 Hierosolymis
2483 5218 2534 5269 in
2567 5217 2763 5270 Paro/ia
2787 5217 2950 5268 indie
2973 5216 3123 5284 festo,
3147 5217 3294 5269 multi
3321 5219 3486 5272 credi-

1905 5317 2089 5368 derunt
2119 5315 2171 5365 in
2194 5326 2330 5364 eum.
2361 5307 2486 5378 Ipse
2524 5317 2693 5361 autem
2736 5324 2834 5360 non
2880 5307 3113 5359 credebat
3141 5309 3361 5375 seipsum
3389 5312 3481 5376 eis,

1911 5407 1967 5463 eo
1992 5407 2128 5477 quod
2163 5404 2270 5474 ipse
2309 5411 2472 5454 nosset
2503 5416 2692 5466 attines,
2728 5409 2774 5452 et
2795 5415 2893 5452 non
2933 5415 3060 5466 Opus
3085 5408 3194 5454 erat
3218 5401 3268 5454 ei
3298 5413 3349 5456 ut
3375 5405 3484 5472 quis

1912 5493 2248 5555 testimonium
2280 5495 2557 5564 perhiberet
2597 5492 2659 5546 de
2701 5491 2946 5556 homine;
2987 5493 3093 5562 ipse
3130 5495 3262 5546 enim
3301 5495 3484 5570 sriubat

1913 5593 2034 5664 quid
2057 5599 2185 5646 esset
2228 5589 2281 5641 in
2310 5587 2530 5641 homine.
2563 5583 2712 5640 Patet
2741 5601 2897 5640 causa
2943 5571 3105 5651 quare
3137 5585 3388 5666 Dominus
3415 5571 3484 5669 ad

1913 5681 2229 5741 festivitates
2275 5677 2578 5734 Juda30rum
2626 5677 2966 5758 celebrandas
3015 5677 3358 5760 corporaéiter
3400 5694 3485 5734 ve-

1916 5777 2078 5842 nerit,
2118 5781 2177 5830 ut
2224 5769 2472 5854 videlicet
2517 5755 2695 5852 plures
2742 5783 2835 5854 per
2885 5769 3002 5854 ejus
3033 5755 3489 5854 'prmdiCatienern
