3972 6340
557 345 697 405 ηδτ

1390 345 1591 402 PAULI
1630 343 1898 401 DIACONI
1935 343 2087 400 OPP.
2132 342 2308 398 PARS
2340 343 2403 398 ll.
2440 373 2513 387 -—
2547 337 2904 396 ASCETICA.

3584 352 3680 411 1288

557 456 850 513 crederent.
909 457 996 513 Ait
1046 455 1188 512 enim
1244 460 1593 529 evangelista,
1649 460 1768 528 quia
1823 473 1943 512 cum
1990 465 2139 513 esset
2170 466 2221 519 Α
2248 464 2302 509 et
2332 456 2602 511 caelestem
2630 453 3032 523 parvipendere,
3063 456 3349 521 reSpondit:
3381 458 3467 514 Vos
3504 469 3685 524 asrendin

556 548 709 604 Jesus
752 549 1149 619 Hierosolymis,
1198 550 1346 604 multi
1379 551 1717 605 crediderunt
1746 553 1796 604 in
1826 566 1945 605 eum
1975 568 1990 616 ;
2033 550 2129 605 sed

556 638 668 710 ipse
715 657 819 697 non
844 644 1463 712 credebatsemetipsum
1511 647 1609 707 eis,
1640 646 1759 713 quia
1792 644 1866 698 illi
1911 661 2013 699 non
2059 643 2137 699 sic

554 735 842 791 credebant
882 738 934 793 in
961 752 1104 807 eum,
1138 748 1191 791 ut
1218 738 1360 804 digni
1400 748 1578 794 essent
1603 754 1724 793 cum
1752 741 1943 807 quibus
1972 739 2132 794 Chri-

554 838 669 886 stus
696 828 1031 888 familiariter
1075 833 1358 887 habitaret.
1413 832 1557 887 Licet
1586 834 1727 887 enim
1769 832 1877 902 jam
1914 833 2135 887 credere

558 932 890 991 putarentur,
941 925 1052 993 ipse
1080 924 1343 980 introrsus
1384 926 1544 981 corda
1570 940 1754 979 eorum
1806 926 2128 980 intuebatur.

557 1013 667 1069 Hoc
717 1024 800 1070 est
834 1015 975 1069 enim
1020 1015 1161 1086 quod
1208 1016 1421 1083 dicitur,
1457 1034 1514 1070 eo
1534 1018 1672 1087 quod
1701 1017 1808 1085 ipse
1836 1026 2001 1069 nosset
2029 1032 2135 1067 om-

554 1123 661 1161 nes.
707 1106 814 1162 Nec
854 1108 1067 1162 volebat
1109 1123 1137 1161 a
1186 1109 1376 1162 talibus
1427 1108 1723 1177 praedicari,
1772 1123 1901 1176 quos
1943 1105 2137 1175 praevi-

554 1197 713 1251 debat
744 1198 798 1254 in
825 1214 917 1253 sua
965 1200 1210 1267 passione
1241 1215 1395 1269 posse
1421 1199 1789 1255 scandalizari.
1829 1200 1941 1252 Non
1984 1198 2127 1252 enim

554 1285 628 1341 illi
670 1303 803 1355 opus
850 1296 984 1355 erat,
1038 1298 1093 1343 ut
1142 1288 1257 1358 quis
1307 1290 1662 1342 testimonium
1714 1288 2019 1357 perhiberet
2064 1289 2132 1341 de

554 1375 790 1442 homine,
823 1378 937 1447 ipse
964 1378 1105 1432 enim
1136 1379 1340 1433 sciebat
1361 1379 1485 1447 quid
1529 1387 1672 1433 esset
1701 1377 1754 1431 in
1798 1376 2031 1431 hetniue.
2069 1374 2129 1429 lli

554 1467 800 1521 nimirum
828 1476 1009 1540 typum
1058 1470 1309 1523 tenebant
1338 1468 1860 1532 catechumenorum,
1888 1467 1977 1536 qui
2020 1466 2130 1534 jam

552 1560 771 1615 credunt
796 1561 848 1613 in
873 1559 1165 1625 Christum,
1210 1561 1301 1614 sed
1333 1561 1448 1629 ipse
1475 1577 1577 1613 non
1605 1575 1662 1613 se
1688 1558 1855 1613 credit
1880 1559 1979 1621 eis,
2008 1558 2129 1625 quia

553 1651 784 1706 nondum
831 1654 999 1706 renati
1048 1661 1174 1707 sunt
1217 1668 1348 1721 aqua
1381 1651 1728 1720 baptismatis.
1780 1649 1944 1703 Nemo
1993 1650 2123 1703 enim

553 1753 715 1813 potest
744 1745 954 1798 introire
980 1746 1032 1798 in
1078 1761 1289 1812 regnum
1336 1744 1448 1808 Dei,
1485 1745 1583 1797 nisi
1614 1744 1754 1811 prius
1794 1752 1999 1795 renatus
2046 1742 2131 1811 fu-

2239 550 2305 603 ad
2329 551 2460 603 diem
2502 553 2681 617 festum
2708 590 2721 611 ,
2767 564 2856 613 ego
2887 564 2987 600 non
3024 549 3279 601 ascendam
3322 553 3379 602 ad
3414 554 3521 607 diem
3565 559 3687 626 {eum

2236 643 2406 697 istum.
2438 642 2563 695 Cum
2594 642 2754 710 igitur
2782 640 2891 695 lucc
2922 648 2978 694 et
3006 641 3147 706 plura
3180 644 3271 696 alia
3301 645 3357 696 ad
3391 648 3686 717 redarguendos

2235 733 2744 801 confundendosque
2760 736 3004 786 humana:
3027 732 3189 785 laudis
3203 738 3399 803 cupidos
3411 740 3690 806 dixisset,‘tunc

2238 827 2451 897 quidem
2481 827 2665 879 mansit
2693 826 2746 879 in
2774 823 3014 879 Galilwa.
3073 825 3187 880 Jam
3232 840 3385 882 autem
3411 836 3610 887 mediante
3640 839 3690 891 die

2236 923 2363 991 festo
2408 922 2550 991 (nam
2584 935 2678 988 per
2707 931 2830 974 octo
2860 918 2975 974 dies
3021 920 3265 990 agebatur
3304 924 3403 991 ipsa
3429 926 3690 993 solemnius,

2235 1016 2372 1068 sicut
2402 1028 2543 1068 nunc
2572 1013 2767 1067 lectum
2799 1013 2926 1081 est),
2958 1024 3003 1067 et
3034 1013 3137 1083 ipse
3161 1014 3303 1067 Iesus
3330 1020 3537 1070 ascendit.
3566 1020 3612 1073 Et
3633 1024 3693 1074 nti-

2237 1107 2485 1161 rabantur
2512 1103 2684 1157 Judtci
2738 1105 2955 1157 dicentes
2977 1120 2995 1157 :
3025 1106 3278 1169 Quomodo
3321 1108 3392 1159 hic
3439 1111 3587 1162 litteras
3620 1115 3695 1177 scit,

2236 1214 2349 1250 cum
2375 1214 2475 1250 non
2522 1199 2793 1250 didicerit?
2820 1198 3079 1262 Quidnam
3114 1199 3208 1251 hoc
3236 1210 3311 1253 est
3358 1202 3480 1269 quod
3522 1204 3696 1257 Dominus

2236 1295 2521 1351 antequam
2565 1287 2627 1338 ad
2669 1286 3003 1340 festivitatem
3048 1291 3263 1355 veniret,
3288 1293 3695 1357 quarebanttamm

2236 1396 2467 1432 murmur
2486 1396 2701 1449 magnus
2728 1392 2837 1433 erat
2867 1382 2929 1432 de
2951 1381 3101 1448 ipso?
3132 1382 3261 1435 Ecce
3282 1381 3418 1436 adest
3441 1384 3516 1451 qui
3551 1402 3692 1453 quere-

2236 1472 2410 1538 batur,
2434 1472 2590 1525 docet
2620 1473 2707 1541 qui
2734 1472 2950 1532 latebat.
2989 1475 3156 1541 palam
3207 1474 3435 1541 loquitur,
3470 1485 3614 1529 etnon
3649 1488 3698 1530 te-

2236 1565 2481 1618 nebatur.
2503 1564 2606 1619 Sed
2641 1566 2768 1617 illud
2790 1576 2904 1618 erat
2956 1566 3209 1632 exempli,
3243 1565 3335 1619 hoc
3365 1568 3699 1628 potestatisla-

2239 1658 2339 1710 tuit
2364 1658 2526 1719 enim,
2555 1668 2611 1710 ut
2635 1673 2732 1711 nos
2769 1659 2985 1711 doceret
3037 1660 3435 1726 persecutionem
3465 1660 3625 1728 lugere,
3647 1676 3700 1713 se-

2234 1748 2466 1801 cundum
2493 1748 2633 1817 quod
2663 1747 2786 1802 alibi
2821 1750 3059 1817 praecipit
3094 1766 3109 1804 :
3141 1748 3201 1804 Si
3249 1753 3472 1819 persecuti
3490 1768 3559 1805 ros
3575 1753 3700 1821 fuerint

551 1836 644 1888 erit
686 1852 748 1889 ex
772 1852 910 1900 aqua
953 1845 1000 1889 et
1050 1835 1249 1906 Spiritu
1273 1844 1448 1888 sancto
1476 1832 1654 1904 (Joan.
1685 1832 1785 1903 ιιι).
1821 1833 1944 1887 Inde
1974 1834 2130 1887 etiam

2238 1842 2289 1893 in
2318 1858 2418 1895 una
2449 1842 2663 1905 civitate,
2688 1842 2850 1911 fugite
2905 1844 2955 1894 in
3016 1842 3171 1895 aliam
3214 1842 3409 1907 (Matth.
3440 1842 3504 1911 ι).
3525 1844 3574 1897 Ει
3604 1846 3703 1898 mlta-

554 1944 670 1984 mos
720 1928 1112 1985 ecclesiasticus
1177 1930 1403 1984 obtinuit
1468 1937 1526 1982 ιιι
1578 1926 1973 1982 eatechumenis
2026 1941 2130 1980 non

552 2025 838 2079 credantur
884 2021 1139 2094 mysteria
1190 2023 1431 2089 corporis
1480 2031 1532 2076 et
1586 2022 1859 2090 sanguinis
1913 2019 2129 2080 Christi,

555 2132 854 2186 quanquam
907 2116 1004 2185 ipsi
1052 2130 1111 2170 se
1161 2116 1213 2169 in
1253 2114 1523 2169 Christum
1574 2114 1797 2169 credere
1843 2112 2130 2166 fateantur.

555 2209 660 2265 Nos
686 2224 814 2262 vero
840 2208 928 2277 qui
958 2217 1012 2262 et
1061 2210 1110 2261 in
1158 2205 1375 2262 Christo
1422 2208 1528 2274 jam
1577 2210 1765 2269 renati,
1817 2214 1871 2260 et
1911 2204 2133 2259 vivificis

554 2300 796 2371 corporis
855 2302 974 2368 ejus
1025 2297 1370 2353 sacramentis
1422 2313 1604 2351 smnus
1655 2298 1865 2362 initiati,
1916 2311 2132 2365 agamus

553 2393 758 2448 nomini
796 2392 911 2462 ejus
937 2400 1164 2446 aeternas
1212 2391 1427 2459 gratias,
1455 2390 1676 2458 ejusque
1715 2387 2131 2441 misericordiam

558 2484 732 2554 dignis
759 2483 812 2536 in
854 2491 1108 2550 quantum
1158 2478 1453 2533 sufficimus
1503 2478 1743 2532 laudibus
1791 2479 2127 2544 extollamus,

553 2576 646 2645 qui
674 2574 827 2628 nobis
859 2575 929 2626 ita
971 2588 1029 2626 se
1058 2572 1304 2641 dignatus
1330 2582 1411 2625 est
1458 2570 1973 2639 incomprehensibili
2017 2571 2131 2638 pie-

552 2674 663 2721 tate
690 2663 1028 2728 contradere,
1058 2671 1114 2715 ut
1143 2663 1255 2730 ipse
1286 2663 1337 2716 in
1363 2661 1535 2722 nobis,
1568 2670 1620 2715 et
1649 2676 1746 2715 nos
1776 2660 1824 2712 in
1857 2676 1921 2713 eo
1948 2674 2131 2715 mane-

553 2772 754 2812 remus.
805 2755 1049 2824 Magnum
1095 2763 1177 2808 est
1226 2763 1373 2807 certe
1411 2753 1549 2820 quod
1597 2752 1988 2821 praesumimus,
2035 2750 2129 2805 sed

551 2850 728 2906 securi
758 2862 941 2902 sumus
969 2848 1034 2901 de
1074 2846 1191 2917 ejus
1229 2846 1573 2900 veracissima
1623 2845 1997 2913 promissione,
2026 2858 2129 2913 qua

550 2943 657 2998 ait:
690 2942 790 3006 Qui
820 2942 1089 2995 monducat
1130 2955 1294 2992 meam
1332 2954 1555 3000 carnem,
1582 2947 1630 2991 et
1658 2938 1778 2990 bibit
1821 2955 1982 2991 meum
2012 2954 2131 2991 san-

549 3034 776 3103 guinem,
805 3032 859 3086 in
896 3048 974 3085 me
1005 3041 1191 3095 manet,
1221 3038 1266 3083 et
1297 3047 1386 3099 ego
1408 3032 1461 3083 in
1488 3046 1544 3083 eo
1571 3028 1745 3097 (loon.
1773 3029 1867 3100 vi).
1904 3030 2128 3107 Proinde

554 3124 896 3193 inspiciamus
917 3124 1198 3192 diligenter
1222 3123 1506 3191 penetralia
1533 3122 1772 3176 eordium
1797 3129 2117 3185 nostrorum,

549 3227 604 3271 et
642 3184 893 3286 quidquid
943 3184 1085 3269 vitiis
1133 3184 1367 3281 foedum,
1419 3212 1672 3282 quidquid
1725 3212 1993 3267 sordidum
2035 3184 2198 3267 de-c

550 3304 1011 3375 prehenderimus,
1046 3304 1129 3357 his
1156 3307 1419 3373 praecipue
1457 3304 1645 3357 diebus
1676 3302 1990 3358 festinemus
2016 3318 2138 3358 ora-

551 3396 785 3451 tionibus
813 3405 868 3449 et
909 3396 1128 3465 jejuniis
1154 3410 1214 3448 ac
1264 3395 1515 3463 lacrymis
1541 3395 1834 3448 emundare
1880 3396 2131 3463 profusis.

550 3488 952 3544 Praeveniamus
978 3486 1168 3542 faciem
1203 3486 1319 3554 ejus
1349 3486 1400 3540 in
1433 3486 1790 3553 confessione,
1822 3486 1864 3539 si
1891 3489 2132 3555 cupimus

550 3578 665 3648 ejus
692 3579 743 3631 in
775 3579 950 3631 futuro
993 3578 1195 3631 vultum
1246 3592 1466 3631 cernere
1513 3579 1629 3631 sine
1670 3577 2002 3631 confusione.
2052 3578 2131 3634 Ad

550 3672 823 3727 caelestem
854 3671 1074 3740 patriam
1106 3671 1397 3741 gaudentes
1425 3670 1725 3736 tendamus,
1761 3683 1816 3725 ut
1863 3672 2007 3725 nulla
2038 3687 2130 3727 nos

552 3764 729 3819 saeculi
763 3762 967 3833 objecta
1002 3764 1349 3834 praepediant,
1400 3779 1498 3819 nec
1554 3781 1803 3834 prospera
1857 3775 2128 3833 revocent,

551 3870 650 3911 nec
698 3858 920 3911 adversa
967 3858 1255 3912 retardent.
1293 3858 1472 3927 Neque
1518 3860 1659 3913 enim
1703 3860 1807 3915 vile
1836 3872 1925 3914 aut
1966 3862 2130 3916 cadu-

557 3961 677 4002 cum
706 3946 903 4017 aliquid
948 3950 1101 4003 nobis
1148 3951 1493 4018 promittitur,
1544 3951 1635 4006 sed
1681 3953 1809 4006 illud
1858 3953 1998 4023 quod
2041 3970 2133 4008 nec

550 4042 727 4095 oculus
772 4042 917 4105 vidit,
957 4058 1048 4096 nec
1090 4044 1231 4097 auris
1283 4045 1496 4111 audivit,
1548 4062 1638 4099 nec
1684 4047 1738 4099 in
1782 4062 1869 4099 cor
1914 4049 2131 4104 hominis

547 4135 777 4188 ascendit
799 4133 851 4206 (ι
882 4134 1000 4190 Cor.
1029 4135 1131 4207 tt);
1172 4137 1236 4190 ad
1278 4140 1417 4207 quod
1481 4153 1781 4194 mereamur
1827 4141 2122 4210 pervenire,

548 4226 842 4295 opitulante
868 4226 1003 4298 ipso,
1031 4229 1118 4299 qui
1144 4244 1243 4283 nos
1272 4229 1518 4299 dignatus
1547 4240 1630 4286 est
1658 4246 1868 4288 vocare.

1076 4360 1353 4415 llOMILIA
1393 4361 1576 4418 XCIX.

865 4462 919 4502 ut
958 4464 1117 4505 reum
1154 4467 1351 4507 TERTIA
1398 4469 1525 4509 rosr
1565 4453 1785 4510 Ltetare.

621 4554 687 4610 In
709 4557 799 4611 illo
820 4568 1059 4627 tempore,
1080 4566 1194 4632 jam
1220 4563 1300 4616 die
1329 4569 1453 4632 {esto
1479 4568 1745 4632 mediante,
1779 4573 2005 4631 ascendit
2028 4572 2122 4628 Je-
2150 4552 2203 4611 D

546 4669 635 4707 sus
670 4650 1078 4722 Hierosolymam
1099 4655 1151 4707 in
1175 4657 1492 4724 templum,et
1514 4662 1737 4717 docebat.
1776 4664 1838 4716 Et
1872 4667 2123 4722 miraban-

549 4753 630 4798 tur
653 4742 862 4809 Judtei,
902 4747 1121 4799 dicentes
1145 4762 1164 4800 :
1199 4746 1463 4811 Quomodo
1511 4750 1592 4803 hic
1632 4754 1822 4808 litteras
1853 4758 1965 4820 scit,
2009 4775 2122 4812 cum

547 4851 647 4889 non
671 4836 945 4890 didicerit?
977 4845 1079 4892 etc.
1116 4836 1290 4908 (Joan.
1332 4841 1450 4910 vit).

620 4947 675 5000 in
719 4946 944 5001 lectione
987 4964 1105 5017 qua:
1154 4949 1289 5003 hanc
1335 4953 1623 5020 praecedit,
1675 4966 1855 5009 narrat
1907 4967 2122 5015 sanctus

546 5040 863 5108 evangelista
922 5042 1041 5109 quia
1093 5042 1384 5096 ambulabat
1437 5044 1697 5103 Dominus
1740 5049 1794 5102 in
1821 5048 2112 5120 Galilaeam,

547 5146 649 5185 non
679 5133 807 5185 enim
836 5132 1026 5185 volebat
1047 5133 1122 5186 ire
1149 5134 1201 5186 in
1227 5133 1485 5200 Judteam,
1517 5140 1757 5208 quoniam
1786 5139 1960 5195 Judwi
1980 5161 2121 5212 qtae-

546 5222 721 5276 rebant
746 5225 1127 5278 eumoccidere.
1154 5226 1286 5279 Cum
1314 5243 1443 5297 ergo
1496 5228 1564 5282 ibi
1595 5240 1777 5297 esset,
1839 5243 1895 5287 et
1921 5235 1999 5303 (ut
2049 5237 2122 5291 ita

547 5313 745 5369 dictum
770 5314 859 5386 sit)
897 5327 1113 5387 propter
1140 5320 1456 5374 concitatam
1484 5333 1666 5376 contra
1696 5338 1754 5380 se
1794 5330 2124 5394 persecutio-

548 5423 670 5463 nem
696 5408 1051 5475 delitesceret,
1081 5421 1305 5477 essetque
1330 5413 1380 5466 in
1414 5416 1645 5481 proximo
1681 5418 1786 5471 dies
1808 5418 1966 5488 festus
1998 5420 2125 5474 Sce-

549 5502 795 5570 nopegim,
814 5502 1047 5555 dixerunt
1074 5502 1259 5572 fratres
1302 5508 1414 5574 ejus
1442 5507 1511 5558 ad
1539 5523 1652 5560 eum
1675 5522 1694 5560 :
1726 5507 1907 5563 Transi
1932 5512 2048 5564 hinc
2075 5521 2121 5566 et

548 5592 674 5645 uade
710 5592 766 5645 in
816 5591 1053 5647 Judazam
1095 5595 1275 5647 iterum
1302 5639 1315 5663 ,
1372 5607 1425 5649 ut
1451 5607 1496 5650 et
1526 5598 1761 5666 discipuli
1804 5602 1880 5653 tui
1922 5605 2121 5657 videant

550 5697 705 5752 opera
731 5693 817 5737 tua
838 5701 949 5755 qua:
971 5686 1095 5757 facis
1120 5684 1294 5755 (Joan.
1328 5690 1445 5757 vn).
1478 5690 1621 5755 Quos
1651 5694 1837 5747 videns
1866 5694 2119 5753 Dominus

553 5767 764 5830 labilem
792 5785 845 5832 et
872 5776 1124 5833 caducam
1178 5776 1336 5849 hujus
1364 5780 1549 5837 mundi
1570 5782 1790 5854 gloriam
1831 5802 2067 5858 quaerere
2095 5827 2111 5859 ,

2237 1931 2437 1997 bantur,
2462 1932 2653 2000 inquit,
2676 1930 2868 1985 Juda’i.
2904 1933 3244 1997 Mirahantur,
3271 1952 3366 1987 non
3396 1943 3545 1988 tamen
3562 1935 3611 1986 ab
3631 1936 3702 1987 inii-

2235 2025 2450 2079 delitate
2477 2027 2946 2079 convertebantur.
2988 2026 3089 2079 Sed
3126 2028 3259 2080 unde
3289 2028 3567 2083 mirarentur
3588 2029 3702 2096 aperi-

2237 2128 2341 2187 tur,
2370 2134 2491 2173 cum
2519 2120 2763 2172 subditur
2788 2138 2798 2173 :
2837 2119 2984 2173 Unde
3012 2120 3095 2173 hic
3144 2123 3331 2175 litteras
3355 2124 3439 2174 scit
3462 2164 3474 2183 .
3520 2139 3607 2174 cum
3641 2138 3702 2174 non

2234 2213 2508 2267 didicerit?
2564 2213 2836 2267 Noverunt
2888 2216 2973 2268 ubi
3027 2226 3204 2279 natus,
3262 2216 3560 2282 etquomudo
3598 2216 3705 2269 luent

2236 2303 2511 2358 educatus.
2539 2306 2818 2374 Nunquam
2845 2322 2967 2359 eum
2999 2306 3237 2360 viderant
3267 2309 3449 2361 litteras
3471 2310 3703 2371 discmtem,

2235 2395 2510 2451 audierant
2533 2406 2706 2449 tamen
2740 2412 2859 2450 eum
2893 2398 2959 2450 de
2985 2397 3107 2465 lege
3146 2399 3514 2465 disputantem,
3557 2399 3650 2465 legis
3676 2406 3708 2449 et

2238 2490 2613 2557 pr0phetarum
2659 2492 2955 2545 testimonia
3013 2494 3407 2560 proferentem,
3464 2494 3576 2563 quod
3608 2506 3708 2545 nemo

2234 2581 2369 2635 alius
2404 2582 2603 2637 faceret
2651 2586 2736 2650 qui
2773 2584 2939 2653 legem
2977 2585 3148 2653 ipsam
3204 2603 3305 2640 non
3360 2587 3560 2647 legisset.
3602 2584 3709 2637 Nemo

2233 2684 2408 2727 autem
2436 2672 2602 2742 ipsam
2639 2676 2804 2743 legem
2836 2676 3059 2743 legeret,
3090 2678 3191 2730 nisi
3242 2678 3375 2745 prius
3423 2678 3590 2731 litteras
3620 2674 3709 2726 didi-

2232 2766 2411 2821 cisset.
2446 2767 2552 2820 llac
2585 2767 2650 2821 de
2680 2783 2840 2821 causa
2879 2769 3215 2824 mirabantur
3243 2812 3259 2835 ,
3311 2788 3408 2824 non
3451 2769 3710 2838 intelligentes

2231 2874 2350 2913 eum
2406 2859 2536 2925 legis
2592 2873 2863 2916 auctorem
2922 2879 3043 2917 esse
3118 2875 3172 2917 et
3224 2865 3494 2918 Dominum.
3542 2856 3707 2928 Quodsi

2231 2951 2450 3006 credere
2490 2953 2780 3007 voluissent
2814 2995 2829 3019 ,
2890 2970 3227 3023 nequaquam
3269 2955 3635 3017 mirarentur,si
3657 2951 3711 3002 ille

2230 3041 2399 3112 legem
2448 3054 2675 3109 nosset,
2732 3048 2819 3115 qui
2872 3048 3037 3114 ipsam
3099 3049 3269 3119 legem
3319 3049 3538 3102 dedisset.
3586 3045 3710 3096 Verum

2231 3134 2344 3189 base
2395 3136 2606 3190 illorum
2655 3138 2971 3204 admiratio,
3023 3140 3167 3194 facta
3221 3152 3301 3196 est
3350 3137 3552 3195 veritatis
3600 3133 3710 3201 magi-

2236 3236 2387 3289 stro,
2446 3226 2649 3282 altioris
2710 3229 2966 3283 doctrina:
3019 3229 3359 3285 insinuanda:
3417 3231 3598 3283 occasio.
3640 3222 3706 3276 ile-

2235 3318 2451 3386 spondit
2493 3320 2635 3373 enim
2686 3320 2938 3375 Dominus
2989 3323 3193 3392 aliquid
3236 3323 3556 3393 profundum,
3587 3326 3623 3372 et
3655 3323 3707 3367 al-

2235 3410 2429 3463 tentius
2464 3411 2869 3477 inspiciendum.
2926 3413 3058 3467 Nam
3112 3418 3388 3484 sequitur:
3419 3411 3625 3484 Respondi!
3652 3406 3698 3457 αἱ

2231 3498 2382 3554 Iesus
2404 3516 2443 3554 :I
2462 3500 2580 3553 Mea
2624 3504 2856 3557 doctrina
2887 3522 2985 3559 non
3040 3519 3121 3560 est
3151 3524 3262 3562 mea
3289 3550 3305 3573 ,
3348 3508 3429 3561 sed
3470 3512 3550 3577 ejus
3572 3500 3626 3573 qni
3645 3510 3699 3549 πιι

2233 3592 2387 3645 misit.
2444 3593 2630 3647 Paucis
2674 3594 2848 3649 verbis
2889 3600 3039 3665 quasi
3097 3599 3418 3653 contrarium
3460 3595 3607 3661 aliquid
3633 3590 3702 3642 Do-

2234 3685 2404 3736 minus
2444 3682 2648 3738 dixisse
2691 3687 2916 3741 videtur.
2953 3688 3067 3742 Non
3113 3692 3261 3744 enim
3307 3694 3397 3754 ait,
3420 3688 3506 3742 [sta
3547 3682 3707 3738 doctrina

2242 3788 2344 3828 non
2376 3785 2455 3828 est
2473 3777 2715 3837 mea,sed
2750 3777 2863 3831 Mea
2890 3778 3133 3833 doctrina
3167 3799 3272 3835 non
3299 3793 3376 3835 est
3400 3797 3515 3834 mea.
3536 3780 3709 3843 ρυει-ιρη-

2231 3865 2355 3918 dum
2386 3881 2513 3935 ergo
2543 3866 2666 3936 quid
2692 3868 2782 3932 sit,
2804 3885 2917 3923 mea
2945 3871 3188 3925 doctrina
3210 3890 3311 3926 non
3342 3885 3409 3925 est
3428 3888 3537 3924 mea.
3561 3867 3604 3922 Si
3620 3864 3708 3918 ellllll

2231 3973 2347 4025 sua,
2377 3962 2646 4028 quomodo
2678 3977 2781 4016 non
2813 3965 2944 4017 sua?
2983 3967 3090 4020 Sed
3133 3968 3425 4022 recolamus
3447 3964 3552 4035 quid
3592 3964 3710 4014 beatus

2230 4050 2466 4108 Joannes
2500 4056 2552 4107 in
2580 4057 2798 4109 exordio
2837 4058 2991 4125 hujus
3015 4061 3283 4130 evangelii
3314 4059 3509 4126 dixerit,
3535 4066 3576 4108 et
3594 4053 3643 4107 ibi
3661 4062 3710 4101 ιθ-

2230 4144 2404 4212 perire
2437 4148 2732 4212 poterimus
2761 4148 2914 4216 hujus
2968 4152 3298 4206 solutionem
3348 4147 3624 4220 quaestionis.
3660 4139 3712 4193 Ail

2228 4236 2369 4290 enim
2391 4253 2403 4289 :
2430 4235 2497 4290 In
2518 4239 2769 4308 principio
2797 4251 2903 4293 erat
2949 4241 3257 4311 Verbum,et
3293 4243 3498 4298 Verbum
3518 4245 3603 4293 erat
3626 4228 3713 4299 apud

2230 4326 2411 4391 Deum,
2442 4337 2488 4382 et
2520 4328 2654 4383 Deus
2680 4341 2784 4383 erat
2820 4330 3062 4389 Verbum.
3125 4337 3258 4401 Quae
3286 4346 3366 4389 est
3393 4348 3509 4402 ergo
3551 4325 3713 4382 doctrina

2232 4416 2435 4483 Patris,
2470 4419 2568 4475 nisi
2605 4424 2819 4475 verbum
2852 4424 3066 4477 Patris?
3098 4427 3328 4481 Verbum
3355 4428 3486 4481 enim
3508 4464 3521 4488 ,
3560 4416 3714 4483 alicujus

2230 4518 2311 4562 est
2342 4510 2581 4564 verbum.
2608 4511 2679 4565 Et
2697 4512 2816 4567 ideo
2844 4530 2991 4568 suam
3015 4516 3320 4572 doctrinam
3344 4518 3467 4571 dixit
3488 4530 3574 4568 non
3598 4520 3714 4565 suam.

2230 4602 2350 4669 quia
2385 4604 2495 4669 ipse
2522 4619 2625 4658 non
2656 4620 2687 4659 a
2715 4620 2772 4659 se
2807 4616 2905 4673 est,
2941 4609 3033 4662 sed
3081 4612 3309 4665 verbum
3342 4610 3499 4665 Patris
3520 4593 3718 4666 e.sl-Q‘l‘~d

2229 4706 2355 4762 ergo
2381 4694 2455 4748 ait
2480 4711 2493 4745 :
2530 4694 2647 4748 Mea
2675 4697 2906 4751 doctrina
2936 4717 3035 4753 non
3071 4712 3149 4756 est
3181 4719 3292 4756 mea
3317 4746 3333 4771 ,
3393 4701 3485 4755 tale
3532 4706 3597 4750 est
3627 4706 3669 4745 ac
3693 4685 3719 4737 si

2228 4784 2464 4840 diceret:
2502 4788 2611 4856 Ego
2641 4790 2728 4858 qui
2757 4790 2946 4855 doceo,
2974 4809 3078 4847 non
3140 4810 3262 4849 sum
3318 4811 3346 4849 a
3394 4793 3587 4857 tueipso.
3630 4784 3714 4836 Cum

2228 4879 2369 4933 enim
2420 4883 2701 4935 credamus
2749 4896 2801 4937 et
2851 4886 3207 4941 confiteantur
3258 4888 3440 4941 Filium
3489 4881 3602 4937 Patri
3643 4884 3718 4926 θέει

2226 4973 2485 5041 aequalem
2521 4990 2611 5038 per
2646 4975 3001 5041 divinitatem,
3033 4994 3134 5032 nec
3197 4982 3357 5033 ullam
3390 4978 3650 5045 recipiamus
3670 4967 3719 5014 ω’

2228 5071 2307 5116 ter
2336 5073 2677 5132 generantem
2708 5078 2755 5121 et
2790 5068 3025 5137 genitum
3050 5071 3135 5123 vel
3156 5081 3359 5124 naturae
3392 5070 3464 5123 vel
3493 5054 3717 5118 substantia!

2225 5154 2601 5220 differentiam,
2638 5171 2810 5213 tamen
2841 5162 2927 5215 ille
2950 5161 3141 5227 Pater,
3179 5165 3268 5218 ille
3318 5162 3490 5218 Filius.
3531 5159 3581 5211 Et
3617 5152 3720 5204 Ρδιθτ

2225 5248 2437 5316 quidem
2467 5250 2531 5303 de
2550 5250 2711 5313 nullo,
2730 5256 2850 5320 quia
2882 5253 2947 5306 de
2974 5268 3031 5307 se
3054 5254 3203 5308 Deus
3231 5266 3332 5309 est.
3357 5254 3508 5307 Filius
3531 5262 3629 5303 veru
3652 5251 3719 5291 ιίοιι

2226 5336 2292 5390 de
2319 5353 2401 5404 se,
2429 5339 2522 5392 sed
2553 5340 2617 5393 de
2644 5340 2795 5393 Patre
2842 5343 3051 5410 genitus
3102 5356 3189 5398 est
3221 5347 3381 5410 Deus,
3408 5344 3528 5395 sicut
3560 5329 3720 5400 Spiri"ts

2229 5440 2441 5484 sanctus
2466 5449 2492 5482 a
2521 5431 2674 5486 Patre
2690 5436 2990 5499 prooeditet
3018 5435 3181 5490 Filio.
3204 5438 3269 5491 Et
3295 5438 3344 5489 hi
3369 5449 3467 5490 tres
3482 5444 3593 5486 unus
3613 5426 3722 5478 οευε,

2231 5536 2387 5575 unum
2418 5522 2615 5585 lumen,
2649 5540 2747 5577 una
2783 5527 3015 5592 potentia
3051 5568 3064 5591 ,
3127 5544 3235 5582 una
3266 5528 3519 5596 majestas.
3546 5520 3598 5574 Ει
3637 5508 3717 5581 (ιιιίί

2228 5610 2327 5666 hoc
2359 5622 2461 5666 tam
2497 5615 2816 5683 profundum
2863 5619 3179 5686 mysterium
3216 5620 3424 5674 videbat
3465 5632 3553 5669 non
3592 5611 3721 5662 om"es

2228 5720 2384 5773 posse
2408 5706 2725 5778 intelligere,
2758 5710 2848 5764 dat
2869 5712 3155 5766 consilium
3188 5713 3319 5782 quid
3349 5719 3545 5781 agentes
3562 5702 3613 5756 ad
3630 5689 3715 5750 illud

2224 5799 2525 5870 pertingere
2553 5801 2811 5857 valerent.
2841 5803 2903 5858 Si
2928 5804 3061 5874 quis,
3094 5804 3297 5876 inquit,
3327 5802 3523 5860 voluerit
3556 5792 3721 5850 soluts-
