3972 6340
241 376 354 431 ιξδο

1142 372 1608 432 ιιοιιιιιΑιιιυε.
1644 403 1714 414 -
1752 373 1916 430 nou.
1954 373 2044 430 DE
2082 334 2430 431 Taureae.

3290 375 3429 433 1390

237 498 315 544 lem
335 492 424 560 ejus
443 493 633 559 facere,
656 500 919 560 cognoscet
946 490 1010 541 de
1059 488 1290 544 doetrma
1319 505 1450 555 mea,
1478 501 1646 542 utrum
1692 505 1755 543 ex
1782 491 1835 551 Α
1859 486 2104 556 implere,
2127 490 2222 543 sed
2252 497 2436 559 aperta
2466 490 2815 545 revincuntur
2841 493 3125 548 sententia.
3160 492 3425 550 Lexenim

236 582 327 637 Deo
342 582 411 643 sit,
436 597 504 633 an
530 596 621 650 ego
649 580 878 650 loquore
906 582 1115 649 meipso.
1147 580 1202 636 Si
1248 582 1368 651 quis
1408 582 1637 637 voluerit
1664 596 1757 635 vo-

236 674 448 727 luntatem
481 672 651 726 Patris
681 674 874 736 iacere,
905 673 1007 726 hoc
1060 680 1164 736 est,
1204 673 1245 726 si
1274 673 1393 742 quis
1433 673 1660 727 voluerit
1706 674 1757 726 in

232 764 388 821 Filium
418 763 531 832 ejus
555 763 796 830 credere,
821 772 1103 833 cognoscet
1132 764 1200 818 de
1227 763 1468 819 doctrina
1491 780 1628 830 mea,
1656 765 1760 821 hoc

230 865 317 921 est,
340 854 597 923 intelliget.
621 855 760 925 Ergo
787 855 1087 910 intellectus
1115 864 1199 911 est
1217 871 1425 912 merces
1449 856 1594 912 ﬁdei.
1640 857 1755 912 Non

228 945 732 1016 ergointelligendum
760 956 844 1001 est
872 956 929 1000 ut
949 947 1265 1014 credamus,
1311 947 1407 1002 sed
1456 949 1599 1015 prius
1643 964 1760 1004 cre-

226 1038 422 1093 dendum
453 1049 510 1094 ut
540 1039 913 1108 intelligamus.
943 1041 1212 1107 Scriptum
1261 1056 1489 1110 namque
1542 1053 1626 1097 est
1651 1060 1663 1095 :
1694 1042 1757 1098 Si

226 1147 314 1184 non
337 1132 656 1195 credideritis,
695 1148 797 1185 non
838 1132 1130 1203 intelligetis
1159 1131 1300 1205 (ιω.
1351 1134 1468 1204 vn).
1506 1135 1648 1204 Ergo
1678 1134 1757 1188 la-

220 1223 395 1277 ciamus
418 1222 737 1277 voluntatem
759 1223 945 1286 Patris,
979 1224 1079 1279 hoc
1104 1236 1207 1290 est,
1254 1228 1536 1281 credamus
1582 1228 1634 1280 in
1668 1225 1757 1280 ιη.

219 1313 332 1368 lium
352 1313 431 1368 Dei
457 1314 646 1368 Patris.
674 1315 799 1368 llaec
818 1323 900 1370 est
922 1317 1164 1370 voluntas
1194 1317 1387 1382 Patris,
1426 1316 1575 1387 juxta
1605 1317 1748 1385 quod

214 1402 327 1458 alibi
346 1400 469 1456 idem
500 1403 660 1457 Filius
684 1405 847 1459 dicit:
883 1404 1000 1459 Hoc
1026 1414 1100 1460 est
1146 1423 1275 1473 opus
1310 1407 1424 1471 Dei,
1449 1418 1504 1462 ut
1534 1410 1758 1463 credatis

214 1492 265 1546 in
288 1508 387 1544 eum
411 1508 555 1562 quem
583 1494 721 1547 misit
747 1495 834 1550 ille
858 1493 1036 1565 (loan.
1065 1496 1164 1561 vi).
1198 1495 1575 1569 Cognoscenda
1620 1513 1757 1554 sane

214 1591 288 1636 est
305 1585 587 1637 necessario
610 1584 767 1653 hujus
798 1586 946 1640 verbi
972 1596 1275 1653 structura;
1308 1588 1450 1641 aliud
1480 1589 1623 1642 enim
1674 1596 1757 1643 est

211 1689 323 1729 cum
347 1674 559 1730 dicimus
586 1691 681 1745 per
726 1678 956 1731 dativum
1005 1693 1187 1732 casum
1227 1678 1401 1734 Credo
1445 1681 1560 1747 tibi,
1610 1682 1755 1736 aliud

210 1779 299 1833 per
320 1765 873 1832 accusativum,Credo
896 1768 946 1823 in
971 1760 1041 1823 te.
1069 1769 1302 1824 Dicimus
1322 1780 1471 1827 certe
1500 1787 1597 1827 nos
1629 1789 1753 1829 cre-

1859 582 2205 637 homicidium
2232 591 2397 648 vetat,
2422 583 2690 652 quomodo
2744 598 2874 654 ergo
2901 584 3070 653 legem
3129 582 3424 654 faciebant,

1858 672 1947 743 qui
1974 671 2302 728 Salvatorem
2332 674 2632 728 interﬁcere
2662 673 2998 744 cogitabant?
3022 672 3154 730 Nam
3176 677 3221 731 si
3251 677 3424 746 legem

1859 772 2004 819 recte
2031 765 2304 834 legissent,
2335 774 2387 819 et
2409 780 2571 833 opere
2598 763 3002 834 implevissent,
3046 765 3102 820 in
3128 766 3257 835 ipsis
3277 767 3425 824 Scri-

1860 855 2030 923 pturis
2057 855 2169 909 suis
2197 854 2464 910 Christum
2496 866 2844 925 agnoscerent
2877 901 2893 925 ,
2948 865 3002 911 et
3047 873 3314 928 nunquam
3360 861 3429 914 de

1859 942 1977 1012 ejus
2007 954 2178 1000 morte
2206 953 2544 1000 tractassent.
2578 946 2861 1016 Respondit
2912 948 2960 1000 ei
3014 948 3178 1002 turba.
3208 948 3383 1005 Turba
3408 989 3426 1017 ,

1858 1034 2047 1104 inquit,
2081 1037 2283 1090 incerta
2314 1052 2528 1105 semper
2551 1047 2607 1091 et
2650 1038 2881 1103 turbata,
2913 1039 3056 1093 nullo
3083 1042 3301 1096 rationis
3338 1058 3427 1096 or-

1859 1124 1981 1180 dine
2012 1126 2250 1193 praedita.
2287 1125 2603 1182 Damonium
2632 1128 2805 1185 habes.
2833 1130 2958 1195 Quis
2981 1138 3028 1183 te
3053 1132 3232 1200 quierit
3268 1134 3428 1189 inter-

1859 1217 2041 1283 ficere!
2064 1218 2107 1271 0
2132 1221 2305 1273 scelus
2344 1219 2694 1287 ineXpiabile!
2726 1236 2760 1275 ο
2805 1222 3134 1293 blasphemia
3163 1240 3335 1296 neque
3372 1228 3426 1282 in

1858 1308 1961 1363 hoc
1981 1310 2179 1363 saeculo
2210 1325 2383 1378 neque
2410 1310 2463 1365 in
2493 1312 2670 1367 futuro
2717 1314 3068 1369 remittenda!
3098 1314 3232 1370 Nam
3281 1317 3429 1387 pejus

1862 1398 1957 1451 luit
2006 1397 2107 1453 hoc
2135 1399 2316 1454 dicere
2345 1416 2504 1469 quam
2533 1400 2805 1456 Christum
2836 1406 3102 1470 occidere,
3125 1407 3174 1460 ei
3202 1421 3432 1478 namque

1857 1489 2136 1545 dicebant:
2167 1493 2496 1547 Demonium
2519 1493 2704 1559 habes,
2738 1495 2940 1562 quisuo
2962 1496 3186 1564 imperio
3231 1498 3433 1554 darmo-

1858 1582 1946 1637 nia
1974 1584 2297 1650 expellebat.
2327 1584 2652 1639 Obturanda:
2681 1597 2861 1640 essent
2888 1600 3044 1642 aures
3080 1586 3147 1641 ad
3179 1595 3286 1642 tam
3315 1603 3435 1644 sce-

1860 1676 2051 1733 lestam
2091 1679 2466 1733 contumeliam
2502 1720 2518 1744 ,
2568 1678 2671 1733 nisi
2720 1678 2887 1748 ipsius
2934 1679 3143 1735 Domini
3194 1682 3438 1750 exemplo

1858 1769 2190 1824 disceremus
2220 1770 2419 1826 habere
2469 1772 2802 1840 patientiam.
2825 1769 3009 1841 Neque
3050 1788 3078 1825 a
3123 1771 3336 1828 furiosis
3380 1785 3436 1830 et

209 1856 326 1912 dere
353 1856 522 1923 Paulo,
554 1858 650 1912 sed
680 1873 784 1914 non
834 1861 886 1914 in
943 1860 1188 1917 Paulum.
1248 1863 1479 1920 Dicimus
1529 1867 1754 1924 credere
1786 1858 1834 1918 Β
1862 1863 2083 1918 turbatis
2112 1866 2224 1918 hac
2248 1864 2473 1920 audiens
2510 1865 2750 1920 turbatus
2776 1874 2879 1932 est,
2903 1864 2999 1920 sed
3047 1864 3100 1919 in
3149 1879 3245 1919 sua
3288 1865 3435 1920 veri-

205 1961 301 2004 nos
329 1946 489 2013 Petro,
520 1948 614 2003 sed
641 1964 746 2003 non
784 1950 836 2003 in
862 1950 1098 2006 Petrum.
1150 1953 1290 2023 Ergo
1334 1955 1476 2010 aliud
1502 1964 1588 2010 est
1637 1972 1758 2013 cre-

204 2036 326 2093 dere
348 2038 469 2104 Deo,
496 2038 641 2093 aliud
671 2040 891 2096 credere
914 2043 967 2096 itt
985 2042 1171 2097 Deum.
1197 2045 1428 2100 Credere
1450 2047 1592 2102 enim
1625 2047 1757 2115 Deo,

203 2138 283 2183 est
306 2128 469 2184 verbis
498 2130 638 2184 illius
668 2128 827 2186 ﬁdem
848 2137 1276 2204 acoentmodare,
1296 2140 1587 2196 secundum
1616 2144 1760 2211 quod

202 2223 355 2277 etiam
377 2221 646 2279 daemones
675 2227 898 2281 credunt
918 2228 967 2282 ei
992 2270 1007 2291 ,
1068 2239 1122 2284 et
1150 2234 1591 2291 contremiscunt.
1634 2234 1763 2290 Cre-

200 2313 322 2370 dere
343 2331 463 2370 vero
486 2319 537 2371 in
570 2318 756 2385 Deum,
784 2332 865 2375 est
914 2322 1081 2377 Deum
1110 2326 1379 2380 credendo
1404 2341 1610 2394 amare,
1631 2343 1760 2385 cre-

198 2407 365 2462 dendo
388 2408 623 2479 diligere,
653 2412 907 2467 membris
932 2413 1048 2485 ejus
1095 2416 1365 2471 credendo
1405 2420 1757 2486 incurporari.

200 2500 321 2555 Haec
345 2509 421 2555 est
449 2500 582 2557 ﬁdes
609 2519 765 2573 quam
791 2520 820 2558 a
850 2506 1005 2560 nobis
1030 2507 1191 2575 exigit
1215 2509 1372 2573 Deus,
1403 2526 1523 2579 qua:
1559 2526 1652 2579 per
1673 2512 1759 2565 tli-

194 2588 472 2649 lectionem
494 2606 765 2662 operatur.
794 2595 850 2651 Si
909 2599 1031 2666 quis
1082 2614 1211 2668 ergo
1264 2600 1392 2654 facit
1438 2602 1761 2657 voluntatem

190 2681 360 2742 Patris
388 2685 653 2739 credendo
683 2684 734 2741 in
766 2686 806 2741 F
812 2688 956 2742 ilium
997 2689 1115 2759 ejus
1139 2732 1154 2756 ,
1214 2704 1502 2761 cognoscet
1551 2695 1620 2748 de
1667 2693 1763 2748 do-

190 2777 357 2831 ctrina
385 2775 601 2846 Christi,
635 2780 758 2848 quia
789 2796 895 2834 non
932 2780 1166 2843 aliunde.
1199 2798 1304 2837 non
1334 2785 1402 2838 de
1456 2785 1643 2853 nihilo,
1669 2786 1764 2842 sed

186 2873 258 2928 de
285 2874 435 2929 Patre
467 2884 572 2941 est,
605 2890 825 2932 manens
852 2877 904 2932 in
926 2877 1102 2944 Patre,
1124 2881 1341 2948 aequalis
1371 2880 1534 2935 Patri.
1587 2881 1689 2947 Qui
1731 2898 1765 2937 a

186 2970 452 3039 semetipso
478 2970 721 3041 loquitur,
769 2971 987 3043 gloriam
1020 2974 1282 3043 propriam
1325 2976 1527 3044 quierit.
1558 2975 1762 3040 Quibus

186 3060 366 3115 verbis
403 3062 784 3117 Anticltristum
843 3074 1031 3129 notat,
1086 3066 1392 3122 thesaurum
1443 3067 1679 3135 malitiae,
1708 3078 1765 3124 et

183 3153 502 3221 perditionis
530 3154 729 3210 ﬁlium:
764 3155 882 3222 Qui,
920 3166 976 3211 ut
1022 3160 1306 3226 Apostolus
1333 3160 1426 3226 ait,
1458 3143 1759 3213 adversatur

1865 1963 1971 2008 tate
1997 1955 2309 2022 tranquillus
2336 1970 2675 2021 permanens,
2706 1970 2811 2010 non
2842 1955 3075 2010 reddidit
3100 1958 3297 2010 malum
3335 1969 3434 2025 pro

1863 2045 2048 2113 malo,
2109 2060 2210 2103 nec
2259 2045 2597 2101 maledictum
2657 2062 2752 2115 pro
2795 2047 3099 2103 maledicto.
3154 2047 3355 2115 Quibus
3389 2047 3439 2102 si

1863 2140 2190 2208 respondere
2222 2140 2508 2195 voluisset:
2544 2138 2651 2195 Vos
2676 2143 2851 2209 potius
2868 2139 3432 2207 habetisdaemonium,

1865 2243 2043 2283 verum
2076 2230 2256 2299 utique
2282 2230 2503 2285 diceret.
2532 2226 2642 2284 Nisi
2670 2232 2810 2284 enim
2861 2232 2998 2297 pleni
3029 2241 3208 2287 essent
3236 2231 3439 2287 daemo-

1865 2320 1977 2388 uio,
2009 2322 2149 2391 loqui
2178 2335 2281 2375 non
2305 2331 2522 2389 possent
2543 2331 2645 2375 tam
2680 2337 2928 2391 perverse
2947 2325 3015 2378 de
3042 2324 3173 2379 Deo.
3201 2322 3435 2395 Respon-

1863 2413 1938 2466 dit
1958 2428 2078 2482 ergo
2104 2413 2176 2467 eis
2195 2428 2214 2467 :
2249 2411 2418 2467 Unum
2448 2429 2577 2481 opus
2607 2415 2722 2484 feci,
2752 2422 2798 2468 et
2823 2429 2993 2468 omnes
3036 2415 3311 2469 miramini.
3364 2416 3440 2470 Ac

1863 2506 1906 2558 si
1938 2504 2175 2559 diceret:
2218 2505 2355 2571 Quid
2387 2514 2588 2559 tantum
2619 2506 2885 2561 miramini
2910 2508 2959 2561 in
2981 2506 3260 2562 sanatione
3276 2506 3438 2561 unius

1865 2596 2096 2653 hominis
2151 2608 2403 2664 quantum
2449 2598 2774 2654 miraremini
2803 2600 2847 2654 si
2896 2601 3073 2655 omnia
3130 2615 3292 2669 opera
3320 2614 3441 2656 mea

1864 2687 2152 2743 videretis?
2184 2686 2350 2743 Unam
2380 2689 2523 2744 enim
2552 2703 2663 2743 rem
2688 2687 2906 2758 fecerat,
2935 2701 3214 2746 sanaverat
3236 2690 3288 2745 in
3314 2693 3443 2745 sab-

1864 2781 1989 2836 bato
2017 2782 2390 2851 paralyticum,
2412 2781 2500 2851 qui
2549 2782 2759 2850 triginta
2780 2792 2833 2837 et
2889 2790 3009 2837 octo
3043 2782 3198 2837 annis
3227 2782 3445 2837 decum-

1864 2872 2045 2939 bebat,
2074 2884 2126 2928 et
2158 2873 2350 2927 turbati
2406 2883 2571 2941 sunt,
2620 2874 2741 2943 quia
2772 2888 2875 2929 non
2910 2874 3272 2944 intelligebant
3317 2890 3443 2930 eum

1864 2981 1984 3022 esse
2031 2944 2301 3022 auclorem
2342 2965 2546 3023 sabbati
2597 2966 2777 3037 (Joan.
2824 2966 2899 3035 v).
2944 2967 3060 3023 Non
3108 2967 3446 3023 destrinxerat

1864 3056 2166 3125 sabbatum,
2198 3058 2467 3113 hominem
2499 3059 2551 3113 in
2588 3073 2655 3113 eo
2677 3060 2934 3127 sanando,
2967 3059 3089 3130 quia
3119 3059 3185 3112 ad
3215 3059 3442 3114 salutem

1868 3147 2399 3205 hominum'sabbati
2447 3151 2686 3206 custodia
2734 3150 2908 3207 fuerat
2971 3150 3115 3205 data.
3162 3151 3447 3217 PrOpterea

181 3211 235 3301 et
265 3248 522 3300 extollitur
558 3264 716 3314 supra
744 3211 889 3303 omne
916 3252 1053 3318 quod
1070 3211 1597 3318 ’ἀέξειηῖυέυζξααῖ
1789 3211 1836 3275 C
1866 3238 2068 3310 Moyses
2103 3239 2239 3294 dedit
2267 3240 2404 3295 vobis
2433 3241 2887 3304 circumcisionem,
2913 3257 3017 3295 non
3042 3242 3163 3311 quia
3184 3256 3247 3293 ea:
3270 3240 3448 3311 Moyse

179 3337 392 3408 colitur,
406 3339 477 3390 ita
498 3348 554 3391 ut
574 3340 625 3392 in
643 3342 828 3411 templo
845 3340 937 3394 Dei
949 3342 1142 3407 sedeat,
1166 3344 1433 3398 ostendens
1448 3359 1503 3402 se
1525 3354 1763 3412 tanquam

174 3429 249 3483 sit
275 3425 418 3482 Deus
448 3428 534 3500 (11
566 3430 713 3485 Thes.
732 3433 815 3503 ιι).
847 3432 942 3488 Hic
968 3449 1093 3501 ergo
1117 3450 1239 3489 cum
1266 3435 1489 3500 venerit,
1514 3452 1543 3489 a
1565 3446 1763 3490 semet-

177 3521 301 3587 ipso
338 3520 579 3588 loquetur
612 3535 708 3575 sua
754 3538 813 3577 se
840 3526 1155 3580 auctoritate
1189 3526 1418 3591 venisse,
1464 3544 1568 3582 non
1597 3528 1764 3583 τι)εο

171 3608 407 3662 missum
442 3610 645 3673 dicens,
672 3627 767 3667 nec
804 3613 922 3680 Dei,
956 3614 1048 3669 sed
1099 3630 1247 3667 suam
1280 3618 1595 3681 quaesiturus
1653 3619 1764 3686 glo-

170 3698 341 3752 riam.
379 3700 454 3754 De
482 3716 586 3767 quo
610 3701 733 3755 alibi
781 3703 907 3757 dicit
936 3722 948 3755 :
983 3702 1096 3774 Ego
1126 3706 1235 3758 ueni
1284 3706 1338 3758 in
1370 3710 1568 3760 nomine
1591 3704 1765 3762 Patris

166 3791 301 3851 mei,
324 3799 374 3842 et
406 3808 504 3844 non
526 3795 817 3862 suscepistis
868 3812 944 3848 me
962 3810 983 3859 ;
1018 3797 1062 3848 si
1101 3795 1235 3849 alius
1266 3798 1452 3850 venerit
1482 3798 1534 3849 in
1566 3798 1767 3852 nomine

163 3897 309 3943 suo,
345 3880 491 3934 illaut
514 3886 771 3953 accipietis
798 3885 974 3955 (Joau.
1007 3887 1079 3957 v).
1112 3887 1211 3953 Qui
1251 3898 1417 3941 autem
1450 3890 1632 3959 quierit
1658 3888 1766 3960 glo-

162 3974 314 4025 riam
337 3977 454 4041 eius
482 3976 566 4045 qui
595 3977 731 4029 misit
762 3993 894 4040 eum,
919 3977 1001 4030 hic
1023 3995 1176 4033 verax
1203 3990 1313 4043 est,
1360 3990 1407 4033 et
1433 3980 1685 4050 injustitia
1714 3982 1768 4033 in

159 4064 268 4119 illo
294 4082 404 4118 non
430 4078 529 4121 est;
561 4068 629 4123 Se
656 4071 836 4137 utique
886 4070 1140 4126 Dominus
1166 4072 1248 4126 his
1281 4072 1458 4127 verbis
1497 4074 1763 4141 insinuat,

157 4158 264 4228 qui
303 4172 436 4212 cum
464 4174 555 4226 per
578 4160 909 4215 divinitatem
952 4163 1169 4231 aequalis
1216 4173 1357 4218 esset
1394 4163 1558 4231 Patri,
1590 4174 1765 4220 tamen

154 4265 271 4319 per
306 4261 623 4319 susceptam
650 4252 790 4307 servi
823 4252 1043 4307 fortnam
1089 4269 1348 4329 apparens
1405 4255 1457 4309 in
1487 4266 1726 4321 tempore
1748 4293 1765 4321 ,

152 4356 259 4412 qui
294 4353 424 4397 erat
470 4354 680 4399 creator
722 4357 1043 4415 temporum,
1074 4362 1180 4402 non
1210 4362 1380 4414 suam,
1434 4347 1529 4404 sed
1570 4348 1763 4413 Patris,

149 4435 435 4506 qumsivit
464 4438 708 4506 gloriam.
743 4439 835 4494 Vel
869 4439 1019 4495 nobis
1047 4448 1192 4494 certe
1244 4454 1338 4509 per
1393 4439 1493 4494 hoc
1542 4439 1768 4509 praebuit

145 4525 497 4595 exemplum
524 4528 851 4583 humilitatis.
886 4540 941 4582 ut
982 4544 1078 4583 nos
1107 4530 1195 4598 qui
1242 4530 1357 4598 puri
1385 4531 1632 4584 homines
1673 4546 1766 4584 su-

141 4634 322 4685 mus,
364 4634 471 4674 nec
490 4636 553 4675 ex
581 4622 735 4675 nobis
772 4621 896 4674 boni
926 4622 1212 4690 quidquam
1271 4635 1572 4689 possumus,
1605 4631 1770 4675 totum

138 4710 289 4766 Deo
314 4710 652 4776 tribuamus,
674 4711 738 4764 ad
760 4709 875 4780 ejus
893 4712 1098 4766 laudem
1124 4720 1178 4766 et
1199 4712 1419 4780 gloriam
1452 4712 1769 4779 referamus,

134 4817 294 4859 cum
334 4802 429 4855 vel
462 4802 585 4857 buni
610 4804 807 4871 aliquid
837 4804 1077 4869 iacimus,
1110 4803 1194 4859 vel
1221 4806 1335 4872 ejus
1360 4804 1618 4874 largiente
1645 4805 1765 4860 cle-

130 4894 389 4950 mentia
422 4903 569 4949 recte
599 4893 900 4963 Scripturas
941 4895 1080 4948 illius
1110 4895 1470 4964 intelligimus.
1530 4895 1634 4951 Sed
1668 4912 1767 4952 nos

126 5003 168 5041 e
196 4984 517 5040 contrario
547 4984 685 5039 bona
720 5000 837 5053 qua
890 4985 1113 5053 agimus,
1149 4986 1299 5038 nobis
1350 4986 1581 5056 superbe
1608 4988 1776 5041 ascri-

120 5078 391 5140 bimus,
418 5078 557 5129 mala
579 5091 705 5129 vero
755 5083 934 5130 nostra
986 5076 1212 5130 creatori
1254 5087 1437 5129 nostro
1475 5078 1774 5147 irrugamus

116 5179 481 5225 causantes
508 5167 647 5237 quod
679 5167 810 5222 tales
839 5182 935 5223 nos
983 5167 1182 5223 fecerit.
1237 5166 1478 5222 Christus
1517 5184 1643 5223 vero
1674 5170 1770 5223 Do-

112 5262 365 5319 minus
398 5268 584 5313 noster
603 5258 824 5328 gloriam
850 5259 1022 5313 Patris
1051 5260 1343 5330 quaerebat,
1376 5270 1428 5315 et
1450 5261 1647 5315 idcirco
1679 5274 1772 5316 ve-

114 5371 251 5411 rax
294 5361 423 5417 est,
457 5362 513 5406 et
541 5352 798 5421 injustitia
829 5354 879 5406 in
909 5354 997 5407 illo
1045 5369 1147 5407 non
1199 5361 1302 5408 est.
1341 5354 1396 5407 In
1439 5354 1772 5409 Anticltristo

112 5461 302 5507 vero
341 5444 611 5517 iniustitia
642 5456 744 5512 est,
777 5454 830 5500 et
861 5461 1018 5500 verax
1048 5462 1151 5499 non
1184 5455 1283 5509 est,
1314 5447 1431 5515 quia
1463 5460 1639 5514 suam,
1674 5462 1776 5501 non

110 5540 253 5597 Dei
296 5535 573 5606 gloriam,
594 5537 910 5604 quaesiturus
954 5546 1053 5587 est.
1088 5535 1198 5588 Non
1239 5546 1318 5589 est
1344 5552 1371 5588 a
1402 5536 1511 5589 Deo
1542 5538 1736 5589 missus
1760 5575 1777 5601 ,

96 5630 251 5689 sed
299 5629 513 5681 venire
544 5626 851 5690 pet'tttissus.
900 5624 1082 5678 Nattne
1133 5625 1335 5695 Moyses
1360 5627 1499 5679 dedit
1527 5627 1663 5680 vobis
1693 5626 1781 5680 le-

90 5722 331 5799 gens?
361 5728 417 5771 et
474 5734 620 5770 nemo
651 5734 710 5769 ea:
735 5717 868 5770 vobis
898 5719 1016 5786 facit
1049 5720 1204 5785 legem
1229 5732 1246 5771 :
1272 5719 1395 5787 quid
1435 5735 1511 5770 me
1548 5719 1779 5787 quwritis

92 5811 528 5884 interﬁcere?
557 5810 628 5864 illi
658 5811 865 5879 quidem
895 5811 1251 5878 gloriabantur
1265 5826 1322 5866 se
1353 5812 1484 5881 legis
1515 5822 1777 5882 praecepta

497 5902 769 5965 I’A'rnoc.
819 5902 1009 5966 XCV.

1865 3339 1960 3396 est,
1992 3332 2080 3383 sed
2109 3345 2171 3383 ea:
2198 3331 2447 3399 patribus.
2474 3330 2685 3400 Moyses
2715 3330 2926 3399 quidem
2957 3329 3128 3399 legem
3158 3329 3396 3385 decrevit
3424 3371 3443 3396 ,

1868 3429 1925 3475 ut
1948 3423 2285 3477 circumcisio
2308 3434 2636 3491 servaretur,
2672 3422 2767 3477 sed
2799 3438 2902 3477 non
2958 3423 3070 3492 ipse
3126 3436 3314 3478 auctor
3368 3432 3452 3478 est

1866 3515 2314 3573 circumcisiunis.
2371 3515 2537 3571 Multo
2597 3520 2739 3571 enim
2816 3527 2941 3571 ante
2988 3518 3158 3586 legem
3211 3526 3450 3586 tempore

1868 3605 2135 3660 Abraham
2169 3605 2370 3673 primus
2391 3607 2596 3674 recepit
2622 3606 3081 3661 circumcisionem
3124 3621 3154 3660 a
3200 3608 3447 3676 Dummo,

1872 3698 1922 3751 in
1950 3699 2161 3768 signum
2192 3714 2398 3767 magna
2425 3699 2545 3754 ﬁdei
2576 3714 2708 3755 sua.
2735 3699 2802 3753 Et
2854 3701 2908 3755 in
2937 3700 3145 3755 sabbato
3177 3702 3450 3756 circumci-

1869 3792 1989 3842 ditis
2010 3789 2285 3843 hominem.
2321 3788 2592 3859 Tanquam
2622 3789 2825 3844 diceret
2854 3808 2867 3843 :
2903 3790 3145 3846 Revincit
3166 3806 3261 3847 vos
3295 3792 3450 3864 Moy-

1870 3897 1977 3938 ses.
2004 3883 2317 3952 Praacipitur
2352 3883 2404 3935 in
2434 3883 2550 3953 lege
2582 3892 2638 3937 ut
2663 3883 2930 3937 hominem
2978 3894 3165 3939 octava
3220 3884 3308 3939 die
3345 3887 3449 3940 cir-

1868 3974 2207 4039 cumcidatis,
2232 3974 2539 4042 praecipitur
2562 3976 2721 4029 etiam
2752 3984 2811 4030 ut
2837 3975 3184 4030 sabbatizetis
3219 3975 3446 4044 septimo

1869 4065 1977 4121 die.
2003 4066 2062 4120 Si
2099 4082 2228 4137 ergo
2267 4075 2452 4120 octava
2481 4065 2598 4123 dies
2648 4066 2793 4121 illius
2822 4067 2911 4136 qui
2944 4077 3100 4121 natus
3128 4078 3227 4133 est,
3254 4083 3449 4123 evene-

1870 4157 1939 4209 rit
1962 4157 2048 4209 die
2069 4155 2317 4225 septimo,
2348 4155 2447 4210 hoc
2469 4164 2586 4223 est,
2648 4157 2700 4211 in
2754 4157 2996 4226 sabbato,
3029 4158 3153 4226 quid
3203 4158 3450 4214 facietis?

1875 4246 2141 4301 Vacabitis
2170 4255 2224 4300 et
2245 4247 2562 4301 custodietis
2612 4245 2915 4313 sabbatum,
2952 4262 3018 4302 an
3057 4248 3450 4303 circumcidetis

1873 4336 2150 4397 infantem.
2167 4345 2224 4390 ut
2245 4338 2510 4406 impleatis
2533 4347 2734 4393 octavae
2755 4338 2859 4393 diei
2881 4340 3313 4395 sacramentum?
3343 4340 3444 4397 Sed

1874 4428 1996 4500 novi
2023 4430 2143 4497 quia
2169 4428 2579 4493 circumcidetis,
2612 4430 2864 4499 quoniam
2891 4430 3101 4500 signum
3132 4432 3319 4487 salutis
3343 4441 3447 4499 est,

1877 4495 1931 4575 et
1958 4495 2062 4573 non
2098 4519 2258 4574 debet
2289 4521 2450 4574 homo
2473 4520 2526 4575 in
2570 4495 2791 4576 sabbato
2812 4495 3003 4577 vacare
3027 4538 3057 4576 a
3085 4523 3277 4580 salute.
3301 4524 3454 4581 Nunc

1876 4627 2003 4682 ergo
2034 4611 2159 4664 mihi
2190 4610 2568 4681 indignemini,
2602 4612 2722 4682 quia
2756 4622 2923 4669 totum
2952 4613 3219 4670 hominem
3259 4631 3449 4671 sanum

1872 4705 1973 4761 ieci
2000 4707 2051 4759 in
2078 4704 2320 4759 sabbato.
2350 4704 2485 4771 Quia
2515 4715 2570 4761 et
2596 4716 2808 4762 curatus
2828 4714 2912 4763 est
2946 4716 3002 4762 ut
3034 4722 3196 4763 sanus
3221 4719 3365 4764 esset
3392 4708 3446 4763 in

1871 4812 2117 4866 corpore,
2144 4806 2197 4853 et
2220 4798 2446 4852 credidit
2468 4808 2522 4853 ut
2546 4814 2708 4853 sanus
2741 4808 2887 4854 esset
2913 4799 2968 4854 in
3015 4799 3215 4855 anima.
3259 4800 3368 4854 Sed
3402 4816 3450 4854 st

1871 4890 2297 4943 circumcisionem
2310 4889 2495 4957 accipit
2521 4891 2670 4944 homo
2689 4890 2743 4945 in
2770 4891 3066 4957 sabbato,ut
3094 4905 3195 4944 non
3219 4891 3449 4945 soluatur

1878 4985 1958 5038 (ex
1990 4982 2181 5054 Moysi,
2208 4984 2336 5038 nti/ti
2357 5000 2451 5038 cur
2470 4984 2826 5055 indignamini,
2849 4986 2969 5053 quia
3010 4991 3171 5038 totum
3191 4982 3448 5037 hominem

1879 5092 2059 5128 sanum
2116 5074 2213 5145 feci
2256 5075 2312 5128 in
2356 5075 2606 5129 sabbato?
2651 5072 2741 5128 illa
2783 5075 2977 5145 quippe
3016 5073 3352 5129 circumcisio
3381 5074 3452 5129 ob

1882 5177 1987 5221 tres
2009 5166 2272 5235 praicipue
2298 5181 2483 5220 causas
2504 5166 2623 5220 data
2648 5166 2840 5220 fuerat.
2875 5165 3082 5230 Primo,
3137 5173 3192 5219 ut
3240 5165 3451 5235 signum

1882 5267 2023 5312 esset
2051 5272 2257 5324 magna:
2299 5256 2421 5311 ﬁdei
2456 5256 2702 5310 Abrahae.
2734 5254 2981 5312 Secundo
3005 5296 3021 5323 ,
3071 5267 3127 5312 ut
3158 5236 3250 5327 per
3274 5273 3392 5313 eam
3422 5274 3453 5313 a

1882 5348 2088 5403 creteris
2133 5347 2431 5403 nationibus
2459 5347 2889 5403 discernerentur
2936 5349 2989 5403 in
3024 5363 3269 5419 corpore,
3317 5349 3457 5406 sicut

1884 5440 2104 5496 ﬁmbriis
2125 5430 2397 5509 palliurum
2425 5440 2881 5509 distinguebantur
2909 5446 2961 5498 in
2990 5453 3158 5497 veste.
3174 5443 3372 5510 Tertio,
3398 5452 3459 5503 ut

1883 5532 2024 5585 illam
2057 5532 2107 5585 in
2134 5531 2269 5585 virili
2310 5531 2548 5585 membro
2575 5533 2948 5601 suscipientes,
2971 5533 3270 5591 castitatem
3303 5553 3452 5593 men-

1885 5625 1948 5678 tis
1977 5634 2029 5677 et
2048 5622 2285 5691 corporis
2312 5635 2369 5676 se
2394 5621 2679 5677 observare
2708 5622 2907 5679 debere
2945 5638 3356 5694 cognoscerent.
3386 5629 3453 5685 Et

1882 5726 2081 5770 tantum
2106 5715 2309 5768 valebat
2332 5723 2454 5767 tunc
2483 5712 2835 5781 circumcisio,
2870 5726 3121 5783 quantum
3149 5726 3272 5771 etin
3313 5736 3457 5774 novo

1883 5819 2198 5867 testamento
2228 5806 2509 5877 baptisma,
2540 5806 2662 5875 quia
2701 5809 2878 5862 omma
2938 5819 3151 5878 peccata
3202 5828 3292 5882 per
3333 5828 3450 5872 eam

2834 5898 2898 5962 lsi.
