3972 6340
583 317 710 376 1291

1449 299 1653 358 PAULI
1691 289 1958 352 DIACONI
1995 285 2144 344 OPP.
2187 279 2360 338 PARS
2397 281 2462 336 l-l.
2501 309 2570 320 —
2601 273 2950 334 ASCE'I‘ICA.

3611 281 3698 340 ιιιι

581 423 1006 490 dimittebantur,
1027 427 1252 490 excepto
1283 417 1424 488 quod
1461 411 1680 484 janua'm
1733 405 1882 476 regni
1917 397 2152 478 cmlestis
2175 395 2238 484 Ἀ
2259 393 2394 448 sicut
2423 391 2650 460 aliquem
2683 403 2746 444 ex
2779 383 2988 441 castoris
3041 381 3321 438 hominibus
3347 385 3578 456 novimus,
3617 397 3700 454 nihil

585 531 918 590 nequaquam
939 515 1146 586 aperire
1171 519 1396 583 poterat.
1421 507 1536 562 Non
1563 519 1690 574 ergo
1725 517 1756 556 a
1785 509 1892 554 tam
1941 493 2058 548 utili
2105 481 2178 546 ct-

587 585 822 688 proiicua
851 627 930 676 re,
965 585 1182 680 propter
1205 607 1376 660 inanis
1407 601 1498 656 otii
1527 598 1826 658 sabbatum,
1851 603 2040 646 vacare
2069 585 2164 642 de-

591 679 804 764 bebant.
837 679 1208 774 Mysticeivero
1259 697 1348 751 illa
1399 689 1734 748 circumcisio
1765 681 2026 754 figurabat
2053 679 2166 732 iba-

593 803 784 870 ptisma
807 796 948 866 quod
975 807 1116 848 nunc
1153 791 1204 846 in
1227 787 1462 844 Ecclesia
1491 781 1690 852 geritur
1713 819 1730 846 ,
1757 789 1864 846 quo
1891 771 2166 828 verissime

591 891 773 945 omnia
807 895 1024 960 peccata
1071 883 1434 946 dimittuntur,
1467 885 1522 932 et
1555 873 1776 930 caeleste
1805 881 2022 938 regnum
2051 877 2168 918 cre-

593 981 842 1036 dentibus
873 975 1124 1048 aperitur.
1179 971 1538 1028 Eshihebatuv
1575 979 1700 1020 vero
1743 957 2084 1016 circumcisio
2115 955 2168 1008 iu

595 1072 732 1128 virili
765 1071 1036 1132 membro,
1083 1083 1176 1136 per
1209 1065 1350 1134 quod
1391 1063 1622 1116 humana
1649 1053 1962 1124 propagatio
2013 1047 2172 1102 mitti-

597 1171 820 1229 stratur,
855 1171 912 1216 ut
959 1157 1330 1216 ostenderetur
1359 1167 1452 1222 per
1487 1165 1650 1206 unum
1681 1145 1950 1200 hominem
1979 1153 2170 1210 pecca-

599 1271 710 1314 tum
737 1259 962 1310 intrasse
987 1253 1036 1306 iu
1073 1249 1348 1310 mundum,
1393 1255 1564 1312 etper
1615 1247 1892 1310 peccatum
1925 1241 2174 1288 mortem.

595 1359 662 1412 Et
691 1359 824 1412 sicut
853 1351 1026 1406 omnis
1073 1351 1234 1402 homo
1293 1355 1412 1398 cum
1471 1335 1732 1410 praeputio
1785 1327 2054 1392 nascitur,
2107 1323 2178 1378 ita

591 1449 752 1506 etiam
781 1445 952 1502 omnis
981 1441 1144 1496 homo
1173 1453 1292 1492 cum
1323 1429 1564 1502 origluaii
1591 1431 1812 1496 peccato
1841 1427 2132 1490 generatur
2159 1454 2174 1480 ,

595 1557 626 1598 ιι
657 1555 760 1610 quo
785 1553 904 1592 cum
937 1533 1184 1588 omnibus
1217 1529 1356 1582 vitiis
1409 1537 1502 1594 per
1549 1519 1892 1588 baptismum,
1923 1509 2068 1580 quod
2095 1509 2178 1562 est

603 1625 732 1690 vera
755 1643 804 1686 et
827 1627 1116 1700 spiritualis
1143 1619 1500 1684 circumcisio,
1535 1609 1920 1682 exs‘poliamur.
1953 1601 2182 1658 Petrinis

605 1739 782 1782 autem
825 1721 1014 1780 cultris
1049 1711 1570 1773 circumcidebantur
1615 1703 1860 1758 homines
1887 1741 1902 1766 ,
1941 1695 2086 1766 quia,
2127 1701 2182 1746 ut

2263 485 2316 540 in
2347 481 2434 536 illo
2457 481 2714 544 divinum,
2739 476 2872 532 nihil
2903 473 3080 544 regale
3099 473 3412 532 attendimus.
3427 475 3703 544 Christusne)

2265 581 2446 630 noster
2479 571 2620 626 Deus
2655 565 3196 636 omnipotentissimus
3215 573 3438 624 venturus
3461 581 3544 636 est,
3567 581 3606 628 et
3635 579 3706 632 ini.

2265 679 2424 724 verso
2451 661 2648 718 mundo
2675 659 3058 730 imperaturus.
3083 657 3206 712 llaec
3229 659 3356 714 enim
3373 661 3462 714 erit
3479 675 3602 718 causa
3619 681 3704 721 ract-

2269 761 2338 814 tis
2361 759 2590 814 illorum.
2627 755 2750 810 Ideo
2795 753 2939 808 enim
2957 751 3014 804 in
3037 749 3288 804 Christum
3307 751 3496 807 credere
3517 755 3704 824 nolebant,

2271 849 2390 922 quia
2423 851 2590 904 solam
2621 845 3004 902 humanitatem
3045 842 3440 908 considerabant,
3481 845 3708 906 divinitatem

2273 940 2604 1012 perpendere
2635 953 2738 992 non
2771 935 3038 992 valebant.
3075 931 3216 988 Unde
3241 943 3290 988 et
3319 934 3534 990 Dominus
3573 935 3646 990 illis
3669 941 3710 994 ad

2275 1043 2556 1104 utrumque
2587 1031 2884 1102 respondit,
2913 1025 3160 1082 videlicet
3211 1025 3272 1082 de
3295 1025 3582 1084 humanitatis
3615 1029 3713 1100 trigi-

2277 1129 2444 1194 litate,
2481 1137 2536 1182 et
2563 1127 2628 1182 de
2655 1123 2950 1180 divinitatis
2979 1119 3272 1190 majestate.
3295 1119 3524 1174 Claruabat
3553 1122 3646 1174 enim
3663 1123 3716 1176 do-

2279 1237 2394 1274 cens
2421 1221 2474 1273 in
2505 1217 2690 1288 templo
2715 1231 2736 1270 :
2771 1215 2836 1268 Et
2867 1229 2944 1266 me
2969 1213 3106 1266 scitis
3129 1247 3146 1274 ,
3183 1219 3228 1264 et
3245 1211 3368 1264 unde
3403 1213 3486 1264 sint
3507 1213 3624 1266 scitis.
3651 1213 3716 1268 litt

2289 1311 2354 1366 de
2375 1325 2468 1366 sua
2499 1309 2634 1364 dixit
2659 1307 3006 1370 humanitate,
3053 1301 3330 1358 secundum
3357 1317 3492 1372 quam
3531 1311 3573 1357 et
3609 1303 3716 1358 locum

2285 1403 2578 1460 nativitatis
2607 1401 2744 1470 ejus,
2773 1405 3134 1466 ctparentum
3167 1395 3498 1460 nobilitatem,
3541 1403 3584 1448 et
3615 1395 3718 1448 vultis

2285 1499 2520 1566 efﬁgiem
2543 1503 2819 1550 noverant.
2851 1491 3106 1548 Sciebant
3131 1503 3254 1558 ergo
3291 1503 3400 1542 eum
3425 1488 3528 1558 quia
3549 1487 3601 1542 de
3625 1487 3720 1554 regali

2289 1593 2454 1660 stirpe
2483 1587 2856 1652 descenderat,
2887 1593 2942 1638 et
2963 1581 3248 1637 nobilitatis
3269 1580 3482 1648 lampade
3501 1579 3660 1632 iliustrit
3675 1577 3720 1630 la-

2289 1695 2400 1740 tere
2439 1697 2542 1736 ιιοη
2583 1687 2811 1746 poterat.
2855 1675 2922 1730 Et
2951 1691 2984 1728 α
3023 1691 3102 1748 me
3137 1673 3246 1742 ipso
3273 1689 3368 1726 non
3407 1669 3724 1734 arithmetic

601 1817 676 1872 ait
709 1811 1014 1884 Apostolus,
1047 1807 1206 1862 Petra
1249 1811 1414 1857 autem
1441 1805 1548 1854 erat
1575 1795 1812 1850 Christus
1861 1787 1912 1858 (Ι
1945 1787 2062 1842 Cor.
2099 1783 2172 1852 κ).
2209 1779 2258 1838 Β
2285 1795 2372 1832 rus
2399 1779 2490 1848 qui
2513 1777 2650 1828 misit
2677 1789 2778 1838 me,
2811 1785 2960 1842 quem
2989 1785 3076 1822 vos
3105 1767 3322 1820 nescitis.
3359 1765 3456 1820 lioc
3481 1765 3532 1816 ad
3557 1775 3722 1816 stratura

2083 1879 2092 1884 .
2289 1882 2297 1884 Α
2475 1869 2508 1884 ι.
2549 1869 2558 1878 -
2605 1869 2782 1884 μημ--
2863 1859 3154 1884 __..--_...l-.......
3195 1873 3342 1884 -........
3387 1855 3630 1884 ιιι-..ινιιυηιι
3657 1867 3722 1884 mm

605 1901 710 1963 Per
733 1905 884 1972 cujus
915 1899 1144 1956 nominis
1199 1893 1614 1956 invocatimtem,
1649 1885 1870 1954 simplex
1901 1895 2034 1950 aqua
2081 1879 2178 1930 ba-

605 1969 868 2070 ptismatis
895 1991 1152 2062 spirituali
1175 1985 1410 2058 potentia
1439 1979 1768 2040 fecundatur,
1795 1983 1854 2029 ut
1877 1969 2179 2030 hominibus

601 2085 928 2156 spiritualem
955 2081 1120 2153 possit
1149 2089 1402 2148 prmstare
1425 2071 1844 2144 generationem.
1891 2063 2072 2132 ,Notite
2099 2063 2180 2126 in-

599 2181 772 2234 (ἧσαι-ε
791 2175 1068 2232 secundum
1091 2173 1294 2240 facient,
1317 2168 1404 2224 sed
1427 2169 1626 2236 justum
1651 2167 1670 2230 ί
1679 2163 1900 2216 udicium
1921 2159 2176 2228 iudicate.

609 2267 916 2326 Secundum
949 2265 1138 2320 faciem
1169 2263 1407 2334 judicare
1456 2267 1532 2312 est
1567 2271 1844 2326 personam
1883 2255 1936 2306 in
1979 2249 2184 2320 judicio

607 2361 966 2420 considerare.
995 2357 1059 2412 Et
1103 2355 1188 2412 isti
1217 2353 1570 2424 personaliter
1597 2347 2030 2408 considerabant,
2061 2343 2186 2410 quia

607 2453 718 2510 illis
743 2451 832 2522 qui
853 2451 908 2506 in
933 2449 1154 2506 sabbato
1183 2447 1434 2516 parvulos
1457 2439 1842 2498 circumcideba
1853 2447 1928 2502 nt,
1959 2453 2064 2491 non
2091 2439 2188 2488 ira-

613 2541 1186 2610 scebanturiDomino
1233 2549 1408 2591 autem
1463 2533 1908 2604 indignabantur,
1959 2529 2080 2598 quia
2135 2527 2188 2582 in

619 2639 844 2696 sabbato
869 2645 1036 2690 totum
1061 2633 1328 2686 hominem
1367 2627 1570 2682 salvum
1597 2625 1828 2680 iecisset.
1857 2623 2086 2684 Justiun,
2113 2617 2194 2672 in-

611 2733 748 2804 quit,
781 2729 1040 2802 judicium
1066 2725 1328 2798 judicate;
1365 2721 1504 2790 quod
1555 2721 1596 2774 si
1631 2719 1824 2782 facitis,
1857 2731 2028 2786 neque
2067 2729 2152 2770 me
2175 2755 2189 2780 ,

616 2823 788 2895 neque
813 2821 1028 2894 Moysen
1057 2813 1502 2880 condemnabitis,
1533 2813 1626 2868 sed
1649 2811 1870 2866 veritate
1897 2817 2194 2878 perspecta,

613 2917 919 2972 nullatenus
951 2927 1068 2966 mea
1099 2925 1262 2980 opera
1291 2905 1454 2978 Moysi
1519 2903 1796 2974 praeceptis
1827 2901 2096 2956 contraire
2123 2899 2198 2953 vi-

615 3009 830 3068 debitis.
855 3009 996 3066 Sane
1019 3005 1134 3060 haac
1157 3003 1362 3058 Domini
1417 2999 1725 3065 admonitio,
1753 3011 1858 3052 non
1907 2995 2036 3050 solis
2063 2993 2198 3046 facta

619 3101 702 3159 est
729 3099 945 3164 Judzeis,
979 3113 1076 3152 nos
1121 3097 1280 3150 etiam
1311 3093 1566 3148 Dominus
1597 3089 1820 3156 monuit,
1853 3103 1954 3142 nos
2001 3085 2200 3140 instru-

619 3181 718 3252 itit.
743 3197 832 3252 Sic
851 3207 976 3264 ergo
997 3191 1159 3246 verba
1189 3189 1303 3260 ejus
1330 3187 1624 3248 audiamus,
1657 3185 1806 3255 quasi
1835 3195 2072 3260 pr..rsens
2105 3195 2202 3234 no—

619 3289 703 3345 bis
731 3287 996 3356 loquatur.
1031 3283 1118 3338 Ait
1147 3283 1286 3337 enim
1313 3297 1326 3332 :
1359 3277 1534 3334 Nolite
1553 3278 1794 3348 judicare
1818 3275 2096 3330 secundum
2125 3275 2206 3342 fa-

621 3377 770 3456 cient,
793 3378 879 3433 scd
899 3379 1098 3450 justum
1117 3375 1376 3446 judicium
1395 3371 1650 3444 judicate.
1685 3371 1852 3440 Magni
1885 3367 2082 3424 laboris
2126 3375 2207 3422 est

623 3461 728 3525 hoc
751 3463 930 3542 vitium
963 3465 1212 3538 eli‘ugere,
1247 3465 1296 3520 id
1323 3471 1429 3531 est,
1461 3479 1566 3518 non
1598 3463 1662 3518 ad
1689 3459 1936 3518 intuitum
1969 3473 2210 3530 personae

623 3561 884 3634 iudicare,
907 3559 998 3616 sed
1017 3543 1222 3630 justum
1241 3555 1494 3628 judicium
1519 3553 1778 3626 proferre.
1811 3553 1994 3608 Nullus
2016 3555 2212 3624 quippe

627 3655 766 3711 alius
795 3653 896 3730 hoc
919 3641 1096 3722 potest
1127 3649 1368 3720 implere,
1397 3649 1496 3702 nisi
1529 3647 1616 3702 ille
1645 3645 1736 3718 qui
1757 3639 1964 3700 omnes
1997 3643 2214 3714 :equali-

629 3741 712 3800 ἱει·
737 3745 928 3816 diligit,
959 3741 1048 3814 qui
1089 3741 1142 3796 in
1169 3737 1468 3816 judicandis
1511 3737 1688 3792 causis
1717 3753 1824 3792 non
1847 3735 2074 3790 attendit
2100 3749 2214 3788 ant-

629 3813 944 3902 bitumpsed
973 3813 1244 3898 meritum,
1279 3813 1376 3884 nec
1407 3827 1708 3884 considerat
1735 3827 1854 3896 quis
1875 3825 2215 3896 judicandus,

629 3925 726 3986 Sed
759 3927 897 3983 unde
921 3923 990 3980 sit
1031 3921 1366 3994 iudicandus.
1419 3919 1528 3976 Nec
1551 3921 1650 3974 hoc
1679 3919 1902 3973 dicimus
1960 3919 2024 3970 de
2075 3917 2178 3970 illis
2199 3957 2214 3981 ,

633 4037 768 4092 quos
791 4017 1164 4088 pro'graduum
1193 4015 1394 4068 honore
1409 4011 1640 4078 diverso,
1669 4011 1828 4064 modo
1845 4009 2098 4078 jubemur
2119 4005 2218 4060 lto-

631 4111 846 4180 jtorare,
881 4109 972 4164 sed
1003 4107 1070 4164 de
1099 4107 1204 4161 illis
1233 4119 1458 4176 quorum
1487 4119 1676 4158 causas
1725 4103 1902 4156 dicere
1941 4115 2004 4154 ac
2033 4097 2224 4170 dijudi-

635 4211 758 4260 'care
785 4203 1055 4274 jubctnur.
1091 4197 1340 4252 Dicebant
1391 4205 1564 4250 autem
1593 4195 1800 4266 quidam
1827 4209 1890 4246 ex
1919 4191 1968 4244 Η
1977 4191 2222 4264 ierosoly-

631 4291 774 4364 mis;
801 4293 988 4348 Nonne
1032 4291 1112 4346 hic
1149 4301 1222 4346 est
1268 4307 1416 4362 quem
1469 4295 1703 4360 quierunt
1745 4283 2067 4356 interﬁcere?
2094 4281 2225 4340 Ecce

641 4389 812 4462 palam
841 4403 974 4440 nunc
1005 4385 1250 4456 loquitur,
1273 4395 1318 4438 et
1349 4381 1478 4436 nihil
1527 4381 1572 4462 ei
1619 4381 1818 4434 dicunt.
1857 4365 1950 4432 Isti
1982 4377 2070 4448 qui
2127 4375 2226 4430 hoc

521 4491 560 4526 δ
647 4480 914 4544 dicebant,
939 4485 1194 4532 noverant
1219 4477 1342 4546 quia
1389 4459 1690 4530 Dominusa
1724 4471 1926 4526 ludatis
1955 4467 2228 4540 qumreba-

647 4587 753 4640 tur,
777 4573 870 4628 sed
902 4587 1006 4624 nou
1035 4567 1394 4638 intelligebant
1437 4565 1577 4638 quod
1607 4579 1700 4620 sua
1747 4563 1978 4634 putentia
2009 4577 2114 4616 non
2143 4569 2220 4612 te-

651 4667 894 4734 nebatur,
921 4673 1078 4736 atque
1102 4661 1220 4716 ideo
1263 4669 1581 4730 putaverunt
1619 4655 1883 4726 principes
1909 4655 2016 4732 jaru
2047 4651 2220 4707 credi-

650 4761 794 4816 disse
831 4755 953 4826 quia
981 4755 1094 4834 ipse
1135 4763 1276 4809 esset
1322 4751 1586 4804 Christus.
1637 4749 1825 4802 Dicunt
1849 4747 1898 4800 ei
1929 4763 1940 4796 :
1977 4742 2228 4814 Nunquid

653 4867 764 4922 rere
791 4833 1129 4926 cegnoverunt
1177 4843 1430 4918 principes
1457 4843 1575 4912 quia
1599 4841 1680 4893 hic
1704 4847 1776 4892 est
1825 4835 2098 4890 Christus?
2125 4833 2232 4890 Sed

591 4927 594 4936 Ι
659 4943 942 5006 ostendunt
973 4955 1030 4998 se
1069 4941 1306 4996 nondum
1337 4935 1654 5012 credidisse,
1697 4949 1814 4988 cum
1867 4929 2234 4998 subjungunt:

659 5039 763 5108 Sed
777 5037 928 5090 istum
949 5017 1176 5087 novimus
1199 5029 1334 5083 unde
1350 5029 1432 5084 sit.
1458 5027 1688 5090 Christus
1701 5033 1870 5076 autem
1891 5039 2004 5074 cum
2027 5021 2236 5086 venerit,

639 5115 808 5184 nemo
835 5127 928 5180 scit
963 5125 1098 5178 unde
1149 5123 1236 5180 sit.
1287 5121 1424 5188 Quid
1455 5125 1536 5172 est
1586 5115 1724 5184 quod
1755 5115 1972 5190 dicunt:
2007 5111 2238 5166 Christus

665 5217 775 5282 ειιιη
803 5217 1014 5294 acuerit,
1035 5197 1180 5270 nemo
1201 5213 1291 5267 scit
1323 5211 1456 5266 unde
1493 5209 1596 5262 sit?
1625 5207 1754 5260 Nam
1807 5203 2016 5260 licrode
2061 5204 2234 5258 locum

659 5293 952 5386 nativitatis
985 5306 1182 5362 Christi
1215 5303 1540 5372 requirente,
1571 5295 1960 5366 responderunt
1985 5293 2126 5364 quod
2181 5294 2232 5347 in

661 5403 973 5460 Betltlehem
995 5399 1294 5455 nasciturus
1307 5403 1466 5460 esset,
1492 5403 1544 5448 et
1567 5395 1674 5462 ipsa
1689 5407 1782 5447 sua
1807 5391 1986 5452 verba,
2007 5387 2234 5458 prophe-

667 5497 764 5552 tica
789 5493 1100 5550 auctoritate
1129 5489 1592 5546 continuaverunt.
1621 5485 1724 5540 Sed
1769 5495 2030 5560 novi-rant
2059 5483 2238 5534 locum

669 5571 1119 5658 ttativitatis‘ejus,
1151 5567 1458 5636 nouantem
1499 5583 1740 5648 poterant.
1785 5573 2238 5644 conrpreliend-n'e

669 5663 1066 5754 generatione-nt
1096 5673 1384 5730 divinitatis
1411 5671 1524 5740 ejus
1577 5667 1830 5740 prOpheta
1861 5669 2104 5720 dicente:
2139 5661 2238 5718 Ge-

671 5775 982 5830 nerationem
1009 5773 1116 5840 ejus
1145 5751 1256 5840 quis
1286 5765 1576 5822 enarrabit?
1605 5747 1754 5820 Ausi
1773 5761 2042 5818 dicerent:
2077 5757 2236 5812 Istum

2321 5285 2456 5366 pter
2479 5307 2610 5364 quos
2627 5289 2788 5344 homo
2823 5287 2990 5341 factus
3013 5285 3210 5350 fuerat,
3233 5281 3322 5354 qui
3343 5275 3576 5332 hominem
3593 5277 3632 5316 cr

2285 1873 2404 1926 tulit
2455 1869 2810 1932 divinitatem,
2861 1859 3158 1917 secundum
3195 1873 3344 1928 quam
3387 1855 3634 1924 ignorabant
3657 1867 3726 1908 eum

2283 1979 2404 2019 esse
2431 1961 2522 2016 Dei
2557 1959 2771 2024 Filium,
2801 1965 2854 2012 et
2879 1969 2910 2010 a
2939 1955 3094 2010 Patre
3123 1951 3338 2005 missum
3367 1949 3415 2002 in
3435 1947 3646 2002 mundum.
3665 1943 3726 1998 lie-

2283 2055 2524 2110 sciebant
2551 2053 2710 2104 etiam
2747 2051 2912 2104 Deum
2945 2047 3158 2102 Patrem
3187 2081 3204 2113 ,
3243 2043 3330 2112 qui
3353 2053 3491 2096 verus
3539 2045 3602 2093 est
3631 2033 3728 2105 ipsius
3821 2033 3823 2066 ‘

2285 2147 2498 2218 genitor
2543 2143 2802 2210 veritatis,
2835 2155 2992 2210 quem
3031 2139 3354 2202 nesciebant,
3383 2135 3488 2205 quia
3533 2133 3728 2200 ignorantes

2289 2241 2504 2304 Filium,
2541 2251 2636 2292 nec
2659 2237 2712 2290 in
2733 2249 2856 2290 eum
2879 2233 3184 2298 credentes,
3207 2229 3272 2284 ad
3311 2227 3400 2282 Dei
3423 2223 3563 2280 Patris
3585 2219 3732 2276 notitiam

2287 2331 2568 2404 pervenire
2593 2345 2698 2383 non
2729 2329 3094 2383 merebantur.
3131 2323 3364 2392 Denique
3411 2309 3732 2386 subjungitﬂid

2289 2433 2458 2478 autem
2485 2423 2604 2477 novi
2623 2437 2760 2476 eum.
2793 2421 2846 2477 Si
2879 2433 3004 2488 ergo
3025 2433 3152 2472 eum
3199 2425 3409 2470 noscere
3435 2407 3598 2470 vultis,
3637 2419 3658 2458 a
3687 2415 3734 2454 ut

2291 2515 2514 2588 quaerite
2541 2525 2598 2568 ut
2621 2511 2826 2578 sciatis,
2861 2513 2984 2580 quia
3035 2509 3106 2564 ab
3133 2507 3226 2562 ilio
3277 2517 3386 2558 sum
3409 2541 3424 2566 ,
3451 2509 3496 2554 et
3537 2497 3604 2550 ille
3637 2491 3732 2546 misit
3821 2523 3823 2562 τ

2293 2605 2658 2666 Pulcherrima
2687 2611 2742 2658 et
2777 2617 2934 2680 quam
2973 2597 3288 2656 brevissime
3333 2591 3612 2648 divinitatem
3629 2579 3736 2638 sinul-

2297 2717 2402 2772 qtte
2439 2699 2822 2754 humanitatem
2847 2675 3004 2748 “suam
3031 2691 3341 2760 complexus
3382 2693 3458 2742 est
3483 2699 3493 2736 :
3521 2681 3576 2734 Atr
3597 2673 3738 2748 ipt0,itl-

2297 2763 2430 2863 qua,
2457 2805 2589 2856 sum,
2622 2789 2742 2858 quia
2771 2787 2936 2842 Filius
2973 2785 3042 2840 de
3095 2783 3206 2838 Deo
3229 2781 3380 2836 Patre
3401 2763 3742 2832 [titiunculum

2299 2859 2558 2954 quidquid
2589 2887 2672 2935 est
2699 2879 2886 2944 Filius,
2915 2877 2982 2932 ab
3007 2875 3134 2944 ipso
3159 2881 3262 2940 est,
3289 2881 3342 2928 et
3363 2869 3412 2926 ei
3435 2867 3562 2922 debet
3581 2859 3744 2954 cuiuisi

2301 2945 2486 3030 i‘ilius.
2521 2971 2586 3026 Et
2609 2973 2716 3042 ipse
2737 2985 2814 3023 nte
2845 2969 3132 3032 mirit,boc
3159 2973 3260 3032 est,
3287 2955 3528 3020 incarttari
3541 2945 3743 3010 constituit,

2305 3069 2406 3124 hoc
2429 3077 2534 3134 est,
2563 3065 2710 3136 quod
2739 3077 2826 3118 me
2857 3061 3072 3128 videtis,
3099 3059 3240 3130 quod
3265 3073 3346 3112 me
3373 3049 3746 3136 priesentematttn-

2233 3149 2280 3212 (ἶ
2311 3165 2456 3220 ditis.
2481 3161 2614 3218 Cum
2643 3169 2820 3214 autem
2873 3157 3156 3210 audiamus
3209 3153 3370 3208 Deum
3413 3147 3586 3204 Patrem
3619 3133 3744 3192 ωἱεὶεεε

2313 3255 2526 3320 Filium,
2553 3269 2620 3308 ne
2641 3249 2936 3322 cogitemus
2979 3255 3192 3302 natum
3241 3221 3746 3298 dissimilitudineli

2313 3347 2490 3402 Patris
2514 3319 2936 3400 auctoritatem.
2985 3339 3296 3408 Quen-ebant
3323 3351 3432 3407 ergo
3457 3347 3550 3387 eum
3579 3319 3746 3396 apud”

2315 3441 2452 3506 dere,
2483 3449 2530 3494 et
2557 3453 2702 3492 nemo
2729 3439 2782 3490 in
2804 3451 2916 3498 eum
2941 3433 3082 3486 misit
3125 3447 3328 3497 manus,
3365 3427 3470 3499 quia
3489 3419 3748 3476 nouitium:-

2313 3531 2544 3588 “"hom
2575 3533 2704 3600 91°!“-
2751 3527 2960 3590 Nemo.
3009 3525 3236 3596 inquit,
3283 3523 3334 3576 in
3361 3533 3470 3576 eum
3493 3511 3748 3570 ιιιιιιιιιιιιιιιει

2317 3627 2418 3682 hoc
2444 3633 2546 3690 est,
2571 3625 2746 3678 nullus
2777 3623 2884 3676 vim
2935 3619 3062 3676 fecit
3093 3661 3110 3686 ,
3161 3617 3334 3674 nulius
3359 3627 3468 3669 eum
3499 3615 3640 3674 capere
3675 3605 3746 3690 pne

2325 3719 2574 3790 sumpsit,
2601 3719 2724 3788 quia
2745 3715 2978 3770 nondum
3011 3723 3239 3768 venerat
3269 3711 3396 3765 hora
3421 3705 3540 3775 ejus,
3561 3698 3650 3752 hora
3669 3683 3748 3780 vide

2319 3811 2444 3868 licet
2469 3808 2756 3865 voluntatis
2785 3805 2923 3876 ejus.
2947 3805 3100 3860 Sicut
3125 3803 3268 3858 enim
3313 3801 3548 3854 voluntate
3571 3793 3689 3840 natus,
3707 3783 3748 3876 sit

2321 3913 2376 3960 et
2407 3919 2502 3957 sua
2531 3901 2806 3956 voluntate
2831 3911 3019 3966 passus
3049 3907 3159 3952 est.
3197 3893 3330 3950 Nam
3357 3891 3482 3946 sicut
3521 3887 3611 3937 ante
3639 3861 3750 3926 ἑπευὶὲ

2321 3995 2700 4066 prator'dinavit
2726 4001 2950 4046 matrem
2983 3989 3248 4059 virginem
3299 3985 3364 4040 de
3400 3995 3492 4052 qua
3531 3971 3750 4030 nasceretur:

2323 4091 2402 4146 sic
2421 4091 2584 4144 etiam
2605 4085 2870 4156 przescivit
2891 4093 2944 4140 et
2969 4081 3248 4154 pra-elegit
3269 4085 3480 4134 mortem
3499 4078 3614 4138 quam
3631 4061 3750 4150 pater?

2327 4195 2432 4252 tur,
2465 4195 2518 4240 ct
2545 4195 2754 4252 tempus
2778 4179 2992 4252 quando
3045 4185 3344 4248 pateretur.
3379 4168 3524 4238 Hujus
3545 4161 3646 4215 hora!
3667 4159 3752 4202 Nm“

2325 4277 2538 4333 nisccns
2591 4279 2714 4329 dum
2751 4275 3007 4344 penderet
3055 4271 3111 4325 in
3161 4281 3340 4332 cruce,
3377 4261 3528 4318 dixit:
3555 4249 3754 4344 Carisiu‘i‘

2329 4379 2434 4422 tum
2455 4379 2560 4422 est:
2593 4377 2636 4422 et
2681 4367 2926 4421 inclinato
2975 4363 3146 4432 capite
3201 4359 3406 4414 tradidit
3443 4349 3626 4420 spiritum
3657 4331 3755 4432 (ἔξει

2331 4463 2465 4530 nx).
2501 4459 2614 4515 Non
2645 4473 2772 4528 ergo
2825 4465 3114 4526 potuerunt
3169 4465 3294 4507 eum
3341 4443 3498 4503 Judwi
3541 4421 3756 4530 comptam?

2333 4509 2465 4530 ---ν,-
2650 4509 2763 4528 --ο-
2827 4509 2975 4526 τμη
3739 4509 3744 4514 .

2255 4509 2482 4620 pdere,
2513 4553 2634 4620 (illia
2673 4551 2787 4620 ipse
2841 4559 3066 4604 mortem
3120 4561 3274 4602 suam
3321 4551 3374 4598 et
3421 4519 3758 4620 ministros-modis

2329 4663 2438 4704 suae
2467 4647 2522 4700 in
2543 4661 2636 4700 sua
2659 4641 2892 4698 habebat
2915 4649 3208 4712 potestate,
3234 4651 3298 4698 ac
3313 4647 3426 4698 cum
3455 4631 3550 4698 ipse
3566 4613 3678 4674 voluit
3689 4609 3756 4712 lli“:

2329 4741 2514 4804 θιῖὶιηι,
2539 4739 2584 4792 Si
2612 4735 2906 4790 voluissent
2931 4747 2960 4786 a
2989 4747 3124 4786 nece
3149 4731 3268 4800 ejus
3293 4723 3454 4781 Judaei
3485 4705 3758 4804 abstini-rens!-

2335 4835 2648 4904 potuissent.
2679 4829 2736 4882 in
2767 4827 3111 4896 alteroigitur
3131 4813 3509 4878 misericordia.
3529 4807 3570 4862 ἱη

2337 4881 2647 4904 ,νηηηπ
2807 4881 2811 4882 ν
2852 4881 2861 4882 κ
2969 4881 2998 4896 υ
3675 4881 3706 4894 ,.

2337 4925 2468 4978 ritas
2485 4929 2776 4992 prmrogata
2803 4927 2904 4973 est.
2921 4913 3292 4971 Misericordia
3311 4907 3505 4978 quidem
3527 4901 3568 4952 in
3587 4881 3763 4992 Iidnttiliiii
3821 4943 3823 4992 i

2341 5017 2536 5082 carnis,
2561 5031 2662 5086 qua
2687 5015 2788 5084 pati
2815 5011 3016 5076 voluit;
3051 5011 3254 5064 veritas
3301 5007 3352 5060 in
3381 5003 3605 5072 potestate
3623 4979 3764 5086 mihi“?

2343 5113 2428 5174 tis,
2459 5123 2558 5178 qua
2615 5107 2786 5158 donec
2835 5101 2950 5171 ipse
2995 5101 3170 5155 voluit
3217 5083 3569 5168 comprehendi
3611 5069 3760 5178 aequant-

2343 5203 2634 5268 Utrumque
2661 5203 2878 5268 propter
2906 5199 3148 5246 nostram
3177 5189 3402 5244 salutem
3431 5185 3598 5252 gestum
3623 5163 3764 5268 ubi":

3635 5251 3764 5311 currui.

2343 5405 2408 5444 ne
2433 5389 2628 5456 periret
2653 5383 2792 5452 quod
2817 5381 3032 5436 fecerat.
3067 5377 3186 5432 Non
3211 5389 3336 5448 ergo
3365 5373 3512 5426 sitnus
3529 5363 3638 5427 ingrt

2341 5477 2634 5540 beneﬁciis,
2671 5489 2788 5542 qua:
2817 5471 2882 5526 ab
2911 5473 3024 5542 illm
3069 5465 3330 5522 immeriti
3353 5457 3610 5526 accepimus
3643 5457 3764 5528 elue

2343 5571 2452 5642 gni.
2482 5569 2806 5624 Ubediamus
2845 5561 3138 5636 praeceptis
3185 5557 3323 5628 ejus,
3349 5565 3402 5609 ut
3439 5549 3575 5602 simus
3607 5533 3766 5642 coenae:

2345 5617 2451 5642 οη.-
2845 5617 2867 5636 τ
2917 5617 2949 5618 η
3027 5617 3036 5628 .
3215 5617 3234 5628 .
3311 5617 3320 5622 .
3681 5623 3688 5628 .

2345 5663 2712 5734 promissionis
2759 5657 2896 5730 ejus.
2977 5657 3298 5724 Qlli‘iri‘mus
3349 5635 3578 5716 sptium“
3615 5617 3766 5734 dei”:

2349 5757 2545 5810 vultum
2576 5753 2712 5824 ejus,
2738 5763 3039 5822 quaeramus
3061 5743 3261 5803 faciem
3291 5741 3400 5812 ejus
3435 5741 3624 5802 θεωρεῖ·
3645 5717 3764 5786 Qum
