3972 6340
226 353 367 411 ιιιθε

1194 353 1654 413 HOMILIARIUS.
1693 383 1765 401 -—
1800 353 1970 412 HOM.
2014 354 2105 412 DE
2142 354 2488 414 TEMPORE.

3347 366 3478 426 H94

223 482 345 525 mus
373 481 517 533 eum,
551 480 654 521 non
682 466 817 520 sicut
843 464 1037 534 Judaei,
1066 474 1125 523 ut
1153 482 1274 523 eum
1310 470 1613 525 occidamus
1637 512 1653 540 ,
1705 470 1797 525 sed
1828 476 1881 541 Α
1905 484 2118 525 omnem
2149 470 2376 540 gloriam
2426 471 2536 527 Deo
2567 470 2712 528 Patri
2752 473 3017 544 attribuit,
3065 475 3179 547 ejus
3209 490 3269 532 se
3297 478 3483 541 dicens

225 569 284 623 ut
309 559 377 613 ab
400 559 513 627 ipso
542 556 887 613 viviﬁcemur.
919 558 1233 625 Quaeramus
1262 576 1368 619 non
1398 568 1453 615 ut
1479 575 1602 615 eum
1628 575 1658 617 a
1711 576 1803 617 no-

222 650 309 719 bis
330 650 677 721 expellamus,
708 650 798 705 sed
845 659 901 705 ut
950 665 1069 711 cum
1110 665 1177 709 eo
1211 650 1266 709 in
1325 661 1638 723 perpetuum
1684 667 1803 711 ma-

224 757 472 809 neamus.
495 740 576 798 Tu
598 751 800 799 autem.

832 842 1107 917 nemus
1144 856 1213 915 c.

556 982 608 1021 tu
645 983 805 1023 FERIA
840 984 1053 1031 QUARTA
1094 983 1219 1025 ρος-ι·
1257 970 1480 1046 laetare.

303 1082 368 1137 In
391 1081 485 1137 illo
512 1089 734 1153 tempore
764 1085 1058 1157 prmteriens
1094 1080 1244 1141 Iesus
1278 1086 1401 1138 vidit
1425 1086 1682 1139 hominem
1712 1100 1809 1138 cce-

225 1193 343 1235 rnm
387 1193 420 1229 a
464 1177 743 1229 nativitate.
797 1175 862 1237 Et
916 1178 1355 1249 interror/averunt
1408 1196 1520 1231 eum
1564 1179 1811 1247 discipuli

226 1271 341 1338 ejus
369 1286 388 1324 .‘
431 1267 613 1335 Rabbi,
646 1268 757 1335 quis
806 1270 1051 1338 peccavit,
1086 1270 1164 1321 hic
1208 1278 1293 1321 aut
1322 1280 1556 1336 parentes
1597 1273 1728 1340 ejus,
1756 1279 1811 1323 ut

226 1378 393 1416 cwcus
422 1361 760 1417 nasceretur?
788 1370 890 1414 etc.
926 1359 1107 1432 (Joan.
1146 1359 1242 1430 ix).

309 1476 540 1537 Venerat
568 1474 735 1529 Filius
763 1473 854 1531 Dei
898 1474 963 1533 ad
1012 1474 1409 1533 solemnitatem
1442 1471 1811 1541 Scenopegize,

224 1580 283 1635 et
304 1568 600 1631 novissimo
627 1566 714 1621 die
743 1566 981 1643 ejusdem
1000 1566 1300 1629 festivitatis
1331 1576 1476 1621 stans
1498 1567 1549 1620 in
1578 1566 1809 1635 templo,

222 1659 460 1723 docebat
493 1659 745 1729 populum
790 1659 877 1728 qui
925 1657 993 1712 ad
1042 1659 1181 1714 diem
1223 1659 1418 1713 festum
1460 1658 1811 1713 conﬂuxerat.

229 1749 608 1821 lledarguehat
639 1749 854 1813 Judzeos
900 1749 1165 1818 inﬁdeles,
1212 1759 1269 1806 et
1300 1751 1365 1804 de
1394 1750 1666 1821 mysteriis
1706 1765 1816 1804 sum

1906 577 2070 631 opera
2100 562 2296 630 iacere,
2326 563 2477 633 cujus
2504 574 2620 619 erat
2663 564 2823 621 ﬁlius.
2869 564 2973 619 ista
3002 575 3155 622 erant
3192 583 3358 638 opera
3382 552 3483 647 Dei

1905 653 2099 720 Patris,
2132 663 2356 724 propter
2378 670 2496 733 qua:
2528 654 2619 713 Dei
2668 654 2835 712 Filius
2877 668 3122 727 venerat,
3157 659 3479 725 illuminatio

1908 743 2151 805 videlicet
2175 752 2228 805 et
2252 744 2458 803 sanatio
2486 745 2696 821 generis
2728 746 2964 805 humani.
2997 746 3130 803 Nam
3156 763 3250 818 per
3278 750 3481 808 illumi-

1906 835 2177 901 nationem
2210 835 2365 906 hujus
2397 836 2551 903 caeci,
2598 836 2919 901 illuminatio
2946 838 3341 908 signiﬁcabatur
3380 841 3484 899 hu-

1906 927 2047 991 mani
2074 929 2307 998 generis.
2337 928 2586 989 Miracula
2613 931 2841 1005 denique
2872 931 3041 995 ηομτί
3075 932 3476 1006 Redemptoris.

1911 1016 1979 1075 ita
2006 1015 2158 1087 juxta
2188 1018 2423 1073 litteram
2454 1020 2598 1083 faeta
2630 1020 2942 1090 creduntur,
2973 1018 3032 1085 ut
3058 1022 3282 1101 mystice
3304 1012 3487 1085 consi—

1906 1104 2118 1173 derata,
2157 1107 2355 1177 aliquid
2398 1110 2621 1177 inuuant
2652 1109 2969 1175 faciendum.
3015 1112 3200 1166 Caecus
3229 1127 3358 1185 ergo
3384 1114 3486 1181 iste

1910 1213 2075 1269 genus
2110 1201 2399 1263 humanum
2456 1203 2764 1281 praesignat,
2810 1202 2950 1272 quod
2981 1203 3035 1265 in
3076 1206 3247 1275 primo
3274 1215 3490 1277 parente

1912 1302 2167 1351 cmcatum
2215 1300 2318 1359 est,
2362 1294 2486 1362 quia
2536 1309 2602 1355 ex
2636 1295 2726 1357 illo
2756 1282 2945 1359 omnes
2979 1297 3237 1357 traximus
3267 1314 3375 1352 non
3406 1311 3489 1363 so-

1912 1379 2019 1443 lum
2051 1381 2313 1452 originem
2346 1383 2555 1447 mortis,
2585 1384 2677 1439 sed
2708 1384 2867 1445 etiam
2901 1387 3212 1457 iniquitatis.
3245 1387 3314 1441 Et
3354 1389 3490 1465 bene

1914 1488 2021 1535 non
2044 1473 2214 1527 solum
2245 1488 2441 1541 crccus,
2468 1476 2564 1531 sed
2599 1477 2760 1532 etiam
2793 1492 2967 1543 caecus
2996 1495 3024 1539 a
3059 1479 3331 1545 nativitate
3359 1480 3489 1536 dici-

1916 1573 2021 1634 tur,
2046 1565 2168 1635 quia
2196 1581 2383 1621 omnes
2408 1566 2652 1621 homines
2684 1570 2930 1640 (excepto
2962 1570 3056 1624 illo
3078 1571 3167 1643 qui
3194 1571 3260 1626 de
3291 1571 3490 1644 virgine

1915 1667 2070 1717 natus
2099 1655 2202 1727 est)
2234 1673 2352 1715 cum
2388 1669 2606 1727 peccato
2638 1660 2886 1732 originali
2934 1661 3221 1728 nascimur,
3269 1669 3324 1717 et
3365 1678 3485 1733 gra-

1917 1749 2133 1807 vissima
2190 1751 2428 1805 czecitate
2487 1751 2749 1820 depressi,
2811 1753 2863 1805 in
2921 1753 3173 1805 mundum
3228 1753 3471 1821 venimus

232 1840 526 1903 divinitatis
557 1841 853 1901 instruebat
902 1841 1106 1897 ﬁdeles.
1148 1843 1254 1898 Sed
1300 1846 1502 1911 miseri,
1552 1855 1606 1901 et
1650 1849 1812 1903 totius
1845 1842 1891 1903 Β
1917 1854 2074 1915 quam
2119 1842 2413 1895 Circuitle
2441 1841 2507 1897 de
2541 1842 2722 1897 radice
2752 1842 2909 1910 ρτίπηὶ
2960 1845 3197 1913 Parentis
3228 1846 3497 1902 COanaXi‘

232 1931 360 1997 boui
392 1933 590 1995 inimici
630 1931 823 2000 Judzci,
854 1934 1019 1989 verba
1065 1934 1206 1990 illius
1250 1936 1388 1991 ferre
1415 1952 1519 1991 non
1553 1938 1811 2006 valentes,

232 2024 301 2087 ad
351 2025 554 2097 lapides
604 2024 993 2093 confugerunt,
1034 2034 1335 2095 qumrentes
1383 2027 1609 2081 obruere
1660 2044 1814 2097 quem

233 2131 344 2173 non
372 2125 618 2186 poterant
666 2116 989 2187 intelligere.
1022 2116 1139 2184 Ipse
1185 2125 1368 2172 autem
1426 2120 1694 2173 transiens
1729 2136 1819 2187 per

235 2206 470 2261 medium
504 2206 717 2260 illorum
749 2208 877 2271 ibat.
912 2206 1148 2261 Necdum
1194 2206 1393 2278 quippe
1438 2218 1661 2264 venerat
1690 2210 1821 2263 liora

234 2317 399 2373 quam
429 2302 754 2373 prmlinierat
796 2301 1052 2371 passioni,
1086 2303 1207 2372 quia
1242 2318 1345 2357 non
1386 2304 1438 2357 in
1468 2303 1818 2372 ScenOpegia,

233 2393 334 2455 sed
366 2393 418 2446 in
451 2392 652 2449 Pascha
684 2394 793 2463 pati
825 2394 1181 2462 diSposuerat.
1230 2394 1535 2449 Praeterieris
1562 2413 1682 2467 ergo
1712 2397 1821 2450 Do-

234 2486 431 2554 minus,
458 2486 599 2551 sicut
641 2501 782 2541 nunc
814 2486 1148 2555 Evangelista
1193 2486 1449 2557 loquitur,
1482 2489 1607 2541 vidit
1654 2490 1821 2543 homi-

239 2594 357 2639 nem
384 2594 574 2641 caecum
630 2596 660 2633 a
708 2578 992 2645 nativitatc,
1055 2578 1155 2633 hoc
1216 2587 1320 2645 est,
1368 2594 1567 2635 crocum
1621 2589 1821 2647 natum,

238 2684 399 2740 quem
429 2679 599 2731 mater
630 2668 695 2725 de
739 2670 975 2731 tenebris
1007 2669 1143 2723 uteri
1188 2670 1495 2755 rqol'udcrat
1526 2671 1577 2725 in
1613 2682 1822 2726 noctem

237 2759 446 2815 mundi.
473 2759 633 2826 Vidit,
660 2759 851 2830 inquit,
881 2760 1023 2814 illum
1046 2804 1062 2831 ,
1090 2760 1140 2814 id
1166 2770 1271 2827 ρει,
1303 2762 1551 2817 misertus
1579 2771 1661 2816 est
1687 2762 1830 2817 illius

241 2850 437 2915 Videre
465 2850 606 2907 enim
639 2851 815 2916 illius,
849 2851 1093 2909 misereri
1125 2862 1224 2907 est.
1258 2852 1390 2907 Hinc
1419 2855 1679 2923 scriptum
1709 2864 1827 2917 est:

238 2940 483 3010 Respexit
515 2940 761 3007 Dominus
792 2932 1003 2997 Petrum
1034 2944 1183 3013 (Luc.
1209 2944 1362 3015 xxxi).
1392 2943 1459 2997 Et
1488 2946 1832 3015 interrogave-

234 3042 361 3088 runt
387 3048 499 3095 eum
531 3033 769 3106 discipuli
797 3038 950 3104 ejus:
993 3035 1171 3099 Ilabbi,
1199 3037 1311 3104 quis
1356 3036 1600 3106 peccarit,
1634 3035 1716 3087 hic
1745 3043 1835 3089 aut

236 3135 474 3196 parentes
518 3129 625 3199 ejus
648 3169 662 3195 ,
694 3136 749 3181 ut
781 3144 941 3187 cwcus
987 3130 1321 3183 nasceretur?
1356 3130 1625 3187 Noverunt
1663 3130 1831 3187 sancti

1922 1947 2062 1989 mus.
2088 1933 2190 2001 Qui
2218 1934 2357 1987 bene
2386 1934 2574 1987 videns
2604 1934 2853 2009 conditus
2876 1933 3070 2001 fuerat,
3105 1934 3197 1990 sed
3218 1920 3498 1992 diabolicis

1920 2022 2352 2101 persuasionibus
2377 2023 2822 2095 obtemperando,
2854 2025 3148 2079 czecitatem
3172 2026 3496 2093 incurrerat,

1920 2102 2087 2187 quam.
2108 2117 2160 2173 in
2193 2132 2378 2173 omnes
2406 2132 2531 2172 suos
2555 2127 2800 2191 posteros
2823 2121 3237 2187 transmittebat.
3267 2120 3488 2178 Praeter-

1921 2210 2036 2267 icns
2071 2219 2247 2267 autem
2281 2212 2532 2266 Dominus
2565 2212 2695 2266 vidit
2745 2228 2965 2268 caecum.
3000 2214 3114 2270 Non
3146 2216 3287 2271 enim
3324 2226 3494 2282 stans,

1921 2301 2018 2359 sed
2052 2303 2366 2368 praeteriens
2397 2303 2545 2370 vidit,
2587 2304 2707 2371 quia
2737 2304 2790 2357 in
2825 2306 3173 2363 similitudine
3200 2310 3377 2363 carnis
3405 2292 3499 2380 ap-

1922 2394 2119 2465 paruit,
2152 2392 2246 2447 sed
2278 2392 2329 2449 in
2361 2395 2441 2448 via
2474 2404 2812 2463 peccatorum
2860 2412 2961 2449 non
2996 2400 3174 2463 stetit;
3196 2382 3336 2469 quia
3378 2414 3499 2468 pec-

1926 2492 2093 2537 catum
2142 2499 2244 2537 non
2295 2485 2437 2554 fecit,
2479 2500 2570 2539 nec
2598 2486 2827 2540 inventus
2860 2495 2933 2540 est
2981 2488 3126 2542 dolus
3170 2488 3222 2541 in
3262 2505 3347 2542 ore
3391 2491 3502 2569 ejus

1928 2573 1981 2648 (Ι
2010 2574 2154 2630 Petr.
2189 2576 2272 2644 ιι).
2307 2575 2437 2629 llinc
2466 2585 2549 2631 est
2576 2577 2713 2646 quod
2739 2617 2752 2640 ,
2808 2577 3097 2633 secundum
3130 2579 3349 2636 alterius
3398 2582 3501 2645 loci

1928 2666 2256 2739 parabolam,
2300 2665 2666 2722 Samaritanus
2696 2682 2851 2721 secus
2880 2671 3117 2727 saucium
3148 2672 3312 2733 venit.
3343 2673 3495 2743 Quod

1931 2758 2075 2819 enim
2109 2757 2179 2812 ibi
2230 2772 2323 2825 per
2353 2758 2613 2823 saucium,
2646 2759 2744 2814 hoc
2785 2760 3114 2829 signiﬁcatur
3158 2762 3242 2825 hic
3271 2780 3365 2837 per
3395 2780 3475 2831 ca:

1932 2864 2074 2909 cum.
2109 2849 2175 2903 Et
2206 2850 2343 2917 quod
2374 2850 2445 2905 ibi
2476 2850 2690 2917 dicitur,
2714 2853 2868 2919 venit,
2915 2852 3019 2916 hic,
3050 2857 3313 2922 prwteriit.
3344 2848 3498 2923 Veni'

1930 2952 2064 3007 ergo
2122 2939 2375 2995 Dominus
2404 2954 2563 2995 secus
2619 2942 2879 3007 saucium,
2933 2953 2984 2997 et
3034 2948 3348 3019 prmteriens
3378 2948 3509 3013 vidi.

1934 3046 2157 3097 caecum,
2210 3034 2331 3102 quia
2379 3034 2822 3105 appropinquavit
2862 3038 2961 3091 viae
3014 3042 3353 3097 murtalitatis
3406 3059 3507 3107 no-

1936 3132 2082 3190 strm,
2115 3140 2218 3177 non
2248 3133 2420 3178 tamen
2454 3124 2567 3179 lixit
2598 3126 2877 3196 vestigium
2926 3127 2980 3180 in
3024 3130 3106 3182 via
3141 3140 3504 3201 peccatorum.

237 3220 511 3291 apostoli,
540 3219 612 3274 ob
657 3224 852 3283 multas
899 3236 1087 3283 causas
1134 3221 1533 3293 dispensatione
1574 3224 1667 3278 Dei
1717 3224 1830 3279 dari
1856 3194 1905 3259 θ
1940 3215 2099 3275 Venil-
2124 3216 2265 3279 euim
2295 3226 2350 3273 ut
2379 3218 2675 3273 caecitatem
2709 3230 3046 3289 peccatorum
3079 3232 3384 3279 nostrorum
3410 3226 3509 3291 tol-

238 3312 587 3381 inlirmitates
629 3311 957 3385 hominibus,
986 3314 1275 3382 aliquando
1306 3324 1525 3385 propter
1556 3315 1829 3387 purgatio-

238 3421 369 3471 nem
411 3416 784 3481 peccatorum,
819 3407 1101 3476 aliquando
1143 3407 1207 3461 ad
1252 3408 1644 3476 probationem,
1697 3424 1833 3463 noo-

238 3512 516 3568 punquam
546 3497 612 3561 ad
640 3498 890 3553 virtutum
919 3498 1237 3563 custodiam,
1268 3498 1361 3553 sed
1394 3500 1705 3568 ignorabant
1734 3515 1836 3570 qua

251 3593 443 3653 harum
476 3605 637 3657 causa
666 3592 827 3655 homo
860 3590 949 3644 ille
980 3605 1151 3655 caecus
1182 3600 1337 3653 natus
1373 3593 1577 3660 luisset,
1607 3592 1839 3662 ideoque

246 3685 728 3755 interrogaverunt
772 3684 1054 3738 Dominum
1092 3684 1238 3751 quasi
1292 3684 1627 3753 magistrum,
1680 3696 1736 3749 ut
1775 3684 1841 3743 ab

238 3789 315 3835 eo
367 3773 637 3841 diSCcrent
676 3774 814 3839 quod
851 3760 1180 3829 nesciebant.
1220 3772 1497 3845 Respondit
1527 3775 1597 3828 eis
1642 3773 1791 3830 Jesus
1821 3791 1841 3830 :

252 3866 441 3937 Neque
468 3866 549 3919 hic
596 3865 840 3938 peccavit,
890 3882 1049 3936 neque
1093 3874 1330 3939 parentes
1377 3869 1512 3936 eius.
1569 3867 1707 3934 Quid
1762 3877 1843 3923 est

245 3956 400 4039 quod
452 3956 579 4023 dicit
616 3956 895 4025 Salvator,
944 3974 1118 4033 neque
1172 3958 1314 4015 illum
1368 3974 1537 4029 neque
1592 3968 1843 4028 parentes

237 4053 368 4122 ejus
400 4050 687 4123 peccasse?
727 4050 783 4117 Si
838 4049 977 4107 enim
1031 4050 1203 4115 nullus
1251 4050 1520 4107 hominum
1563 4052 1683 4107 sine
1721 4068 1845 4121 pcc-

238 4154 395 4217 cato,
447 4143 714 4212 quomodo
770 4152 1014 4212 parentes
1069 4142 1200 4197 casei
1260 4157 1361 4196 non
1422 4145 1846 4211 peccaverunt?

239 4234 497 4305 phimum
527 4233 683 4297 etiam
736 4236 959 4303 vivendo
1000 4243 1052 4287 et
1098 4234 1465 4289 conversando
1513 4235 1566 4288 in
1601 4236 1839 4303 mundo,

240 4343 361 4395 non
393 4329 543 4399 plura
596 4337 811 4398 peccata
862 4327 1216 4383 addiderant?
1260 4326 1321 4382 Si
1363 4343 1490 4395 ergo
1522 4327 1607 4384 hic
1651 4339 1705 4383 et
1747 4345 1836 4399 pa-

238 4429 433 4489 rentes
485 4421 601 4490 ejus
660 4430 935 4490 peccatum
993 4420 1277 4487 habebant,
1346 4435 1511 4489 quare
1594 4421 1849 4475 Dominus

240 4511 407 4587 dixit,
432 4509 610 4585 Neque
636 4509 721 4579 hic
747 4511 1003 4581 peccavit,
1032 4524 1203 4581 neque
1234 4510 1510 4579 parentes?
1534 4509 1639 4566 Sed
1669 4512 1839 4567 scien-

240 4604 380 4673 dum
412 4603 535 4677 quia
586 4602 845 4669 Dominus
874 4602 939 4669 ad
972 4618 1082 4657 rem
1124 4602 1189 4665 de
1220 4617 1319 4672 qua
1368 4600 1540 4655 fuerat
1594 4601 1832 4657 interro-

240 4705 407 4773 gatus
437 4695 730 4769 respondit.
775 4693 853 4749 illi
895 4696 1035 4749 enim
1068 4693 1529 4763 interrogaveram
1559 4703 1737 4748 utrum
1770 4694 1837 4749 de

243 4802 381 4863 suo,
403 4787 483 4857 vel
515 4798 798 4861 parentum
832 4799 1050 4856 peccato
1077 4802 1250 4851 caecus
1295 4795 1448 4841 natus
1505 4786 1712 4851 fuisset.
1760 4789 1840 4843 Ad

250 4868 364 4947 hoc
390 4879 667 4959 respondit
699 4879 954 4945 Dominus
991 4892 1164 4949 neque
1193 4877 1338 4932 illum
1386 4894 1555 4946 neque
1588 4888 1839 4948 parentes

248 4973 377 5041 ejus
407 4988 653 5045 peccasse
672 4971 793 5036 hoc,
820 4971 1067 5035 nimirum
1100 4982 1154 5024 ut
1184 4971 1269 5033 ille
1293 4985 1477 5035 caecus
1496 4983 1836 5027 nasceretur.

255 5056 540 5129 Habebam
569 5076 697 5131 ergo
740 5063 851 5131 ipse
881 5072 933 5115 ct
980 5072 1229 5130 parentes
1261 5061 1373 5131 ejus
1424 5069 1639 5129 peccata
1691 5063 1847 5116 innu-

253 5167 432 5221 uiera,
466 5152 556 5221 sed
602 5167 706 5209 non
751 5161 965 5218 promer
994 5151 1085 5203 illa
1118 5151 1231 5229 ipse
1281 5165 1451 5203 czecus
1481 5152 1654 5204 editus
1703 5162 1839 5207 erat.

252 5247 441 5319 Quare
465 5244 631 5312 ergo?
680 5242 787 5296 Sed
821 5281 836 5309 ,
886 5243 1076 5312 inquit,
1120 5252 1173 5294 ut
1219 5244 1662 5312 ntanij'cstnrcntur
1689 5260 1847 5314 opera

258 5335 365 5389 Dei
408 5335 459 5387 in
479 5337 588 5388 illo.
635 5333 887 5388 Veritatis
937 5332 1187 5405 tn-gister
1239 5335 1426 5402 dot-et,
1474 5335 1611 5403 quod
1643 5338 1707 5388 ad
1750 5338 1851 5390 hoc

258 5430 347 5499 sic
378 5439 531 5482 natus
577 5429 670 5497 sit,
726 5437 779 5479 ut
812 5441 977 5496 opera
1028 5426 1117 5479 Dei
1175 5426 1647 5480 manilesmrentur
1679 5428 1728 5480 in
1764 5444 1847 5491 eo,

261 5500 533 5591 quatenus
580 5518 647 5571 ab
678 5516 913 5589 ingenita
962 5516 1201 5569 caritate
1255 5517 1402 5569 illum
1463 5517 1757 5581 liberantlo,
1803 5527 1856 5574 et

264 5613 451 5666 lumen
500 5611 858 5675 restituendo,
919 5607 1112 5662 Filium
1177 5609 1268 5661 Dei
1320 5624 1376 5661 se
1434 5624 1553 5663 esse
1608 5613 1854 5667 omnibus

265 5714 461 5775 aperte
493 5713 837 5757 monstraret.
871 5701 954 5755 Me
986 5710 1181 5773 Oportet
1216 5704 1418 5769 operari
1452 5719 1604 5774 opera
1632 5706 1741 5777 ejus
1769 5706 1855 5774 qui

267 5799 410 5859 misit
446 5816 543 5866 me,
578 5800 733 5867 donec
761 5800 867 5853 dies
910 5808 1003 5853 est.
1059 5797 1208 5854 Sicut
1256 5796 1471 5869 ubique,
1523 5799 1593 5855 ita
1634 5810 1686 5856 et
1717 5816 1853 5857 nunc

1938 3306 2092 3371 lcret,
2125 3320 2229 3361 non
2255 3315 2312 3359 ut
2341 3322 2459 3359 eam
2487 3306 2801 3378 susciperet.
2847 3310 2973 3365 Haec
2998 3326 3123 3383 ergo
3152 3329 3309 3382 opera
3340 3316 3511 3372 Patris

1938 3412 1996 3455 sc
2027 3398 2235 3455 dicebat
2266 3410 2517 3466 Oportere
2566 3402 2797 3467 operari,
2854 3401 2975 3471 quia
3009 3412 3228 3459 venerat
3271 3422 3514 3479 qumrere

1938 3493 2165 3565 perdita,
2194 3500 2494 3553 restaurare
2521 3505 2789 3567 corrupta.
2828 3492 3016 3561 Donec,
3052 3496 3241 3566 inquit,
3281 3497 3390 3551 dies
3416 3510 3511 3563 est.

1948 3582 2094 3637 Venit
2132 3600 2235 3637 nos:
2274 3585 2478 3655 quando
2506 3601 2656 3637 nemo
2686 3596 2848 3653 potest
2900 3590 3121 3656 operari.
3157 3589 3324 3663 Quam
3369 3574 3512 3653 diem

1942 3674 2104 3733 vellet
2146 3666 2390 3744 intelligi,
2424 3674 2643 3728 delinite
2688 3677 2972 3744 expressit,
3016 3692 3137 3737 cum
3192 3680 3512 3754 subiungit:

1947 3764 2188 3830 Quttttdiu
2216 3782 2329 3827 sunt
2353 3766 2403 3817 in
2435 3767 2645 3833 mundo,
2674 3766 2763 3818 lux
2787 3784 2897 3819 sum
2925 3768 3121 3825 mundi.
3152 3769 3254 3823 Sed
3285 3771 3410 3843 quid
3438 3785 3521 3829 est

1942 3862 2083 3930 quod
2114 3860 2245 3914 dixit
2274 3879 2285 3913 :
2320 3860 2401 3915 Me
2429 3870 2623 3931 oportet
2648 3862 2850 3926 operari
2883 3862 3043 3917 donec
3073 3864 3177 3915 dies
3208 3872 3279 3917 est
3306 3866 3329 3917 ?
3363 3865 3512 3933 Nun-

1946 3954 2071 4026 quid
2102 3956 2243 4011 enim
2296 3938 2667 4013 tantummodo
2691 3965 2941 4023 Operalus
2991 3965 3093 4021 est,
3134 3957 3346 4024 quando
3377 3975 3507 4033 prae.

1945 4048 2116 4101 seutia
2146 4046 2414 4115 corporali
2459 4048 2553 4098 luit
2584 4045 2634 4097 in
2670 4046 2906 4105 mundo?
2953 4044 3011 4099 Si
3042 4046 3183 4099 enim
3217 4046 3317 4109 hoc
3361 4064 3516 4103 rece-

1948 4140 2207 4209 perimus,
2235 4140 2339 4206 jam
2368 4146 2485 4205 post
2516 4137 2632 4207 ejus
2662 4138 3029 4191 ascensionem
3055 4136 3240 4191 estilla
3271 4138 3522 4194 terribilis

1946 4242 1999 4287 et
2030 4230 2309 4291 metuenda
2342 4244 2445 4284 nox
2470 4229 2519 4282 in
2549 4230 2767 4296 mundo,
2803 4230 2852 4297 in
2880 4243 2983 4298 qua
3011 4244 3171 4284 nemo
3192 4239 3368 4300 potest
3392 4245 3521 4307 ope.

1949 4325 2073 4379 rari.
2108 4325 2168 4377 Et
2202 4332 2347 4376 recte
2375 4323 2487 4391 ipse
2528 4321 2649 4375 alibi
2683 4321 3031 4387 repromisit:
3078 4321 3210 4375 Ecce
3238 4339 3329 4393 ego
3358 4321 3521 4381 vobis-

1950 4434 2060 4471 cum
2086 4434 2197 4471 sum
2221 4417 2449 4471 omnibus
2472 4417 2643 4470 diebus
2666 4433 2822 4485 usque
2841 4418 2909 4470 ad
2931 4419 3415 4473 consummationem
3432 4436 3522 4475 sa:-

1950 4508 2049 4562 culi
2076 4490 2289 4578 (Matth.
2320 4498 2527 4575 xxvru)’.
2562 4506 2616 4562 Si
2643 4522 2770 4577 ergo
2799 4517 2882 4562 est
2926 4523 3051 4563 cum
3106 4508 3306 4564 sanctis
3355 4525 3547 4591 usque.

1939 4600 2004 4659 ad
2035 4601 2552 4663 consummationem
2598 4599 2802 4665 saeculi,
2847 4600 3028 4669 utique
3066 4615 3281 4673 semper
3325 4616 3525 4672 opera-

1944 4700 2026 4745 tur
2056 4705 2221 4760 usque
2250 4690 2314 4743 ad
2347 4691 2505 4745 linem
2536 4678 2739 4745 saeculi.
2771 4690 2870 4756 Qui
2908 4692 3050 4746 enim
3083 4702 3211 4747 tunc
3239 4694 3522 4761 praesentia

1939 4782 2205 4850 corporali
2262 4780 2357 4834 fuit
2406 4781 2459 4838 in
2530 4781 2774 4847 mundo,
2837 4799 2975 4839 nunc
3035 4783 3211 4838 divina
3280 4787 3527 4859 potentia

1947 4877 2139 4946 ubique
2182 4890 2417 4943 prwsens
2459 4886 2540 4931 est
2573 4876 2789 4930 mundo.
2836 4876 3188 4945 Quaerendum
3234 4891 3363 4946 ergo
3410 4894 3526 4948 qua:

1948 4970 2016 5024 sit
2045 4973 2144 5023 ista
2173 4986 2296 5035 nox,
2328 4986 2429 5039 qua
2464 4984 2620 5027 nemo
2652 4979 2826 5039 potest
2853 4969 3096 5041 operari?
3141 4968 3255 5024 Nox
3297 4972 3392 5024 ista
3433 4970 3530 5033 im-

1955 5063 2161 5130 piorum
2190 5069 2292 5125 est,
2325 5062 2514 5132 quibus
2544 5060 2743 5114 dicetur
2775 5080 2784 5112 :
2818 5056 2919 5129 Ite,
2970 5059 3246 5123 maledicti,
3276 5060 3327 5112 in
3359 5061 3528 5133 ignem

1954 5162 2212 5215 (cternutn,
2266 5153 2351 5221 qui
2380 5162 2700 5222 prwparatus
2729 5161 2798 5204 est
2847 5150 3048 5204 diabolo
3096 5159 3145 5203 et
3184 5152 3380 5221 angelis
3418 5136 3528 5222 ejus

1959 5245 2169 5315 (Matth.
2212 5250 2356 5312 xxv).
2390 5242 2503 5297 Nox
2536 5245 2632 5297 ista
2664 5244 2785 5305 erit,
2819 5244 3029 5312 quando
3061 5243 3323 5297 damnatis
3354 5245 3530 5298 omni-

1961 5340 2055 5391 bus
2096 5338 2355 5407 regii-«iliis,
2388 5336 2562 5389 nullus
2609 5335 2716 5404 jam
2778 5335 2925 5393 locus
2984 5335 3328 5409 ptnnitentim,
3387 5338 3532 5390 nulla

1960 5428 2179 5482 facultas
2206 5427 2375 5480 venite
2409 5427 2648 5493 restabit,
2679 5428 2797 5493 quia
2827 5427 2875 5479 in
2919 5426 3127 5479 inferno
3170 5440 3329 5479 nemo
3358 5423 3549 5511 conﬂ-j

1961 5523 2158 5573 tclntur
2192 5519 2433 5571 Domino.
2479 5522 2739 5586 operatur
2766 5532 2893 5588 ergo
2933 5518 3187 5571 Dominus
3217 5518 3387 5572 donec
3417 5520 3529 5574 dies

1961 5624 2063 5679 est,
2116 5612 2241 5680 quia
2295 5612 2417 5663 dum
2463 5611 2550 5666 hic
2597 5613 2849 5685 vivimus,
2888 5614 3174 5682 ‘erspectat
3204 5622 3255 5668 et
3290 5614 3536 5677 hortatur

1962 5706 2027 5759 ad
2060 5704 2471 5767 confessionem,
2504 5713 2557 5760 et
2588 5705 2775 5774 punire
2822 5705 3104 5774 detrectat,
3158 5705 3309 5760 adest
3362 5706 3537 5763 omni.

1962 5802 2058 5856 bus
2086 5800 2458 5856 invocantibus
2482 5814 2542 5854 se
2569 5801 2620 5856 in
2653 5800 2903 5862 veritate°
2927 5797 3084 5858 Venit
3114 5816 3218 5857 nux
3247 5814 3348 5871 qua
3377 5812 3538 5868 nemo
