3972 6340
594 327 739 394 N95

1450 329 1647 383 PAULI
1691 326 1959 381 DMCONI
2002 325 2075 380 Ol
2094 327 2150 378 Ρ.
2196 325 2370 381 PARS
2410 323 2471 377 ll.
2511 351 2582 364 —
2622 319 2974 377 ASCETICA.

3607 338 3699 395 lilii

590 458 768 522 potest
815 444 1048 513 onerari,
1108 444 1227 511 quia
1287 440 1433 495 linito
1487 441 1705 506 mundo,
1747 440 1977 505 receptis
2028 438 2164 493 cosio
2192 438 2243 497 Δ
2270 446 2369 489 tem
2396 435 2658 489 sabbatum
2689 436 2741 489 iu
2773 436 2855 489 die
2895 436 3009 501 illa,
3047 437 3237 504 quando
3280 444 3419 495 lutum
3464 446 3555 511 fecit
3587 448 3700 525 iam,

592 545 797 605 electis,
840 543 1023 594 clauso
1051 537 1211 603 ostio,
1245 550 1414 589 vanus
1443 536 1592 589 labor
1624 544 1723 596 est,
1755 542 1806 586 et
1842 548 1960 587 sera
1994 532 2165 601 poeni-

591 639 779 695 tentia.
812 632 1176 688 Clamantilms
1204 633 1345 684 enim
1374 648 1388 683 :
1423 630 1636 682 Domine
1657 668 1673 694 ,
1730 625 1943 680 Domine
1968 667 1982 688 ,
2024 625 2167 695 aperi

595 729 762 794 nobis,
790 724 1164 788 respondebit:
1196 720 1249 777 Ν
1252 720 1385 776 escio
1410 735 1530 774 vos:
1554 719 1795 773 discedite
1822 734 1854 771 a
1874 733 1973 781 me,
1990 732 2169 785 opera-

597 822 663 876 rii
691 817 975 887 iniquitatis
1008 813 1161 876 (Luc.
1206 816 1349 883 xm).
1380 813 1610 867 Proinde
1638 814 1916 865 audiamus
1940 812 2170 875 Aposto-

595 912 706 966 lum
727 910 996 965 dicentem
1020 924 1035 963 :
1064 905 1197 960 Dum
1223 915 1416 976 tempus
1439 904 1677 959 habemus
1698 919 1965 971 aperemur
1987 902 2171 958 bonum

598 1003 741 1075 (Gal.
769 1002 867 1073 vi).
915 1000 1067 1056 Nunc
1110 1007 1190 1054 est
1242 1007 1452 1065 tempus
1498 996 1752 1066 operandi
1795 997 2011 1057 bonum,
2048 1006 2172 1050 tunc

592 1113 723 1154 vero
750 1092 1037 1162 recipiendi
1067 1091 1208 1162 quod
1239 1090 1403 1144 lueris
1450 1098 1722 1158 operatus.
1763 1086 1868 1143 Sed
1900 1087 2173 1143 videamus

597 1186 726 1260 quid
757 1186 1012 1242 Dominus
1036 1182 1242 1239 fecerit.
1274 1181 1405 1236 Htec
1432 1197 1549 1235 cum
1594 1180 1805 1235 dixisset
1830 1220 1847 1245 ,
1892 1179 2089 1247 exspuit
2118 1179 2171 1232 in

596 1290 808 1343 terram,
844 1288 892 1332 et
923 1278 1038 1345 fecit
1067 1275 1233 1329 lutum
1258 1290 1322 1329 ea:
1348 1282 1519 1342 sputo,
1550 1281 1597 1327 et
1626 1272 1790 1325 linivit
1818 1287 1971 1341 super
1996 1268 2173 1323 oculos

600 1373 746 1443 eius,
785 1382 833 1426 et
879 1368 1049 1423 dixit:
1077 1365 1261 1432 Vade,
1306 1366 1420 1419 lava
1448 1365 1503 1416 in
1543 1362 1797 1416 natatoria
1839 1362 2008 1424 Siloe,
2039 1358 2175 1428 quod

602 1462 963 1533 interpretatur
1008 1459 1214 1513 missus.
1255 1456 1511 1512 Mirabilis
1553 1464 1609 1509 et
1655 1456 1765 1523 ipsa
1815 1452 1897 1507 sui
1943 1454 2176 1507 novitate

601 1555 860 1624 stupenda
907 1553 1033 1607 caci
1083 1552 1323 1613 curatio,
1366 1562 1653 1617 magnum,
1699 1548 1740 1599 si
1774 1544 2131 1613 intelligamus
2157 1582 2172 1607 ,

592 1644 931 1702 commendat
958 1643 1289 1714 mysterium.
1328 1639 1607 1704 Ειενιιειις
1635 1636 1830 1706 quippe
1874 1635 1926 1688 in
1976 1643 2173 1688 terram

589 1736 720 1794 fecit
748 1737 916 1790 lutum
942 1774 959 1801 ,
1003 1743 1057 1788 et
1085 1733 1270 1787 oculos
1297 1731 1424 1785 caci
1458 1730 1685 1783 inmisit.
1716 1728 1938 1797 Sputum
1968 1725 2107 1795 quod
2139 1741 2168 1778 a

592 1790 769 1899 capite
812 1827 865 1879 in
906 1790 968 1880 os
1006 1823 1221 1886 deﬂuit,
1273 1821 1608 1876 divinitatem
1646 1790 1844 1873 Christi
1882 1790 2163 1888 signiﬁcat,
2198 1790 2246 1855 θ

591 1924 715 1991 quia
768 1932 923 1990 caput
984 1918 1180 1972 Christi
1247 1913 1406 1971 Deus.
1465 1913 1531 1967 Et
1574 1913 1844 1983 Sapientia
1896 1909 2168 1979 loquitur:

600 2014 709 2086 Ego
739 2029 803 2067 ea:
823 2028 909 2065 ore
940 2010 1191 2064 Altissimi
1219 2008 1441 2078 prodiui.
1471 2004 1808 2076 primogenita
1831 2012 1948 2055 ante
1974 2017 2171 2057 omnem

591 2116 876 2161 creaturam
906 2102 1093 2174 (Eccli.
1128 2108 1301 2165 xxiv).
1337 2098 1673 2155 Ει8.ς1‹)ιιιοιι
1705 2096 1771 2148 de
1805 2095 1916 2163 ipsa
1948 2111 1960 2145 :
1997 2091 2171 2161 Vapor

593 2208 666 2252 est
694 2198 826 2251 enim
854 2200 1055 2249 uirtutis
1085 2192 1200 2257 Dei,
1229 2202 1275 2245 et
1314 2190 1568 2246 entanatio
1604 2187 1840 2256 quwdam
1888 2183 2170 2253 majestatis

596 2299 671 2344 est
699 2288 811 2360 ejus
863 2288 1061 2339 sincera
1109 2284 1266 2353 (Sep.
1323 2280 1441 2351 vn).
1494 2280 1682 2333 Lutum
1713 2278 1780 2331 de
1829 2285 1993 2342 terra,
2045 2288 2170 2328 caro

596 2376 796 2432 Christi
828 2385 929 2429 est.
960 2376 1237 2442 Esspuens
1256 2386 1381 2438 ergo
1402 2376 1452 2423 in
1477 2376 1669 2422 terrain
1697 2366 1863 2421 lutum
1891 2366 2032 2428 fecit,
2048 2363 2171 2435 quia

600 2468 823 2523 Verbum
866 2480 985 2519 caro
1008 2465 1197 2532 factum
1227 2474 1324 2527 est,
1348 2471 1395 2516 et
1436 2461 1676 2513 habitavit
1722 2460 1773 2511 iu
1814 2460 1957 2511 nobis
1989 2457 2163 2527 (Joan.

591 2562 659 2631 ι).
687 2561 937 2615 lnuncius
964 2560 1071 2626 jam
1097 2572 1268 2612 cacus
1292 2554 1521 2608 nondum
1558 2556 1723 2620 videt,
1760 2551 1933 2605 donec
1955 2551 2093 2605 venit
2117 2550 2167 2603 in

588 2655 856 2713 natatoria
887 2652 1052 2714 Siloe,
1079 2651 1217 2720 quod
1247 2649 1629 2713 inlerprrlatttr
1646 2646 1850 2699 missus.
1876 2643 1990 2696 Non
2017 2652 2169 2695 vacat

588 2763 619 2802 a
642 2746 920 2814 mysterio,
949 2743 1089 2813 quod
1122 2740 1448 2808 evangelista
1473 2736 1627 2804 hujus
1649 2734 1876 2788 nominis
1894 2733 2070 2800 posuit
2090 2731 2169 2784 in-

595 2839 1055 2909 terprctationem,
1091 2833 1233 2904 quod
1266 2832 1509 2900 inquiens
1539 2829 1920 2896 interpretatur
1950 2826 2166 2879 mimus.

585 2934 717 3004 Quis
761 2934 902 2988 enim
932 2930 1125 2985 missus
1156 2926 1255 2981 nisi
1285 2926 1373 2980 ille
1408 2926 1496 2990 qui
1527 2922 1654 2977 dicit
1682 2938 1695 2972 :
1731 2917 1853 2973 Non
1876 2917 1985 2972 ueni
2010 2929 2167 2969 ame-

584 3030 719 3099 ipso,
748 3028 837 3079 sed
864 3043 896 3077 a
927 3023 1078 3077 Patre
1105 3022 1292 3074 missus
1313 3016 1463 3072 sum?
1485 3014 1729 3069 Christus
1755 3012 1901 3066 enim
1930 3022 2055 3061 vere
2081 3016 2165 3063 est

586 3121 805 3181 missus,
829 3118 953 3185 quia
984 3114 1082 3168 nisi
1115 3114 1204 3166 ille
1232 3111 1417 3165 luisset
1445 3108 1658 3171 missus,
1689 3104 1868 3159 nullus
1920 3108 2161 3155 nostrum

583 3226 615 3266 a
641 3219 860 3281 peccato
900 3206 1088 3261 luisset
1112 3205 1385 3258 dimissus.
1424 3198 1631 3254 Piscina
1664 3210 1792 3265 ergo
1818 3194 1929 3259 illa,
1958 3192 2161 3262 baptis-

582 3318 700 3358 tnus
728 3311 809 3357 est
827 3296 1048 3354 Christi.
1080 3296 1231 3351 Lavit
1259 3308 1435 3349 CtBCtIS
1479 3293 1531 3344 in
1565 3290 1764 3358 piscina
1815 3287 1982 3350 Sitne,
2019 3284 2161 3355 quod

580 3397 962 3461 interpretatur
1017 3390 1233 3453 missus,
1288 3395 1345 3440 et
1397 3384 1725 3437 illuminatus
1773 3389 1873 3444 est,
1930 3380 2053 3447 quia
2108 3376 2160 3430 in

580 3482 795 3539 Chrism
843 3478 1092 3549 baptizati
1148 3476 1541 3531 illuminantur.
1588 3472 1720 3526 Cum
1754 3484 1882 3539 ergo
1912 3469 2161 3523 inunctus

583 3586 707 3641 est,
735 3574 885 3644 quasi
934 3572 1348 3628 catechumenos
1384 3564 1555 3619 lactus
1585 3573 1668 3617 est
1694 3578 1710 3629 ;
1742 3562 1833 3616 sed
1864 3560 2054 3627 egebat
2085 3559 2161 3611 la-

579 3668 718 3734 vari,
746 3667 797 3721 id
821 3676 924 3728 est,
957 3663 1237 3733 baptizari,
1270 3669 1326 3713 ut
1362 3656 1774 3712 illuminaretur.
1806 3652 2161 3706 Catecliume-

578 3774 679 3815 nus
708 3774 837 3813 vero
868 3755 1141 3826 inungitur
1172 3765 1227 3807 ut
1266 3751 1544 3805 doceatur.
1576 3747 1707 3801 Nam
1738 3745 2160 3799 catechumenos

580 3851 791 3914 Graece,
833 3849 1024 3904 Latine
1055 3847 1351 3900 instructus
1395 3839 1611 3894 dicitur.
1667 3835 1973 3905 Baptizatur
2004 3847 2154 3898 ve'o,

579 3957 640 4003 ut
668 3960 855 4002 verum
888 3945 1071 3999 lumen
1102 3946 1380 4009 agnoscat,
1414 3944 1469 3990 et
1517 3932 1885 3988 remissionem
1915 3929 2157 3984 omnium

575 4047 918 4110 peccatorum
953 4032 1201 4102 accipiat.
1244 4028 1426 4098 Itaque
1476 4025 1649 4090 vicini,
1694 4034 1739 4077 et
1777 4024 1865 4091 qui
1913 4029 2158 4076 noverant

574 4147 691 4185 eum
742 4129 906 4200 prius,
956 4126 1078 4195 quia
1136 4120 1397 4176 mendicus
1447 4128 1578 4181 erat,
1653 4114 1925 4168 dicebant:
1972 4112 2159 4167 Nonne

575 4221 656 4275 hic
684 4231 755 4275 est
783 4221 869 4290 qui
920 4217 1122 4274 sedebat
1157 4226 1203 4269 et
1248 4211 1611 4268 meudicabat?
1640 4208 1743 4263 Alii
1783 4208 2015 4261 dicebant
2039 4206 2158 4275 quia

576 4312 655 4367 hic
696 4322 801 4377 est;
830 4311 921 4365 alii
961 4321 1129 4364 autem
1153 4326 1173 4363 :
1202 4305 1345 4368 Non,
1377 4306 1469 4360 sed
1521 4305 1701 4358 similis
1728 4305 1840 4373 ejus
1862 4311 1956 4354 est.
2007 4300 2157 4354 Hunc

573 4418 814 4459 errorem
862 4401 1033 4471 aperti
1090 4400 1228 4454 oculi
1275 4399 1558 4461 fecerunt;
1619 4395 1949 4448 illutninalus
2008 4393 2155 4461 quasi

2266 538 2312 581 et
2340 529 2540 592 aperuit
2579 530 2755 581 oculos
2796 528 2929 598 ejus.
2972 524 3164 581 Iterum
3204 546 3312 599 ergo
3338 530 3543 591 Pheristri
3561 524 3706 598 interro.

2267 624 2455 695 gabant
2492 639 2607 677 eum
2654 622 2910 693 quomodo
2959 622 3181 677 uidisset.
3232 622 3321 679 Ille
3364 643 3465 696 ergo
3504 631 3600 685 dixit
3630 638 3706 692 eis;

2268 714 2454 770 Lutum
2478 708 2644 785 posuit
2683 712 2808 765 mihi
2833 729 2987 780 super
3012 713 3201 778 oculos,
3237 723 3282 769 et
3307 716 3416 783 lavi,
3443 726 3482 771 et
3502 721 3627 777 video.
3647 723 3705 779 Di-

2268 807 2444 861 cebant
2470 822 2589 877 ergo
2613 820 2675 858 ea;
2707 804 2985 858 Pliaristeis
3005 804 3209 874 quidam
3233 820 3253 858 :
3280 805 3388 861 Non
3405 818 3468 862 est
3490 810 3554 864 hic
3569 812 3706 869 honos

2270 898 2399 966 Deo,
2435 899 2520 969 qui
2555 897 2821 952 sabbatum
2855 912 2959 953 non
2985 896 3224 952 custodit.
3252 896 3356 953 Non
3382 914 3539 956 omnes
3560 903 3634 961 hoc
3655 907 3707 963 di.

2269 991 2461 1047 cebant
2482 1028 2501 1055 ,
2531 988 2626 1044 sed
2658 988 2899 1059 quidam.
2930 986 3048 1042 iam
3095 988 3235 1042 enim
3280 987 3711 1061 inungebantur,jse

2270 1084 2469 1138 veritas
2514 1096 2703 1136 eorum
2758 1079 3009 1135 cordibus
3053 1079 3361 1136 subrutilare
3397 1084 3637 1154 incipiebat.
3660 1088 3716 1145 Isti

2272 1190 2401 1231 vero
2457 1175 2546 1245 qui
2601 1174 2881 1228 Dominum
2951 1172 3413 1241 reprehendebant,
3462 1178 3598 1245 potius
3632 1182 3713 1235 caci

2274 1274 2449 1331 erant,
2482 1280 2580 1319 nec
2614 1264 2816 1319 inuncti
2848 1271 3024 1329 erant,
3072 1278 3173 1319 nec
3222 1264 3468 1320 videbant.
3505 1268 3718 1337 Reprehen-

2273 1358 2469 1413 debant
2498 1359 2640 1412 enim
2677 1356 2986 1422 Dominum,
3017 1355 3158 1426 quod
3204 1370 3304 1411 non
3332 1358 3579 1414 custodiret
3597 1362 3718 1416 sabba-

2274 1457 2406 1516 tmn,
2435 1463 2557 1503 cum
2590 1448 2702 1515 ipse
2731 1455 2990 1517 perpetuo
3025 1446 3095 1501 sb
3139 1447 3281 1501 omni
3326 1447 3488 1502 servili
3526 1463 3646 1518 Opere
3664 1467 3720 1506 n-

2273 1552 2455 1611 caret,
2503 1545 2624 1612 quia
2670 1554 2952 1613 peccatum
2994 1558 3101 1597 non
3148 1542 3288 1598 fecit.
3330 1543 3430 1598 lloc
3469 1555 3536 1598 est
3570 1561 3721 1618 namque

2273 1634 2614 1706 spiritualiter
2660 1636 2942 1690 sabbatum
3000 1635 3289 1698 custodire,
3336 1636 3548 1691 leriatum
3584 1652 3669 1693 esse
3702 1653 3721 1691 ι

2277 1738 2512 1799 peccato,
2543 1729 2684 1799 quod
2725 1738 2806 1784 est
2832 1741 2968 1796 opus
2994 1728 3210 1793 servile,
3239 1729 3357 1798 quia
3394 1730 3535 1783 omnis
3564 1732 3628 1797 qui
3644 1733 3721 1799 facit

2275 1832 2563 1891 peccatum,
2593 1837 2769 1876 seruus
2796 1831 2869 1875 est
2896 1820 3091 1886 peccati
3118 1819 3294 1893 (Joan.
3317 1821 3443 1893 vm).
3467 1821 3552 1878 Sed
3575 1823 3648 1878 illis
3664 1825 3723 1879 isti

2274 1916 2598 1982 dicentibus,
2644 1914 2735 1969 alii
2764 1915 2853 1984 qui
2882 1914 2991 1984 jam
3045 1914 3405 1971 illuminstioni
3451 1917 3725 1987 appropinqua-

2274 2009 2422 2075 bant,
2464 2009 2712 2064 dicebant
2743 2026 2758 2062 :
2802 2009 3065 2074 Quomodo
3096 2018 3259 2081 potest
3296 2010 3433 2065 homo
3462 2020 3641 2077 peccator
3659 2013 3724 2064 lict

2271 2099 2417 2169 signa
2460 2098 2667 2169 facere?
2718 2098 2784 2153 Et
2838 2102 3065 2153 schisma
3115 2108 3224 2153 rrat
3276 2101 3400 2154 inter
3439 2116 3527 2153 eos.
3568 2100 3726 2157 Sollium

2273 2188 2478 2255 Crzece,
2521 2192 2706 2245 Latine
2728 2192 2940 2246 scissio.
2986 2191 3151 2247 Scissi
3198 2207 3323 2262 ergo
3349 2201 3505 2259 erant,
3537 2195 3628 2261 quia
3654 2208 3728 2261 pars

2274 2282 2487 2337 veritati
2535 2282 2886 2348 assentiebat,
2940 2292 2994 2338 et
3040 2297 3164 2349 pars
3215 2281 3423 2338 falsitati
3462 2283 3728 2351 applaudelut.

2271 2375 2524 2429 Christus
2553 2375 2668 2431 dies
2711 2376 2850 2430 inter
2896 2374 3068 2429 lucem
3117 2387 3173 2432 et
3218 2377 3450 2432 tenebras
3483 2377 3635 2431 divisus
3666 2383 3729 2430 est.

2271 2463 2465 2521 Dicunt
2513 2482 2631 2538 ergo
2681 2482 2813 2521 cteco
2857 2467 3043 2521 iterum
3074 2481 3097 2522 :
3147 2466 3227 2522 Tu
3273 2468 3390 2537 quid
3429 2465 3730 2533 dicisdetoqu'

2271 2562 2471 2629 aperuit
2504 2561 2592 2614 tibi
2622 2560 2841 2615 oculos?
2868 2558 3277 2629 Interrogabant
3309 2558 3425 2628 quid
3465 2558 3522 2611 de
3558 2570 3630 2611 suo
3658 2556 3730 2610 ills-

2271 2652 2535 2707 minatore
2586 2652 2847 2715 sentiret.
2897 2660 2954 2705 ut
3005 2650 3344 2704 occasionem
3396 2650 3638 2704 invenirent
3671 2660 3730 2712 qua

2270 2760 2392 2800 cuin
2439 2744 2507 2799 de
2554 2759 2823 2817 synagoga
2870 2743 3224 2811 projicerent.
3266 2743 3367 2798 Sed
3414 2743 3493 2798 ille
3514 2742 3610 2811 Quid
3631 2740 3731 2793 deeo

2269 2835 2622 2902 existimaret,
2669 2844 2980 2889 constanter
3040 2835 3280 2905 aperuit.
3336 2835 3421 2889 Ait
3462 2834 3612 2888 enim:
3647 2830 3732 2894 Quit

2269 2928 2525 3000 propheta
2577 2938 2671 2984 est.
2726 2926 2964 2983 Necdum
3015 2927 3072 2983 in
3129 2928 3298 2984 corde
3348 2927 3643 2989 illuminatus,
3673 2923 3730 2975 sed

2268 3021 2518 3077 inunctus
2578 3028 2813 3085 tantum,
2873 3020 3046 3075 nescit
3101 3019 3288 3076 dicere
3337 3019 3512 3075 Filium
3559 3016 3638 3082 Dei,
3671 3014 3731 3067 sed

2268 3111 2548 3167 conﬁtetur
2597 3113 2913 3182 prophetam
2966 3126 3111 3175 esse.
3164 3127 3265 3167 nec
3305 3120 3469 3166 tamen
3496 3120 3637 3163 errans
3668 3119 3728 3172 per

2264 3205 2462 3270 omnia,
2493 3203 2791 3260 fallebatur.
2827 3202 2944 3273 Ipse
2972 3205 3119 3259 enim
3146 3203 3216 3259 de
3265 3220 3323 3258 se
3376 3204 3477 3258 ait:
3517 3199 3610 3254 Non
3643 3197 3729 3265 cipit

2264 3298 2563 3366 prophetam
2615 3295 2781 3359 perire
2839 3305 2985 3351 extra
3041 3294 3371 3350 Hierusalem
3425 3295 3556 3365 (Luc.
3593 3290 3734 3357 llll).¢l

2263 3405 2410 3444 nemo
2452 3389 2699 3460 prapheta
2724 3391 2834 3443 sine
2863 3390 3074 3454 honore,
3124 3391 3231 3445 nisi
3265 3391 3319 3443 in
3361 3390 3512 3460 patria
3545 3402 3628 3441 sus.
3662 3381 3735 3436 Nos

2261 3483 2587 3537 crediderunt
2622 3485 2684 3537 de
2705 3481 2820 3547 illo,
2852 3484 2990 3553 quod
3031 3498 3201 3537 cacus
3227 3482 3401 3552 fuisset
3428 3492 3470 3534 et
3492 3479 3659 3541 uidisset,
3679 3473 3735 3525 ἀο·

2261 3588 2354 3626 nec
2381 3583 2684 3627 vocaverunt
2724 3585 2954 3644 parentes
3000 3574 3116 3644 ejus
3161 3574 3255 3643 qui
3300 3574 3501 3635 siderat,
3525 3578 3564 3624 et
3595 3570 3734 3620 interro-

2259 3674 2504 3737 gaverunt
2561 3681 2669 3729 eos,
2721 3665 2942 3719 dicentes
2968 3681 2990 3718 :
3033 3662 3139 3718 Hic
3190 3673 3265 3718 est
3322 3664 3454 3733 [ilius
3487 3671 3610 3715 vester
3647 3669 3736 3722 qm

2260 3770 2346 3807 uos
2416 3755 2586 3808 dicitis
2639 3756 2761 3822 quia
2809 3770 2972 3809 cacus
3030 3764 3189 3808 natus
3260 3756 3375 3809 est?
3428 3748 3736 3817 ριιοηιοόοιιςο

2261 3863 2392 3899 nunc
2426 3847 2599 3900 videt!
2626 3845 3010 3916 Responderunt
3040 3847 3114 3901 eis
3149 3856 3388 3915 parentes
3429 3846 3545 3916 ejus,
3587 3850 3621 3894 et
3641 3837 3733 3889 όὶτιο

2258 3951 2418 3995 runt:
2451 3941 2662 3995 Scimus
2688 3941 2810 4011 quia
2853 3942 2935 3995 hic
2964 3951 3039 3995 est
3089 3942 3238 4011 [ilius
3280 3952 3465 4004 noster,
3492 3950 3534 3993 et
3568 3936 3652 4007 quia
3675 3942 3737 3982 ιι·

2258 4048 2351 4086 cus
2381 4041 2529 4085 natus
2561 4042 2631 4085 est
2661 4046 2679 4085 :
2709 4032 2963 4100 quomodo
2985 4043 3160 4087 autem
3206 4049 3345 4087 nunc
3371 4033 3540 4094 videat,
3559 4024 3736 4081 nesciui.

2257 4133 2347 4177 aut
2380 4124 2492 4192 quis
2551 4126 2663 4194 ejus
2719 4125 2975 4191 aperuerit
3051 4127 3260 4190 oculos,
3335 4126 3575 4179 nescimus.
3624 4114 3739 4182 Ipul

2256 4219 2564 4290 interrogate
2587 4234 2604 4272 :
2634 4229 2832 4274 a'tattm
2859 4220 3005 4275 habet
3032 4263 3049 4288 ,
3082 4223 3195 4283 ipse
3224 4222 3289 4277 de
3317 4238 3369 4277 se
3395 4222 3612 4290 loquatur.
3633 4205 3735 4263 Vide—

2258 4311 2383 4366 bant
2410 4313 2549 4365 enim
2592 4322 2645 4366 et
2675 4314 2776 4366 sibi
2830 4321 2883 4366 ct
2930 4313 3005 4366 illi
3051 4314 3386 4369 calumniam
3422 4311 3558 4376 strui,
3590 4314 3631 4361 el
3666 4300 3739 4355 ἱδεο

2256 4406 2437 4459 dicunt
2468 4421 2481 4456 :
2517 4404 2724 4458 Scimus
2753 4403 2873 4472 quia
2895 4403 2976 4457 hic
3017 4412 3092 4457 est
3132 4405 3281 4474 ﬁlius
3306 4412 3472 4459 noster
3496 4410 3536 4455 et
3558 4397 3648 4467 quia
3677 4402 3737 4442 ιε’

518 4518 525 4525 ο
575 4501 875 4548 mutaverat
906 4493 1131 4545 vultum.
1163 4491 1269 4544 Sed
1328 4489 1418 4544 ille
1451 4503 1556 4541 non
1600 4488 1858 4556 ingratus,
1912 4498 2012 4537 nec
2040 4483 2150 4537 col-

2254 4511 2343 4550 cus
2372 4506 2520 4549 natus
2546 4505 2645 4550 est.
2670 4494 2726 4549 Si
2749 4505 2930 4551 autem
2959 4495 3121 4550 vultis
3147 4498 3298 4553 scire
3319 4492 3564 4566 quomodo
3582 4498 3684 4545 Iule
3696 4479 3741 4532 τί·

574 4587 666 4643 lati
695 4577 975 4641 immemor
1004 4584 1270 4649 benellcii,
1314 4582 1529 4637 dicebat
1557 4596 1573 4634 :
1610 4579 1719 4649 Ego
1748 4595 1882 4633 sum.
1917 4577 2154 4632 Conllte-

2255 4589 2402 4653 deat,
2432 4588 2606 4657 ipsum
2636 4588 2967 4655 interrogare
2996 4587 3237 4657 debetis,
3269 4589 3391 4660 quia
3423 4593 3604 4642 atatem
3622 4578 3736 4635 ιιδιιει.

576 4680 741 4737 batur
765 4694 888 4735 esse
938 4694 998 4734 se
1057 4678 1227 4733 illum.
1280 4676 1522 4731 Dicebant
1567 4691 1689 4744 ergo
1732 4674 1857 4728 illi:
1886 4672 2153 4737 Quomodo
2253 4682 2380 4735 cum
2414 4682 2667 4751 loquitur,
2699 4680 2852 4736 ,ιυειθ
2882 4683 3081 4751 quippe
3129 4699 3234 4752 pro
3272 4683 3470 4739 ίητδηιο
3505 4676 3741 4747 ιοφιίοοςει

572 4773 735 4846 aperti
760 4782 878 4826 sunt
898 4772 988 4826 tibi
1015 4770 1153 4825 oculi
1171 4771 1195 4824 2
1220 4768 1531 4832 Respondit:
1562 4767 1662 4821 Ille
1682 4770 1833 4821 homo
1853 4768 1942 4837 qui
1964 4766 2152 4819 dicitur
2253 4782 2457 4837 rentur,
2486 4774 2609 4842 quia
2640 4771 2815 4826 infans
2854 4786 2951 4842 per
2994 4781 3215 4828 aetatem
3267 4773 3413 4843 loqui
3453 4762 3739 4828 rationabiliter

570 4863 742 4932 Iesus,
791 4865 954 4919 lutum
1002 4864 1120 4934 fecit
1166 4879 1230 4917 ea:
1256 4871 1502 4931 sputo,et
1527 4862 1670 4913 unxit
1695 4860 1868 4913 oculos
1917 4874 2075 4926 meos,
2101 4866 2149 4911 et
2252 4879 2356 4919 non
2391 4874 2583 4933 potest,
2626 4863 2751 4919 "ac
2778 4873 2954 4919 autem
3003 4864 3128 4920 illos
3181 4881 3293 4921 ηοη
3338 4866 3408 4923 ob
3450 4854 3740 4935 ignorantiam.

571 4956 748 5011 dixit:
777 4953 1011 5010 Vadead
1038 4954 1294 5007 natatoria
1323 4951 1493 5016 Siloe,
1536 4960 1585 5004 et
1609 4949 1746 5015 lava,
1782 4958 1827 5003 et
1854 4950 1955 5003 abii
1979 4960 2025 5004 et
2050 4948 2151 5005 lavi
2249 4955 2351 5010 sed
2400 4957 2469 5010 ob
2515 4965 2714 5009 metum
2763 4956 2962 5012 dixisse
3008 4958 3348 5026 evangelista
3396 4953 3627 5014 ostendit,
3663 4954 3737 4996 cum

571 5064 599 5101 e
646 5063 817 5102 viaea.
856 5048 999 5102 Bene
1027 5046 1137 5115 jam
1168 5045 1414 5111 videbat,
1448 5042 1539 5113 qui
1568 5043 1645 5096 sic
1672 5043 1894 5114 gratiam
1925 5043 2022 5097 sibi
2055 5047 2149 5097 da-

572 5148 680 5193 tam
706 5138 1079 5192 annuntiabat.
1108 5136 1227 5192 Jam
1259 5152 1388 5203 ergo
1418 5135 1822 5204 evangelinbat
1849 5134 2143 5203 Christum,

572 5232 830 5298 praedicat
857 5229 1268 5283 illuminatorem
1303 5243 1478 5282 suum.
1519 5226 1762 5281 Dicebant
1790 5243 1907 5296 ergo
1935 5229 2013 5282 ei:
2048 5230 2146 5284 Ubi

571 5332 641 5376 est
668 5322 794 5374 ille?
815 5321 895 5373 Ait
919 5335 941 5375 :
971 5319 1180 5373 Nescio.
1207 5319 1397 5373 Adhuc
1426 5320 1696 5385 intinctus,
1724 5320 1953 5373 necdum
1986 5321 2144 5389 spiri-

572 5413 789 5465 tualiter
818 5420 934 5464 erat
992 5410 1345 5464 illuminatus.
1390 5410 1721 5464 Praedicabat
1766 5422 1941 5464 autem
1992 5410 2145 5463 Chri-

571 5512 737 5567 stum,
771 5502 865 5556 sed
898 5516 1058 5571 quem
1090 5502 1411 5570 praedicaret
1438 5502 1733 5571 ignorabat.
1784 5500 1913 5555 Nam
1958 5510 2014 5555 ut
2055 5514 2147 5555 su-

574 5605 666 5661 pra
698 5594 787 5647 ille
817 5596 888 5644 ait
922 5597 1099 5651 homo,
1135 5594 1382 5648 nesciens
1418 5595 1578 5648 Deum
1607 5596 1803 5659 dicere,
1841 5597 1962 5664 quia
1994 5598 2141 5663 quasi

570 5687 988 5739 catechumenus
1017 5700 1153 5749 erat,
1187 5700 1242 5743 ct
1272 5686 1452 5740 doceri
1485 5704 1706 5741 necesse
1754 5687 2001 5745 habebat.
2044 5689 2143 5741 Ad-

573 5776 764 5837 ducunt
785 5792 899 5831 eum
920 5775 986 5831 ad
1014 5776 1304 5835 Phan’swos
1326 5781 1412 5849 qui
1433 5796 1594 5835 cwcus
1638 5787 1828 5851 fuerat.
1884 5779 2010 5834 Erat
2048 5798 2140 5836 au-

2248 5048 2473 5103 subdit:
2518 5046 2646 5102 Haec
2690 5048 2932 5102 dixerunt
2976 5058 3220 5119 parentes
3260 5053 3392 5121 ejus,
3433 5046 3541 5118 quis

2245 5139 2480 5196 Judteos.
2532 5140 2647 5195 Jam
2706 5141 2851 5196 enim
2907 5119 3357 5211 consiiiraverant
3402 5136 3586 5201 Judai,
3636 5136 3678 5183 ιιι
3708 5119 3736 5174 εί

2246 5234 2364 5302 quis
2391 5248 2513 5288 eum
2557 5233 2895 5302 proﬁteretur
2924 5247 3045 5290 esse
3064 5232 3372 5299 Christum,
3416 5244 3550 5289 extra
3574 5231 3737 5295 51W

2244 5342 2366 5396 gam
2407 5328 2579 5381 lieret.
2614 5328 2717 5383 Pro
2746 5342 2937 5397 magno
2967 5327 3106 5396 apud
3137 5327 3267 5383 illos
3300 5339 3420 5383 tunc
3449 5316 3655 5389 temporis
3674 5312 3736 5363 δυ·

2244 5420 2485 5484 cehatur,
2512 5418 2553 5472 si
2580 5434 2737 5487 quem
2768 5421 2834 5473 de
2860 5433 3131 5491 synagoga
3162 5419 3469 5487 eiecissent.
3498 5414 3621 5471 Sicut
3641 5400 3733 5459 enim

2246 5512 2403 5566 modo
2433 5511 2731 5575 homicida,
2760 5511 3121 5577 veladulteri,
3156 5512 3246 5566 vel
3278 5510 3479 5565 caeteris
3503 5494 3732 5571 capitalibus

2242 5601 2559 5656 criminibus
2590 5600 2687 5665 rei,
2720 5601 2788 5653 al)
2821 5601 3050 5655 Ecclesia
3088 5602 3383 5671 pelluntur,
3416 5600 3481 5653 ita
3524 5607 3621 5649 tunc
3650 5598 3732 5640 ευυ·

2244 5693 2476 5747 lessores
2520 5692 2718 5746 Christi
2751 5708 2779 5747 a
2820 5708 3084 5764 synagoga
3129 5693 3437 5749 Iudaeorum
3474 5678 3729 5764 criminabat-

2244 5791 2349 5841 tur.
2390 5785 2501 5840 lloc
2553 5760 2864 5842 metuebant
2886 5760 3158 5844 incurrere
3205 5795 3452 5850 parentes
3496 5774 3602 5838 caci
3638 5760 3725 5831 11³⁸³⁸
