3972 6340
246 296 271 351 1
281 293 384 349 297

1239 287 1696 348 HOMILIARIUS.
1737 314 1807 330 —
1843 285 2006 345 ΗΟΜ.
2050 287 2137 343 DE
2171 282 2518 346 TEMPORE.

3353 293 3493 350 4298

243 408 474 476 ideoque
515 402 800 474 dixerunt:
832 399 953 475 Ipse
978 401 1042 457 de
1084 418 1138 457 se
1181 403 1444 473 loquatur.
1497 402 1818 457 Vocaverunt
1845 406 1900 466 Α
1926 412 2212 470 pectusque
2251 404 2442 473 pugnis
2485 403 2807 472 percutiens,
2835 406 3084 461 dicebat:
3119 402 3278 472 Deus,
3315 426 3499 480 ρνορι-

240 513 448 551 rursum
486 491 738 549 hominem
763 495 850 564 qui
875 508 1037 548 cacus
1065 492 1250 563 fuerat,
1281 502 1326 546 et
1352 493 1590 546 dixerunt
1617 493 1661 546 ei
1693 507 1712 546 :
1741 489 1823 545 Da

239 587 463 658 gloriam
509 583 636 638 Deo.
696 582 931 638 GIOriam
977 583 1085 638 Deo
1128 583 1258 637 dare
1297 590 1380 637 est
1425 583 1703 637 veritatem
1754 582 1823 637 de

237 677 415 747 aliqua
464 693 522 731 re
560 677 709 746 quasi
743 683 1003 742 praesente
1046 674 1152 728 Deo
1184 673 1346 743 loqui.
1379 673 1485 729 Sed
1540 674 1622 731 isti
1669 673 1821 728 vole-

238 768 370 821 bant
412 776 471 821 ut
503 775 723 835 negaret
751 767 1040 820 Christum.
1073 764 1204 819 Nam
1233 766 1359 833 quid
1393 777 1475 819 est
1506 765 1645 819 aliud
1676 765 1823 819 dice-

238 873 322 925 re,
339 858 401 913 da
425 857 646 926 gloriam
673 857 800 922 Deo,
820 872 975 925 quam
1000 872 1129 926 nega
1152 856 1348 909 donum
1372 857 1508 923 quod
1533 855 1822 926 accepisti?

233 962 360 1003 cum
392 958 538 1003 Certe
579 948 679 1002 hoc
726 962 828 1000 non
877 947 946 999 sit
974 948 1193 1015 gloriam
1236 945 1347 1000 Deo
1384 946 1532 1010 dare,
1573 946 1666 1000 sed
1696 960 1819 1001 eum

234 1041 627 1110 blasphemare.
694 1037 805 1092 Nos
852 1039 1038 1092 scimus
1087 1039 1207 1106 quia
1253 1038 1332 1089 hic
1389 1039 1535 1090 homo
1586 1048 1822 1106 peccator

233 1143 334 1188 est.
369 1133 458 1190 Sic
497 1133 646 1188 illum
688 1131 938 1186 volebant
969 1131 1097 1186 dare
1137 1131 1358 1199 gloriam
1409 1132 1536 1194 Deo,
1574 1143 1653 1195 ut,
1685 1131 1823 1184 sicut

233 1223 361 1293 ipsi,
391 1225 590 1280 diceret
611 1223 880 1278 Christum
910 1233 1265 1291 peccatorem.
1290 1221 1391 1276 Sed
1427 1223 1536 1286 ille,
1561 1233 1615 1273 ιιι
1649 1234 1820 1288 neque

233 1326 444 1385 pateret
472 1316 776 1381 calumnice,
808 1329 982 1384 neque
1027 1314 1304 1368 veritatem
1365 1312 1686 1376 subcelaret,
1713 1327 1817 1366 non

232 1407 394 1472 dixit,
429 1407 551 1461 Scio
579 1421 701 1461 eum
729 1407 954 1475 justum,
1000 1405 1092 1459 sed
1145 1403 1454 1472 respondit:
1489 1403 1548 1458 Si
1584 1412 1820 1470 peccator

231 1509 307 1553 est
339 1501 508 1552 nescio
535 1514 555 1554 :
579 1515 741 1551 unum
781 1498 907 1562 scio,
941 1498 1062 1567 quia
1106 1511 1267 1550 ctecus
1311 1511 1426 1547 cum
1453 1509 1631 1559 essem,
1666 1494 1820 1546 modo

231 1590 402 1642 video.
460 1590 715 1643 Dixerunt
755 1604 872 1658 ergo
920 1589 1040 1640 illi:
1066 1587 1202 1654 Quid
1243 1587 1361 1656 fecit
1406 1586 1536 1638 tibi?
1566 1585 1820 1655 quomodo

236 1680 439 1749 aperuit
468 1680 560 1734 tibi
588 1680 800 1733 oculos?
831 1680 919 1732 Ille
946 1679 1030 1748 qui
1059 1679 1215 1731 toties
1249 1677 1632 1744 interrogatus,
1665 1677 1822 1733 toties

1928 493 2030 547 tius
2061 504 2166 547 esto
2197 496 2323 547 mihi
2347 497 2600 563 peccatori
2624 495 2777 566 (Luc.
2808 501 2989 566 xvttt).
3024 498 3135 564 Qua
3165 499 3501 556 confessione

1926 591 2004 644 sic
2048 591 2328 645 exauditus
2372 603 2474 658 εει,
2525 601 2582 646 ιιι
2609 592 2932 659 justificatus
2980 608 3008 646 a
3050 594 3247 662 templo
3278 594 3498 662 rediret,

1925 682 2013 749 qui
2043 682 2268 750 iniustus
2297 691 2518 735 venerat
2549 683 2612 736 ad
2648 683 2924 751 templum.
2953 683 3321 738 Exaudiuntur
3348 700 3502 753 ergo,

1926 781 1983 824 ut
2015 772 2212 826 dictum
2251 783 2353 834 est,
2389 786 2714 840 peccatores,
2755 775 2796 828 si
2829 776 3142 841 resipiscam
3185 791 3212 826 a
3244 776 3500 844 peccatis,

1925 863 1970 916 si
2021 863 2158 916 mala
2211 866 2477 932 pra-terita
2532 867 2779 936 lacrymis
2831 868 3067 932 abluant,
3123 878 3177 922 et
3225 883 3289 921 ex
3337 868 3502 922 corde

1927 954 2192 1025 abnegent
2219 970 2277 1009 se
2307 971 2424 1009 esse
2452 957 2589 1023 quod
2622 957 2854 1010 fuerunt.
2889 956 2932 1010 A
2959 959 3146 1010 saeculo
3177 973 3278 1010 non
3309 966 3382 1010 est
3404 972 3500 1008 au-

1926 1045 2085 1098 ditum
2105 1047 2222 1113 quia
2253 1048 2453 1114 aperuit
2483 1049 2595 1114 quis
2620 1049 2796 1102 oculos
2821 1048 2938 1100 eieci
2970 1048 3095 1111 nati,
3129 1048 3226 1101 nisi
3253 1059 3381 1100 esset
3414 1048 3498 1100 ltic

1925 1150 1958 1188 a
2006 1134 2132 1196 Deo.
2165 1153 2268 1189 non
2312 1146 2476 1204 posset
2515 1138 2677 1205 facere
2715 1139 3011 1206 quidquam.
3062 1137 3252 1205 Ingens
3285 1137 3503 1204 fiducia,

1927 1226 2094 1281 libera
2135 1231 2451 1282 conStantia.
2484 1229 2758 1298 Principes
2784 1229 3102 1292 saeviebant,
3133 1229 3220 1282 ille
3249 1228 3493 1295 indigna-

1929 1319 2072 1373 tione
2116 1335 2297 1373 eorum
2350 1321 2660 1388 postposita,
2709 1321 2983 1375 confessus
3051 1329 3134 1373 est
3186 1320 3489 1375 veritatem.

1925 1410 2056 1476 Quis
2078 1412 2221 1464 enim
2250 1412 2382 1464 alius
2412 1420 2552 1464 tanta
2581 1424 2632 1466 et
2663 1412 2783 1464 talia
2817 1413 3032 1472 faceret,
3067 1409 3162 1463 nisi
3195 1408 3367 1462 Deus?
3388 1407 3498 1463 Sed

1925 1510 1978 1555 et
2016 1502 2060 1555 si
2092 1504 2181 1570 qui
2215 1512 2337 1555 sunt
2369 1505 2454 1570 qui
2487 1503 2768 1571 aliquando
2798 1502 3056 1564 fecerunt,
3090 1503 3156 1555 ab
3187 1502 3302 1569 ipso
3332 1509 3391 1555 ut
3419 1500 3502 1554 fa-

1925 1608 2048 1648 cere
2095 1606 2309 1663 possent
2351 1595 2669 1649 habuerunt.
2723 1596 2836 1662 Ipse
2865 1596 3005 1648 ettitn
3053 1592 3186 1646 dixit
3221 1611 3230 1644 :
3269 1592 3394 1647 Sine
3419 1607 3503 1646 me

1927 1686 2056 1738 nihil
2088 1687 2294 1752 potestis
2319 1688 2486 1755 facere
2516 1685 2700 1754 (Joan.
2726 1685 2840 1754 xv).
2873 1685 3255 1751 Responderunt
3281 1694 3328 1737 et
3358 1684 3506 1737 dixe-

233 1774 609 1840 respnnderut,
639 1773 747 1842 jam
797 1773 946 1843 quasi
986 1771 1213 1840 quodam
1251 1771 1409 1824 taedio
1455 1771 1815 1838 afl'ectaretur,
1847 1767 1896 1826 B
1928 1789 2047 1831 runt
2081 1795 2100 1833 :
2133 1778 2195 1832 In
2221 1782 2437 1850 peccatis
2465 1792 2613 1834 natus
2652 1797 2703 1832 es
2735 1790 2886 1844 totus,
2933 1780 2981 1834 id
3015 1789 3114 1839 est.
3146 1795 3262 1834 cum
3302 1779 3502 1834 clausis

237 1875 456 1934 propter
479 1865 686 1919 illurum
713 1865 958 1917 duritiam
987 1872 1041 1917 et
1066 1862 1518 1924 incredulitatem,
1542 1877 1660 1915 cum
1683 1878 1816 1931 qua-

237 1953 362 2008 dam
393 1953 572 2022 aporia
602 1954 873 2022 reSpondit
900 1971 912 2006 :
937 1952 1058 2006 Dixi
1079 1954 1217 2005 vobis
1231 1953 1345 2022 jam
1373 1952 1675 2016 etaudistis;
1694 1952 1817 2022 quid

233 2049 420 2100 iterum
472 2046 623 2099 uultis
672 2046 887 2099 audire?
937 2042 1187 2113 Nunquid
1241 2053 1288 2096 et
1349 2060 1432 2096 vos
1482 2044 1638 2096 vultis
1702 2044 1814 2115 ejus

236 2138 482 2206 discipuli
529 2139 675 2205 ﬁeri?
706 2139 836 2205 Qnia
887 2138 1028 2192 enim
1081 2141 1196 2208 ipse
1236 2137 1347 2208 jam
1389 2139 1660 2204 credebat,
1709 2140 1818 2208 jam

239 2229 452 2283 Domini
483 2229 779 2298 discipulus
825 2230 994 2284 factus
1043 2240 1176 2298 crat,
1230 2232 1348 2285 ideo
1391 2231 1598 2285 dicebat
1629 2250 1642 2286 :
1670 2232 1818 2286 Nun-

238 2320 370 2389 quid
420 2328 474 2374 et
522 2334 638 2383 vos,
691 2321 829 2374 sicut
875 2335 995 2389 ego,
1025 2321 1182 2375 vultis
1232 2320 1283 2375 in
1329 2337 1449 2375 eum
1494 2323 1733 2384 credere,
1764 2331 1821 2377 et

234 2409 577 2476 discipulatui
609 2411 726 2480 ejus
758 2411 1054 2467 inhaerere?
1086 2411 1464 2466 Maledixerttnt
1490 2414 1557 2480 ei,
1586 2422 1633 2466 et
1678 2414 1820 2466 dixe-

238 2510 367 2554 runt
391 2517 410 2555 :
435 2500 510 2555 Tu
545 2503 827 2572 discipulus
859 2505 1001 2558 illius
1030 2505 1122 2558 sis.
1148 2503 1481 2560 Maledic'um
1515 2507 1612 2560 hoc
1640 2508 1819 2561 veniat

234 2609 402 2661 super
435 2610 533 2650 nos
556 2597 909 2654 Christianos.
939 2598 995 2652 Si
1025 2599 1167 2652 enim
1199 2615 1293 2654 cor
1320 2615 1505 2654 eorum
1540 2600 1814 2668 intuearis,

233 2687 582 2742 maledictum
610 2697 713 2750 est.
756 2689 878 2760 quia
929 2691 1030 2745 hoc
1067 2691 1433 2746 maledicentis
1464 2691 1654 2747 afl‘ectu
1697 2708 1820 2763 pro-

234 2781 495 2836 tulerunt.
533 2781 590 2838 Si
632 2782 794 2837 verba
845 2785 956 2852 ipsa
1004 2785 1325 2853 perpendas,
1368 2785 1690 2854 eruptabilis
1737 2793 1820 2840 est

235 2873 565 2928 benedictio.
596 2873 725 2942 Quis
753 2874 897 2930 enim
931 2889 1038 2929 non
1068 2873 1334 2930 desideret
1377 2873 1668 2944 discipulus
1697 2889 1820 2931 esse

233 2961 475 3020 Christi?
499 2963 633 3031 Nos,
666 2965 927 3033 inquiunt,
958 2965 1093 3020 diost
1114 2965 1356 3033 discipuli
1377 2982 1572 3020 sumus.
1604 2965 1818 3021 Fallun-

232 3064 350 3122 tur,
387 3056 701 3126 semetipsos
728 3055 1076 3123 decpieutes.
1127 3055 1256 3110 Nam
1298 3057 1341 3110 si
1388 3056 1633 3123 discipuli
1685 3055 1815 3111 Mosi

1923 1871 2111 1925 oculis.
2141 1871 2506 1939 ImprOperant
2534 1871 2674 1924 enim
2706 1873 2776 1934 ei,
2809 1871 2950 1940 quod
2982 1882 3196 1940 propter
3221 1880 3502 1938 parentum

1922 1971 2136 2028 peccata
2175 1961 2251 2015 sic
2285 1969 2436 2015 natus
2461 1963 2550 2014 sit.
2583 1962 2686 2014 Sed
2712 1961 2799 2031 qui
2833 1962 3018 2016 oculos
3060 1961 3282 2028 aperuit,
3327 1970 3497 2014 totum

1922 2052 2170 2116 saltavit,
2215 2055 2411 2121 quique
2464 2051 2592 2105 foris
2627 2053 2962 2112 illuminavit.
2998 2053 3109 2115 ipse
3138 2067 3230 2106 cor
3261 2053 3399 2105 illius
3425 2052 3493 2106 ab

1923 2141 2066 2194 omni
2098 2141 2393 2209 iniquitatis
2436 2141 2615 2194 nubilo
2665 2142 2940 2212 purgavit?
2973 2140 3039 2194 In
3084 2142 3303 2210 peccatis
3348 2151 3500 2195 natus

1921 2247 1975 2285 es
2003 2241 2161 2297 totus,
2201 2242 2250 2286 et
2279 2243 2332 2285 tu
2363 2234 2512 2286 doces
2555 2234 2690 2285 nos?
2721 2233 2822 2300 Ipsi
2871 2243 3015 2286 certe.
3057 2247 3178 2286 eum
3207 2235 3504 2302 interroga-

1924 2339 2138 2392 verunt,
2191 2328 2287 2393 ipsi
2338 2336 2648 2396 coegerunt,
2678 2337 2730 2380 ut
2780 2327 2985 2381 diceret
3025 2327 3148 2395 quid
3191 2328 3255 2380 de
3284 2325 3500 2381 Christo

1922 2433 2021 2473 suo
2053 2419 2417 2473 illuminatorc
2465 2422 2709 2483 sentiret,
2740 2427 2794 2471 et
2840 2432 2982 2471 nunc
3025 2419 3366 2470 confitentem
3408 2430 3500 2471 ar-

1921 2524 2110 2585 guunt,
2157 2515 2313 2569 etde
2360 2526 2624 2580 synagoga
2661 2512 2986 2581 propellunt.
3035 2511 3164 2564 Nam
3215 2513 3501 2580 sequitur:

1924 2603 1990 2656 Et
2022 2605 2277 2674 ejecerunt
2310 2619 2422 2656 eum
2465 2605 2626 2672 foras.
2668 2601 2747 2655 Illi
2776 2602 2990 2664 quidem
3025 2615 3144 2652 eum
3194 2599 3499 2669 ejiciebant,

1923 2697 2019 2748 sed
2066 2691 2310 2747 Christus
2359 2692 2706 2761 suscipiebat.
2745 2691 2893 2746 Tunc
2942 2689 3109 2756 magis
3164 2689 3359 2744 tneruit
3411 2702 3503 2744 co-

1922 2799 2181 2854 gnoscere
2230 2783 2525 2848 Christum,
2574 2798 2696 2836 cum
2748 2781 2950 2850 ejectus
3000 2789 3083 2835 est
3124 2780 3194 2834 de
3233 2780 3508 2836 consortio

1923 2877 2255 2932 inimicorum
2281 2876 2496 2930 ChriSti.
2532 2875 2734 2928 Audiuit
2766 2889 2995 2943 namque
3041 2873 3198 2938 Deus,
3228 2875 3349 2943 quia
3396 2877 3504 2944 eje-

1923 2969 2104 3021 cz'ssent
2140 2985 2253 3021 eum
2294 2972 2432 3038 {oras
2461 2982 2478 3020 :
2503 2975 2550 3022 et
2576 2982 2690 3021 cum
2737 2967 3001 3020 invenisset
3047 2982 3180 3031 eum,
3215 2965 3345 3018 dixit
3374 2964 3501 3022 illi:

1925 3057 2004 3113 Tu
2043 3060 2203 3112 credis
2225 3060 2276 3113 in
2310 3057 2500 3112 Filium
2532 3058 2668 3111 Dei?
2696 3056 2798 3113 Sed
2851 3057 2961 3121 ille,
2997 3059 3085 3126 qui
3115 3071 3238 3110 eum
3288 3063 3494 3110 tantum

233 3157 444 3214 essent,
480 3148 764 3202 crederent
793 3147 920 3202 Mosi
952 3149 1285 3202 annuntianti
1315 3147 1610 3214 Christum,
1639 3156 1694 3202 et
1723 3163 1814 3202 co.
1847 3152 1893 3215 ο
1922 3149 2194 3218 corporeis
2222 3150 2391 3204 oculis
2419 3149 2651 3212 videbat,
2683 3148 2845 3202 corde
2883 3146 3115 3202 nondum
3148 3145 3500 3215 intelligebat.

231 3251 556 3310 gnoscercnt
582 3255 703 3293 eum
729 3241 817 3309 qui
851 3253 943 3308 per
970 3238 1147 3292 Mosen
1187 3237 1568 3307 praenuntiatus
1595 3245 1700 3294 est.
1731 3239 1818 3293 Sic

230 3335 384 3386 enim
418 3333 491 3387 ait
535 3334 831 3387 Dominus:
865 3330 927 3385 Si
962 3333 1232 3386 crederetis
1277 3330 1430 3396 Mosi,
1473 3333 1742 3386 crederetis
1771 3340 1817 3384 et

232 3422 372 3475 mihi
417 3421 595 3493 (Joan.
633 3423 712 3493 v).
743 3420 856 3476 Nos
903 3424 1092 3476 scimus
1136 3423 1257 3492 quia
1308 3421 1442 3476 Mosi
1492 3424 1690 3476 locutus
1745 3431 1820 3476 est

234 3513 408 3580 Deus,
437 3515 574 3567 hunc
603 3525 772 3567 autem
814 3516 1064 3568 nescimus
1107 3515 1242 3568 unde
1282 3515 1369 3568 sit.
1405 3513 1818 3584 Despicientiun

237 3609 410 3662 verba
457 3617 600 3662 sunt.
651 3607 778 3661 Nam
809 3607 1078 3674 quomodo
1129 3607 1435 3661 nesciebant
1473 3607 1611 3661 unde
1655 3616 1818 3672 esset,

236 3709 371 3749 cum
400 3708 451 3750 et
475 3697 563 3750 ubi
595 3705 749 3750 natus
780 3695 988 3760 fuisset,
1013 3707 1065 3750 et
1100 3697 1166 3750 de
1195 3712 1294 3766 qua
1338 3696 1474 3750 tribu
1502 3706 1664 3764 esset,
1698 3712 1823 3751 nos-

235 3785 406 3842 sent?
436 3787 567 3842 Hinc
593 3797 648 3841 et
674 3803 830 3857 supra
859 3788 1107 3843 dixerunt
1132 3806 1146 3844 :
1181 3789 1283 3843 Sed
1315 3787 1447 3841 hunc
1472 3789 1659 3841 scimus
1688 3790 1823 3843 unde

249 3882 347 3936 sit.
380 3880 505 3936 Tale
525 3882 654 3951 quid
683 3890 739 3938 et
767 3884 816 3936 in
850 3882 984 3937 libro
1007 3883 1204 3951 Regum
1231 3881 1454 3950 legimus
1482 3898 1496 3937 :
1528 3879 1657 3935 Cum
1684 3884 1822 3937 enim

241 3971 422 4027 David
451 3972 764 4028 adolescens
792 3971 999 4027 Goliam
1028 3972 1156 4026 viris
1183 3968 1405 4026 fortibus
1437 3971 1825 4027 formidabilem

238 4067 556 4131 stravisset,
587 4066 662 4120 ait
705 4067 833 4122 Sanl
876 4070 941 4120 ad
970 4065 1185 4120 Abner:
1217 4065 1378 4134 Cujus
1408 4074 1488 4121 est
1535 4065 1632 4120 iste
1673 4083 1824 4136 puer,

241 4157 436 4212 Abner
483 4155 536 4227 (Ι
588 4157 715 4227 Reg.
770 4157 934 4227 xm)?
977 4157 1136 4212 Certe
1188 4157 1418 4227 armiger
1468 4157 1582 4226 ejus
1633 4157 1823 4224 fuerat,

236 4251 512 4305 citharam
552 4266 728 4304 coram
760 4265 825 4305 eo
854 4250 1045 4304 crebro
1091 4260 1444 4316 percusserat,
1477 4259 1530 4303 ct
1559 4259 1681 4304 tunc
1711 4251 1829 4319 quis

237 4349 399 4397 esset
430 4341 810 4409 interrogabat.
842 4341 1005 4408 Quasi
1049 4341 1190 4394 enim
1237 4355 1339 4393 non
1389 4341 1732 4410 agnoscebat,
1775 4339 1827 4394 in

238 4447 361 4504 quo
384 4440 593 4486 aetatem
621 4431 978 4486 adolescentis
1005 4441 1058 4485 et
1086 4431 1321 4484 babitttm
1355 4432 1670 4498 pastoralem
1702 4447 1829 4486 con-

1925 3241 2218 3308 Itespondit
2237 3259 2248 3293 :
2269 3241 2394 3306 Quis
2421 3250 2516 3305 est,
2539 3239 2770 3309 Domine,
2802 3250 2857 3293 ut
2883 3239 3090 3292 credam
3119 3240 3168 3291 in
3200 3239 3343 3292 eum?
3365 3235 3503 3303 Qui-

1926 3333 2025 3386 bus
2055 3333 2232 3386 verbis
2260 3333 2495 3386 ostendit
2540 3331 2876 3401 jamdudum
2917 3344 2976 3384 se
3024 3340 3265 3399 paratum
3305 3343 3399 3382 cor
3433 3327 3503 3382 ad

1923 3426 2255 3481 credendum
2305 3425 2572 3490 habuisse,
2614 3424 2707 3480 sed
2743 3425 2794 3478 in
2827 3438 2982 3493 quem
3030 3421 3250 3476 deberet
3279 3419 3503 3475 credere

1924 3515 2221 3586 ignorasse.
2251 3515 2333 3568 Ait
2382 3517 2458 3569 illi
2503 3516 2794 3570 Dominus:
2833 3515 2897 3567 Et
2936 3513 3107 3568 uidisti
3157 3530 3289 3578 eum,
3339 3521 3385 3566 et
3414 3512 3504 3580 qui

1928 3607 2156 3676 loquitur
2186 3619 2346 3660 tecum
2375 3608 2480 3673 ipse
2522 3618 2616 3660 est.
2647 3607 2764 3662 Jam
2795 3605 3052 3659 Dominus
3079 3605 3280 3659 inuncti
3310 3602 3503 3658 faciem

1927 3697 2086 3762 lavat,
2115 3697 2224 3767 jam
2255 3700 2434 3752 cordis
2458 3699 2642 3751 oculos
2671 3699 2954 3759 illuminat,
2983 3695 3212 3764 denique
3245 3695 3332 3749 ille
3362 3694 3505 3749 lotus

1927 3798 1984 3844 et
2031 3789 2360 3844 illuminatus
2409 3789 2754 3858 Spiritualiter
2803 3787 3076 3856 respondit
3117 3786 3347 3852 :Credo,
3398 3785 3506 3838 Do—

1928 3881 2082 3935 mine.
2111 3883 2214 3934 Sed
2245 3882 2345 3934 hoc
2378 3896 2559 3950 parum
2586 3879 2700 3932 fuit.
2725 3876 2839 3933 Non
2886 3877 3082 3932 sufficit
3111 3877 3350 3943 credere,
3375 3875 3504 3944 quin

1929 3975 2088 4028 etiam
2136 3973 2401 4041 procidens
2444 3977 2623 4024 adorat
2669 3987 2805 4036 eum,
2853 3985 2944 4039 per
2985 3969 3082 4022 hoc
3112 3967 3504 4034 quodammodo

1930 4075 2235 4119 contestans
2261 4064 2426 4119 Deum
2455 4066 2698 4130 credere,
2726 4077 2884 4132 quem
2916 4061 3189 4114 adorabat.
3221 4060 3327 4113 Sed
3371 4059 3506 4115 inter

1933 4157 2068 4223 haec,
2103 4157 2230 4225 quid
2264 4157 2416 4210 nobis
2446 4163 2713 4224 superest,
2765 4157 2851 4222 qui
2890 4152 2986 4206 ista
3017 4152 3256 4221 legimus,
3287 4159 3508 4221 propter

1932 4264 2066 4318 quos
2116 4250 2274 4303 etiam
2321 4249 2516 4318 scripta
2554 4247 2712 4303 sunt?
2763 4247 3085 4313 Quaecunque
3128 4246 3261 4299 enim
3313 4245 3508 4312 scripta

1929 4353 2066 4406 sunt,
2092 4352 2147 4396 ut
2175 4344 2248 4396 ait
2286 4342 2590 4409 Aposmlus,
2620 4342 2688 4393 ad
2718 4351 2945 4392 nostram
2991 4338 3276 4391 doctrinam
3304 4338 3498 4408 scripta

1932 4439 2051 4484 sunt
2079 4431 2256 4502 (Rom.
2291 4432 2400 4501 xv).
2436 4430 2572 4496 Quid
2604 4430 2760 4500 igitur
2788 4429 2944 4481 nobis
2982 4426 3243 4496 agendum
3269 4437 3373 4493 est,
3405 4427 3510 4482 nisi

241 4523 549 4578 temnebat.
601 4522 770 4577 Simili
822 4522 981 4577 modo
1010 4523 1297 4577 miserandi
1337 4522 1599 4587 humines,
1627 4523 1716 4576 Dei
1748 4523 1832 4577 Fi-
1857 4510 1908 4569 D
1937 4532 1994 4575 ut
2020 4539 2080 4576 ea
2108 4538 2224 4592 qua:
2257 4525 2305 4576 in
2338 4522 2621 4586 Scripturis
2653 4521 2897 4590 legimus,
2930 4520 3013 4574 vel
3035 4520 3354 4583 audivimus,
3386 4519 3510 4575 imi-

241 4615 388 4668 Iium
427 4621 710 4668 cernentes
738 4613 1028 4679 hominem,
1058 4614 1108 4668 in
1142 4623 1344 4668 tantum
1373 4617 1830 4684 contemptibilem

239 4713 313 4761 et
361 4704 708 4758 novissimum
760 4704 1092 4774 judicabant,
1147 4715 1204 4758 ut
1257 4704 1834 4761 dicerentzNescimus

242 4797 394 4853 unde
439 4798 529 4864 sit,
579 4807 836 4852 consueto
877 4813 1026 4852 more
1079 4797 1377 4865 hominum,
1409 4798 1497 4866 qui
1528 4812 1662 4867 quos
1701 4798 1836 4869 abji-

243 4892 433 4955 ciunt,
464 4891 676 4945 nescire
719 4906 779 4945 se
822 4891 1026 4944 dicunt.
1071 4888 1360 4956 Respondit
1388 4890 1476 4944 ille
1504 4899 1549 4944 et
1575 4888 1835 4945 dixit:ln

241 4982 357 5036 hoc
387 4983 616 5036 mirabile
643 4990 737 5047 est,
760 4983 885 5053 quia
925 4997 1012 5036 vos
1039 4982 1242 5035 nescitis
1285 4983 1417 5035 unde
1446 4983 1534 5047 sit,
1565 4991 1610 5036 et
1640 4985 1837 5054 aperuit

241 5077 436 5129 oculos
491 5091 647 5129 meos.
689 5074 963 5144 Tanquam
1012 5075 1213 5129 diceret
1246 5091 1258 5126 :
1294 5073 1388 5128 Hic
1420 5088 1576 5138 quem
1606 5090 1699 5129 vos
1741 5092 1837 5130 ne-

245 5167 404 5225 scire
435 5167 607 5234 vultis,
643 5169 769 5220 latet
799 5164 1113 5230 humilitate,
1146 5166 1386 5234 proditur
1409 5166 1681 5234 signorum
1731 5166 1840 5221 vir-

249 5269 398 5313 tute.
431 5257 676 5312 Nascitur
717 5257 859 5312 unde
887 5257 972 5322 sit,
1007 5264 1060 5309 et
1103 5255 1240 5309 sicut
1286 5254 1424 5308 Deus
1461 5269 1632 5309 caecos
1661 5255 1842 5310 videre

247 5351 412 5408 facit.
443 5351 646 5406 Scimus
673 5362 860 5413 autem,
898 5349 1016 5419 quia
1051 5347 1188 5401 Deus
1213 5358 1500 5416 peccatores
1528 5364 1628 5401 non
1657 5348 1844 5402 audit:

245 5443 352 5500 sed
384 5444 427 5496 si
470 5445 580 5514 quis
631 5442 726 5498 Dei
767 5443 933 5496 cultor
963 5450 1058 5507 est,
1105 5449 1151 5493 et
1197 5439 1510 5493 uoluntatem
1541 5443 1652 5508 ejus
1698 5439 1841 5507 facit,

248 5535 402 5591 hunc
430 5538 659 5590 exaudit.
685 5537 966 5604 Tanquam
993 5535 1262 5597 ittunctus,
1299 5541 1351 5585 et
1391 5531 1615 5585 necdum
1651 5530 1844 5585 illumi-

261 5643 429 5685 natus
469 5631 699 5698 loquitur
727 5647 738 5682 :
769 5629 993 5684 exaudit
1021 5641 1248 5694 namque
1291 5624 1429 5678 Deus
1459 5625 1620 5678 etiam
1654 5639 1843 5694 pecca-

257 5735 438 5778 tores.
465 5722 697 5793 Denique
720 5721 1000 5778 exauditus
1023 5729 1107 5775 est
1145 5720 1480 5788 publicanus,
1511 5721 1598 5787 qui
1627 5719 1677 5773 in
1714 5731 1847 5773 tein-

255 5815 354 5889 plo
379 5813 469 5869 Dei
501 5828 530 5870 a
561 5813 716 5884 longe
742 5821 911 5882 stans,
937 5821 991 5869 et
1009 5811 1196 5868 oculos
1225 5812 1275 5867 in
1303 5821 1496 5866 terram
1529 5811 1842 5880 demitteus,

1936 4616 2037 4670 tari
2071 4615 2406 4684 satagamus?
2438 4615 2656 4668 Multum
2687 4622 2769 4666 est
2791 4615 2992 4678 dicere,
3024 4623 3077 4667 ut
3109 4611 3380 4668 imitemur
3411 4613 3514 4668 Pe-

1935 4714 2074 4760 trum
2121 4707 2440 4774 apostolum,
2486 4704 2639 4773 cujus
2683 4703 2921 4773 vesdgiis
2972 4719 3118 4758 mare
3155 4719 3212 4758 se
3254 4704 3511 4760 calcabile

1936 4799 2179 4867 przebuit.
2209 4796 2324 4850 Non
2357 4797 2516 4864 igitur
2544 4796 2783 4860 Petrum,
2816 4811 2919 4850 non
2975 4797 3204 4864 reliquos
3235 4797 3510 4864 apostolos

1936 4889 2089 4944 nobis
2132 4889 2182 4942 in
2235 4888 2534 4957 exemplum
2589 4901 2886 4956 prOponere
2934 4901 3158 4941 necesse
3208 4896 3310 4952 est,
3367 4888 3509 4943 hunc

1938 4983 2126 5036 saltem
2159 4980 2457 5034 mendicum
2488 4993 2686 5034 caacum
2711 4979 2817 5044 jam
2840 4981 2977 5032 bene
3005 4977 3356 5033 illuminatum
3393 4979 3512 5032 imi-

1940 5081 2134 5137 tentur,
2164 5086 2319 5140 quem
2353 5088 2456 5124 non
2506 5069 2934 5124 truculentorum
2985 5070 3143 5122 utilia:
3186 5069 3509 5137 principum,

1939 5181 2043 5220 non
2071 5177 2295 5219 eatenus
2320 5175 2482 5233 gestia
2512 5165 2768 5218 caecitatis
2791 5163 3161 5232 opprobrium,
3193 5179 3295 5218 non
3333 5166 3512 5220 solum

1941 5259 2065 5325 sibi,
2096 5260 2192 5312 sed
2225 5267 2280 5312 et
2309 5257 2422 5312 suis
2448 5259 2758 5327 parentibus
2789 5258 3044 5314 terribilis
3075 5274 3136 5314 ac
3167 5258 3514 5316 formidabilis

1942 5353 2009 5406 de
2036 5365 2303 5420 synagoga
2331 5347 2549 5418 ejectio,
2581 5366 2684 5403 non
2718 5351 2831 5405 haec
2861 5365 3036 5420 neque
3077 5350 3181 5405 alia
3229 5358 3517 5420 potuerunt

1942 5445 2240 5509 seducere,
2297 5451 2352 5496 et
2395 5457 2424 5495 a
2477 5441 2815 5499 confessione
2864 5446 3104 5499 veritatis
3155 5443 3517 5513 supprimere.

1945 5536 2240 5590 Audiamus
2270 5534 2671 5602 praedicantem,
2722 5545 2775 5589 et
2820 5537 2955 5590 bene
3000 5536 3359 5606 profitentem,
3393 5535 3519 5605 quia

1945 5634 1988 5682 si
2033 5629 2148 5696 quis
2196 5626 2287 5679 Dei
2327 5627 2498 5680 cultor
2544 5637 2646 5693 est,
2690 5638 2742 5680 et
2784 5629 3108 5685 voluntatem
3153 5630 3268 5700 ejus
3313 5629 3519 5697 fecerit,

1948 5720 2088 5772 hunc
2131 5717 2367 5772 exaudit.
2401 5717 2651 5772 Calamus
2693 5733 2823 5788 ergo
2868 5721 3168 5788 Dominum,
3206 5737 3308 5784 non
3352 5718 3521 5775 thuris

1949 5811 2257 5884 vaporibus,
2309 5824 2413 5864 non
2447 5819 2717 5865 taurorum
2767 5812 3113 5885 mugientium
3155 5815 3372 5888 jugulis,
3423 5811 3520 5871 sed
