3972 6340
566 391 884 462 gratissimis
909 394 1034 451 lidei
1053 401 1111 452 et
1137 397 1445 456 dilectionis
1473 403 1738 471 victimis;
1773 407 2025 465 faciamus
2057 425 2152 466 νο·-
2180 407 2229 477 Α
2261 415 2506 489 lacrymis
2554 422 2764 491 rigavit,
2795 424 3002 494 capillis
3045 421 3276 497 detersit,
3311 432 3468 504 sicque
3497 441 3704 506 multoru
3838 409 3839 474 ἶ

565 486 828 544 luntatem
853 488 992 558 ejus,
1025 489 1128 547 hoc
1153 501 1261 560 est,
1291 494 1603 552 mandatum
1651 499 1770 568 ejus
1819 501 2163 570 impleamus,

565 587 622 636 et
652 579 900 636 timorem
949 581 1116 651 illius,
1157 594 1217 641 et
1256 599 1502 643 sanctam
1541 605 1692 659 spem
1745 596 2160 661 promissionum

566 672 683 740 ejus
728 671 782 726 in
825 674 1101 730 mentibus
1141 676 1456 745 habemus,
1487 683 1741 750 quoniam
1789 686 2160 755 beneptacitum

563 771 638 820 est
670 764 895 822 Domino
934 783 1090 837 super
1115 769 1350 827 timentes
1391 789 1528 841 eunt,
1560 785 1608 830 et
1635 777 1686 830 in
1710 777 1783 831 eis
1819 779 1905 846 qui
1949 790 2161 847 sperant

565 865 720 926 super
743 859 1102 916 misericordia
1143 864 1253 933 ejus
1297 863 1470 934 (Psal.
1513 869 1718 937 cxsvr).
1753 870 1850 924 Cui
1878 877 1961 927 est
1989 871 2162 930 honor

565 956 624 1004 at
647 948 823 1020 gloria
854 951 908 1007 in
939 954 1139 1009 saecula
1174 959 1523 1012 saeculorum.
1552 959 1748 1014 Amen.

1164 1059 1442 1125 HUMILM
1485 1067 1570 1127 ill.

907 1167 958 1213 ιιι
997 1167 1152 1216 mm
1191 1171 1386 1226 QUINTA
1427 1173 1540 1220 post
1581 1167 1796 1225 Laetare.

639 1261 708 1324 In
737 1269 830 1326 illo
857 1283 1082 1342 tempore
1111 1276 1214 1331 ibat
1245 1277 1394 1333 Iesus
1425 1282 1478 1333 in
1521 1283 1771 1337 civitatem
1812 1301 1924 1354 qua:
1947 1297 2159 1342 vocatur

570 1351 750 1426 Naim,
796 1372 846 1418 et
877 1364 1017 1419 ibant
1045 1384 1161 1421 cum
1203 1386 1261 1422 eo
1306 1372 1544 1442 discipuli
1595 1377 1705 1440 ejus
1736 1383 1781 1429 et
1811 1351 1957 1431 turba
1986 1382 2158 1450 copie-

564 1467 648 1522 sa,
679 1463 784 1512 etc.
817 1447 970 1522 (Luc.
1021 1459 1140 1529 vn).
1196 1460 1441 1531 (liequire
1479 1465 1748 1523 Itomitiam
1781 1447 2058 1528 Dominica
2091 1474 2156 1532 17

564 1550 678 1612 post
705 1543 891 1614 festum
923 1543 1302 1622 Pentecostcs.)

1143 1664 1421 1724 HOMILIA
1470 1672 1579 1729 Cll.

935 1769 988 1809 ιιι
1025 1772 1183 1814 ruma
1222 1775 1393 1818 sexu
1431 1781 1557 1821 rosr
1594 1767 1814 1826 Lretare.

633 1863 820 1920 Initio
859 1877 1087 1938 tempore
1131 1885 1240 1930 erat
1289 1879 1498 1948 quidam
1549 1883 1794 1953 languens
1841 1886 2072 1943 Lazarus
2122 1889 2155 1945 ἆ

556 1955 851 2031 Bethania,
919 1969 985 2020 de
1035 1970 1250 2024 castello
1306 1971 1494 2029 Maria:
1541 1987 1590 2030 et
1645 1976 1868 2034 Martha:
1915 1997 2153 2038 sororum

556 2051 694 2120 ejus,
725 2061 830 2110 etc.
865 2055 1045 2127 (Joan.
1080 2061 1174 2132 xr).

631 2145 778 2201 Inter
818 2153 1000 2206 omnia
1054 2155 1310 2210 miracula
1356 2173 1474 2227 qua:
1525 2159 1618 2215 Dei
1671 2161 1859 2231 Filius,
1895 2171 1952 2218 ut
1999 2181 2151 2224 suam

556 2239 816 2306 panderet
837 2245 1195 2316 divinitatem,
1221 2263 1474 2320 operatus
1500 2263 1602 2321 est,
1635 2261 1998 2326 supereminet
2027 2263 2149 2329 hoc,

557 2335 615 2385 et
641 2335 794 2401 quasi
825 2339 1110 2406 quemdam
1143 2344 1346 2399 obtinet
1397 2348 1778 2421 principatum,
1825 2355 1968 2424 quod
2009 2357 2151 2412 circa

556 2419 820 2479 Lazarum
846 2429 990 2481 fecit.
1026 2431 1089 2484 Et
1115 2433 1329 2502 quidem
1368 2437 1577 2507 singula
1625 2419 1788 2510 opera
1834 2419 1949 2513 ejus
1973 2447 2148 2502 admi-

553 2515 766 2570 ratione
794 2517 1108 2589 dignissima
1134 2533 1281 2580 sunt.
1305 2529 1436 2596 Quis
1468 2534 1610 2588 enim
1641 2550 1743 2590 non
1776 2540 2151 2599 venerabiliter

550 2603 870 2677 aduliratur,
901 2613 1044 2682 quod
1085 2615 1257 2671 claudi
1288 2620 1448 2675 rectis
1478 2626 1752 2692 gressibus
1785 2619 2141 2700 incesserunt,

557 2699 702 2765 quod
753 2705 916 2759 mutis
966 2703 1265 2776 linguarum
1313 2714 1545 2769 clausua
1598 2717 1771 2773 soluta
1815 2731 1958 2790 sunt,
2005 2725 2146 2795 quod

549 2801 818 2849 carcerum
852 2797 942 2852 diu
966 2800 1148 2856 clausa
1177 2803 1376 2860 lumina
1411 2813 1554 2863 tactu
1594 2825 1763 2868 sacra:
1808 2831 1997 2871 manus
2027 2817 2146 2889 ejus

551 2891 790 2939 reserata
838 2889 1006 2944 sunt?
1032 2891 1164 2959 Quis
1212 2893 1325 2950 haec
1354 2907 1406 2952 ει
1437 2901 1586 2966 plura
1633 2901 1734 2956 alia
1767 2908 2140 2979 considerans,

547 2985 654 3030 non
683 2977 918 3035 divinam
948 2988 1238 3052 potentiam
1285 2997 1508 3061 stupens
1539 2996 1874 3055 admiretur?
1899 3001 2005 3057 Sed
2029 3001 2144 3060 huic

543 3069 730 3124 omnia
761 3086 921 3141 parva.
950 3075 1017 3128 ad
1059 3075 1331 3148 ingentem
1367 3084 1569 3140 Christi
1617 3088 1953 3158 majestatem
1986 3095 2136 3152 vide-

551 3157 764 3230 bantur,
795 3165 896 3220 nisi
922 3167 1126 3224 amicus
1166 3173 1282 3241 ejus
1330 3175 1564 3233 Lazarus
1608 3195 1928 3240 moreretur.
1961 3187 2131 3256 Quem
2166 3163 2212 3225 ὓ

543 3255 747 3313 idcirco
779 3262 913 3316 tnori
951 3266 1214 3332 permisit,
1252 3279 1306 3324 ut
1336 3286 1458 3326 eum
1488 3289 1626 3330 novo
1665 3289 1719 3331 et
1752 3282 2000 3339 omnibus
2029 3300 2134 3341 sre-

544 3346 684 3402 culls
715 3349 1034 3407 admirando
1063 3357 1250 3414 ordine
1276 3363 1604 3433 suscitando,
1625 3383 1742 3424 sese
1768 3373 1890 3428 vitae
1924 3378 2137 3433 mortis-

545 3453 650 3510 que
699 3439 986 3502 Dominum
1033 3465 1154 3507 esse
1205 3453 1521 3513 declararet.
1566 3461 1809 3521 Accessit
1857 3471 2016 3524 etiam
2068 3472 2134 3526 ad

541 3533 870 3603 singularem
917 3539 1229 3608 dignitatem
1288 3545 1548 3619 miraculi,
1599 3558 1833 3624 speciale
1879 3563 2131 3618 meritum

537 3615 840 3697 dignissimi
887 3633 1258 3707 descriptoris.
1291 3637 1480 3699 Nullus
1505 3615 1699 3719 quippe
1731 3656 1868 3711 alius
1894 3615 2130 3715 omnium

536 3724 985 3792 evaligellstarum
1035 3729 1138 3787 hoc
1180 3731 1484 3808 descripsit,
1520 3744 1613 3797 sed
1661 3747 1760 3800 soli
1793 3749 1989 3806 dilecto
2022 3752 2130 3809 Do-

537 3809 672 3868 mini
701 3813 891 3874 Joanni
924 3823 1257 3882 reservatum
1295 3841 1376 3886 est
1408 3850 1420 3884 :
1451 3835 1578 3902 quia
1623 3838 1874 3893 nimirum
1909 3859 1994 3899 res
2022 3854 2128 3902 tam

532 3903 690 3963 unita
730 3917 784 3968 et
825 3921 932 3971 tam
981 3921 1197 3992 egregia
1229 3925 1431 3982 nullum
1477 3929 1662 3998 alium,
1699 3952 1854 4004 quam
1886 3939 2128 3998 dilectis-

529 4008 726 4068 simum
778 4011 997 4074 Christo
1026 4021 1287 4092 virginem
1335 4026 1534 4086 habere
1581 4033 1768 4089 debuit
1812 4039 2122 4100 relatorem.

527 4097 729 4158 Verum
756 4109 1008 4176 quoniam
1047 4113 1160 4170 haec
1188 4116 1350 4173 lectio
1381 4135 1446 4176 ex
1479 4123 1682 4194 majore
1709 4129 1792 4183 sui
1839 4141 1999 4199 parte
2029 4151 2125 4202 per

526 4205 589 4249 se
617 4193 762 4251 clara
791 4211 896 4282 est,
948 4211 1004 4258 et
1056 4221 1150 4276 per
1195 4208 1403 4281 singula
1455 4193 1790 4287 expositione
1838 4239 1942 4278 non
1981 4239 2120 4297 eget,

527 4281 861 4355 capitulatim
883 4280 1060 4366 magis
1089 4314 1250 4367 quam
1281 4280 1544 4361 verbatim
1573 4325 1692 4365 eam
1724 4314 2122 4382 explauandam

523 4377 881 4455 Suscepiutus,
914 4401 972 4446 ut
1013 4394 1080 4448 ad
1121 4411 1184 4452 ea
1237 4414 1357 4470 qua:
1400 4405 1569 4474 magis
1621 4411 1927 4467 necessaria
1973 4425 2121 4482 sunt,

523 4476 822 4571 veniamus.
880 4482 1120 4558 Denique
1163 4506 1323 4561 supra
1366 4497 1579 4567 legitur,
1624 4505 1766 4571 quod
1812 4521 1933 4562 cum
1975 4519 2120 4567 esset

520 4557 782 4622 Dominus
810 4570 863 4624 in
892 4557 1115 4647 templo,
1144 4593 1196 4634 et
1220 4557 1275 4637 in
1304 4557 1509 4653 porticu
1540 4557 1660 4660 qua;
1688 4593 1993 4655 Salomonis
2021 4615 2116 4669 ap-

518 4651 754 4726 pellatur
779 4661 1020 4732 doceret,
1052 4683 1155 4724 non
1190 4651 1422 4732 ferentes
1466 4651 1638 4737 Judaei
1670 4688 1829 4742 verba
1861 4651 2113 4747 diripit;-

517 4747 588 4803 tis
616 4747 758 4824 ejus,
791 4757 1130 4818 sustulerunt
1168 4765 1374 4838 lapides
1406 4780 1462 4826 ut
1494 4773 1793 4844 lapidarent
1821 4793 1979 4848 earn;
2008 4785 2111 4842 Do-

517 4840 696 4896 minus
728 4857 855 4900 vero
885 4847 1028 4903 inter
1057 4867 1248 4910 uiantis
1291 4874 1351 4912 se
1381 4859 1622 4930 lapidare
1655 4869 1946 4926 volentium
1973 4874 2109 4930 illa:-

519 4929 612 4986 sus
649 4933 815 4990 exivit
841 4935 910 4994 de
942 4943 1188 5013 templo,
1216 4957 1271 5002 et
1311 4929 1448 5006 abiit
1495 4964 1639 5010 trans
1682 4957 1972 5018 Jordanem
2021 4969 2108 5023 ubi

512 5024 664 5094 prius
689 5025 866 5086 fuerat
894 5032 1129 5092 Joannes
1159 5041 1460 5110 baptizans.
1493 5046 1625 5102 Cum
1659 5065 1792 5121 ergo
1831 5055 1900 5109 ibi
1940 5072 2110 5128 esset,

510 5115 886 5209 inlirmabatur
920 5125 1157 5209 Lazarus
1179 5130 1236 5186 in
1266 5133 1546 5204 Bethania,
1571 5115 1749 5209 quod
1769 5156 1887 5200 erat
1917 5115 2111 5206 castel;

509 5207 618 5264 lum
649 5205 829 5270 Mariae
858 5228 912 5272 et
937 5207 1185 5292 Marthae,
1215 5230 1518 5297 proximum
1549 5205 1960 5312 Hierosolymis.
1989 5205 2109 5300 Ma-

506 5303 587 5358 ria
607 5317 776 5362 autem
803 5322 912 5366 erat
930 5330 1045 5385 qua:
1074 5323 1221 5376 unxit
1241 5321 1524 5384 Dominum
1545 5341 1828 5401 unguento,
1857 5347 1905 5391 et
1934 5352 2105 5395 exter-

506 5397 571 5452 sit
599 5403 805 5473 capillis
847 5410 955 5464 suis
1001 5415 1154 5480 pedes
1195 5419 1329 5488 ejus.
1375 5397 1639 5489 Quonia
1683 5437 2104 5504 tunetemporis

505 5488 686 5559 plures
724 5501 874 5555 erant
908 5501 1070 5574 hujus
1113 5512 1368 5580 nominis,
1401 5531 1469 5571 ne
1498 5533 1744 5576 erremus
1773 5524 1826 5578 in
1853 5528 2093 5600 nomine,

509 5592 614 5600 μὴ
681 5579 732 5600 ,,_
1100 5599 1105 5600 ,

1357 5579 1360 5580 ν
1854 5579 1884 5580 η
1927 5579 2093 5600 -ν--ηνν

503 5579 804 5644 ostenditur
831 5607 897 5648 ex
923 5599 1200 5656 notissima
1227 5606 1460 5662 actione.
1498 5611 1613 5680 Ipsa
1651 5616 1792 5671 euim
1825 5628 1907 5675 est
1933 5621 2096 5679 Maria

502 5688 620 5744 qua:
651 5683 945 5754 quondam,
986 5700 1043 5745 ut
1088 5693 1262 5751 Lucas
1310 5704 1645 5772 evangelista
1697 5721 1881 5765 narrat
1933 5731 2094 5786 supe-

501 5766 632 5839 rius,
671 5778 944 5844 peccatrix
973 5785 1190 5843 venieus
1233 5791 1297 5848 ad
1331 5793 1496 5863 pedes
1529 5797 1773 5872 Domini,
1809 5812 2081 5876 perunxit,

1461 283 1665 343 PAULI
1707 287 1979 348 DIACONI
2013 285 2167 351 ΟΡΡ.
2211 287 2385 356 PARS
2425 299 2487 356 ll.
2525 315 2595 343 δέ
2636 293 2990 361 ASCETICA.

3611 321 3702 391 liii

2269 512 2551 567 criminum
2601 517 2810 571 veniam
2861 533 2892 571 a
2944 517 3162 575 Domino
3208 531 3466 592 premeruit
3485 533 3600 603 (Luc.
3629 546 3706 614 vn).

2266 599 2525 661 Miserunt
2555 623 2683 679 ergo
2712 609 2777 664 ad
2811 607 2957 666 illum
3005 615 3246 684 quoniam
3291 611 3460 678 absens
3491 599 3581 683 erat
3613 599 3707 692 tiaris

2265 691 2574 766 Jordanem,
2621 705 2932 760 nuntiantes
2965 710 3104 775 quod
3155 711 3304 767 frater
3341 716 3516 775 illarum
3552 691 3708 786 Lazarus

2264 789 2654 864 iniirmabatur,
2707 807 2766 852 ut
2817 809 2923 853 tam
2955 800 3055 856 sibi
3084 819 3234 872 quam
3281 805 3412 864 fratri
3452 827 3708 886 succurreret,

2263 883 2316 937 εὶ
2349 883 2475 938 istas
2520 886 2726 954 dolore,
2761 890 2910 946 illum
2957 895 3260 964 aegritudine
3301 899 3535 960 liberaret.
3568 908 3644 962 Sed
3663 883 3712 966 vi

2262 969 2484 1031 deamus
2533 981 2658 1048 quid
2718 984 3023 1038 nuntiantes
3072 979 3308 1044 dixerunt
3363 1009 3374 1044 :
3418 991 3605 1063 Domine,
3642 1017 3713 1056 erat

2260 1084 2406 1137 quem
2457 1089 2628 1140 amas,
2654 1076 2965 1142 inﬁrmatur.
3017 1079 3130 1135 Non
3159 1083 3713 1149 dixeruntzV'eniutlan-

2260 1170 2510 1228 gueutcm
2557 1179 2715 1220 sanes
2734 1181 2760 1239 ;_
2781 1182 2885 1220 non
2940 1169 3042 1226 hoc
3085 1182 3228 1228 certe
3269 1190 3399 1230 ausre
3438 1189 3538 1233 sunt
3567 1180 3710 1238 dicere:

2259 1249 2562 1307 sufficiebat
2593 1255 2718 1320 iiiis,
2749 1259 2792 1310 si
2828 1267 3029 1314 tantum
3076 1273 3253 1318 nosset
3277 1267 3404 1335 quod
3438 1267 3712 1340 inﬁrmaretur,

2261 1341 2507 1398 sciebant
2557 1349 2698 1401 enim
2752 1351 2892 1419 quod
2941 1368 3046 1408 non
3091 1355 3352 1412 desereret
3389 1375 3523 1430 quem
3559 1366 3712 1420 amabat.

2262 1429 2413 1501 Ecce,
2440 1435 2704 1506 inquiunt,
2721 1458 2866 1509 quem
2891 1459 3053 1510 amas,
3071 1429 3605 1524 inﬁrmatur.’fanquam
3621 1455 3717 1512 dice-

2260 1535 2422 1581 rent:
2457 1529 2603 1584 Satis
2648 1540 2731 1586 est
2773 1542 2831 1588 ut
2862 1534 2961 1590 hoc
2994 1539 3227 1608 noveris,
3275 1541 3494 1610 Domine,
3528 1562 3603 1601 nec
3631 1563 3716 1618 aptis

2258 1627 2340 1673 est
2384 1632 2434 1672 ut
2483 1622 2551 1676 ad
2595 1639 2694 1680 nos
2737 1629 2957 1684 veniens
2988 1631 3244 1702 fatigeris.
3274 1634 3345 1690 lbi
3375 1639 3582 1708 praecipe,
3603 1652 3641 1696 et
3665 1644 3718 1698 hic

2259 1710 2397 1777 quod
2420 1711 2650 1780 jusseris
2679 1715 2788 1772 ﬁet.
2821 1718 3047 1776 Audiens
3076 1732 3248 1778 autent
3271 1724 3430 1796 Jesus,
3451 1730 3555 1784 dixit
3576 1748 3590 1785 :
3611 1731 3716 1801 lttﬁr-
3837 1747 3839 1808 ᾖ

2183 1785 2231 1854 Β
2265 1799 2412 1855 initus
2445 1801 2553 1858 lucc
2594 1822 2698 1860 non
2745 1819 2815 1863 est
2845 1816 2913 1863 ad
2945 1826 3179 1882 mortem,
3209 1817 3295 1870 sed
3320 1835 3405 1887 pro
3432 1821 3567 1891 gloria
3585 1822 3718 1888 Dei,»

2255 1891 2575 1965 gloriﬁcatur
2604 1896 2774 1954 Filius
2798 1901 2896 1956 Dei
2925 1921 3015 1973 per
3043 1923 3176 1962 eam.
3208 1911 3373 1976 Quare
3392 1914 3523 1979 dicis,
3555 1913 3715 1980 Domine,

2255 1989 2321 2042 ad
2369 2001 2594 2047 mortem
2641 2007 2879 2063 nonest,
2909 2014 3032 2056 cum
3075 2002 3312 2060 Lazarus
3358 2006 3722 2065 iuevitairiiitersit

2255 2085 2538 2137 mortuus?
2569 2085 2806 2143 Noverat
2833 2101 2888 2145 et
2935 2091 3037 2148 hoc
3065 2094 3344 2164 Dominus,
3369 2109 3420 2154 et
3454 2110 3501 2154 ut
3533 2101 3594 2156 sic
3623 2103 3721 2155 ﬁeret

2255 2173 2370 2242 ipse
2401 2178 2664 2244 voluerat,
2717 2183 2812 2236 sed
2846 2194 2964 2253 post
3012 2197 3244 2244 mortem
3273 2205 3385 2246 eum
3429 2195 3634 2248 suscitare
3661 2194 3720 2247 de-

2255 2280 2519 2325 ereverut.
2564 2273 2715 2340 Quod
2765 2292 2894 2346 ergo
2939 2284 3240 2350 respondit,
3281 2286 3530 2353 inﬁrmitas
3563 2287 3720 2340 litem

2252 2372 2326 2413 est
2357 2364 2424 2415 ad
2456 2376 2694 2433 mortem,
2723 2369 2826 2424 tale
2855 2381 2940 2426 est
2977 2387 3042 2428 ac
3073 2375 3125 2430 si
3153 2375 3355 2433 dicatur
3378 2395 3390 2433 :
3417 2377 3536 2434 Mors
3559 2379 3722 2433 ira:ch

2251 2469 2332 2511 est
2364 2459 2428 2511 ad
2475 2472 2726 2518 mortem.
2758 2465 2875 2520 Non
2920 2469 3065 2524 enim
3112 2474 3352 2540 moritur,
3383 2486 3434 2530 ut
3469 2476 3582 2530 sicut
3607 2476 3720 2529 actui

2253 2547 2499 2606 homines
2546 2558 2763 2622 mortui,
2798 2573 2826 2611 a
2860 2572 3036 2618 morte
3063 2573 3332 2634 teneatur,
3358 2567 3446 2623 sed
3473 2577 3522 2622 ut
3545 2567 3722 2622 mirabili-

2253 2646 2333 2692 ter
2361 2644 2727 2702 resuscitetur.
2762 2649 2864 2703 l’ro
2903 2653 3073 2722 gloria
3110 2656 3228 2723 Dei,
3269 2670 3326 2714 ut
3357 2660 3502 2716 Filius
3527 2661 3598 2715 Dei
3619 2658 3723 2730 glori-

2250 2734 2439 2791 licetur
2477 2753 2573 2808 per
2612 2756 2751 2808 eam,
2802 2745 3262 2819 subaudiendum,
3293 2751 3622 2809 inﬁrmitatem.
3645 2750 3723 2805 ilat

2247 2835 2424 2881 autem
2457 2831 2777 2900 glorificatio
2809 2852 2917 2892 non
2949 2840 3128 2909 ipsum
3167 2846 3334 2913 auxit,
3360 2846 3442 2915 qui
3468 2857 3720 2913 summepat-

2247 2917 2418 2975 fectus
2448 2933 2554 2992 est,
2596 2937 2651 2981 et
2683 2930 2946 2997 proiicere
2975 2949 3079 2990 non
3112 2939 3284 3005 novit,
3312 2941 3401 2995 sed
3429 2941 3559 2995 nobis
3578 2936 3722 3009 proluit;

2245 3023 2505 3080 quatenus
2536 3032 2632 3085 per
2661 3019 2764 3076 hoc
2791 3030 2993 3078 tantum
3027 3028 3351 3086 miraculum
3382 3032 3431 3087 in
3466 3047 3566 3087 eum
3598 3033 3721 3086 crede-

2201 3142 2212 3180 :
2244 3115 2446 3170 remus,
2471 3116 2525 3160 et
2552 3119 2808 3166 aeternam
2839 3118 3030 3171 anima:
3055 3131 3291 3178 mortem
3333 3119 3722 3180 evaderemuttﬁel

2245 3194 2520 3252 videamus
2538 3200 2845 3272 diligentius
2865 3209 2990 3277 quid
3015 3210 3242 3268 dixerit:
3261 3219 3344 3271 Ait
3365 3214 3724 3284 enim:Progierit

2243 3284 2372 3350 Dei;
2413 3288 2606 3344 deinde
2651 3295 2918 3364 adjunxit,
2962 3310 3018 3353 ut
3069 3303 3390 3373 gloriﬁcatur
3418 3303 3560 3359 Filius
3582 3303 3724 3372 Deiprr

2242 3391 2375 3430 eam.
2412 3379 2551 3450 Ergo
2594 3382 2766 3440 Filius
2807 3388 2919 3458 Dei,
2972 3391 3136 3448 Deus.
3169 3383 3286 3452 Hoc
3313 3405 3486 3452 contra
3514 3396 3717 3457 hereticos,

2242 3469 2330 3534 qui
2364 3470 2618 3526 dixerunt
2663 3473 2936 3534 Christum
2980 3497 3087 3538 non
3141 3501 3264 3542 esse
3307 3498 3484 3543 natura
3509 3479 3723 3550 υειιῐῑιιδθιὶ

2239 3563 2435 3629 gratia.
2494 3565 2646 3622 Unde
2699 3571 2914 3637 quidam
2972 3576 3194 3634 illorum
3242 3581 3541 3636 dixit:Non
3582 3576 3724 3633 inridet

2237 3651 2453 3709 Christo
2494 3657 2633 3713 facto
2662 3660 2792 3728 Deo,
2837 3665 2939 3721 hoc
2969 3679 3023 3723 et
3052 3684 3158 3738 ego
3193 3672 3308 3728 ﬁeri
3351 3687 3543 3744 possum
3565 3671 3601 3725 si
3629 3667 3720 3721 volo-

2236 3741 2494 3817 Diligebat
2531 3761 2704 3806 autem
2732 3754 2885 3811 Jcsus
2921 3758 3210 3831 Marinum,
3243 3777 3292 3819 et
3318 3741 3627 3835 sororentejtu
3648 3757 3723 3813 lit-

2234 3837 2388 3904 riurn,
2435 3852 2482 3896 et
2529 3841 2812 3902 Lazarum.
2845 3851 2941 3906 ille
2989 3855 3302 3926 languebat,
3333 3859 3418 3915 ille
3460 3848 3722 3922 delebilis“

2234 3941 2389 3996 spem
2439 3933 2728 3991 maximam
2755 3940 3065 4011 ,lrabebaat,
3111 3951 3240 4024 quia
3283 3950 3574 4018 diligebatur
3609 3947 3656 3998 sli
3684 3955 3724 3996 eo

2232 4026 2324 4093 qui
2363 4036 2419 4082 et
2447 4028 2741 4088 dolentium
2771 4046 2855 4091 est
2884 4042 3222 4111 consolatur,
3256 4055 3312 4100 et
3346 4043 3650 4115 languentium
3669 4049 3723 4092 tt-

2231 4127 2408 4186 nator,
2437 4120 2676 4192 ipsorum
2703 4128 2866 4182 etiam
2893 4143 3236 4190 mortuorum
3268 4139 3550 4192 suscitator.
3579 4132 3629 4186 Ut
3651 4143 3724 4196 επςο

2231 4215 2428 4268 audiuit
2471 4220 2594 4286 quia
2621 4220 3004 4294 inﬁrmubatur,
3040 4237 3166 4283 tunc
3203 4234 3410 4302 quidem
3446 4227 3724 4285 manauit”

2229 4305 2344 4359 dem
2372 4306 2488 4362 loco
2515 4312 2716 4369 duobus
2739 4316 2938 4372 diebus.
2968 4320 3156 4377 Noluit
3183 4335 3310 4380 tunc
3340 4327 3566 4379 Dominus
3590 4319 3724 4378 venirt.

2229 4400 2437 4456 distulit
2484 4419 2717 4476 sanare,
2779 4419 2837 4466 ut
2881 4424 3063 4480 posset
3124 4418 3426 4472 mirabilius
3473 4415 3723 4472 resuscitat.

2230 4489 2424 4549 Mansit
2479 4512 2611 4568 ergo
2680 4499 2789 4557 illic
2845 4504 3018 4560 donec
3085 4511 3430 4577 quatriduum
3489 4509 3723 4590 impleretur.

2142 4557 2196 4621 D
2223 4579 2459 4656 Denique
2503 4557 2616 4658 post
2671 4592 2782 4647 Irrue
2827 4557 3296 4671 dixit—vdisjeiputis
3341 4557 3658 4658 stris:li!rzri'tit.s
3694 4593 3726 4643 in

2223 4674 2466 4734 Judaram
2495 4683 2700 4738 iterum.
2750 4686 2952 4744 Τειτίιὲ
2989 4699 3114 4746 sunt
3151 4684 3428 4765 discipuli;
3459 4694 3578 4764 quod
3606 4687 3726 4743 aridis

2221 4773 2351 4828 bant
2382 4777 2532 4832 illum
2565 4782 2702 4836 velle
2725 4782 2918 4838 iterum
2954 4788 3006 4840 in
3033 4787 3284 4846 ledaeam
3313 4791 3507 4846 venire.
3535 4783 3726 4882 Νσῖεέξωξ

2221 4871 2680 4939 εεηειιὶηιὶοηεω
2736 4877 3188 4938 immanissimam
3215 4925 3231 4950 ,
3293 4891 3394 4954 qua
3440 4883 3570 4939 illuni
3612 4871 3724 4933 Jtidzi

2221 4967 2702 5036 persequebantur,
2735 4983 2789 5026 ει
2816 4976 2976 5030 morti
3001 4977 3220 5033 tradere
3250 4974 3563 5038 laborabant,
3589 4963 3725 5028 idcirco

2221 5058 2474 5116 dicebant
2521 5062 2609 5117 ei:
2643 5065 2830 5132 Rabiri,
2863 5083 3003 5122 nunc
3042 5073 3345 5141 qtuvrebnnt
3388 5071 3433 5126 te
3459 5067 3606 5125 Jutlrti

2220 5152 2368 5217 dare,
2405 5164 2450 5208 et
2479 5159 2664 5210 iterum
2703 5160 3030 5214 vudisilluc?
3055 5163 3355 5234 Respondit
3382 5165 3474 5229 eis,
3502 5161 3577 5233 qui
3599 5155 3724 5211 huma-

2222 5257 2347 5299 nam
2397 5247 2597 5301 rahiern
2644 5249 2834 5305 timere
2879 5269 2982 5307 non
3031 5264 3245 5323 poterat
3274 5273 3286 5312 :
3319 5255 3497 5310 Nonne
3533 5243 3726 5342 (laude-riui
3821 5331 3828 5342 .

2219 5337 2368 5390 liora!
2397 5348 2515 5391 sunt
2547 5341 2688 5394 diei?
2710 5339 2770 5395 Si
2799 5345 2910 5412 quis
2940 5345 3282 5402 ambulaverit
3309 5349 3362 5401 in
3391 5348 3486 5414 die,
3511 5344 3592 5397 mia
3617 5334 3724 5403 ριξη-

2217 5431 2315 5495 dit,
2345 5432 2465 5502 quia
2495 5434 2656 5487 lucem
2687 5435 2845 5507 hujus
2875 5439 3056 5492 mundi
3097 5439 3256 5495 videt.
3291 5439 3355 5496 Si
3379 5449 3532 5522 autem
3557 5429 3723 5487 enituit-

2215 5527 2342 5581 verit
2384 5529 2436 5582 in
2489 5541 2652 5595 nocte,
2692 5529 2908 5597 o/I‘endr’t
2956 5535 3076 5604 quia
3125 5537 3221 5590 tua:
3248 5537 3304 5590 in
3343 5549 3402 5590 eo
3444 5543 3533 5588 non
3559 5523 3723 5583 estde

2213 5621 2424 5676 dierant
2452 5626 2620 5677 sancti
2653 5625 2899 5693 discipuli
2949 5629 3232 5684 Dominum
3267 5630 3320 5684 in
3350 5623 3720 5718 .lurlzeanrilerui1

2209 5716 2348 5770 velle
2395 5718 2600 5784 venire,
2649 5733 2710 5771 ac
2763 5719 3114 5777 formidantes
3151 5735 3223 5778 ne
3274 5722 3443 5776 borius"
3485 5714 3719 5808 magni-Ui

2206 5810 2410 5868 Judaeis
2441 5811 3011 5887 comprehenderetur,
3049 5817 3200 5887 quasi
3247 5813 3520 5874 consilium
3548 5805 3594 5866 ἐἰ
3618 5801 3719 5860 ἀπε»
