3972 6340
229 318 356 397 aaut

1175 319 1638 378 DOMILIARIUS.
1679 350 1749 362 —
1790 320 1953 378 ΗΟΜ.
1996 323 2084 378 DE
2125 323 2478 382 TEMPORE.

3342 337 3482 391 130?.

225 442 278 488 et
304 432 370 485 ab
401 431 633 499 incoepto
680 444 933 487 revocare
979 433 1252 490 volebant.
1297 435 1412 492 Non
1463 436 1636 491 adhuc
1663 420 1798 508 [per-
1833 438 2028 497 Aliter
2062 441 2362 512 Dominum,
2391 444 2510 513 quia
2543 457 2726 498 eorum
2771 447 2874 501 vita
2921 462 2983 502 ex
3017 448 3156 504 illius
3193 458 3478 521 prmsentia

225 521 360 577 {cete
389 521 767 575 intellexerunt
789 521 1240 592 dispensationem
1277 535 1494 595 propter
1522 543 1678 596 quam
1713 543 1801 582 ve-

223 622 392 666 rterat.
425 601 503 665 Ad
538 612 636 666 hoc
665 613 810 667 enim
843 613 979 668 Deus
1012 613 1283 669 hominem
1315 614 1582 688 induerat,
1617 628 1671 670 ut
1712 634 1804 687 pro

224 707 394 760 salute
440 706 714 760 hominum
765 716 1087 762 moreretur.
1142 707 1229 763 Sic
1281 720 1334 764 et
1385 711 1570 765 beatus
1621 712 1807 765 Petrus

222 816 341 856 cum
375 797 612 852 audisset
645 797 932 853 Dominum
956 801 1024 854 de
1064 802 1312 868 passione
1343 818 1437 858 sua
1480 805 1804 872 loquentem,

224 895 376 962 quasi
409 909 662 950 revocare
709 893 830 950 eum
866 897 1073 961 volens,
1122 898 1294 952 dixit:
1331 898 1470 952 Absit
1514 900 1608 954 hoc
1657 918 1688 953 a
1738 910 1804 969 te,

224 989 465 1054 Domine;
497 1006 599 1046 non
643 991 876 1045 morieris
907 988 1127 1060 (Matth.
1179 994 1310 1058 xvr).
1345 991 1475 1046 Cum
1520 1008 1646 1062 ergo
1678 1009 1808 1061 apo-

224 1084 346 1140 stoli
373 1083 601 1140 Domino
626 1083 910 1140 consulere
943 1083 1337 1152 quodammodo
1370 1086 1585 1150 vellent,
1620 1085 1808 1139 redar-

227 1184 340 1247 guit
366 1192 458 1232 eos
481 1177 668 1233 dicens
696 1195 706 1230 :
741 1177 924 1232 Nonae
954 1178 1226 1232 duodecim
1265 1188 1381 1232 sunt
1413 1180 1550 1233 hora’
1579 1180 1716 1234 diei?
1743 1179 1812 1234 Se

227 1269 468 1338 profecto
491 1269 630 1324 diem
664 1269 975 1336 appellavit,
1009 1269 1094 1337 qui
1137 1280 1216 1322 est
1247 1269 1361 1323 dies
1389 1284 1451 1322 ex
1483 1270 1594 1334 die,
1629 1270 1808 1326 lumen

227 1360 295 1415 de
321 1359 541 1426 lumine,
588 1360 788 1429 quique
828 1360 893 1412 de
924 1374 981 1414 se
1026 1360 1152 1414 alibi
1196 1361 1364 1414 dicit:
1403 1358 1512 1430 Ego
1563 1377 1678 1414 sum
1721 1362 1813 1418 lita:

226 1453 406 1506 mundi
442 1451 624 1519 (Joan.
670 1453 804 1520 vni).
839 1449 903 1504 Et
935 1461 992 1505 ut
1035 1467 1094 1506 se
1125 1451 1262 1506 diem
1316 1452 1643 1516 ostenderet,
1677 1451 1813 1506 duo-

227 1545 397 1602 derim
430 1545 701 1614 apostolos
741 1547 920 1614 elegit.
955 1547 1026 1600 De
1049 1547 1240 1617 quibus
1272 1563 1412 1602 nunc
1440 1549 1601 1602 dicit:
1633 1548 1816 1602 Nonne

226 1637 493 1690 duodecim
547 1638 686 1691 horse
732 1648 849 1691 sunt
893 1639 1032 1692 diei?
1063 1641 1135 1692 Ac
1189 1641 1232 1692 si
1286 1640 1488 1694 diceret
1524 1658 1535 1692 :
1577 1641 1681 1694 Vos
1726 1641 1816 1710 qui

228 1731 359 1785 estis
393 1731 535 1783 hora:
565 1730 690 1793 diei,
717 1746 879 1797 quare
911 1731 985 1784 sic
1011 1729 1293 1784 consilium
1327 1731 1457 1784 dare
1485 1732 1679 1786 vultis?
1703 1731 1813 1786 llo-

1910 534 2193 601 pendebat,
2229 537 2358 590 adeo
2391 547 2444 590 ut
2475 550 2562 591 aut
2591 554 2706 592 cum
2740 557 2802 594 eo
2837 541 3030 609 vivere,
3064 554 3153 599 aut
3180 558 3324 602 certe
3355 566 3475 605 cum

1909 617 1974 678 eo
2005 626 2136 680 mori
2169 627 2457 696 jucundum
2502 629 2780 687 haberent.
2812 632 3025 701 Eamus,
3076 637 3263 706 inquit,
3297 650 3342 693 et
3373 660 3480 696 uto-

1909 717 2101 768 riamur
2129 735 2240 770 cum
2273 736 2348 774 eo.
2381 719 2514 788 Quia
2550 723 2810 793 videmus,
2842 725 3030 795 inQuit,
3062 744 3179 784 cum
3211 731 3274 786 ad
3301 732 3481 790 inimi-

1910 824 2001 862 cos
2036 826 2341 880 properare,
2373 823 2425 866 et
2467 814 2530 868 ad
2564 825 2784 872 umrtem
2813 836 2827 884 ;
2861 835 3034 890 neque
3062 836 3088 874 a
3139 824 3230 878 tali
3259 827 3482 882 consilio

1911 904 2149 958 valemus
2180 919 2428 962 revocare
2462 926 2474 960 :
2505 923 2688 964 eamus
2737 920 2790 966 et
2831 928 2926 968 nos
2957 922 3013 968 ut
3043 930 3162 984 eum
3194 933 3259 974 eo
3287 923 3484 977 moria-

1912 1009 2051 1060 mur,
2083 1011 2148 1052 ne
2205 1007 2321 1065 post
2357 1000 2470 1067 ejus
2518 1018 2700 1058 necem
2733 1012 2785 1058 et
2832 1004 3030 1061 deserti
3075 1019 3128 1063 et
3172 1009 3490 1069 iuconsolati

1914 1102 2303 1144 remaneamus.
2337 1091 2483 1146 Venit
2515 1095 2684 1162 itaque
2714 1095 2885 1164 Iesus,
2915 1109 2960 1152 et
2997 1101 3186 1155 invenit
3215 1121 3329 1157 eum
3352 1122 3484 1172 qua-

1915 1186 2029 1230 tuor
2069 1180 2174 1232 dies
2207 1183 2258 1234 in
2300 1195 2624 1238 monumento
2654 1186 2937 1241 habentem.
2968 1190 3055 1245 Sic
3087 1192 3199 1261 ipse
3226 1196 3486 1264 voluerat,

1914 1268 1979 1321 ad
2016 1269 2113 1323 hoc
2143 1280 2296 1323 antea
2346 1273 2526 1327 venire
2558 1275 2857 1344 distulerat,
2894 1289 2946 1331 ut
2981 1281 3102 1333 illud
3153 1285 3487 1350 quatriduum

1914 1355 2248 1426 impleretur,
2277 1372 2327 1413 et
2349 1363 2629 1430 gloriosius
2653 1368 3076 1426 resnscitaretur.
3104 1371 3208 1426 Sed
3234 1375 3484 1444 quoniam

1915 1463 1974 1503 ea
2007 1465 2124 1518 quae
2153 1460 2277 1506 sntit
2308 1455 2369 1505 ad
2404 1454 2656 1522 litteram,
2687 1459 2816 1509 satis
2847 1470 3024 1527 patent
3055 1478 3146 1531 per
3186 1478 3274 1531 se,
3308 1467 3372 1519 ad
3404 1467 3492 1522 in—

1916 1541 2216 1612 (iugandum
2250 1547 2560 1615 mysterium
2593 1548 2961 1605 aserndamus.
2997 1552 3336 1622 Signilicatur
3365 1572 3490 1627 ergo

1919 1649 2010 1702 per
2039 1635 2176 1688 hunc
2212 1636 2466 1691 Lazarum
2501 1649 2747 1707 peccator
2777 1643 2990 1712 aliquis,
3022 1648 3108 1714 qui
3133 1646 3241 1715 jam
3269 1664 3376 1702 non
3407 1667 3490 1705 so-

1918 1724 2024 1779 lum
2057 1719 2310 1794 peccavit,
2345 1745 2525 1782 verum
2558 1732 2718 1784 etiam
2751 1736 3002 1802 peccandi
3053 1739 3491 1795 consuetudinem

233 1838 307 1876 ra:
337 1822 472 1876 diem
517 1831 832 1890 sequuntur,
878 1832 930 1874 et
974 1823 1058 1876 die
1103 1823 1413 1877 moderante
1463 1834 1806 1893 per-aguntur.
1842 1804 1888 1866 Β
1915 1819 2134 1885 recepit.
2167 1820 2270 1873 Sed
2315 1821 2556 1876 fortassis
2581 1825 2772 1900 aliquis
2807 1829 2997 1882 tacitus
3027 1827 3495 1904 dicat._Quornodq

228 1916 331 1971 Sed
361 1916 494 1968 forte
517 1916 654 1969 dicat
679 1915 871 1984 aliquis
897 1931 911 1969 :
933 1914 1094 1970 Judas
1121 1933 1182 1968 ex
1209 1917 1488 1970 duodecim
1517 1933 1649 1970 unus
1673 1927 1805 1972 erat:

229 2009 469 2076 natiquid
498 2018 550 2060 et
574 2008 686 2076 ipse
710 2009 840 2062 liora
865 2009 969 2061 diri
1000 2019 1138 2070 erat,
1163 2011 1247 2077 qui
1275 2013 1445 2076 ipsum
1477 2010 1614 2063 diem
1646 2011 1810 2063 tradi-

231 2098 310 2152 dit
340 2099 406 2150 ad
438 2101 697 2154 mortem?
737 2099 841 2154 Sed
885 2098 1098 2166 quando
1143 2100 1241 2153 hoc
1286 2100 1539 2162 Dominus
1582 2100 1808 2167 diccbat,

229 2204 340 2244 non
373 2191 544 2256 ipsum
566 2188 756 2243 Judatu
782 2188 1112 2252 attendebat.
1137 2189 1229 2242 sed
1259 2189 1534 2246 Matthiam
1559 2191 1609 2246 in
1636 2190 1811 2246 locum

229 2281 378 2338 illius
432 2284 713 2350 praevisum
768 2283 1018 2350 eligebat.
1067 2282 1302 2353 Denique
1349 2283 1483 2338 Juda
1533 2285 1585 2339 in
1635 2286 1810 2338 locum

229 2377 331 2432 sibi
381 2376 618 2430 debitum
664 2376 918 2441 abeunte,
965 2377 1170 2431 electus
1212 2387 1296 2430 est
1326 2377 1572 2432 Matthias
1600 2387 1815 2448 aposto-

231 2470 338 2535 lus,
384 2480 438 2524 et
471 2471 550 2524 sie
593 2468 866 2538 perfectus
916 2472 1114 2524 mansit
1163 2486 1416 2525 numerus
1466 2473 1812 2540 apostolicus.

231 2564 476 2619 Christus
508 2579 638 2633 ergo
655 2565 772 2618 dies
796 2575 900 2627 est,
925 2575 979 2618 et
1001 2569 1091 2633 qui
1123 2565 1174 2619 in
1207 2566 1305 2620 hac
1329 2566 1416 2620 die
1439 2567 1812 2635 ambulaverit,

230 2669 416 2710 errare
447 2671 548 2710 non
581 2657 796 2724 poterit.
831 2657 908 2711 Illi
935 2657 1080 2710 enim
1107 2657 1348 2712 adlimrct
1379 2659 1466 2727 qui
1499 2659 1634 2713 dixit
1661 2677 1676 2714 :
1704 2661 1814 2729 Ego

229 2767 343 2804 sum
376 2751 467 2805 tua:
507 2751 708 2818 mundi,
741 2751 826 2820 qui
853 2751 1082 2816 sequitur
1122 2768 1222 2817 me,
1265 2767 1365 2805 non
1404 2750 1630 2806 ambulat
1663 2756 1714 2808 in
1746 2764 1817 2806 te-

231 2845 421 2909 nebris,
471 2844 558 2897 sed
609 2844 807 2897 habebit
861 2845 1028 2896 lumen
1079 2845 1214 2899 vita.
1248 2844 1377 2900 Nam
1409 2846 1497 2912 qui
1547 2847 1665 2900 sine
1719 2848 1818 2900 hac

229 2936 354 2992 luce
393 2945 493 3001 est,
525 2952 708 2990 errare
761 2943 958 3005 pulCSl,
1001 2937 1276 2991 ambulare
1321 2954 1426 2990 non
1461 2948 1656 3006 potest.
1689 2939 1819 2993 Haec

230 3033 326 3096 ait,
359 3042 538 3100 etpost
568 3033 676 3085 lucc
706 3033 831 3085 dixit
857 3033 928 3084 eis
961 3047 980 3085 :
1011 3031 1240 3086 Lazarus
1273 3033 1469 3085 amicus
1499 3039 1668 3085 noster
1697 3036 1820 3086 dor—

231 3123 350 3188 mit,
381 3125 470 3176 sed
500 3124 627 3177 vada
659 3133 712 3175 ut
742 3142 774 3178 tt
803 3140 981 3177 somno
1026 3125 1236 3178 excitent
1266 3139 1400 3178 eum.
1436 3119 1672 3179 Mortﬁus
1700 3125 1816 3194 qui-

233 3216 358 3272 dem
390 3226 541 3284 erat,
571 3217 666 3272 sed
713 3216 931 3271 Christo
961 3218 1190 3272 vivebat.
1221 3217 1408 3272 Nullus
1439 3215 1633 3286 quippe
1679 3225 1819 3272 tanta

231 3307 496 3363 facilitate
525 3317 708 3378 posset
737 3309 968 3378 aliquem
1010 3310 1244 3363 excitare
1297 3325 1326 3363 a
1375 3323 1582 3373 somno,
1632 3318 1824 3378 quanta

238 3400 488 3456 Christus
518 3400 777 3454 Lazarum
805 3400 1131 3455 resuscitare
1159 3401 1368 3456 valebat
1397 3417 1424 3454 a
1471 3402 1692 3456 tumulo.
1729 3402 1827 3454 De-

239 3493 406 3563 nique
431 3503 489 3548 et
525 3507 715 3549 omnes
750 3493 987 3549 defuncti
1016 3493 1098 3562 (si
1133 3497 1423 3562 potentiam
1457 3494 1551 3548 Dei
1583 3495 1827 3548 conside-

237 3601 354 3652 res,
388 3602 416 3641 a
447 3602 554 3655 quo
581 3589 636 3642 in
667 3588 960 3642 novissimo
989 3598 1114 3643 sunt
1142 3589 1522 3656 resuscitandi)
1552 3588 1826 3642 dormien-

238 3689 328 3735 tes
357 3687 580 3746 possnnt
601 3679 800 3747 vocari,
819 3679 978 3749 juxta
1007 3680 1146 3749 quod
1175 3679 1464 3747 Apostolus
1493 3680 1620 3733 dicit
1645 3700 1656 3733 :
1689 3678 1828 3734 Nolo

237 3786 331 3825 vos
353 3772 608 3841 ignorare,
641 3773 850 3840 fratres,
884 3774 945 3826 de
967 3773 1338 3826 dormientibus
1375 3770 1424 3840 (I
1457 3771 1609 3826 Thes.
1636 3773 1730 3842 tv).
1767 3773 1830 3826 Et

239 3863 352 3918 alio
381 3865 498 3918 loco
529 3883 542 3917 :
575 3864 762 3918 Omnes
793 3865 996 3934 quidem
1037 3880 1380 3934 resurgemus,
1414 3864 1504 3917 sed
1529 3880 1632 3917 non
1659 3879 1828 3918 ontuas

235 3957 630 4012 immatabimur
657 3956 709 4028 (1
745 3957 866 4012 Cor.
893 3957 1009 4026 xv).
1049 3957 1236 4010 Dicunt
1266 3967 1434 4011 autem
1464 3957 1510 4009 ei
1541 3973 1557 4009 :
1593 3956 1825 4023 Domine,

236 4050 288 4105 si
322 4051 530 4117 dormit,
560 4051 730 4105 salvus
761 4052 882 4106 erit.
919 4050 1070 4104 Sicut
1097 4049 1254 4103 verba
1304 4048 1511 4102 Domini
1547 4048 1827 4104 intellexe-

237 4154 390 4204 runt.
424 4143 498 4198 sic
528 4145 940 4214 responderunt.
991 4142 1052 4198 Si
1102 4144 1311 4207 dormit,
1364 4142 1632 4211 inquiunt,
1663 4143 1828 4196 salvus

237 4235 360 4291 erit.
392 4233 538 4289 Solet
565 4234 706 4288 enim
753 4248 975 4290 somnus
1025 4233 1080 4286 in
1129 4241 1422 4301 aegrotante
1453 4231 1651 4300 juvene
1701 4229 1832 4285 indi—

235 4332 385 4386 cium
430 4343 549 4384 esse
596 4330 802 4384 salutis.
863 4329 932 4381 Et
978 4329 1226 4382 Dominus
1270 4326 1476 4396 quidem
1525 4327 1726 4380 dixerat
1765 4328 1829 4380 de

233 4431 406 4476 morte
434 4423 544 4490 eius
576 4438 592 4476 .'
619 4423 700 4476 illi
741 4432 911 4475 autem
961 4420 1327 4474 intellexerunt
1371 4420 1494 4487 quia
1540 4420 1602 4473 de
1641 4418 1831 4472 dormi-

234 4516 381 4569 tione
415 4514 578 4568 somni
601 4513 822 4568 dixerat.
858 4513 998 4567 Tum:
1038 4514 1166 4567 dixit
1215 4514 1286 4568 eis
1314 4511 1468 4568 Iesus
1514 4515 1788 4579 manifeste
1809 4526 1828 4564 :

234 4606 470 4661 Lazarus
498 4617 727 4660 mortuus
756 4615 848 4670 est,
879 4615 924 4658 et
955 4606 1154 4675 gaudeo
1183 4615 1392 4675 propter
1412 4619 1521 4671 vos,
1553 4613 1607 4656 ut
1634 4602 1820 4655 creda-

231 4700 329 4764 tis,
359 4699 480 4770 quia
505 4713 607 4753 non
653 4713 791 4752 erant
839 4698 926 4750 ibi.
962 4697 1194 4751 Lazarus
1224 4697 1514 4764 languens,
1543 4709 1646 4749 non
1679 4707 1824 4750 mor-

231 4802 366 4848 tuus
397 4791 567 4846 fuerat
605 4792 879 4846 nuntiatus
911 4809 923 4842 :
962 4791 1056 4845 sed
1100 4789 1225 4859 quid
1269 4789 1437 4843 latere
1467 4796 1650 4854 posset
1699 4801 1821 4840 eum

228 4881 395 4952 auius
436 4881 603 4939 oculis
631 4883 810 4938 omnia
851 4883 992 4936 nuda
1023 4891 1075 4936 et
1121 4889 1307 4951 aperta
1351 4879 1513 4934 sunt?
1543 4877 1824 4946 Quomodo

227 4979 511 5047 ignoraret
541 4985 767 5033 mortem
799 4976 1011 5043 Lazari,
1042 4975 1132 5045 qui
1161 4974 1336 5045 ipsum
1365 4974 1624 5028 Lazarum
1656 4985 1822 5026 crea-

227 5069 431 5126 verat?
456 5070 736 5126 Gaudebat
761 5071 923 5141 igitur
949 5079 1170 5140 propter
1195 5067 1508 5138 discipulos,
1538 5067 1628 5137 qui
1662 5066 1822 5120 mira-

190 5225 196 5234 ,
228 5160 436 5216 bantur
475 5163 554 5218 sic
580 5178 704 5220 eum
751 5171 942 5220 cuncta
967 5175 1157 5228 nosse;
1203 5175 1326 5217 nam
1377 5171 1473 5231 per
1507 5162 1608 5215 hoc
1635 5171 1824 5214 verum

191 5237 196 5242 ’
231 5253 412 5311 Deum
457 5259 654 5313 certius
705 5267 760 5314 et
814 5258 1147 5313 manifestius
1189 5269 1313 5311 eum
1352 5270 1472 5311 esse
1512 5253 1824 5309 credebant.

233 5347 400 5403 Licet
437 5349 576 5404 enim
619 5347 727 5420 jam
774 5351 1075 5417 crederent,
1103 5359 1279 5406 tamen
1319 5347 1439 5403 talis
1470 5357 1585 5403 erat
1615 5347 1827 5401 illorum

233 5435 401 5503 ﬁdes,
432 5451 548 5510 quae
578 5441 752 5497 adhuc
783 5442 1087 5511 proliceret,
1121 5453 1237 5511 quae
1271 5438 1540 5494 miraculis
1567 5437 1828 5493 aadiﬁcata

234 5541 533 5590 Cresceret.
561 5533 668 5589 Sed
697 5543 870 5590 eamus
895 5534 964 5590 ad
995 5543 1128 5588 eum.
1161 5533 1310 5588 Dixit
1341 5549 1461 5604 ergo
1491 5530 1713 5588 Thomas
1741 5532 1832 5603 qui

234 5626 435 5682 dicitur
464 5625 738 5700 Didymus,
768 5631 838 5684 ad
867 5629 1245 5700 condiscipulus
1280 5643 1300 5684 :
1326 5625 1518 5684 Eamus
1546 5637 1596 5682 et
1638 5643 1750 5694 nos,
1783 5636 1830 5682 et

231 5721 527 5776 moriamur
545 5729 659 5779 cum
679 5723 792 5780 illo.
816 5724 1020 5794 Quibus
1040 5723 1216 5780 verbis
1237 5735 1426 5778 verum
1453 5719 1628 5792 prodit
1648 5735 1831 5775 aman-

233 5809 319 5868 tis
342 5811 616 5873 affectum.
649 5815 915 5883 Amabant
943 5816 1143 5888 Quippe
1171 5813 1398 5887 apostoli
1428 5809 1826 5885 incomparabi-

1915 1909 2142 1964 Lazarus
2174 1923 2351 1980 typum
2382 1917 2676 1984 peccatoris
2705 1902 2921 1985 gerebat
2944 1935 3096 1988 quem
3129 1902 3206 1976 sic
3229 1922 3487 1980 Dominus

1914 2004 2161 2056 amabat?
2192 2003 2297 2058 Sed
2347 2007 2522 2059 Solent
2552 2008 2837 2073 aliquando
2867 2011 3282 2080 signiﬁcationes
3314 2030 3490 2072 rerum

1916 2109 1978 2148 ex
2011 2098 2276 2148 contrario
2314 2096 2501 2162 aecipi.
2541 2097 2775 2166 Denique
2805 2093 2965 2154 David
3012 2118 3102 2155 res
3150 2112 3202 2156 ct
3237 2105 3493 2174 propheta

1915 2189 2232 2242 adulterium
2259 2187 2311 2241 in
2342 2189 2635 2245 Dethsabee
2653 2207 2815 2246 uxore
2833 2192 2970 2247 Urize
2989 2194 3288 2262 admisit,et
3319 2199 3488 2266 ipsum

1917 2281 2124 2336 ﬁdelem
2158 2293 2211 2337 et
2251 2283 2521 2338 innoxium
2571 2287 2790 2340 militem
2843 2303 3016 2354 suum,
3059 2291 3233 2357 gladio
3264 2292 3494 2347 ﬁliorum

1916 2376 2146 2430 Ammon
2176 2375 2438 2458 interfecit
2463 2377 2548 2448 (11
2579 2379 2821 2452 Reg.xr).
2853 2381 2908 2434 In
2938 2398 3042 2452 quo
3085 2382 3224 2439 facto
3254 2387 3297 2440 si
3329 2390 3496 2457 respi-

1917 2468 2025 2522 cias
2057 2468 2354 2534 historiam,
2388 2473 2504 2540 quis
2535 2473 2741 2529 dubitet
2773 2475 2952 2530 Uriam
2987 2478 3301 2534 innocenter
3347 2484 3490 2536 oeci-

1916 2575 2056 2626 sum,
2089 2562 2280 2618 merito
2306 2560 2526 2631 justitia:
2567 2575 2619 2620 et
2647 2567 2990 2636 innocentiae,
3044 2572 3206 2627 David
3255 2573 3502 2631 adultero

1917 2659 1971 2704 et
2001 2651 2280 2705 hutlticidtl}
2315 2653 2705 2719 pra.l'erendum
2732 2659 2751 2711 ?
2781 2660 2887 2714 Sed
2917 2661 2960 2715 si
2990 2676 3241 2718 arcanum
3275 2667 3503 2721 interro-

1918 2763 2008 2815 ges
2041 2749 2374 2817 mysterium,
2425 2767 2514 2820 per
2557 2753 2736 2808 Uoiam
2783 2757 3045 2826 diabolus,
3099 2775 3191 2826 per
3225 2761 3390 2817 David
3425 2779 3494 2820 ex

1918 2839 2190 2891 contrario
2221 2839 2532 2910 intelligitur
2558 2841 3212 2904 Christus.Verumtamen
3243 2867 3362 2906 cum
3395 2853 3498 2910 hoc

1920 2943 2026 2982 non
2056 2928 2249 2983 idcirco
2275 2932 2467 2985 merita
2489 2933 2818 2989 diversarum
2847 2940 3070 3006 partium
3096 2940 3494 3008 depreciantur.

1923 3020 1986 3074 Et
2036 3036 2178 3089 Strpc
2228 3022 2435 3077 videtur
2485 3041 2678 3080 nomen
2732 3028 2926 3082 diaboli
2977 3032 3322 3088 deterrimum
3367 3050 3500 3091 auro

1923 3119 2199 3188 scriptum,
2233 3135 2426 3175 nomen
2481 3139 2606 3178 vero
2650 3123 2843 3180 Christi
2889 3128 3318 3194 Splendissimutn
3351 3141 3500 3186 atra-

1929 3225 2108 3272 mento
2139 3216 2409 3272 laedantur.
2441 3219 2579 3287 Ergo
2605 3236 2696 3288 per
2720 3219 3001 3288 Lazarum,
3032 3233 3088 3277 ut
3119 3227 3499 3293 praemisimus,

1931 3318 2177 3375 peccator
2203 3310 2396 3379 aliquis
2427 3309 2696 3392 ﬁguratur.
2733 3315 3022 3369 Amabatur
3049 3332 3080 3370 a
3107 3318 3342 3383 Christo,
3375 3320 3502 3387 quia

1928 3398 2171 3456 Christus
2201 3418 2293 3469 pro
2321 3406 2682 3472 peccatoribus
2703 3421 2853 3461 suam
2881 3409 3124 3482 dignatus
3145 3419 3230 3464 est
3251 3412 3504 3468 exhibere

1927 3495 2288 3562 prcesentiatn.
2317 3496 2431 3564 ipse
2459 3497 2599 3552 enim
2632 3499 2762 3552 dixit
2788 3518 2798 3556 ;
2832 3499 2952 3554 Non
2979 3503 3092 3554 veni
3115 3519 3292 3556 vocare
3310 3506 3502 3572 justas,

1927 3589 2016 3641 sed
2039 3598 2326 3656 peccatores
2357 3589 2570 3662 (Matth.
2604 3591 2700 3660 nt).
2721 3595 3074 3658 Qmerendum
3101 3610 3240 3650 nunc
3261 3597 3385 3665 quid
3413 3597 3505 3652 deo

1929 3679 2169 3746 signetur
2200 3695 2292 3746 per
2319 3691 2545 3749 quatuor
2573 3682 2707 3747 dies,
2739 3685 2928 3751 quibus
2959 3695 3198 3740 mortuus
3231 3687 3282 3740 in
3321 3690 3502 3756 sepul-

1929 3785 2020 3826 αθ
2058 3771 2290 3838 jacehat.
2343 3775 2528 3828 Omnis
2575 3774 2737 3829 homo
2777 3779 3084 3840 moriturus,
3122 3780 3356 3834 nascitur
3382 3793 3506 3834 cum

1932 3872 2147 3932 peccato
2199 3863 2465 3933 originali.
2519 3865 2653 3920 Hinc
2703 3867 2990 3934 Apostolus
3037 3867 3165 3922 dicit
3199 3887 3212 3920 :
3245 3868 3379 3936 Quia
3412 3885 3502 3938 per

1929 3968 2085 4008 unum
2133 3953 2384 4008 hominem
2426 3964 2688 4023 peccatum
2721 3959 2931 4010 intrarit
2961 3958 3013 4010 in
3043 3959 3310 4024 mundum,
3341 3970 3388 4013 et
3417 3975 3508 4029 per

1930 4055 2192 4116 peccatum
2215 4063 2356 4100 mors
2381 4047 2558 4116 (Rom.
2593 4048 2663 4117 v).
2699 4049 2820 4102 llaec
2850 4058 2931 4102 est
2959 4051 3124 4117 prima
3155 4048 3267 4104 dies
3297 4053 3504 4119 mortis,

1929 4153 2088 4207 quam
2119 4139 2265 4194 dedit
2298 4141 2447 4208 origo
2479 4142 2801 4210 prepaginis.
2831 4139 3038 4196 Deinde
3084 4142 3350 4197 nascendo
3380 4145 3508 4198 ado-

1930 4232 2084 4286 lescit
2114 4232 2296 4301 homo,
2326 4233 2470 4288 venit
2501 4234 2564 4286 ad
2597 4249 2765 4289 annos
2795 4235 3014 4290 rationis
3047 4249 3292 4303 capaces,
3325 4236 3511 4305 incipit

1933 4321 1985 4376 in
2012 4337 2070 4376 se
2099 4322 2294 4378 habere
2323 4325 2616 4378 naturalem
2651 4327 2841 4395 legem,
2875 4341 2976 4395 qua
3005 4327 3266 4381 docentur
3295 4336 3511 4382 natura-

1932 4411 2054 4466 liter
2105 4413 2367 4481 homines,
2421 4423 2478 4469 ut
2517 4419 2658 4484 quod
2713 4416 2811 4470 sibi
2858 4418 2968 4470 ﬁeri
3017 4423 3225 4485 nolunt,
3255 4418 3376 4473 aliis
3405 4432 3510 4474 non

1935 4504 2151 4560 faciant.
2181 4506 2285 4561 Sed
2316 4515 2372 4562 et
2403 4507 2540 4562 hanc
2585 4507 3066 4578 transgrediuntur,
3098 4519 3154 4564 et
3183 4510 3294 4579 pati.
3313 4510 3508 4566 furtum

1933 4597 2140 4662 nolunt,
2173 4610 2226 4652 et
2271 4600 2470 4653 furtum
2519 4601 2732 4666 iaciunt,
2787 4613 2911 4655 ecce
2950 4602 3118 4656 altera
3158 4601 3273 4658 dies
3299 4603 3508 4659 mortis.

1931 4691 2458 4749 Accessitatlhuclex
2490 4694 2609 4748 data
2641 4710 2733 4762 per
2755 4695 2994 4766 Moysen.
3017 4695 3325 4765 Praecipitur
3352 4711 3508 4750 nam-

1931 4799 2038 4854 que
2089 4786 2158 4840 ibi
2202 4803 2212 4838 :
2254 4785 2377 4840 Non
2422 4787 2648 4852 occides,
2692 4804 2793 4842 non
2845 4788 3207 4854 ntachaberis,
3244 4804 3347 4841 non
3398 4788 3510 4855 fur-

1931 4886 2040 4932 tum
2063 4882 2254 4947 facies;
2275 4884 2476 4935 honora
2496 4891 2692 4951 patrem
2713 4891 2855 4935 tuum
2876 4891 2920 4934 et
2937 4892 3150 4934 matrem
3167 4880 3367 4948 (Exod.
3391 4879 3507 4950 xx).

1933 4967 2144 5039 Scripta
2189 4981 2269 5026 est
2300 4972 2412 5026 haec
2443 4972 2546 5038 lex,
2578 4972 2670 5026 sed
2701 4973 2814 5040 ipsa
2845 4987 3059 5043 quoque
3103 4971 3464 5027 contemnitur
3491 4985 3506 5023 :

1929 5073 1986 5121 et
2009 5066 2084 5119 sic
2106 5065 2217 5134 jam
2249 5074 2332 5120 est
2359 5068 2506 5136 quasi
2542 5066 2696 5122 tertia
2721 5066 2835 5120 dies
2863 5067 3066 5120 mortis.
3104 5066 3230 5121 Post
3252 5066 3366 5120 haec
3393 5077 3511 5119 om-

1929 5157 2018 5214 nia
2060 5161 2205 5213 venit
2245 5157 2509 5225 Christus,
2568 5159 2742 5213 attulit
2793 5159 3154 5226 evangelium,
3205 5157 3512 5227 prtedicavit

1932 5265 2154 5319 regnum
2183 5292 2197 5317 ,
2252 5250 2715 5304 uult-facientibus
2773 5250 3004 5304 minatus
3047 5257 3132 5305 est
3181 5249 3509 5320 gehennam;

1931 5341 2068 5396 bene
2091 5340 2394 5396 viventibus
2415 5343 2575 5396 vitam
2600 5341 2841 5412 promisit
2861 5352 3138 5398 aeternam.
3161 5341 3298 5407 Quid
3325 5342 3512 5411 plura?

1932 5429 2108 5488 Etiam
2159 5432 2493 5501 evangelium
2543 5434 2918 5501 contemnitur,
2968 5441 3024 5489 et
3069 5441 3155 5488 est
3181 5441 3368 5504 quarta
3396 5432 3514 5490 dies

1932 5524 2139 5580 mortis.
2174 5525 2401 5579 Possunt
2425 5533 2480 5579 et
2506 5525 2659 5580 aliter
2689 5525 2742 5579 hi
2770 5535 2999 5595 quatuor
3025 5526 3140 5582 dies
3169 5524 3387 5596 exponi.
3417 5523 3509 5579 Di-

1933 5619 2112 5674 ximus
2145 5631 2378 5688 namque
2405 5633 2502 5688 per
2527 5618 2790 5674 Lazarum
2820 5619 3034 5690 ﬁgurari
3064 5628 3394 5691 peccatorem
3421 5617 3515 5686 qui

1933 5712 2039 5784 iam
2065 5713 2206 5768 mala
2235 5714 2492 5785 peccandi
2519 5715 2904 5772 consuetudine
2948 5723 3003 5772 et
3029 5714 3402 5786 desperatione
3423 5725 3513 5768 se-
3600 5757 3603 5760 .

1935 5809 2115 5884 pultas
2163 5819 2267 5868 est.
2298 5810 2382 5868 Ad
2428 5813 2869 5871 consuetudinem
2919 5825 3046 5871 vero
3094 5811 3296 5884 peccati
3325 5812 3515 5880 quarto
