3972 6340
466 360 487 411 1
499 357 604 414 305

1318 356 1513 414 PAULI
1558 355 1822 413 DIACONI
1860 353 2010 411 OPP.
2049 352 2224 410 PARS
2267 349 2328 409 ll.
2368 381 2436 394 -—
2476 349 2828 409 ASCETICA.

3593 343 3720 403 1508

460 471 687 540 quodam
716 484 997 539 progressu
1026 471 1351 542 pervenitur.
1377 473 1555 527 Primo
1577 475 1715 527 enim
1745 479 1827 525 est
1850 469 2028 524 titilla-
2064 472 2111 530 Α
2143 470 2385 538 Magister
2415 472 2574 532 adest,
2605 479 2653 521 et
2679 475 2824 521 vocat
2855 475 2921 522 te.
2954 466 3232 521 Silentium
3265 465 3351 520 hic
3375 479 3720 533 suppressam

461 563 535 615 tio
583 561 635 615 in
683 562 864 629 corde,
918 565 1153 618 secundo
1206 579 1528 627 consensus,
1589 567 1745 618 tertio
1800 564 2027 630 factum,

460 665 650 722 quarto
677 657 1023 710 consuetudo.
1049 656 1270 722 Quidam
1300 659 1438 710 enim
1467 673 1586 710 cum
1621 657 1798 709 illicita
1827 655 2033 722 cogita-

460 745 604 797 tione
647 745 943 811 pulsantur,
974 745 1044 799 ita
1089 762 1206 800 eam
1237 762 1266 799 a
1296 747 1457 800 corde
1480 747 1768 812 repellunt,
1804 757 1857 798 ut
1885 745 2033 816 peni-

466 846 547 887 tus
577 835 717 888 nulla
748 839 884 890 mala
907 838 1257 892 delectatiooe
1279 849 1609 892 moveantur.
1641 838 1905 904 Quosdam
1941 837 2036 888 de-

472 927 670 980 lectant
700 929 964 994 quaedam,
989 930 1079 984 sed
1127 945 1229 982 non
1254 929 1585 983 adducuntur
1612 938 1669 983 ut
1694 930 2034 982 consentiant

464 1018 527 1068 ad
555 1018 993 1083 delectationem;
1024 1021 1227 1073 accedit
1270 1036 1582 1083 consensus,
1613 1031 1666 1074 et
1711 1025 1786 1075 sic
1817 1022 1866 1074 in
1897 1033 2032 1085 opus

463 1111 775 1175 erumpitur.
801 1108 918 1163 Jam
952 1109 1148 1164 factum
1195 1113 1245 1164 in
1292 1113 1734 1166 consuetudinem
1790 1115 2034 1177 vertitur,

463 1209 515 1252 et
548 1199 798 1266 impletur
843 1202 965 1255 illud
996 1205 1184 1256 mortis
1235 1205 1592 1270 quatriduum,
1625 1216 1676 1258 et
1707 1206 1853 1272 quasi
1886 1220 2037 1272 quas-

463 1296 582 1346 dam
618 1294 673 1346 fit
699 1294 1022 1362 desperatio,
1056 1305 1109 1348 ut
1137 1296 1363 1360 dicatur,
1395 1296 1502 1364 jam
1555 1297 1703 1359 fetet,
1731 1298 2040 1364 quatridua-

466 1402 564 1440 nus
593 1385 730 1439 enim
759 1397 858 1439 est.
891 1385 1100 1440 Martha
1128 1405 1244 1458 ergo
1278 1397 1330 1440 ut
1357 1390 1584 1458 cognorit
1623 1390 1741 1456 quia
1767 1387 1917 1440 Jesus
1945 1404 2039 1440 ve-

466 1478 562 1541 nit,
594 1481 811 1531 occurrit
859 1479 980 1532 illi:
1013 1478 1190 1533 Maria
1230 1491 1397 1535 autem
1440 1481 1577 1533 domi
1625 1482 1847 1535 sedebat.
1891 1479 2036 1533 Dixit

465 1584 582 1636 ergo
610 1568 816 1621 Martha
843 1571 910 1621 ad
939 1569 1113 1623 Jesum
1147 1587 1166 1625 :
1194 1571 1432 1636 Domine,
1466 1573 1510 1625 si
1549 1574 1728 1641 fuisses
1753 1573 1855 1635 hic,
1885 1576 2043 1640 frater

467 1675 608 1712 meus
633 1676 730 1712 non
754 1660 929 1727 fuisset
962 1672 1231 1727 mortuus;
1256 1664 1346 1717 sed
1385 1674 1430 1717 et
1455 1680 1585 1716 nunc
1611 1665 1736 1729 scio,
1765 1666 1882 1727 quia
1904 1681 2044 1734 qua:-

464 1768 658 1805 cunaue
683 1755 975 1819 poposceris
1006 1772 1037 1808 a
1067 1755 1204 1820 Deo,
1235 1756 1375 1808 dabit
1412 1756 1499 1808 tibi
1528 1754 1682 1808 Deus.
1727 1755 1896 1821 Quam
1931 1770 2044 1808 mo-

2135 578 2317 615 vocem
2349 562 2477 615 dixit
2511 581 2522 614 :
2556 561 2776 630 Magiter
2803 560 2966 622 adest,
3008 569 3056 612 et
3094 566 3240 612 vocat
3268 568 3332 611 te.
3368 557 3474 610 Illa
3525 569 3581 610 ut
3630 575 3725 610 au-

2138 653 2278 714 divit,
2313 654 2475 723 surgit
2500 656 2618 716 cito,
2644 662 2687 704 et
2716 653 2846 704 venit
2872 652 2938 702 ad
2969 668 3104 705 eum.
3136 650 3376 702 Nondum
3411 651 3548 702 enim
3579 667 3724 703 reneo

2136 754 2215 796 rat
2243 744 2392 796 Jesus
2430 760 2481 795 in
2517 743 2805 802 caste'lum,
2839 743 2926 794 sed
2965 750 3068 793 erat
3095 740 3257 792 adhuc
3286 742 3334 792 in
3366 740 3477 792 loco
3526 740 3619 791 illo
3648 742 3725 792 ubi

2137 843 2421 887 occurrerat
2451 835 2494 886 ei
2528 833 2753 886 Martha.
2784 831 2958 885 Juda'i
2989 834 3142 901 igitur
3173 833 3262 901 qui
3307 847 3454 884 erant
3508 847 3626 884 cum
3672 847 3729 884 ea

2138 930 2191 984 in
2227 934 2396 994 domo,
2423 940 2470 984 et
2496 931 2891 984 consolabantur
2931 947 3059 992 eant,
3095 945 3206 981 cum
3233 928 3471 981 vidissent
3508 926 3732 980 Mariam

2138 1024 2255 1091 quia
2285 1024 2383 1074 cito
2426 1023 2644 1074 surrexit
2678 1032 2721 1074 et
2751 1022 2892 1083 exiit,
2925 1021 3083 1073 secuti
3123 1028 3241 1072 sunt
3289 1035 3421 1080 eam,
3453 1020 3680 1071 dicentes
3713 1033 3735 1073 :

2138 1117 2256 1185 quia
2279 1117 2413 1167 vadit
2436 1116 2506 1166 ad
2532 1125 2907 1166 monumentum
2934 1127 2983 1166 ut
3008 1117 3169 1183 ploret
3192 1113 3280 1166 ibi.
3308 1113 3567 1166 Ptttautes
3591 1115 3731 1167 enim

2139 1204 2304 1257 Judaei
2337 1204 2423 1271 qui
2456 1204 2518 1255 ad
2552 1204 2716 1268 ipsam
2745 1202 3124 1255 consolandam
3173 1210 3562 1264 convenerant,
3593 1203 3730 1271 quod

2141 1294 2206 1345 ad
2259 1293 2438 1344 fratris
2483 1293 2741 1344 tumulum
2796 1301 3122 1359 properaret,
3172 1292 3423 1361 lacrymis
3472 1292 3731 1345 solatium

2141 1385 2450 1452 quzesitura,
2481 1396 2532 1437 et
2563 1384 2731 1436 dolori
2767 1399 2863 1436 suo
2911 1383 3118 1437 fletibus
3158 1384 3523 1445 satisl‘actura,
3567 1387 3731 1440 secuti

2144 1487 2266 1529 sunt
2297 1493 2434 1540 eam,
2468 1477 2643 1529 divina
2695 1476 2744 1530 id
2800 1486 2990 1545 agente
3043 1477 3394 1543 providentia,
3440 1487 3500 1530 ut
3561 1477 3732 1542 plures

2145 1578 2250 1621 tam
2284 1570 2593 1636 prccclarum
2629 1570 2937 1622 miraculum
2962 1570 3298 1636 qnalriduani
3328 1571 3526 1623 mortui
3560 1586 3732 1623 resur-

2146 1668 2319 1733 gentis
2351 1675 2656 1726 cernerent,
2687 1665 2867 1731 sicque
2897 1666 2947 1715 in
2975 1662 3246 1717 Christum
3280 1664 3593 1717 crederent.
3625 1663 3734 1717 Ma-

2148 1755 2225 1806 ria
2256 1771 2372 1822 ergo
2403 1771 2516 1806 cum
2564 1755 2774 1806 venisset
2802 1754 2887 1806 ubi
2926 1763 3034 1807 erat
3067 1754 3337 1818 Dominus,
3369 1755 3500 1808 vidit
3534 1773 3664 1819 eum,
3693 1767 3734 1809 et

463 1841 660 1895 deratis
688 1841 866 1897 verbis
898 1846 1094 1910 utitur,
1127 1861 1243 1912 qua:
1276 1847 1344 1898 ita
1389 1854 1747 1914 temperanter
1778 1845 1920 1897 dolet
1950 1845 2041 1898 in-
2070 1837 2117 1896 B
2148 1847 2330 1897 cecidit
2356 1846 2424 1898 ad
2452 1846 2600 1912 pedes
2629 1846 2759 1914 ejus,
2800 1845 2974 1898 dicens
3005 1862 3024 1898 :
3055 1845 3296 1907 Domine,
3329 1846 3376 1899 si
3421 1846 3607 1914 fuisses
3636 1848 3733 1909 hic,

469 1935 682 1985 teritum
718 1933 930 1987 fratris?
958 1934 1071 1989 Non
1095 1938 1234 1989 enim
1267 1938 1399 1990 dixit
1426 1955 1436 1990 :
1463 1936 1610 2005 Rogo
1637 1947 1686 1991 te
1719 1945 1773 1990 ut
1801 1937 2048 2002 suscites,

464 2022 554 2076 sed
603 2033 837 2092 tantum,
868 2026 971 2079 scio
1001 2029 1123 2095 quia
1167 2044 1479 2098 quiscunque
1526 2030 1811 2096 poposceris
1839 2045 1868 2079 a
1915 2026 2047 2090 Deo,

466 2113 605 2166 dabit
633 2116 720 2168 tibi
747 2114 903 2170 Deus.
933 2117 1205 2184 Tanquam
1234 2120 1436 2173 diceret
1462 2137 1472 2171 :
1507 2121 1659 2172 Certa
1686 2118 1894 2185 quidem
1929 2135 2047 2175 sum

469 2208 589 2274 quia
623 2218 802 2276 potes;
834 2211 946 2265 scio
976 2213 1268 2280 potentiam
1301 2213 1351 2265 in
1384 2222 1433 2265 te
1473 2227 1592 2266 esse
1622 2213 2046 2279 indelicieutem,

466 2299 556 2350 sed
592 2302 634 2352 si
669 2302 776 2364 vis,
809 2299 958 2354 facis.
1003 2301 1114 2355 Non
1165 2319 1292 2370 ergo
1323 2317 1589 2370 praesumo
1618 2319 1645 2354 a
1695 2313 1744 2356 lc
1779 2315 1960 2370 petere
1993 2317 2049 2360 ut

465 2391 644 2455 facias,
676 2394 798 2461 quia
831 2395 1011 2449 nescio
1040 2397 1083 2448 si
1123 2397 1273 2450 velis.
1309 2396 1442 2450 Dicit
1471 2397 1516 2449 ei
1564 2397 1711 2450 Jesus
1738 2416 1757 2452 :
1799 2399 2047 2470 Resurget

464 2481 625 2546 frater
665 2492 801 2537 tuus.
836 2483 971 2536 Dicit
1013 2487 1058 2538 ei
1104 2485 1356 2538 Martha:
1386 2487 1507 2540 Scio
1554 2490 1671 2552 quia
1716 2501 1941 2561 resurget
1988 2494 2042 2544 in

461 2577 830 2628 resurrectione
881 2576 933 2629 in
987 2578 1259 2630 novissimo
1307 2579 1406 2631 die.
1464 2579 1717 2633 Dominus
1744 2583 1956 2650 quidem
1992 2583 2043 2636 in

466 2667 711 2730 praesenti
764 2667 941 2723 fratris
996 2671 1444 2725 resurrectionem
1501 2675 1848 2740 promittebat
1890 2691 1904 2729 :
1950 2675 2042 2728 sed

464 2757 671 2811 Martha
699 2759 766 2813 de
792 2773 853 2812 ea
887 2761 1279 2815 resurrectione
1309 2777 1410 2830 qua
1453 2777 1640 2818 omnes
1689 2763 1931 2818 homines
1960 2779 2045 2819 re:

463 2850 755 2903 surrecturi
786 2860 938 2916 sunt,
970 2866 1092 2905 eum
1124 2852 1326 2908 dixisse
1359 2855 1593 2920 putabat.
1627 2854 1847 2910 Viderat
1897 2868 2042 2910 certe

463 2943 654 2998 crebro
709 2942 992 2999 Dominum
1045 2956 1285 3001 mortuos
1340 2947 1648 3012 suscitasse,
1691 2949 1785 3003 sed
1839 2959 2040 3003 tantum

462 3040 580 3086 erat
607 3043 862 3099 quantum
896 3049 994 3089 nec
1024 3035 1135 3102 ipsa
1166 3035 1298 3090 fides
1323 3051 1448 3090 ausa
1480 3046 1564 3091 est
1594 3047 1819 3093 tentare.
1849 3037 1925 3094 De
1952 3040 2042 3094 illa

467 3122 855 3177 resurrectione
877 3137 1062 3177 secura
1095 3135 1228 3188 erat,
1259 3126 1325 3179 de
1357 3127 1457 3182 hac
1483 3137 1660 3182 autem
1696 3129 1894 3184 incerta
1923 3146 2040 3185 ma-

465 3211 643 3265 nebat.
673 3210 807 3266 Dicit
828 3214 873 3266 ei
911 3212 1060 3267 Jesus
1083 3231 1102 3268 :
1133 3214 1245 3285 Ego
1267 3232 1379 3270 sum
1414 3220 1712 3272 resurrectio
1739 3231 1785 3274 et
1812 3223 1932 3275 vita.
1968 3223 2042 3277 Ac
2068 3181 2116 3246 ε

465 3302 510 3357 si
531 3302 733 3358 diceret
763 3321 776 3356 :
807 3304 985 3372 Quare
1013 3308 1221 3362 dubitas
1251 3326 1391 3382 nunc
1417 3311 1634 3366 fratrem
1670 3328 1824 3382 posse
1856 3330 2040 3370 resur-

464 3408 612 3463 gere,
643 3412 764 3450 cum
787 3412 906 3467 ego,
931 3400 1017 3467 qui
1043 3415 1157 3453 smn
1189 3405 1511 3458 resurrectio
1537 3414 1591 3459 et
1619 3407 1748 3471 vita,
1781 3407 1927 3462 illum
1960 3425 2043 3462 re-

465 3497 824 3541 surrecturum
866 3493 1206 3558 promittam?
1236 3495 1336 3548 Per
1371 3512 1527 3564 quem
1557 3509 1797 3567 resurget
1829 3502 2042 3566 quando

466 3580 816 3635 resurrecturi
837 3591 961 3636 sunt
989 3594 1041 3638 et
1070 3585 1248 3640 caeteri
1296 3586 1558 3653 homines,
1592 3604 1686 3657 per
1715 3606 1837 3644 eum
1869 3601 2044 3659 potest

465 3679 519 3724 et
549 3671 707 3725 modo
733 3687 1032 3743 resurgere.
1068 3673 1186 3743 Ipse
1213 3691 1343 3746 ergo
1369 3687 1450 3732 est
1481 3682 1802 3736 resurrectio
1831 3692 1886 3736 et
1912 3686 2039 3750 vita,

466 3760 586 3827 quia
620 3775 714 3828 per
741 3776 860 3816 eum
906 3768 1230 3834 resurgimus
1266 3783 1293 3820 a
1325 3781 1558 3836 peccato,
1591 3782 1646 3825 ut
1676 3774 1912 3829 vivamus
1957 3776 2041 3844 ju-

463 3850 644 3904 stitite.
677 3851 774 3916 Qui
800 3855 959 3908 credit
980 3857 1032 3908 in
1058 3873 1151 3923 me,
1179 3860 1329 3911 etiam
1356 3863 1400 3913 si
1429 3872 1658 3916 mortuus
1683 3867 1855 3933 fuerit,
1889 3867 2037 3934 vivet,

466 3939 564 3992 hoc
614 3950 714 4005 est,
745 3943 789 3997 si
845 3953 1088 4000 mortuus
1143 3947 1299 4001 fuerit
1349 3948 1399 4002 in
1433 3966 1612 4015 carne,
1658 3955 1796 4008 vivet
1829 3957 2037 4024 spiritu.

465 4029 575 4084 Νοη
605 4042 684 4086 εει
712 4034 851 4087 enim
883 4033 1021 4089 Deus
1052 4047 1406 4092 mortuorum.
1440 4040 1513 4094 De
1545 4052 1716 4097 morte
1748 4047 1887 4098 enim
1915 4060 2038 4100 cor-

464 4125 609 4189 poris
640 4124 724 4179 hic
755 4126 1006 4194 loquitur.
1039 4128 1353 4198 Quicunque
1384 4132 1524 4185 enim
1558 4132 1607 4186 in
1637 4134 1906 4190 Christum
1931 4151 2042 4192 cre-

462 4214 559 4278 dit,
592 4224 645 4268 et
675 4219 964 4273 secundum
1015 4219 1156 4288 quod
1204 4223 1393 4288 credit,
1445 4222 1589 4291 vivit,
1621 4226 1777 4280 etiam
1807 4228 1851 4282 si
1879 4242 2041 4285 carne

460 4307 740 4372 moriatur,
795 4312 1097 4367 universale
1147 4324 1459 4369 cunctorum
1514 4316 1787 4373 hominum
1836 4323 2040 4388 persol-

461 4398 655 4464 vendo,
685 4398 816 4453 vivit
861 4410 1037 4457 tamen
1088 4405 1140 4458 in
1187 4405 1360 4460 anima
1411 4407 1644 4472 Christo,
1695 4411 1785 4478 qui
1831 4412 1934 4464 vita
1959 4421 2040 4467 est

2153 1939 2313 2006 frater
2339 1954 2479 1991 meus
2511 1954 2612 1990 non
2643 1939 2819 2005 fuisset
2866 1947 3113 1993 mortuus.
3146 1939 3220 1991 Ac
3265 1938 3308 1991 si
3339 1948 3619 2006 queratur,
3657 1938 3733 1991 di-

2152 2043 2277 2082 cens
2312 2045 2324 2080 :
2357 2028 2490 2082 Dum
2521 2025 2796 2079 nobiscum
2829 2041 3062 2094 praesens
3091 2027 3258 2092 fuisti,
3292 2042 3396 2079 non
3427 2042 3602 2092 mors,
3637 2042 3734 2079 non

2152 2119 2430 2172 inlirmitas
2456 2117 2631 2186 aliqua
2657 2116 2808 2170 nobis
2834 2117 3264 2186 apprOpinquare
3290 2132 3417 2169 ausa
3443 2117 3572 2179 fuit,
3601 2117 3731 2184 apud

2151 2225 2282 2276 quos
2315 2210 2473 2262 vitam
2508 2207 2763 2276 hospitari
2797 2217 3040 2262 noverat.
3072 2209 3140 2260 At
3162 2206 3249 2260 ubi
3276 2207 3615 2273 abscessisti,
3649 2209 3739 2260 ad-

2151 2300 2249 2353 fuit
2274 2301 2488 2364 invidia,
2518 2315 2766 2368 morsque
2790 2298 3011 2354 fratrem
3038 2308 3272 2353 nostrum
3296 2301 3474 2353 adhuc
3506 2302 3735 2368 positum

2150 2394 2201 2446 in
2233 2394 2451 2456 saeculo,
2488 2393 2682 2447 acerbo
2733 2392 2919 2447 funere
2962 2393 3164 2461 rapuit;
3196 2393 3334 2462 quod
3367 2393 3413 2446 si
3447 2402 3505 2446 tu
3543 2392 3736 2445 adluis.-

2148 2498 2254 2547 ses,
2284 2486 2488 2537 amicus
2519 2495 2638 2537 tuus
2691 2484 2916 2538 Lazarus
2947 2485 3079 2537 mori
3127 2499 3229 2536 non
3264 2486 3557 2549 potuisset.
3590 2481 3734 2536 lesss

2148 2594 2266 2647 ergo
2296 2587 2348 2630 ut
2379 2577 2501 2629 vidit
2529 2593 2637 2629 eam
2667 2579 2952 2645 plorantem
2993 2585 3037 2628 et
3064 2574 3282 2630 Iudicas
3308 2576 3397 2638 qui
3429 2591 3556 2628 cum
3581 2592 3639 2628 ea
3663 2591 3741 2628 re-

2149 2678 2324 2724 nerant
2372 2671 2652 2735 plorantes,
2685 2669 2946 2736 infremuit
2966 2669 3168 2737 spiritu,
3210 2678 3257 2722 et
3287 2670 3524 2722 turbavit
3556 2679 3738 2724 semet-

2147 2762 2335 2830 ipsum,
2363 2769 2409 2812 et
2437 2760 2567 2811 dixit
2600 2774 2618 2811 :
2646 2757 2741 2812 Ubi
2775 2759 3029 2826 posuistis
3065 2759 3227 2813 eum?
3268 2757 3314 2813 0
3343 2760 3605 2813 fremitus
3638 2761 3745 2829 pie-

2149 2850 2300 2904 tatisl
2332 2865 2364 2903 o
2396 2850 2624 2903 turbatio
2655 2849 2982 2902 turbatorum
3011 2849 3281 2903 sublatura
3315 2851 3665 2916 maestitiam,
3689 2860 3739 2906 et

2147 2950 2398 2995 aeternam
2424 2950 2782 3008 praerogatiua
2810 2939 3074 2992 laetitiam!
3099 2939 3356 2994 Turbavit
3384 2957 3523 3012 ergo
3546 2953 3743 2997 semet-

2146 3031 2314 3099 ipsum
2351 3031 2604 3085 Dominus
2652 3040 2935 3100 potestate,
2967 3033 3087 3101 quia
3119 3032 3293 3087 nullus
3339 3034 3487 3088 alius
3537 3046 3742 3104 poterat

2144 3139 2264 3179 eum
2293 3123 2526 3178 turbare.
2578 3123 2845 3178 Turbatus
2872 3133 2984 3188 est,
3015 3123 3137 3193 quia
3190 3125 3304 3194 ipse
3347 3126 3532 3181 voluit
3568 3147 3580 3181 :
3609 3130 3741 3183 sicut

2147 3227 2386 3270 mortuus
2415 3224 2517 3281 est,
2551 3215 2670 3284 quia
2696 3225 2918 3269 mortem
2946 3217 3056 3283 ipse
3081 3215 3144 3268 ad
3170 3230 3227 3271 se
3250 3217 3441 3271 venire
3470 3219 3734 3284 permisit.

2146 3308 2249 3363 Sed
2281 3324 2526 3377 magnum
2554 3307 2749 3376 aliquid
2784 3308 2832 3360 iu
2861 3307 2956 3362 hac
2981 3321 3074 3360 sua
3106 3307 3276 3361 innuit
3303 3310 3730 3376 perturbatione.

2149 3401 2386 3454 Diximus
2415 3415 2572 3470 supra
2606 3415 2698 3466 per
2727 3399 2984 3452 Lazarum
3017 3399 3460 3468 quatriduanum,
3495 3411 3733 3470 peccato-

2145 3507 2256 3544 rem
2285 3493 2567 3558 significari
2612 3492 2974 3560 desperatum.
3007 3502 3059 3544 et
3083 3492 3232 3559 longa
3268 3495 3478 3559 peccati
3509 3506 3726 3546 consue-

2146 3584 2327 3639 tudine
2389 3585 2537 3652 qnasi
2594 3585 2732 3638 mole
2780 3585 3011 3654 sepulcri
3067 3582 3383 3651 depressum
3418 3628 3434 3651 ,
3489 3600 3553 3638 ac
3599 3585 3733 3640 mala

2143 3682 2391 3750 opinione
2441 3680 2690 3734 fetentem
2742 3691 2794 3732 et
2849 3679 3104 3735 tabidum.
3166 3679 3545 3734 Suscitaturus
3613 3694 3730 3732 eum

2142 3772 2383 3826 Christus
2415 3770 2705 3833 infremuit,
2737 3781 2790 3824 ct
2834 3770 3060 3822 turbavit
3088 3783 3166 3833 se,
3198 3780 3253 3822 ut
3282 3771 3561 3832 ostendat,
3609 3785 3726 3824 eum

2143 3864 2229 3932 qui
2258 3863 2380 3916 talis
2409 3870 2514 3925 est,
2543 3861 2844 3929 perturbari
2870 3871 2923 3914 et
2951 3861 3301 3929 ingemiscere
3322 3860 3550 3924 debere,
3575 3875 3730 3931 atque

2145 3957 2333 4011 intimo
2361 3957 2539 4010 cordis
2569 3956 2744 4023 rugitu
2777 3955 3029 4018 fremere,
3052 3963 3104 4007 et
3132 3954 3410 4008 attendere
3433 3970 3559 4021 qum
3581 3954 3724 4020 fecit,

2142 4058 2198 4105 et
2221 4051 2299 4104 sic
2327 4064 2507 4104 secum
2539 4063 2697 4117 agere
2724 4065 2738 4102 :
2771 4048 2902 4114 Quid
2946 4047 3071 4100 mihi
3119 4047 3313 4100 misero
3341 4048 3615 4118 contigit?
3645 4048 3725 4099 di-

2143 4141 2306 4194 missa
2357 4147 2509 4195 erant
2545 4141 2674 4192 mihi
2723 4139 2775 4192 in
2808 4137 3071 4204 baptismo
3119 4139 3296 4190 omnia
3331 4151 3554 4205 peccata
3592 4157 3603 4191 :
3638 4137 3724 4192 sed

2141 4248 2266 4287 ecce
2294 4243 2410 4299 post
2456 4233 2722 4287 lavacrum
2776 4240 3017 4284 sanctum
3050 4230 3198 4300 pejus
3227 4231 3541 4285 sordidatus
3583 4247 3721 4295 sum,

2142 4333 2262 4393 post
2288 4324 2600 4378 medicinam
2623 4324 2835 4391 gravius
2857 4323 3184 4386 vulneratus,
3216 4324 3432 4390 peccavi
3462 4326 3720 4391 graviter,

2143 4416 2234 4471 sed
2267 4431 2363 4471 nec
2391 4429 2618 4484 unquam
2653 4416 2881 4484 peccatis
2923 4415 3053 4469 nieis
3084 4414 3365 4468 terminum
3403 4429 3610 4481 ponere
3638 4430 3724 4467 vo-

462 4490 678 4555 anima,
710 4493 1035 4549 inhaerendo.
1077 4496 1144 4551 Et
1186 4501 1371 4565 unmis,
1403 4500 1590 4570 inquit,
1622 4505 1710 4572 qui
1747 4505 1883 4570 vivit,
1913 4505 2040 4561 sub-
2068 4536 2122 4597 D
2148 4508 2243 4574 lui,
2276 4518 2328 4561 et
2355 4522 2566 4575 semper
2589 4522 2674 4560 me
2703 4507 2794 4561 Dei
2824 4507 3104 4561 clementia
3133 4506 3199 4559 ad
3233 4508 3606 4574 paenitentiam
3637 4524 3720 4560 ex-

463 4580 727 4636 audiendo
755 4583 805 4637 in
837 4599 1018 4650 carne,
1050 4596 1097 4639 et
1127 4590 1287 4643 credit
1315 4592 1367 4643 in
1389 4609 1488 4658 me,
1519 4604 1564 4645 et
1595 4595 1638 4648 si
1664 4605 1894 4649 mortuus
1927 4599 2038 4667 fue-

462 4672 528 4724 rit
559 4673 624 4728 ad
657 4682 865 4743 tempus
892 4688 1060 4732 morte
1099 4683 1371 4750 corporis,
1403 4701 1503 4737 non
1532 4687 1773 4739 ntorietur
1801 4691 1853 4740 in
1891 4698 2038 4743 teter-

463 4786 606 4833 num,
640 4785 870 4839 propper
912 4771 1070 4827 vitam
1101 4774 1339 4842 spiritus,
1372 4788 1425 4832 et
1455 4778 1906 4836 immortalitatem
1948 4799 2036 4837 re-

458 4861 832 4917 surrectionis.
858 4863 1033 4918 Credis
1056 4864 1194 4920 hoc?
1219 4867 1430 4922 Sciebat
1453 4871 1572 4932 hoc,
1597 4886 1756 4940 quem
1779 4873 1850 4924 nil
1874 4872 2037 4928 latere

457 4962 639 5022 potest
693 4954 832 5023 quod
862 4955 1127 5020 crederet,
1173 4959 1264 5012 sed
1295 4960 1682 5014 confessionem
1728 4977 1829 5031 qua
1857 4965 2034 5018 salva-

460 5054 610 5099 retur
636 5047 930 5115 quterebat.
964 5045 1128 5100 Corde
1148 5050 1280 5102 enim
1306 5052 1527 5104 creditur
1557 5053 1624 5103 ad
1645 5053 1930 5121 justitiam,
1956 5071 2040 5109 ore

460 5143 627 5188 autem
679 5137 736 5202 fit
788 5137 1037 5206 confessio
1091 5139 1157 5190 ad
1205 5140 1419 5192 salutent
1469 5141 1648 5211 (Rom.
1682 5144 1762 5207 ι).
1807 5143 1890 5195 Ait
1917 5144 2039 5198 illi:

463 5221 668 5297 Utique,
702 5225 937 5282 Domine.
972 5227 1085 5298 Ego
1114 5230 1304 5283 credidi
1351 5232 1469 5299 quia
1506 5241 1558 5283 tu
1594 5248 1646 5284 es
1678 5230 1911 5286 Christus
1942 5233 2038 5288 Fi-

459 5317 561 5374 lius
587 5317 684 5373 Dei
723 5321 840 5386 vivi,
871 5322 955 5389 qui
1003 5323 1054 5373 in
1084 5322 1215 5374 hunc
1247 5322 1494 5375 mundum
1521 5325 1714 5378 venisti.
1746 5324 1879 5379 Cum
1909 5341 2038 5396 ergo

459 5410 688 5466 credidit
728 5426 847 5466 eum
875 5412 1063 5467 Filium
1099 5413 1214 5479 Dei,
1257 5414 1482 5468 credidit
1514 5417 1669 5469 vitam
1703 5425 1756 5469 et
1793 5433 2033 5472 resurre-

461 5503 711 5568 ctionem,
763 5504 1009 5573 quodque
1057 5505 1231 5558 omnis
1286 5505 1374 5574 qui
1425 5508 1477 5559 in
1523 5521 1641 5560 eum
1670 5507 1930 5572 crederet,
1977 5509 2028 5562 in

459 5601 718 5646 internum
745 5607 849 5646 noa
881 5593 1151 5647 tnorietur.
1187 5595 1316 5648 Nam
1361 5610 1517 5663 supra
1565 5597 1820 5650 Dominus
1854 5609 2028 5652 utrum

459 5682 560 5735 hoc
593 5684 853 5748 crederet,
900 5687 1338 5756 interrogaverat.
1370 5688 1433 5741 Et
1464 5705 1578 5742 cum
1634 5690 1741 5742 lucc
1793 5693 2024 5760 dixisset,

462 5775 582 5840 abiit
607 5783 654 5827 et
681 5777 868 5833 vocavit
892 5774 1112 5833 Mariam
1139 5795 1360 5834 sororem
1387 5795 1529 5840 suam
1559 5780 1778 5854 silentio,
1809 5783 1982 5840 dicens
2006 5801 2024 5863 ς

2145 4603 2424 4670 spectavit,
2451 4611 2503 4654 et
2549 4607 2852 4668 peccantem
2883 4599 3057 4653 statim
3090 4599 3276 4668 punire
3306 4600 3478 4654 noluit
3505 4617 3521 4664 ;
3553 4611 3717 4656 tamen

2143 4706 2244 4761 ego
2273 4692 2626 4752 miserrimus,
2655 4699 2708 4744 et
2759 4690 2972 4743 aeternis
3009 4691 3329 4744 cruciatibus
3357 4692 3581 4762 dignus,
3615 4695 3724 4763 ejus

2150 4783 2632 4840 mansuetissimam
2692 4783 2960 4837 lenitatem
3016 4798 3228 4851 semper
3263 4785 3418 4838 novis
3451 4797 3616 4856 atque
3647 4802 3726 4841 re-

2143 4875 2381 4929 centibus
2411 4875 2699 4928 sceleribus
2727 4874 2936 4928 irritare
2964 4889 3069 4928 non
3092 4875 3336 4930 verebar.
3367 4875 3604 4942 Quando
3629 4881 3721 4933 ista

2145 4975 2390 5034 peccator
2418 4980 2594 5020 secum
2634 4965 2852 5033 plangit,
2886 4967 2993 5033 jam
3040 4965 3217 5020 fremit
3264 4977 3320 5020 et
3371 4971 3625 5024 turbatur
3669 4973 3724 5025 iu

2144 5071 2209 5110 eo
2236 5057 2494 5110 Christus.
2531 5057 2609 5109 Ad
2660 5057 2758 5109 hoc
2786 5059 2924 5109 enim
2969 5071 3107 5109 nunc
3145 5057 3377 5120 fremuit,
3415 5069 3469 5110 ut
3503 5060 3727 5114 doceret

2144 5154 2474 5213 peccatorem
2503 5145 2749 5210 fremere,
2779 5155 2831 5198 et
2866 5155 3071 5211 peccata
3091 5160 3186 5199 sua
3212 5162 3471 5202 accusare
3497 5151 3718 5212 debere,

2142 5235 2186 5288 si
2213 5237 2325 5290 vult
2353 5239 2417 5289 ad
2447 5237 2607 5289 vitam
2639 5235 2828 5289 animae
2860 5238 3050 5290 redire.
3088 5236 3205 5302 Ubi,
3250 5237 3442 5307 inquit,
3476 5243 3726 5306 posuistis

2142 5325 2294 5377 eum?
2323 5324 2566 5392 Nunquid
2601 5325 2875 5393 ignorabat
2905 5327 2990 5378 ubi
3022 5327 3222 5394 positus
3251 5337 3417 5390 esset,
3448 5344 3612 5396 quem
3641 5345 3730 5384 re-

2140 5415 2397 5469 suscitare
2425 5415 2672 5468 volebat?
2701 5414 2805 5469 Sed
2840 5416 3150 5484 interrogat,
3186 5425 3243 5469 ut
3272 5418 3591 5471 Ostenderet
3634 5435 3732 5472 so-

2138 5506 2244 5562 lum
2273 5521 2331 5557 ea
2361 5521 2418 5557 se
2445 5520 2770 5573 cognoscere
2800 5521 2919 5576 quae
2946 5508 3084 5574 jUSla
3118 5516 3170 5562 et
3199 5518 3380 5561 sancta
3413 5519 3562 5576 sunt,
3595 5525 3726 5577 pcc-

2137 5609 2368 5653 catorem
2399 5614 2521 5652 vero
2551 5601 2778 5666 ignorat,
2806 5602 2927 5664 quia
2954 5602 3222 5667 reprobat.
3257 5601 3409 5656 Unde
3441 5604 3572 5657 Adae
3599 5617 3726 5672 post

2136 5700 2405 5758 peccatum
2446 5692 2636 5745 dicitur
2666 5708 2677 5742 :
2716 5691 2809 5744 Ubi
2839 5709 2891 5745 es
2933 5691 3084 5761 (Gen.
3119 5693 3238 5760 tu)?
3274 5693 3336 5747 Et
3383 5698 3626 5764 reprohis
3660 5697 3726 5753 in

2129 5783 2329 5862 judicio
2356 5785 2592 5839 dicturus
2623 5794 2704 5842 est
2737 5804 2747 5840 :
2780 5784 2968 5844 Nescio
2999 5803 3085 5844 vos
3112 5776 3246 5841 unde
3268 5789 3376 5845 sitis
3413 5789 3563 5858 (Luc.
3590 5806 3718 5868 stu,
