3972 6340
238 285 375 345 1505

1182 293 1644 360 HOMILIARIUS.
1683 327 1757 344 —-
1791 299 1959 360 HOM.
1999 301 2090 360 DE
2129 303 2482 367 TEMPORE.

3337 314 3480 375 1306

237 401 388 458 Matt.
417 409 563 475 xxv).
594 401 730 474 Quid
775 414 857 463 est
902 408 1046 465 enim
1084 411 1283 482 dicere,
1337 418 1520 472 nescio
1549 433 1664 481 vos,
1697 418 1802 475 nisi
1832 420 1880 479 Α
1907 426 2045 487 gata.
2077 417 2213 476 Dicit
2239 424 2310 479 eis
2326 424 2482 480 Jesus
2508 439 2530 480 :
2560 424 2754 481 Solvite
2775 441 2911 491 eum,
2947 426 3161 483 etsinite
3182 428 3342 484 abire.
3369 428 3449 486 Po
3469 460 3482 473 -

233 508 329 549 vos
355 494 408 549 in
439 494 554 551 luce
576 495 794 566 justitia:
814 515 919 555 non
946 505 1209 570 agnosco?
1239 506 1429 561 Dicunt
1457 510 1540 568 ei:
1567 510 1804 579 Domine,

237 589 347 643 veni
369 597 415 643 et
451 590 583 654 vide,
619 590 718 645 hoc
759 603 859 657 est,
882 595 1155 651 miserere.
1183 597 1375 655 Videre
1407 618 1633 673 namque
1669 605 1806 674 ejus,

236 680 476 735 misereri
503 691 601 736 est.
636 679 699 735 Et
746 684 1053 755 lacrqmatus
1076 698 1149 743 est
1175 687 1347 757 Jesus,
1376 698 1499 763 quia
1532 698 1648 750 lons
1696 699 1810 765 pie-

237 775 361 828 tatis
399 784 534 830 erat.
566 777 669 833 Sed
720 779 825 833 illa:
870 782 1117 854 lacrymtc
1149 786 1525 856 inexplicabile
1552 790 1803 859 gaudium

234 874 387 920 erant
415 868 685 934 pariturm.
716 869 849 925 Hinc
879 875 1097 941 pulchre
1129 878 1380 933 Sedulius
1411 897 1424 931 :

359 981 602 1045 Lacrymis
625 985 842 1041 implevit
867 993 1068 1040 amicum

362 1080 375 1093 .
403 1081 415 1092 .
444 1083 457 1096 .
484 1082 498 1095 .
523 1082 537 1096 .
566 1084 578 1095 .
600 1083 613 1096 .
640 1047 895 1110 Majestate
926 1052 1103 1103 Deum.

233 1151 421 1207 Flebat
457 1153 599 1209 enim
632 1171 751 1211 eum
787 1173 884 1227 pro
932 1170 1077 1227 parte
1126 1162 1484 1231 humanitatis,
1520 1182 1675 1235 quem
1720 1184 1808 1224 re-

230 1245 491 1301 suscitare
521 1255 725 1314 poterat
754 1264 847 1318 per
870 1255 1158 1319 potentiam
1179 1255 1493 1314 divinitatis.
1520 1262 1808 1332 Lacryma-

232 1344 317 1389 tus
343 1347 425 1392 est
471 1339 630 1392 etiam
678 1339 932 1396 Dominus
978 1358 1037 1398 ea
1078 1345 1145 1399 de
1198 1361 1377 1413 causa,
1427 1364 1529 1418 qua
1555 1356 1802 1421 superius

232 1425 445 1481 fremuit
475 1438 528 1483 et
567 1432 808 1488 turbatus
836 1445 933 1500 est,
969 1447 1026 1490 ut
1054 1452 1359 1507 peccatores
1380 1500 1383 1505 ί
1408 1444 1624 1499 doceret
1669 1447 1807 1502 ﬂeti-

228 1518 328 1573 bus
353 1531 406 1574 et
434 1522 680 1593 lacrymis
720 1525 958 1596 indigere
990 1530 1241 1597 profusis.
1276 1534 1523 1590 Dixerunt
1554 1556 1676 1610 ergo
1702 1539 1803 1595 Ju-

228 1612 329 1665 da’i
361 1628 380 1666 :
411 1612 541 1668 Ecce
578 1619 831 1685 quomodo
860 1622 1062 1674 amabat
1107 1640 1239 1679 eum.
1288 1628 1508 1691 Quidam
1533 1612 1699 1685 autem
1740 1651 1807 1688 ea:

227 1702 357 1769 ipsis
384 1705 617 1758 dixerunt
640 1723 659 1760 :
681 1706 801 1761 Non
825 1719 1020 1778 poterat
1047 1712 1130 1766 hic
1155 1716 1243 1783 qui
1263 1718 1461 1781 aperuit
1488 1720 1659 1774 oculos
1683 1726 1804 1777 arci

1916 516 2011 568 tuit
2039 518 2250 583 quidem
2280 518 2531 574 Dominus
2557 534 2711 590 quem
2743 519 2907 576 vellet
2927 531 3194 576 mortuum
3227 522 3344 577 sine
3370 522 3485 580 cla-

1911 619 2061 660 more
2109 612 2463 674 resnscitare,
2500 611 2592 665 sed
2643 611 2815 666 noluit
2853 615 3045 667 secreti
3094 614 3259 682 gratia
3304 628 3486 671 sacra-

1911 698 2095 750 menti.
2123 699 2202 753 Ad
2225 714 2467 769 magnam
2492 703 2633 755 enim
2663 717 2845 757 vocem
2888 702 3095 757 Domini
3138 706 3307 773 surgit
3335 719 3485 761 mor-

1915 801 2054 858 tuus,
2105 795 2314 864 quando
2344 811 2530 865 magna
2578 796 2668 851 Dei
2708 795 2875 866 gratia
2906 796 3171 862 resipiscit
3214 806 3484 865 peccator.

1910 884 2094 939 Prodit
2134 887 2199 941 de
2251 899 2619 952 monumento,
2670 892 2885 958 quando
2934 890 3217 944 confitetur
3258 901 3480 960 peccata

1911 994 2026 1043 sua,
2069 981 2160 1033 sed
2193 990 2368 1034 tamen
2410 982 2582 1035 adhuc
2613 982 2806 1052 ligatus
2845 992 2945 1047 est,
2998 981 3171 1037 adhuc
3211 996 3354 1043 reus.
3389 994 3487 1037 nec

1910 1071 2021 1125 suis
2050 1062 2248 1126 viribus
2279 1074 2481 1126 absolvi
2526 1082 2721 1141 potest.
2774 1073 3019 1142 Prtecipit
3065 1088 3192 1144 ergo
3234 1073 3488 1127 Dominus

1910 1167 2183 1237 discipulis
2226 1180 2281 1221 ut
2331 1184 2452 1222 eum
2490 1169 2788 1235 absolvant,
2836 1178 2888 1223 et
2931 1179 3078 1225 abire
3117 1179 3313 1235 sinant,
3363 1169 3487 1239 quia

1910 1258 2039 1325 ipsis
2061 1268 2115 1312 et
2140 1260 2353 1326 reliquis
2394 1261 2650 1313 ministris
2681 1270 2878 1315 sancta:
2919 1263 3168 1315 Ecclesia:
3192 1270 3246 1316 et
3271 1276 3489 1316 succes-

1909 1350 2118 1403 soribus
2140 1366 2349 1415 eorum,
2374 1351 2495 1404 data
2527 1360 2608 1405 est
2649 1362 2883 1420 potestas
2917 1352 3214 1406 dimittendi
3244 1361 3482 1417 peccata.

1910 1440 1998 1495 Ait
2035 1443 2217 1497 enim:
2246 1442 2571 1508 Quicumque
2621 1443 2872 1496 solveritis
2904 1459 3057 1509 super
3101 1454 3308 1507 terram,
3338 1448 3489 1496 erunt

1906 1536 2075 1589 soluta
2104 1545 2148 1588 et
2176 1537 2224 1585 in
2254 1533 2618 1603 (mltqlllatth.
2645 1532 2817 1604 xvnt).
2839 1533 3009 1589 Simul
3028 1533 3188 1588 etiam
3221 1549 3490 1589 commen-

1909 1627 2033 1681 data
2070 1635 2152 1681 est
2182 1626 2284 1681 hoc
2322 1627 2441 1681 loco
2490 1627 2663 1680 unitas
2700 1627 2897 1680 Christi
2939 1638 2992 1681 et
3035 1626 3307 1681 Ecclesiae.
3353 1625 3489 1693 Quia

1908 1721 2104 1773 etenim
2135 1718 2378 1773 Chri~tns
2414 1728 2572 1787 caput
2605 1726 2720 1782 est,
2755 1726 2807 1771 et
2843 1717 3078 1772 Ecclesia
3122 1731 3314 1785 corpus
3346 1715 3485 1785 ejus,

228 1796 356 1856 ηαιὲς
396 1798 565 1865 facere
595 1807 649 1852 ut
695 1800 778 1852 hic
822 1817 921 1855 non
952 1810 1266 1861 moreretur?
1292 1808 1502 1865 Poterat
1535 1813 1635 1868 hoc
1666 1830 1809 1873 certe
1841 1802 1888 1862 B
1915 1809 2158 1863 Christus
2198 1810 2441 1873 suscitat,
2476 1807 2721 1877 discipuli
2753 1808 2987 1873 solvunt,
3024 1817 3082 1861 ut
3109 1806 3306 1876 liquide
3336 1821 3491 1859 mon-

231 1886 509 1953 Dominus,
542 1890 635 1944 sed
668 1893 905 1957 permisit
932 1902 987 1948 ut
1018 1895 1248 1953 Lazarus
1278 1912 1597 1969 moreretur,
1626 1917 1811 1975 quate-

230 1991 331 2030 nus
356 1978 558 2047 majore
581 1980 835 2035 miraculo
860 1986 1223 2041 suscitaretur.
1261 1986 1415 2043 .Iesus
1436 2002 1601 2045 autem
1626 1995 1811 2050 iterum

226 2077 448 2145 fremens
476 2076 526 2129 in
557 2079 848 2149 semetipso,
880 2081 1012 2134 venit
1042 2082 1108 2135 ad
1132 2097 1535 2139 monumentum.
1566 2087 1695 2142 Erat
1716 2106 1812 2143 au-

229 2185 330 2226 tem
358 2175 617 2241 spelunca,
648 2184 696 2227 et
741 2176 870 2245 lapis
896 2179 1245 2247 superpositus
1298 2190 1404 2233 erat
1448 2181 1512 2235 ei.
1549 2182 1649 2236 Per
1676 2182 1810 2251 lapi—

226 2265 351 2319 dem
402 2282 507 2335 quo
558 2277 799 2322 mortuus
850 2270 1210 2337 premebatur,
1267 2272 1522 2341 figuratur
1571 2274 1675 2339 lex,
1709 2292 1811 2344 qua

226 2370 480 2431 peccatur
507 2375 632 2416 reus
656 2360 1060 2416 condemnatur.
1096 2364 1158 2416 Et
1186 2363 1322 2418 bene
1355 2363 1437 2417 lex
1464 2381 1555 2431 per
1583 2366 1809 2435 lapidem

226 2452 508 2520 accipitur,
540 2451 662 2521 quia
710 2452 760 2506 in
809 2453 1031 2519 lapideis
1071 2455 1261 2509 tabulis
1293 2457 1487 2524 scripta
1523 2458 1639 2512 fuit.
1674 2458 1812 2513 Mur-

228 2551 351 2595 tuus
380 2555 505 2609 ergo
532 2542 632 2596 sub
682 2543 877 2611 lapide,
906 2559 1031 2599 reus
1056 2555 1139 2599 est
1166 2547 1266 2599 sub
1299 2545 1429 2615 lege.
1466 2546 1594 2601 Nam
1643 2548 1693 2602 hi
1722 2550 1810 2618 qui

227 2630 369 2685 bene
406 2632 611 2697 vivunt,
639 2634 739 2687 sub
791 2634 904 2704 lege
950 2649 1054 2689 non
1098 2646 1241 2700 sunt,
1284 2640 1520 2707 quoniam
1552 2642 1699 2709 justo
1733 2643 1814 2697 lea:

224 2738 334 2774 non
360 2731 434 2775 est
463 2724 649 2791 posita,
691 2725 780 2777 sed
816 2725 1026 2793 injustis
1051 2743 1111 2779 ac
1140 2730 1479 2797 peccatoribus
1508 2729 1560 2799 (Ι
1590 2731 1722 2785 Tim.
1748 2731 1810 2803 ι).

228 2813 386 2866 Hunc
419 2814 644 2882 lapidem
672 2814 926 2869 Dominus
950 2817 1110 2887 jussit
1142 2821 1425 2887 removeri,
1450 2823 1665 2889 quando
1693 2839 1814 2889 gra-

228 2906 359 2960 tiam
389 2906 556 2962 sancti
587 2909 845 2977 evangelii
867 2910 1028 2978 jussit
1075 2925 1169 2979 per
1214 2920 1380 2965 totum
1408 2912 1592 2966 orbein
1619 2915 1813 2983 praedi-

224 2999 362 3052 cari.
398 2999 533 3053 Dicit
576 3001 621 3054 ei
658 2999 881 3064 Mart/ta,
924 3018 1069 3056 soror
1111 3004 1218 3074 ejus
1260 3006 1348 3076 qui
1382 3016 1612 3061 mortuus
1656 3006 1811 3064 erat:

224 3090 468 3158 Domine,
494 3093 628 3165 jam,
666 3097 808 3164 fetet,
839 3095 1218 3165 quatriduanus
1240 3099 1372 3151 enim
1395 3108 1486 3153 est.
1516 3099 1632 3154 Jam
1658 3101 1808 3169 quasi

1913 1911 2133 1963 stretur,
2158 1900 2423 1954 neminem
2449 1900 2566 1955 sine
2595 1900 2798 1955 unitate
2826 1899 2944 1954 ﬁdei
2974 1898 3248 1953 catholica:
3276 1911 3433 1967 posse
3455 1910 3488 1951 a

1913 2002 2255 2062 peccatorum
2295 2002 2469 2047 morte
2514 1992 2778 2046 suscitari.
2818 1992 2958 2046 Sane
2997 2007 3101 2045 non
3136 1999 3220 2045 est
3250 1990 3352 2044 hoc
3374 1989 3492 2043 loco

1912 2086 2268 2140 omittendum
2321 2086 2461 2154 quod
2506 2085 2555 2138 in
2602 2096 2787 2138 sancto
2821 2084 3098 2154 evangelio
3132 2092 3240 2137 tres
3287 2091 3490 2135 tantum

1914 2186 2153 2230 mortuos
2169 2179 2520 2230 resuscitasse
2548 2176 2803 2230 Dominus
2826 2175 3036 2239 legitur.
3064 2174 3252 2228 Plures
3273 2171 3488 2241 quidem

1914 2269 2262 2323 resuscitasse
2293 2276 2532 2321 mortuos
2558 2282 2661 2319 non
2686 2265 2978 2328 dubitatur,
2999 2263 3250 2333 quoniam
3274 2261 3488 2329 quidem

1914 2360 2102 2414 beatus
2131 2358 2367 2413 Joannes
2398 2356 2561 2409 dicit:
2597 2354 2767 2409 Multa
2796 2357 3081 2437 alia_signa
3112 2355 3230 2424 fecit
3256 2351 3410 2406 Jesus
3438 2352 3495 2406 in

1914 2464 2181 2517 conspectu
2224 2452 2592 2519 discipulorum
2621 2468 2848 2517 suorum,
2877 2467 2994 2522 qua!
3020 2466 3122 2504 non
3151 2456 3273 2503 sunt
3300 2448 3496 2515 scripta

1912 2548 1966 2599 in
1992 2545 2120 2598 libro
2153 2545 2246 2597 hoc
2269 2542 2453 2616 (Joan.
2489 2545 2601 2613 xx).
2646 2543 2751 2599 Sed
2791 2552 2899 2597 tres
2926 2553 3131 2597 tantum
3166 2542 3493 2607 referuntur,

1912 2638 2045 2691 certi
2087 2652 2243 2689 causa
2297 2634 2561 2706 mysterii.
2617 2634 2855 2703 Denique
2901 2633 3174 2688 suscitavit
3220 2630 3379 2685 ﬁliam
3409 2644 3496 2683 ar-

1911 2725 2257 2796 cbisynagOgi
2297 2725 2469 2777 adhuc
2512 2724 2648 2777 intra
2685 2723 3012 2778 domesticos
3042 2722 3275 2792 parietes
3296 2720 3497 2775 consti-

1918 2825 2103 2876 tutam.
2147 2832 2246 2870 nec
2278 2805 2520 2885 permisit
2553 2828 2737 2869 secum
2775 2828 3093 2883 quemquam
3141 2809 3495 2876 intrare,'nisi

1914 2909 2148 2973 Petrum,
2176 2909 2433 2964 Jacobtnn
2472 2916 2520 2961 et
2551 2907 2830 2975 Joannem,
2863 2916 2917 2961 et
2946 2915 3149 2976 patrem
3189 2917 3244 2961 et
3269 2915 3495 2960 matrem

1914 3003 2104 3070 puella:
2159 3001 2320 3072 (Luc.
2356 3000 2500 3070 vin).
2559 3000 2849 3055 Suscitavit
2901 3000 3062 3055 etiam
3110 2998 3275 3054 filium
3320 2998 3495 3052 viduas

1918 3093 2175 3161 tnulieris,
2208 3102 2360 3146 extra
2394 3100 2598 3162 portam
2631 3108 2743 3146 sua:
2772 3091 3002 3146 civitatis
3028 3089 3288 3158 delatum,
3313 3089 3496 3149 multis

224 3164 570 3251 deSperabat,
622 3164 901 3256 potiusque
951 3188 1172 3242 timebat
1213 3200 1418 3243 remoto
1462 3192 1633 3262 lapide
1677 3164 1886 3247 tumo
1918 3200 2098 3239 coram
2141 3185 2331 3254 positis
2372 3194 2425 3240 et
2462 3184 2809 3240 cernentibus
2845 3184 3002 3253 (Luc.
3043 3185 3163 3256 vn).
3211 3183 3499 3241 Suscitavit

224 3291 345 3330 rem
375 3276 618 3340 excitari,
642 3295 800 3346 quam
834 3280 1048 3336 fratrem
1075 3297 1231 3351 posse
1255 3285 1579 3340 resuscitari.
1614 3285 1746 3342 Dicit
1768 3288 1815 3342 ei

224 3364 386 3419 Jesus
415 3383 435 3420 :
470 3365 653 3422 Nonne
679 3369 788 3422 dixi
810 3372 921 3438 tibi,
953 3373 1070 3442 quia
1090 3374 1135 3426 si
1155 3375 1450 3442 credideris,
1480 3377 1670 3432 videbis
1697 3378 1813 3450 glo-

223 3457 365 3511 riam
395 3456 526 3511 Dei?
564 3475 685 3514 cum
734 3460 983 3515 videlicet
1032 3465 1439 3532 quatriduauum
1494 3476 1547 3521 et
1592 3468 1813 3523 fetidum

223 3549 585 3604 suscitavero.
616 3551 718 3605 Sed
760 3559 814 3606 et
844 3568 963 3606 cum
1012 3554 1327 3624 deSperatus
1358 3558 1548 3628 aliquis
1579 3573 1608 3611 a
1640 3561 1817 3629 sepul-

222 3655 324 3694 cro
352 3652 694 3711 peccatorum
730 3644 974 3713 eripitur,
1006 3644 1101 3701 Dei
1134 3648 1368 3714 potentia
1395 3650 1463 3703 ab
1489 3649 1816 3707 intuentibus

223 3734 569 3799 pradicatur,
599 3735 719 3802 quia
741 3736 823 3788 ubi
850 3736 1124 3790 abundavit
1149 3738 1412 3806 iniquitas,
1437 3740 1816 3807 superabundat

217 3828 419 3896 gratia.
466 3827 715 3883 Tulerunt
761 3846 880 3902 ergo
911 3831 1154 3902 lapidem.
1197 3830 1348 3885 Jesus
1394 3843 1580 3900 autem,
1615 3834 1818 3888 elevatis

218 3933 435 3970 sursum
466 3919 647 3985 oculis,
696 3920 826 3973 dixit
856 3935 874 3974 :
901 3920 1078 3986 Pater,
1104 3923 1296 3993 gratias
1319 3938 1415 3992 ago
1443 3923 1555 3988 tibi,
1579 3924 1818 3991 quoniam

216 4010 423 4062 audisti
450 4026 545 4063 me.
576 4008 688 4080 Ego
715 4021 883 4066 autem
911 4014 1127 4067 sciebam
1151 4016 1271 4083 quia
1296 4030 1493 4082 semper
1538 4032 1615 4069 me
1645 4014 1815 4081 audis,

219 4100 321 4152 sed
361 4110 568 4169 prapter
596 4101 841 4173 populum
871 4106 963 4172 qui
990 4104 1301 4169 circumstat,
1345 4106 1475 4169 dixi,
1520 4115 1574 4158 ut
1610 4106 1818 4159 credant

218 4194 351 4263 quia
379 4202 430 4245 tu
454 4209 532 4247 me
561 4196 759 4249 misisti.
783 4196 986 4264 Quibus
1009 4197 1184 4251 verbis
1210 4198 1332 4266 quid
1357 4198 1498 4251 aliud
1524 4215 1681 4267 quam
1704 4200 1821 4268 glo-

220 4285 369 4337 riam
404 4283 495 4337 Dei
523 4286 692 4339 Patris
724 4288 774 4339 iu
804 4287 927 4356 hoc,
965 4298 1019 4340 ut
1060 4288 1111 4341 in
1154 4288 1274 4341 aliis
1302 4289 1551 4355 operibus
1579 4292 1820 4359 require-

218 4371 364 4428 bat?
392 4374 522 4427 Nam
565 4376 687 4443 quia
725 4391 819 4445 per
864 4377 1246 4431 humanitatem
1290 4380 1464 4433 minor
1492 4391 1605 4435 erat
1633 4381 1811 4449 Patre,

218 4470 300 4525 ab
332 4466 423 4520 illo
453 4468 634 4523 Lazari
661 4470 935 4537 quaerebat
956 4471 1440 4535 resuscitationem,
1469 4484 1626 4541 atque
1656 4475 1722 4527 ab
1748 4488 1814 4528 eo

212 4577 291 4617 se
339 4561 551 4616 dicebat
596 4563 898 4617 esauditum
925 4605 939 4629 ,
983 4572 1035 4617 et
1069 4562 1170 4617 hoc
1216 4574 1430 4633 propter
1468 4565 1819 4620 circumstan-

214 4664 344 4709 lem
369 4654 601 4720 turbam,
629 4665 685 4708 ut
713 4669 834 4710 eum
867 4657 948 4709 vel
972 4656 1051 4709 sic
1077 4656 1357 4711 crederent
1389 4658 1478 4711 Dei
1511 4657 1727 4724 Filium,
1760 4668 1817 4715 et

212 4746 303 4803 ab
352 4761 419 4800 eo
471 4748 715 4813 missum,
758 4749 1008 4817 quoniam
1050 4748 1261 4803 Patrem
1304 4750 1420 4804 Filii
1465 4753 1818 4821 compellebat

210 4836 479 4895 aﬂectus.
525 4835 643 4893 1am
691 4839 845 4894 inferi
896 4841 1269 4909 turbabantur,
1308 4842 1415 4911 jam
1465 4845 1564 4897 sub
1597 4845 1821 4913 pedibus

208 4930 450 4986 Domini
501 4942 765 4984 reseratus
832 4932 997 4999 patuit
1063 4933 1323 4987 infernus.
1380 4935 1581 4990 Omnes
1629 4940 1819 4994 mortui

203 5022 619 5089 exspectabant
648 5022 857 5075 nomina
888 5038 982 5076 sua
1008 5023 1204 5077 vocari.
1233 5024 1496 5080 Clamabat
1522 5042 1641 5097 ergo
1668 5026 1818 5082 Iesus

204 5128 355 5169 voce
386 5128 587 5185 magna,
611 5114 784 5168 dicens
808 5129 827 5168 :
855 5112 1074 5179 Lazare,
1106 5116 1217 5168 veni
1240 5118 1397 5183 foras.
1437 5115 1551 5171 Uno
1581 5120 1821 5171 nomina-

203 5207 334 5262 tim
370 5215 578 5272 vocato,
607 5207 787 5260 caeteri
810 5208 1009 5272 recepti
1039 5206 1180 5262 sunt.
1213 5208 1316 5264 Sed
1345 5217 1543 5277 quanta
1576 5209 1625 5263 in
1660 5208 1817 5277 hujus

200 5297 439 5357 mortui
470 5299 882 5354 resuscitatione
912 5301 1048 5354 facta
1092 5314 1212 5355 esse
1241 5301 1526 5355 dicuntur?
1583 5300 1822 5356 Frentuit

198 5390 523 5456 Dominus,
556 5391 720 5456 flevit,
758 5393 999 5447 turbatus
1026 5403 1129 5457 eat,
1160 5407 1289 5447 voce
1332 5408 1518 5462 magna
1548 5393 1812 5460 clamavit,

194 5484 365 5560 quia
429 5482 678 5539 videlicet
718 5484 933 5539 difficile
974 5493 1029 5539 et
1082 5499 1201 5539 cum
1252 5486 1483 5539 clamore
1533 5501 1562 5539 a
1619 5488 1822 5554 peccati

194 5585 420 5638 "torte
468 5578 744 5646 resurgit,
794 5593 950 5647 quem
1002 5581 1169 5633 moles
1217 5583 1369 5633 malae
1422 5580 1825 5635 consuetudinis

194 5670 458 5748 premit.
505 5670 571 5723 Et
598 5660 770 5725 statim
796 5674 984 5741 prodiit
1011 5675 1097 5743 qui
1139 5677 1307 5741 fuerat
1346 5684 1595 5738 mortuus,
1640 5676 1825 5745 ligatus

188 5781 435 5837 manus
462 5775 509 5823 et
551 5770 706 5845 pedes
734 5769 938 5853 institis,
968 5778 1015 5825 et
1058 5769 1212 5844 facies
1249 5772 1360 5843 eius
1386 5770 1596 5856 sudario
1625 5781 1737 5845 erat
1766 5771 1829 5825 li-

1916 3285 2171 3345 praeterea
2207 3276 2459 3329 Lazarum
2486 3273 2597 3345 jam
2628 3277 2914 3345 sepultum,
2953 3275 3065 3346 jam
3115 3275 3353 3331 fetidum.
3390 3274 3492 3329 Ista

1917 3370 2017 3425 tria
2060 3384 2254 3440 genera
2302 3379 2631 3423 mortuorum
2683 3369 2987 3439 signiﬁcant
3031 3368 3127 3422 tria
3160 3380 3355 3437 genera
3402 3369 3496 3420 ho-

1916 3464 2116 3515 minum
2152 3471 2515 3531 peccatorum,
2546 3474 2682 3528 quos
2710 3470 2763 3514 et
2793 3459 2951 3512 hodie
2978 3460 3200 3512 suscltat
3228 3455 3489 3514 Christus;

1916 3549 2047 3604 Nam
2095 3566 2189 3619 per
2241 3549 2401 3604 filiam
2451 3548 2879 3620 archisynagogi,
2922 3563 3041 3617 quas
3090 3548 3227 3601 intra
3274 3547 3492 3601 domum

1921 3642 2103 3711 paucis
2135 3642 2433 3696 videntibus
2456 3645 2768 3696 resuscitata
2795 3650 2899 3708 est,
2927 3641 3274 3710 designantur
3302 3651 3377 3707 nt,
3405 3656 3494 3710 qut

1919 3743 2195 3804 peccatum
2234 3733 2375 3786 intus
2420 3735 2470 3787 in
2511 3733 2835 3786 Conscientia
2878 3731 3119 3785 clausum
3164 3729 3401 3797 habent,
3444 3739 3499 3785 et

1924 3825 2152 3879 necdum
2178 3824 2242 3877 ad
2273 3839 2409 3893 opus
2435 3832 2807 3892 prorumpunt.
2831 3820 2994 3876 Verbi
3029 3822 3198 3890 gratia
3240 3836 3361 3875 cum
3386 3835 3501 3876 mo-

1924 3928 2008 3973 tus
2043 3927 2125 3973 est
2168 3917 2365 3986 aliquis
2407 3916 2543 3970 mala
2583 3915 2933 3979 conscientia,
2971 3914 3232 3969 deliberat
3274 3913 3319 3968 si
3362 3913 3500 3968 adsit

1921 4009 2147 4065 facultas
2196 4010 2421 4078 implere
2453 4009 2591 4080 quod
2626 4008 2807 4063 illicite
2837 4006 3157 4076 concupivit,
3191 4005 3302 4075 jam
3349 4020 3493 4059 mor-

1922 4111 2043 4155 tuus
2069 4109 2173 4167 est,
2208 4102 2299 4155 sed
2351 4102 2488 4153 intra
2534 4100 2752 4153 domum
2802 4099 3013 4153 clausus
3051 4105 3152 4153 est.
3195 4096 3328 4149 Dicit
3357 4095 3497 4149 enim

1923 4195 2176 4250 Dominus
2208 4212 2221 4247 :
2257 4192 2357 4259 Qui
2386 4193 2565 4245 viderit
2615 4192 2881 4245 mulierem
2927 4192 2995 4243 ad
3042 4188 3499 4259 concupiscendum

1921 4304 2050 4353 eam,
2068 4291 2184 4357 jam
2211 4290 2485 4341 nitecliatus
2513 4294 2587 4340 est
2627 4301 2737 4338 eam
2766 4286 2821 4339 in
2861 4285 3014 4338 corde
3048 4300 3143 4338 suo
3169 4281 3385 4355 (Matth.
3416 4280 3499 4355 ν).

1921 4379 2157 4434 Necdum
2188 4393 2412 4446 corpore
2434 4376 2499 4430 ad
2530 4392 2645 4431 eam
2685 4376 2930 4439 accessit,
2960 4374 3052 4430 sed
3082 4374 3244 4430 corde
3273 4388 3502 4430 consen-

1923 4473 2027 4526 sit:
2061 4482 2303 4525 mortnus
2331 4470 2441 4541 jam
2470 4479 2573 4535 est,
2607 4469 2699 4522 sed
2735 4469 2970 4523 nondum
2996 4466 3169 4522 elatus
3200 4475 3304 4522 est.
3337 4466 3433 4521 llic
3455 4464 3503 4522 si

1923 4565 2212 4635 aliquando
2257 4564 2436 4617 divina
2480 4562 2828 4631 inspiratione
2862 4559 3280 4630 deprehenderit
3308 4559 3500 4614 malam

1922 4660 2325 4724 conscientiam,
2374 4657 2525 4728 ponit
2555 4672 2780 4725 nequam
2823 4668 3180 4720 consensum,
3224 4654 3503 4724 reviviscit

1923 4757 1988 4811 ad
2012 4761 2237 4811 salutem
2269 4756 2321 4809 in
2353 4763 2561 4810 secreto
2590 4752 2949 4823 cogitationis.
2987 4753 3123 4807 Sunt
3149 4752 3235 4806 alii
3265 4753 3355 4821 qui
3382 4759 3500 4820 post

1933 4863 2254 4903 consensum
2278 4847 2342 4902 ad
2367 4846 2779 4917 perpetrandum
2809 4845 3009 4900 facinus
3036 4852 3254 4909 exeunt,
3276 4853 3330 4897 et
3349 4844 3499 4913 quasi

1926 4949 2168 4994 mortuus
2198 4940 2265 4992 de
2296 4938 2515 4992 latebris
2542 4937 2703 4991 animi
2733 4937 3016 5005 profertur,
3050 4945 3104 4988 ut
3133 4934 3272 5004 quod
3306 4934 3502 4988 latebat

1928 5029 1980 5082 in
2005 5039 2235 5094 secreto,
2268 5035 2520 5097 appareat
2549 5027 2599 5080 in
2627 5026 2859 5096 publico.
2894 5025 2995 5081 Sed
3027 5025 3081 5080 hi
3112 5026 3241 5079 tales
3270 5023 3506 5091 plerum-

1930 5136 2033 5188 que
2078 5120 2331 5173 divinitus
2372 5120 2629 5173 admoniti
2670 5128 3087 5183 convertuntur,
3130 5130 3181 5171 et
3226 5118 3289 5172 ad
3340 5119 3504 5173 vitam

1929 5213 2116 5265 animat
2148 5212 2550 5265 resuscitantur.
2584 5211 2720 5265 Sunt
2750 5224 3003 5280 pratterea
3035 5210 3272 5264 n0nnu|li
3302 5210 3390 5279 qui
3420 5207 3504 5264 fa-

1930 5305 2123 5360 ciendo
2150 5306 2289 5375 quod
2320 5307 2514 5359 malum
2546 5315 2646 5368 est.
2678 5306 2839 5361 etiam
2867 5322 2924 5360 se
2955 5305 3090 5359 mala
3120 5305 3506 5362 consuetudine

1932 5404 2228 5473 implicant,
2260 5404 2395 5457 adeo
2434 5415 2493 5458 ut
2524 5405 2637 5472 ipsa
2679 5403 2801 5457 mali
2853 5402 3183 5457 consuetudo
3231 5416 3337 5456 non
3383 5414 3507 5467 per-

1933 5497 2237 5550 millallens
2284 5496 2582 5565 intelligere
2621 5496 2815 5549 malum
2862 5508 2985 5548 esse
3027 5495 3167 5564 quod
3200 5491 3418 5555 faciunt,
3452 5497 3509 5547 et

1936 5604 2310 5657 nonnunquam
2336 5588 2628 5643 defendunt
2658 5588 2853 5643 malum
2883 5587 3021 5654 quod
3052 5594 3234 5655 agunt,
3260 5584 3504 5639 irascun-

1934 5691 2017 5735 tur
2036 5695 2155 5735 cum
2180 5680 2656 5749 reprehenduntur.
2680 5681 2739 5733 lli
2770 5680 2921 5750 quasi
2950 5678 3059 5748 jam
3089 5678 3305 5748 sepulti,
3336 5684 3391 5732 et
3417 5676 3505 5730 inn

1933 5774 2076 5847 genti
2122 5776 2294 5845 mole,
2347 5773 2395 5831 id
2450 5784 2565 5849 est,
2619 5773 2852 5855 pondere
2898 5774 3051 5835 malae
3098 5768 3508 5869 consuetudiniq
