3972 6340
503 279 642 402 ian

1389 335 1590 396 PAULI
1629 313 1894 392 DIACONI
1931 329 2082 386 ore.
2123 319 2298 384 rans
2337 319 2400 384 ll.
2443 357 2510 370 -
2551 305 2902 386 ascertca.

3613 309 3732 388 iiiis

501 441 676 514 obruti
705 459 848 511 sunt.
877 453 958 512 Ad
989 453 1087 512 h’os
1123 453 1316 526 quippe
1342 445 1586 524 dignatur
1617 447 1868 504 Dominus
1897 447 2078 500 venire
2105 439 2156 502 Α
2179 441 2318 494 enim
2351 459 2362 494 :
2401 439 2508 514 Ego
2535 459 2642 494 sum
2665 441 2756 498 tua:
2785 439 2984 494 mundi.
3023 427 3136 496 Lux
3165 439 3356 512 quippe
3383 435 3502 498 erat
3553 441 3742 502 incom-

501 543 710 602 occulto
739 557 848 600 sua:
877 543 1258 600 miSericordite
1285 543 1556 608 instinctu,
1583 541 1624 595 si
1661 547 1834 594 tamen
1865 535 2070 592 habue-

499 631 602 690 flht
653 637 898 702 'sor'ores,
953 635 1004 690 id
1045 635 1168 704 est,
1217 631 1518 702 Spiritualcs
1567 631 1756 686 anima:
1813 627 2068 696 virtutes,

499 725 724 804 quorum
755 733 1052 788 interventu
1099 741 1316 802 possunt
1355 727 1596 786 revocari
1646 723 1712 784 ad
1755 727 1934 782 vitam.
1971 725 2070 780 Ve-

497 825 616 878 fum
655 823 938 896 quamdam
974 821 1206 879 ostendit
1245 823 1498 878 Dominus
1537 821 1906 878 difficultatem
1949 835 2072 876 cum

503 913 680 980 fremit
703 915 914 984 Spiritu,
945 931 1066 970 cum
1093 913 1268 972 turbat
1299 917 1552 986 seipsum,
1581 931 1698 970 cum
1725 915 1922 970 clamat
1945 931 2074 970 voce

503 1011 760 1076 maxima,
789 1015 846 1064 ut
871 1007 1116 1065 ostendat
1142 1009 1282 1080 quod
1313 1025 1514 1082 magna:
1543 1007 1936 1080 objurgationis
1966 1005 2074 1064 cla-

505 1099 744 1158 moribus
769 1119 902 1176 opus
929 1115 1010 1160 est
1037 1101 1292 1162 adversus
1319 1123 1440 1162 eum
1469 1107 1562 1178 qui
1593 1107 1642 1160 in
1669 1105 1918 1176 peccandi
1949 1121 2076 1160 con-

493 1195 778 1250 suetudine
817 1193 1110 1252 duraverit.
1155 1197 1266 1252 NOn
1303 1215 1428 1268 ergo
1457 1189 1524 1254 de
1563 1197 1644 1252 his
1683 1195 2074 1266 desperandum

489 1289 594 1340 εει.
631 1283 708 1340 Ad
749 1301 932 1340 vocem
967 1289 1192 1360 namque
1227 1287 1438 1344 Domini
1469 1291 1784 1344 contremuit
1813 1289 2072 1360 infirmus,

495 1363 726 1432 surrexit
757 1379 1142 1448 quatriduanus
1179 1393 1440 1450 mortuus,
1473 1379 1724 1440 liberatus
1757 1393 1838 1440 est
1881 1399 2066 1454 pecca-

497 1465 604 1534 tor,
637 1471 796 1526 etiam
829 1489 858 1526 a
891 1469 1276 1532 consuetudine
1317 1473 1680 1532 committendi
1723 1487 1920 1530 reatus.
1969 1473 2072 1530 Sed

501 1553 648 1632 prius
679 1579 800 1620 eum
847 1565 1172 1624 intrinsecus
1209 1585 1304 1640 per
1329 1569 1562 1638 seipsqu
1605 1569 1854 1636 viviﬁcat,
1889 1581 2072 1640 postea

497 1667 590 1721 per
621 1657 954 1714 sacerdotum
995 1661 1346 1716 ministerium
1379 1661 1626 1716 absolvit.
1653 1661 1840 1716 Nullus
1879 1665 2070 1732 quippe

493 1749 739 1800 cccc-ator
755 1741 1106 1806 absolvendus
1133 1761 1234 1816 est,
1255 1761 1534 1822 antequam
1561 1767 1652 1822 per
1673 1753 1881 1822 dignam
1903 1753 2072 1818 paeni-

493 1835 708 1889 tentiam
739 1851 1029 1904 correctus,
1061 1851 1110 1894 et
1135 1843 1450 1896 intrinsecus
1473 1851 1722 1910 appareat
1747 1841 2068 1896 viviticatus.

495 1919 648 1990 Multi
669 1941 834 1984 autem
859 1947 919 1984 ea:
944 1925 1140 1986 ludatis
1167 1937 1252 2002 qui
1275 1945 1510 1988 venerant
1541 1935 1606 1986 ad
1623 1931 1842 1988 Mariam
1867 1945 1910 1988 et
1937 1931 2080 1987 Mar-

492 2007 652 2084 tham,
684 2017 728 2074 et
759 2015 988 2076 viderant
1017 2041 1127 2090 qua'
1157 2027 1296 2094 fecit,
1327 2023 1645 2078 crediderunt
1675 2023 1726 2078 iu
1759 2043 1890 2078 eunt.
1923 2025 2080 2080 Facto

493 2109 600 2164 tam
632 2109 861 2180 glorioso
885 2123 940 2168 et
959 2117 1164 2170 cunctis
1193 2115 1402 2170 saeculis
1433 2115 1770 2186 prdidit-aude
1801 2117 2074 2186 miraculo,

493 2217 598 2256 non
627 2221 830 2272 omnes,
863 2211 952 2264 sed
987 2211 1136 2264 multi
1169 2205 1472 2266 Judaeuer
1501 2213 1790 2268 credidisse
1813 2215 2076 2270 dicuntur.

495 2291 610 2358 Quo
635 2295 748 2348 loco
771 2295 1048 2352 durissima
1075 2299 1356 2356 intidelitas
1383 2311 1438 2358 et
1463 2301 1828 2356 ctInVCI'liltiliS
1859 2305 1908 2356 in
1939 2305 2076 2358 malo

505 2387 794 2454 pertinacia
823 2403 942 2446 nom
975 2403 1086 2446 e-t:
1121 2383 1182 2446 Et
1217 2409 1396 2448 revera
1442 2405 1640 2450 tantum
1665 2407 1776 2450 erat
1805 2405 2076 2466 peccatum

497 2471 732 2546 illorum,
761 2481 976 2536 utaliter
1001 2501 1100 2538 non
1127 2497 1338 2554 [305?901
1361 2485 1516 2556 digne
1533 2485 2078 2542 lidemChriSIisusci-

495 2571 646 2638 pere,
663 2571 760 2628 nisi
779 2575 918 2641 prius
935 2575 1092 2630 flium
1113 2577 1198 2632 Dei
1223 2579 1600 2636 interficerent.
1623 2579 1752 2634 llinc
1769 2577 2072 2634 Psalmista:

495 2651 668 2740 Imple
687 2665 838 2730 facies
859 2669 1346 2740 eorumignmuiuia,
1377 2681 1422 2726 et
1445 2683 1664 2740 qumrcut
1703 2689 1882 2726 nomen
1911 2681 2072 2738 tuum,

491 2739 710 2810 Domine
733 2751 900 2826 (Psal.
925 2761 1152 2832 Luxu).
1177 2763 1330 2818 Prius
1347 2765 1486 2818 enim
1515 2765 1824 2820 confusione
1847 2775 1898 2820 et
1925 2768 2074 2836 igno-

501 2843 664 2900 minia
711 2851 898 2920 repleti
939 2863 1082 2918 sunt,
1123 2861 1242 2908 cum
1297 2865 1414 2924 post
1459 2855 1656 2912 Christi
1709 2859 2074 2914 ascensionem

488 2937 764 2996 audientes
803 2943 1072 3012 apostolos
1117 2947 1230 3010 ejus
1271 2951 1718 3004 resurrectionem
1769 2951 2068 3020 prtediean-

495 3041 595 3096 tes,
634 3043 912 3102 cuapcrunt
959 3035 1309 3104 erubescere,
1353 3049 1406 3092 et
1445 3041 1772 3110 perpendere
1813 3053 2070 3112 quantum

493 3121 670 3178 scelus
703 3125 755 3178 in
788 3141 918 3180 nece
944 3121 1222 3184 salvatoris
1269 3129 1606 3186 admisissent
1653 3133 1836 3202 sicque
1871 3151 2062 3190 nomen

488 3215 604 3286 ejus
629 3219 973 3286 qumsicrunt,
1003 3235 1121 3274 eum
1157 3223 1382 3290 perculsi
1416 3225 1604 3278 timore
1633 3227 1891 3294 apostolis
1915 3227 2062 3280 dixe-

487 3319 613 3364 runt
643 3327 656 3364 :
693 3309 830 3378 Quid
855 3313 1224 3382 faciemus,viri
1251 3317 1434 3384 fratres
1453 3319 1478 3370 ?
1507 3317 1730 3370 indicate
1759 3319 1918 3372 nobis.
1945 3317 2070 3386 Qui-

495 3399 594 3456 bus
643 3401 827 3458 beatus
869 3401 1098 3460 Petrus:
1133 3397 1518 3472 Pteniteutiam,
1573 3409 1774 3478 inquit,
1831 3413 1990 3480 agite,
2021 3421 2068 3468 et

492 3493 774 3562 baptizatur
811 3497 1150 3566 unusquisque
1177 3509 1396 3554 vestrum
1437 3501 1488 3552 in
1519 3503 1864 3554 remissionem
1893 3519 2068 3572 pecca-

493 3591 658 3636 torum
685 3585 824 3656 (Art.
857 3587 942 3656 ιι).
977 3587 1066 3642 Sic
1105 3589 1248 3644 enim
1277 3599 1400 3644 ante
1431 3593 1622 3644 saecula
1651 3591 1980 3660 decreverat,
2013 3603 2070 3650 ut

489 3681 661 3728 morte
705 3691 800 3730 sua
849 3673 996 3730 illum
1041 3679 1128 3748 qui
1171 3671 1402 3734 habebat
1445 3681 1630 3738 mortis
1675 3681 1976 3750 imperium,
2019 3681 2068 3740 id

487 3777 602 3830 est,
643 3761 910 3822 diabolum
955 3767 1274 3838 destrueret,
1305 3771 1551 3844 ipsosque
1595 3775 1780 3830 mortis
1811 3792 1918 3830 sua:
1973 3777 2072 3830 tui-

489 3857 687 3918 nistros
727 3871 966 3922 mortuus
1025 3863 1128 3920 sibi
1165 3853 1492 3936 subjugaret.
1545 3869 1800 3936 Quocirca
1845 3887 1942 3926 nos
1985 3871 2068 3928 in-

485 3953 622 4026 signi
669 3959 855 4014 mortis
901 3961 1272 4030 triumphaturi
1307 3963 1508 4032 gratias
1543 3963 1854 4036 dignissima
1889 3971 2070 4024 exsul-

487 4051 686 4106 tatione
727 4049 1016 4118 solvamus,
1063 4055 1212 4110 illurn
1245 4055 1436 4134 diebus
1477 4065 1532 4114 et
1573 4061 1818 4116 noctibus
1855 4063 2068 4122 laudum

491 4145 772 4212 prasconiis
800 4147 1142 4216 extollatnus,
1177 4149 1444 4218 praecipue
1477 4151 1898 4208 misericordiam
1925 4155 2068 4212 illius

483 4235 828 4304 imploremus
867 4249 1128 4312 quatenus
1173 4257 1270 4298 nos
1319 4245 1388 4298 ita
1423 4245 1536 4300 suis
1565 4259 1660 4314 per
1705 4249 1878 4302 omnia
1909 4248 2068 4306 faciat

485 4325 702 4382 obedire
743 4331 1024 4402 mandatis,
1063 4349 1168 4402 quo
1195 4335 1338 4392 nullo
1383 4337 1438 4392 in
1479 4337 1630 4392 nobis
1661 4351 1914 4408 regnante
1945 4357 2066 4412 pec-

485 4427 638 4484 cato,
673 4420 786 4504 ipsi
815 4433 992 4480 mente
1029 4435 1094 4502 et
1139 4427 1410 4484 desiderio
1449 4431 1758 4498 adhterere,
1803 4445 1960 4506 atque
1999 4439 2066 4496 ad

2177 533 2566 604 prelicnsibilis,
2593 539 2649 590 el
2679 535 3138 604 incircumscripla
3181 535 3456 604 divinitas,
3485 553 3608 606 qua:
3651 537 3742 594 sub

2175 627 2436 682 velamine
2465 639 2750 696 assumpta:
2795 627 2974 682 carnis
3017 625 3238 692 latebat,
3265 629 3418 698 cujus
3467 631 3746 690 autoritate

2177 715 2298 776 huic
2317 721 2520 776 mulieri
2549 727 2602 776 et
2625 719 3162 794 cuicunquevolcbat,
3189 733 3404 794 peccata
3425 723 3746 784 dimittebat.

2177 809 2304 868 llaec
2333 821 2414 866 est
2453 813 2538 866 illa
2569 831 2682 868 vera
2703 817 2811 880 lux,
2833 831 2946 884 qua:
2965 815 3224 870 illuminat
3263 833 3466 870 onmem
3499 817 3750 874 hominem

2175 905 2450 960 venientem
2489 907 2540 958 in
2581 905 2718 958 lmnc
2763 905 3006 960 mundum
3039 903 3222 976 (Joan.
3253 907 3317 978 l),
3351 907 3448 964 Dei
3503 907 3752 966 videlicet

2177 999 2592 1068 sapientia,qua:
2623 1001 2690 1056 de
2715 1001 2806 1056 illo
2833 1001 3032 1056 lumine
3083 1009 3282 1058 aeterno
3325 1009 3382 1058 et
3425 1001 3750 1060 indesinenti

2179 1097 2454 1160 processit.
2487 1093 2649 1160 Cujus
2675 1089 3018 1162 Splendorem
3059 1095 3288 1150 humana
3313 1097 3584 1168 fragilitas
3605 1099 3754 1154 aliter

2176 1185 2398 1240 Sufferre
2423 1199 2528 1240 non
2559 1187 2838 1256 potuisset,
2871 1189 2970 1242 nisi
3015 1203 3072 1242 se
3101 1189 3188 1242 illa
3221 1189 3376 1244 sicuti
3407 1187 3554 1244 nube
3587 1191 3756 1246 carnis

2177 1275 2638 1340 Circumdcdisset,
2669 1294 2762 1346 per
2797 1293 2954 1348 quam
3005 1275 3170 1334 veluti
3211 1293 3302 1350 per
3363 1277 3756 1336 locidissimum

2177 1367 2452 1438 Specillum
2483 1365 2647 1422 divini
2679 1367 2836 1438 hujus
2885 1369 3100 1425 luminis
3149 1369 3450 1426 claritatem
3515 1359 3758 1426 humanis

2139 1509 2144 1514 .
2177 1461 2444 1516 tneutilius
2481 1461 2858 1516 innotescerct.
2893 1453 3032 1534 Ergo
3067 1459 3342 1534 purganda
3381 1475 3466 1520 est
3517 1467 3574 1520 in
3625 1469 3758 1522 inte-

2177 1553 2334 1608 rioris
2367 1553 2594 1608 hominis
2625 1557 2784 1618 acies,
2819 1563 2872 1610 et
2907 1557 2974 1610 ab
3003 1555 3148 1610 onmi
3171 1555 3418 1610 vitiorum
3447 1557 3574 1612 labe
3617 1561 3758 1628 quasi

2177 1645 2400 1702 humore
2431 1649 2588 1702 noxio
2643 1645 2894 1702 immunis
2931 1649 3298 1714 custodienda,
3341 1659 3398 1704 ut
3445 1651 3566 1706 veri
3615 1651 3762 1720 hujus

2179 1739 2392 1792 luniiuis
2449 1749 2662 1808 aspectu
2711 1739 2864 1808 digna
2925 1739 3196 1796 reddatur.
3243 1739 3344 1806 Qui
3411 1745 3648 1812 sejuitur
3691 1761 3762 1798 me

2185 1847 2284 1884 non
2313 1833 2540 1884 ambulat
2571 1833 2622 1884 in
2653 1831 2890 1896 tenebris,
2913 1831 3002 1886 sgd
3021 1833 3218 1888 habebit
3243 1835 3414 1890 tanien
3443 1837 3590 1890 uiue.
3625 1839 3696 1890 Ac
3723 1837 3764 1892 si

2183 1923 2360 1976 'verhis
2389 1923 2504 1976 aliis
2527 1923 2857 1980 manifestius
2885 1923 3086 1980 diceret
3107 1941 3120 1979 :
3141 1925 3238 1992 Qui
3263 1925 3314 1980 in
3347 1931 3608 1996 prtesenti
3639 1927 3766 1984 meis

2181 2013 2338 2084 jussis-
2369 2015 2696 2084 obsequitur,
2729 2023 2784 2070 et
2813 2031 2928 2072 mea
2963 2015 3014 2070 in
3045 2027 3298 2086 quantum
3343 2013 3552 2072 sufﬁcit
3583 2035 3762 2072 exem-

2183 2107 2266 2178 pla
2299 2107 2554 2174 imitatur,
2591 2107 2642 2163 in
2683 2107 2862 2164 futuro
2889 2125 2994 2164 non
3025 2109 3232 2164 timebit
3263 2109 3520 2164 tenebras
3555 2121 3764 2166 interna

2184 2203 2562 2270 damnationis,
2589 2203 2680 2258 scd
2711 2203 2910 2258 lumine
2941 2203 3064 2256 vitae
3090 2211 3302 2258 aeterna?
3321 2201 3662 2272 perfruetur,
3689 2201 3768 2258 ubi

2179 2293 2388 2348 Sublato
2428 2303 2570 2348 metu
2607 2295 2816 2358 mortis,
2863 2293 2928 2348 de
2989 2293 3104 2348 Sola
3165 2293 3374 2348 dabitur
3431 2295 3770 2364 perennitate

2177 2385 2429 2456 gaudere.
2461 2385 2554 2440 "te
2583 2395 2706 2442 sunt
2759 2385 3060 2442 metuenda:
3117 2387 3352 2440 tenebrae
3405 2387 3560 2442 onmi
3623 2397 3770 2442 nocte

2181 2477 2462 2544 ten-iores,
2511 2493 2608 2532 nec
2669 2479 2836 2534 oculis
2885 2479 3238 2534 exterioribus
3291 2477 3496 2548 quibus
3547 2479 3666 2534 alba
3721 2485 3772 2536 et

2183 2571 2331 2640 nigra
2361 2571 2622 2636 videmus,
2655 2573 2746 2628 sed
2777 2571 3118 2628 interioribus
3163 2571 3354 2642 quibus
3393 2573 3548 2644 justa
3605 2585 3664 2630 et
3697 2575 3770 2632 ia-

2177 2665 2316 2732 ]hsta
2351 2663 2732 2732 discernimus,
2761 2665 2952 2734 quibus
2981 2679 3082 2718 non
3115 2679 3408 2734 corporeas
3439 2673 3498 2720 et
3541 2665 3770 2722 visibiles

2177 2755 2246 2810 fet
2263 2773 2374 2810 mas
2403 2757 2710 2826 aSpicimns,
2751 2757 2844 2813 sed
2875 2759 3150 2812 veritatem
3173 2757 3600 2828 intelligihiliter
3647 2773 3770 2814 con-

2178 2847 2338 2918 templ
2361 2865 2514 2904 untur.
2543 2849 2927 2920 Responderunt
2955 2849 3000 2902 ei
3035 2847 3332 2902 Pharistei:
3373 2845 3460 2904 Tu
3507 2855 3576 2904 de
3619 2849 3770 2920 teipse

2175 2941 2514 2994 testimonium
2535 2937 2762 3012 perhibes
2784 2939 3152 2994 :testimouium
3177 2949 3320 2992 tuum
3339 2955 3448 2994 non
3477 2951 3556 2996 est
3577 2955 3762 2996 uerunt.

2173 3031 2260 3088 Sic
2287 3035 2378 3086 ista
2413 3035 2758 3104 respondent,
2793 3045 3040 3104 tanquam
3067 3033 3212 3090 solus
3241 3037 3356 3104 ipse
3391 3037 3758 3092 testimonium

2177 3127 2510 3194 perhiberet,
2533 3137 2688 3196 atque
2711 3141 2892 3180 verum
2919 3143 3022 3180 non
3059 3133 3200 3181 esset
3223 3125 3340 3196 ejus
3373 3127 3764 3196 testimonium,

2177 3235 2294 3274 cum
2327 3227 2534 3274 etrnstct
2561 3221 2678 3288 quia
2711 3231 2994 3288 antequam
3019 3219 3224 3274 veniret
3263 3217 3572 3288 Dominus,
3601 3231 3654 3278 et
3679 3233 3762 3292 per

2171 3323 2382 3364 carnem
2415 3309 2632 3366 visibilis
2661 3319 2964 3378 appareret,
2995 3307 3185 3365 mullos
3219 3317 3390 3366 testes
3421 3313 3762 3380 praemisitﬁt

2169 3401 2590 3472 quasilucernas
2623 3403 2814 3472 spiritu
2857 3401 3150 3474 prophetia:
3199 3403 3480 3470 accendit,
3511 3407 3592 3474 qui
3643 3403 3758 3472 ejus

2171 3495 2532 3558 nativitatem,
2565 3495 2888 3566 passionem,
2923 3497 3382 3550 resurrccnonem
3417 3507 3470 3550 et
3495 3495 3760 3552 ascensio-

2171 3579 2290 3638 nem
2325 3585 2708 3654 praedixerunt.
2737 3583 2814 3640 Ex
2847 3585 3038 3656 quibus
3079 3587 3388 3656 prazcipuus
3439 3597 3496 3644 et.
3547 3603 3760 3658 magnus

2169 3671 2268 3730 fuit
2293 3673 2530 3732 Joannes
2565 3675 2820 3748 Baptista,
2849 3677 3000 3748 cujus
3037 3677 3464 3746 tnaguitudinem
3503 3677 3618 3748 ipse
3645 3677 3758 3732 ﬁl-

2171 3783 2320 3828 vator
2361 3783 2658 3840 attestatur,
2693 3773 2876 3828 dicens
2909 3789 2922 3826 :
2959 3771 3100 3828 Inter
3141 3783 3288 3828 natos
3341 3775 3620 3830 mulierum
3663 3789 3760 3828 non

2167 3867 2386 3918 surrexit
2413 3867 2716 3936 major,etc.
2745 3863 2956 3936 (Matth.
2981 3865 3076 3936 xl).
3099 3865 3162 3920 Et
3181 3865 3304 3920 alibi
3333 3867 3476 3920 idem
3507 3865 3758 3922 Dominus

2169 3957 2414 4012 eumdem
2449 3957 2720 4012 lucernam
2771 3965 2951 4022 vocat,
2981 3957 3164 4014 dicens
3206 3975 3220 4013 :
3265 3957 3368 4012 Ille
3397 3969 3512 4014 erat
3559 3959 3762 4012 inter“

2169 4049 2356 4104 ardens
2387 4059 2432 4104 et
2464 4051 2636 4104 lucens
2677 4041 2866 4120 (Joau.
2903 4049 2990 4120 ν).
3051 4049 3144 4104 llic
3205 4063 3334 4120 ergo
3397 4051 3756 4106 testimonia

2170 4137 2398 4196 Domino
2421 4151 2601 4196 nostro
2629 4135 2754 4196 Jesu
2785 4141 2996 4196 Christo
3027 4143 3314 4211 perhiburt,
3347 4141 3580 4200 dicens:
3613 4141 3748 4212 Ergo

2169 4247 2252 4286 eos
2281 4231 2500 4300 baptizu,
2525 4229 2612 4288 sed
2637 4233 2718 4300 qui
2747 4241 2856 4300 post
2886 4249 2964 4286 me
2985 4233 3136 4302 venit,
3161 4233 3346 4304 fortior
3365 4251 3446 4288 me
3477 4245 3584 4302 est,
3611 4237 3760 4306 atsz

2167 4341 2264 4378 non
2287 4341 2398 4376 sum
2415 4323 2596 4396 dignus
2613 4325 2884 4396 corrigiam
2902 4325 3228 4380 calceamenti
3247 4327 3444 4382 solt-ere
3473 4327 3624 4398 (Luc.
3647 4327 3732 4400 tu)
3745 4367 3762 4382 .

2165 4413 2266 4472 Sed
2293 4415 2460 4470 intimi
2485 4415 2580 4470 ista
2607 4432 2708 4470 non
2733 4415 3158 4484 attendentes,et
3185 4417 3378 4472 borum
3405 4417 3534 4474 facti
3565 4421 3762 4474 imme-

485 4511 734 4578 gaudium
781 4513 952 4570 beam
989 4517 1210 4574 visionis
1259 4535 1562 4578 mereamur
1607 4525 1830 4582 feliciter
1875 4543 2062 4598 pave.
2095 4541 2142 4606 Β
2169 4527 2366 4600 mures,
2391 4511 2538 4578 quasi
2571 4507 2717 4564 solus
2749 4509 2848 4562 sibi
2879 4509 3240 4566 testimonium
3263 4509 3714 4576 daret,dicebant
3747 4527 3766 4568 :

485 4601 624 4658 nire.

1045 4699 1320 4758 llOMlLlA
1359 4703 1486 4760 Clll.

905 4837 958 4887 In
989 4846 1224 4888 suosuo
1251 4847 1380 4890 rosr
1419 4835 1638 4890 Latere.

551 4961 618 5022 1η
645 4965 736 5022 illo
759 4973 982 5038 tempore
999 4967 1194 5024 dicebat
1211 4965 1360 5024 Jesus
1385 4971 1542 5024 turbis
1561 4965 1866 5026 Judteorum
1895 4988 1914 5030 :
1941 4971 2052 5046 Ego

477 5073 590 5114 sum
617 5059 710 5114 tua:
733 5063 932 5117 mundi.
961 5061 1062 5126 Qui
1089 5063 1312 5134 sequitur
1341 5079 1418 5116 me
1439 5079 1540 5118 non
1561 5065 1786 5118 ambulat
1809 5065 1862 5120 in
1915 5077 2050 5124 tene-

477 5153 602 5220 bris,
632 5153 722 5206 sed
751 5151 952 5208 habebit
979 5155 1148 5210 tanien
1175 5155 1322 5220 vitae,
1349 5165 1452 5210 etc.
1489 5153 1666 5224 (Joan.
1703 5157 1840 5230 viti).

551 5241 834 5316 Postquam
861 5245 1118 5300 Dominus
1141 5255 1192 5302 et
1217 5245 1517 5318 redemptor
1547 5259 1728 5306 noster
1773 5249 2052 5306 mulierem

481 5335 532 5388 in
577 5335 842 5390 adulterio
885 5331 1352 5404 deprehensam,a
1395 5339 1598 5394 sterilia
1643 5339 1948 5398 Jtn‘laiorum
1997 5358 2054 5399 se

479 5423 718 5494 lapidare
749 5427 1042 5482 volentium
1073 5427 1284 5496 eripuit,
1315 5441 1368 5484 et
1393 5445 1420 5483 a
1447 5443 1600 5486 reatu
1649 5433 1892 5488 adulterii
1945 5435 2048 5490 mi-

477 5515 902 5574 sericordissime
928 5517 1176 5584 absolvit,
1196 5535 1264 5576 ne
1290 5521 1446 5576 alicui
1469 5523 1710 5580 fortassis
1739 5525 1790 5580 in
1827 5527 2042 5584 dubium

475 5609 700 5678 Veniret,
725 5621 1026 5669 utrumnam
1069 5613 1112 5669 is
1153 5631 1306 5684 quem
1357 5631 1540 5670 verum
1589 5617 1858 5674 hominem
1901 5633 2050 5694 puta-

474 5701 620 5772 bant,
645 5715 826 5774 posset
856 5715 1074 5776 peccata
1107 5707 1398 5774 dimittere,
1425 5705 1674 5782 dignatur
1705 5715 2050 5784 apertissime

473 5793 592 5872 quis
637 5795 728 5864 sit,
759 5811 828 5856 ex
873 5799 1170 5857 divinitatis
1215 5803 1456 5872 potentia
1503 5803 1898 5866 demonstrare.
1957 5811 2046 5868 Ait

2171 4603 2250 4658 Tu
2279 4603 2340 4656 de
2379 4605 2534 4674 teipse
2575 4603 2918 4656 testimonium
2955 4601 3204 4674 perhibes,
3231 4605 3586 4660 testimonium
3615 4615 3770 4658 tum

2163 4691 2266 4748 rion
2297 4705 2366 4748 cst
2399 4709 2588 4748 rerum.
2621 4691 2724 4750 Sed
2767 4685 3042 4750 audiamus
3093 4695 3218 4766 quid
3249 4697 3330 4750 eis
3371 4697 3632 4754 Dominus
3675 4713 3770 4754 re-

2163 4783 2436 4852 sjionderit
2469 4801 2480 4836 :
2515 4781 2650 4838 Etsi
2685 4799 2776 4854 ego
2810 4785 3144 4840 testimonium
3167 4785 3410 4856 perhibeo
3443 4791 3510 4844 de
3537 4793 3770 4862 meipsa,

2165 4873 2506 4926 testimonium
2539 4887 2704 4926 incum
2733 4883 2806 4928 est
2836 4889 3026 4944 verum,
3053 4876 3172 4946 quia
3197 4875 3304 4930 scio
3353 4879 3496 4932 unde
3543 4879 3680 4944 uerri,
3715 4889 3772 4934 et

2161 4967 2261 5034 quo
2287 4963 2438 5020 vado.
2463 4963 2662 5028 Quibus
2697 4965 2878 5020 verbis
2903 4981 2964 5021 se
2989 4967 3144 5020 simul
3195 4977 3252 5024 et
3311 4969 3480 5024 Deum
3537 4971 3770 5030 Patrem

2159 5055 2414 5122 Ostendit,
2443 5057 2528 5112 cui
2571 5071 2784 5112 onmem
2813 5059 3038 5128 gloriam
3077 5057 3234 5114 dabat
3283 5063 3602 5130 unigenitus
3663 5061 3774 5126 De?

2159 5137 2346 5204 Filius.
2383 5147 2464 5216 Si,
2497 5149 2686 5220 inquit,
2719 5165 2809 5222 ego
2857 5151 3088 5222 perhibeo
3135 5153 3490 5220 testimonium
3533 5157 3600 5212 de
3655 5177 3774 5226 me,

2157 5233 2326 5296 uerum
2353 5251 2424 5295 est
2457 5259 2622 5296 meum
2655 5243 3015 5314 testimonium,
3041 5245 3180 5316 quod
3211 5247 3386 5304 Patris
3439 5251 3776 5312 testimonio

2155 5335 2523 5392 confirmatur.
2549 5335 2674 5390 Scio
2703 5339 2848 5394 enim
2873 5337 3016 5394 unde
3041 5339 3184 5406 veni,
3211 5341 3334 5410 quia
3363 5341 3434 5398 ab
3459 5359 3530 5402 eo
3551 5347 3780 5408 missus

2155 5443 2270 5484 sum
2295 5449 2308 5496 ;
2335 5439 2386 5486 et
2413 5445 2516 5502 quo
2535 5431 2692 5498 vado,
2711 5433 2832 5504 quia
2867 5442 3082 5500 peracto
3109 5437 3374 5502 mysterio
3401 5453 3544 5492 mea
3567 5439 3776 5500 incar-

2153 5525 2406 5592 nationis,
2439 5535 2678 5582 revertar
2705 5525 2774 5580 ad
2801 5525 3032 5582 Patrem.
3065 5525 3182 5584 Non
3211 5539 3394 5586 autem
3431 5533 3672 5602 quando
3703 5539 3780 5594 ad

2149 5638 2248 5680 nos
2275 5623 2437 5688 venit,
2455 5621 2662 5678 Patrem
2683 5621 2936 5692 deseruit,
2957 5637 3056 5680 nec
3081 5637 3290 5680 rursum
3313 5627 3536 5696 quando
3555 5631 3636 5686 ad
3665 5631 3776 5688 Pa-

2153 5727 2288 5774 trem
2313 5717 2498 5786 rediit,
2529 5727 2725 5774 terras.
2755 5717 2938 5788 Neque
2959 5717 3102 5774 enim
3135 5709 3238 5774 tale
3265 5719 3448 5778 lumen
3475 5733 3560 5778 est
3597 5723 3778 5784 Chri-

2151 5823 2286 5880 suts,
2343 5811 2484 5882 quod
2529 5811 2660 5868 locis
2715 5815 3152 5884 temporibusque
3205 5813 3774 5892 comprehendatur,
