3972 6340
188 397 336 466 taoa

1165 397 1630 459 nontuttntus.
1669 428 1741 443 --
1779 385 1947 459 nbat.
1988 393 2077 460 ne
2112 399 2465 464 TEMPORE.

3323 405 3463 475 i3l0

185 519 325 581 sicut
353 519 433 577 sol
463 520 561 577 iste
585 525 898 589 eorporeus,
922 515 1010 588 qui
1057 532 1159 573 non
1201 528 1378 587 potest
1406 517 1661 573 accedere
1693 515 1759 571 ad
1791 503 1843 579 Δ
1870 517 2229 575 teStimonium
2260 521 2562 592 improbare
2585 521 2668 579 vel
2700 519 2925 594 rejicere
2962 519 3066 582 nun
3094 519 3320 596 audetis,
3362 543 3468 602 qua

182 617 542 683 occidentem,
577 615 678 670 nisi
706 613 920 670 recedat
945 613 1012 668 ab
1040 613 1267 668 oriente.
1295 613 1413 667 Non
1446 612 1515 667 ita
1569 613 1636 669 de
1688 613 1776 669 illo

187 723 315 765 tero
346 711 563 773 lumine,
583 707 719 777 quod
749 717 828 761 est
858 705 1121 769 Christus,
1143 705 1478 760 sentiendum
1504 715 1604 773 est,
1634 703 1772 773 quod

179 799 384 871 ubique
417 802 584 856 totum
633 810 736 866 est,
775 797 916 869 quod
977 798 1170 868 ubique
1230 797 1571 852 inel'labiliter
1610 797 1772 852 lucet.

181 909 304 962 ipse
363 893 502 948 enim
556 891 678 946 alibi
730 893 857 946 dicit
913 911 923 944 :
985 890 1143 945 Deum
1187 907 1333 944 nemo
1382 890 1508 944 vidit
1553 907 1776 961 unquam

177 987 366 1058 (Joan.
399 991 462 1052 i).
485 985 796 1054 Unigenitus
829 982 990 1038 Filius
1015 985 1102 1053 qui
1128 991 1209 1038 est
1233 983 1283 1037 in
1313 985 1430 1038 sinu
1454 981 1645 1047 Patris,
1664 982 1776 1051 ipse

183 1080 476 1136 enarravit.
508 1079 561 1132 lu
594 1079 751 1133 terris
793 1075 1132 1146 loquebatur,
1165 1085 1218 1132 et
1265 1075 1402 1144 apud
1456 1076 1664 1129 Patrem
1715 1089 1775 1129 se

185 1185 310 1225 ese
344 1169 579 1234 dicebat,
607 1167 698 1223 sed
723 1183 815 1238 per
838 1167 1207 1221 ascensionem
1231 1164 1341 1235 jam
1371 1180 1679 1219 recessurus
1709 1163 1775 1219 tle

184 1261 409 1326 mundo,
428 1259 669 1328 promisit
701 1258 968 1324 ﬁdelibus,
996 1259 1177 1312 dicens
1201 1275 1214 1311 :
1246 1253 1380 1312 Ecce
1404 1274 1492 1327 ego
1519 1256 1772 1311 vobiscum

183 1371 296 1408 sum
325 1354 556 1405 omnibus
582 1349 752 1405 diebus
783 1367 942 1421 usque
979 1351 1045 1404 ad
1073 1351 1558 1404 consummationem
1601 1350 1776 1403 steculi

185 1443 407 1515 (Matth.
438 1443 645 1514 xxrttt).
684 1439 879 1498 Verum
915 1443 1075 1513 igitur
1097 1455 1212 1498 erat
1244 1444 1603 1498 testimonium
1635 1437 1776 1510 quod

185 1535 254 1593 de
286 1553 343 1592 se
385 1537 718 1607 perhibebat,
751 1539 870 1605 quia
903 1552 933 1591 a
975 1537 1132 1591 Patre
1161 1537 1507 1607 missus,ejus
1538 1539 1780 1590 testimo-

183 1611 331 1686 nium
362 1627 612 1694 habebat,
645 1635 803 1697 atque
831 1627 933 1683 hoc
962 1629 1196 1698 itnpleto,
1244 1645 1308 1683 eo
1369 1633 1507 1682 unde
1540 1639 1777 1696 venerat,

191 1723 426 1778 redibat.
469 1721 567 1777 Vos
595 1724 872 1778 secundum
907 1742 1111 1778 carnem
1132 1727 1405 1796 judicatis,
1438 1742 1530 1795 ego
1552 1743 1650 1778 non
1678 1729 1780 1796 ju-

195 1816 314 1870 dico
344 1833 670 1886 qucntquam.
705 1815 817 1871 lloc
855 1815 922 1871 de
957 1817 1136 1886 primo
1165 1817 1283 1886 ejus
1321 1817 1551 1871 adventu
1610 1820 1776 1888 accipi
1809 1869 1820 1888 ἐ

189 1907 375 1965 debet.
399 1909 515 1965 Duo
548 1911 687 1964 enitn
720 1923 844 1965 sunt
871 1912 1077 1966 Domini
1112 1914 1395 1968 adventus.
1444 1912 1651 1967 Primus
1679 1914 1779 1968 mi-
1809 1877 1855 1943 Β

188 2003 522 2068 δετὶροτᾱίτιξ,
554 2003 1062 2075 secundusjudicii;
1118 2005 1207 2058 ille
1250 2014 1497 2073 peractus
1549 2014 1649 2068 est,
1682 2003 1780 2058 iste

187 2091 241 2150 in
277 2098 380 2150 line
410 2097 589 2148 saeculi
626 2095 836 2150 iuturus
871 2107 972 2151 est.
1004 2093 1062 2150 Si
1112 2096 1250 2150 enim
1303 2097 1473 2166 primo
1526 2096 1780 2150 Dominus

184 2188 430 2258 judicare
459 2189 916 2253 venisset,omnes
949 2187 1247 2258 puniendos
1276 2187 1592 2258 repet-isset.
1628 2188 1778 2246 Prius

189 2295 322 2349 ergo
353 2277 704 2350 praeroganda
744 2289 860 2334 erat
916 2279 1304 2345 misericordia,
1351 2290 1469 2350 post
1518 2279 1776 2350 judicium

190 2367 576 2428 exercendum.
607 2371 737 2436 Quia
770 2383 821 2425 et.
855 2369 1134 2425 Psalmista
1163 2371 1294 2424 dixit
1325 2389 1337 2424 :
1374 2369 1780 2426 Misericordiam

188 2471 234 2517 et
257 2463 508 2532 iudicium
532 2465 741 2517 cantabo
766 2463 873 2525 tibi,
901 2461 1121 2515 Domine
1170 2461 1345 2532 (Psal.
1370 2463 1448 2531 ε),
1483 2447 1629 2530 prius
1677 2462 1780 2518 tni-

190 2554 565 2621 sericordiam,
598 2565 717 2622 post
744 2551 1002 2623 judicium
1036 2569 1094 2607 se
1123 2553 1259 2606 dixit
1313 2552 1540 2607 Domino
1595 2565 1781 2608 canta-

191 2653 392 2700 luru'm.
419 2643 521 2700 Per
545 2648 682 2698 hanc
713 2643 1134 2699 misericordiam
1174 2644 1344 2699 factus
1374 2654 1455 2698 est
1487 2659 1581 2714 pro
1612 2645 1784 2698 homi-

189 2741 352 2796 nibus
394 2735 576 2806 homo,
609 2738 916 2808 opprobria,
976 2737 1280 2804 irrisioncs,
1327 2747 1506 2808 Sputa,
1551 2738 1782 2808 ﬂagella,

188 2839 243 2888 et
300 2841 568 2900 postremo
617 2832 784 2899 ipsam
837 2845 1051 2884 crucem
1111 2830 1384 2896 sustinuit,
1417 2840 1471 2884 ut
1518 2831 1784 2885 hominem

190 2921 453 2993 perditum
485 2922 736 2978 salvaret.
775 2922 846 2978 De
876 2919 976 2976 hoc
1007 2937 1136 2990 ergo
1184 2923 1360 2990 primo
1399 2937 1496 2976 suo
1531 2923 1782 2987 adventu,

187 3029 298 3082 quo
327 3013 750 3070 misericorditer
801 3024 1019 3068 venerat
1073 3029 1241 3085 genus
1302 3015 1590 3069 humanum
1642 3013 1785 3067 redi-

190 3115 362 3171 mere,
396 3107 468 3160 ait
502 3124 514 3160 :
548 3105 658 3177 Ego
691 3123 789 3160 non
816 3107 988 3174 judico
1020 3115 1344 3177 quemquam.
1395 3105 1528 3160 Nam
1585 3103 1651 3159 de
1703 3118 1786 3159 se-

188 3191 392 3263 ctindo,
423 3197 724 3267 quojudex
780 3207 1036 3252 venturus
1097 3196 1498 3266 est,subjungit
1550 3214 1560 3248 :

182 3287 367 3365 judico
393 3303 503 3358 ego,
526 3289 779 3360 judicium
817 3305 980 3342 meum
1031 3303 1200 3341 verum
1236 3298 1328 3340 est.
1393 3285 1548 3341 Unde
1603 3296 1784 3341 autem

191 3391 384 3437 verum
412 3389 556 3434 esset
583 3379 838 3449 judicium
862 3379 1002 3449 ejus,
1029 3379 1201 3449 aperit
1232 3394 1352 3432 eum
1394 3377 1568 3432 subdit
1604 3394 1624 3432 :
1657 3377 1791 3444 Quia

187 3473 334 3532 solus
355 3491 458 3529 non
485 3479 632 3540 sunt;
673 3471 762 3528 sed
792 3490 907 3546 ego,
926 3485 972 3528 et
995 3473 1084 3542 qui
1116 3473 1248 3526 misit
1273 3487 1370 3539 nte,
1397 3470 1575 3536 Pater,
1603 3471 1654 3526 id
1686 3483 1787 3536 est,

195 3567 471 3624 incarnari
505 3584 587 3622 mc
632 3563 925 3620 constituit.
963 3563 1142 3620 Missio
1164 3565 1306 3618 enim
1335 3567 1459 3630 ista,
1495 3564 1791 3618 incarnatio

196 3669 306 3718 est.
327 3659 521 3715 Missus
553 3671 680 3727 ergo
713 3676 740 3710 a
773 3655 929 3712 Patre
968 3655 1133 3710 Filius
1179 3655 1374 3722 fuerat,
1407 3655 1501 3710 sed
1550 3671 1578 3708 a
1634 3653 1793 3709 Patre

197 3770 313 3810 non
339 3761 658 3808 recesserat.
688 3751 739 3804 In
765 3750 1022 3804 mundttm
1051 3763 1282 3818 namque
1308 3747 1453 3803 venit
1483 3761 1576 3805 ner
1604 3743 1793 3800 huma-

192 3845 444 3910 nitatem,
471 3843 561 3901 sed
598 3844 788 3899 mansit
812 3860 931 3898 cum
975 3843 1134 3898 Patre
1162 3858 1258 3913 per
1280 3839 1602 3896 coaeternatn
1652 3839 1795 3896 illius

195 3936 560 3992 divinitatem.
595 3933 719 3991 lnde
769 3952 896 4006 ergo
948 3952 1132 3990 verum
1181 3946 1295 3990 erat
1339 3933 1596 4003 judicium
1656 3931 1790 4001 ejus,

196 4028 327 4100 quia
360 4028 471 4100 ipse
499 4045 658 4084 verus
686 4039 805 4083 erat
848 4029 938 4082 hei
985 4025 1176 4082 Filius.
1227 4023 1293 4079 Et
1340 4028 1392 4080 in
1443 4025 1570 4098 lege,
1603 4023 1792 4094 inquit,

195 4130 371 4175 vestra
397 4122 643 4186 scriptum
686 4127 799 4172 est:
833 4117 964 4183 Quia
1006 4115 1225 4171 duorum
1269 4116 1527 4169 hominum
1573 4111 1796 4167 testium-

197 4215 348 4269 nium
371 4231 544 4268 r-erunt
596 4221 667 4266 est
722 4211 896 4282 (Deut.
930 4209 1084 4279 xvn).
1132 4205 1198 4263 In
1247 4208 1353 4278 lege
1392 4216 1573 4272 vestra,
1602 4203 1792 4274 inquit,

195 4305 453 4377 scriptum
483 4319 556 4358 est
594 4322 611 4359 .'
646 4303 697 4357 in
739 4301 854 4372 lege
885 4301 1002 4371 qua:
1028 4299 1182 4356 VOltlS
1212 4299 1331 4353 data
1373 4309 1474 4352 est.
1506 4297 1596 4352 Sic
1621 4295 1794 4367 qunti.

197 4397 292 4455 die
324 4396 549 4451 dicimus
575 4399 791 4451 orantes
823 4412 835 4445 :
869 4381 1067 4446 Panem
1114 4400 1363 4456 nostrum,
1399 4389 1451 4443 id
1509 4399 1610 4453 est,
1637 4399 1792 4458 quem

199 4491 362 4547 nobis
391 4489 506 4545 dari
546 4489 905 4560 exposcimus.
955 4485 1313 4553 Quaerendum
1345 4501 1495 4553 vero,
1525 4485 1795 4553 quOInnth

1618 3193 1786 3310 51f?
1813 3233 1862 3310 c

1884 610 2087 666 ratione
2113 628 2316 680 meum,
2341 623 2395 668 et
2430 613 2518 669 Dei
2546 611 2740 683 Patris,
2771 623 2824 671 et
2851 615 3079 687 Spiritus
3125 619 3292 675 sancti
3322 624 3470 677 testi-

1884 701 2144 770 monium,
2167 705 2306 772 quod
2341 721 2544 760 summa
2578 709 2804 764 veritate
2831 707 3124 765 stabilitum
3150 721 3253 776 est,
3283 728 3470 770 verum

1882 809 1989 848 n0n
2020 809 2138 851 esse
2167 796 2350 852 dicere
2380 799 2736 863 pratsnntitis?
2763 793 3002 870 Accipite
3028 799 3201 871 potius
3228 814 3469 862 nostrum

1882 885 2265 952 testimonium,
2323 903 2388 941 ne
2441 891 2683 945 sentiatis
2734 889 3014 962 judicium.
3071 883 3182 966 Ego
3231 911 3344 949 sum
3383 896 3472 962 qui

1879 977 2222 1031 testimonium
2246 979 2487 1048 perhibeo
2516 979 2578 1035 de
2601 981 2818 1051 meipso.
2845 981 2963 1053 ipse
2995 983 3060 1038 de
3092 983 3272 1055 seipso
3321 987 3472 1041 testi-

1880 1070 2117 1123 tnonium
2171 1071 2432 1139 perhibet,
2479 1089 2575 1127 nec
2631 1075 2853 1143 requirit
2892 1071 3051 1130 alium
3086 1086 3271 1131 testem
3310 1092 3468 1147 quam

1881 1160 2139 1228 Seipsum,
2167 1163 2290 1231 quia
2321 1163 2497 1217 omnia
2533 1165 2677 1220 novit
2706 1163 2866 1221 etiam
2907 1177 3191 1239 antequam
3236 1167 3384 1238 flant,
3419 1177 3474 1225 et

1881 1253 2138 1323 quidquid
2169 1270 2232 1309 ex
2265 1271 2372 1325 quo
2403 1258 2547 1312 iorite
2577 1258 2851 1327 procedat,
2885 1259 3291 1316 evidentissime
3340 1276 3473 1318 con-

1883 1345 2103 1398 siderat.
2139 1345 2328 1400 Omnia
2355 1347 2495 1402 enint
2530 1349 2667 1403 nuda
2697 1360 2749 1404 et
2779 1361 2965 1422 aperta
2988 1359 3115 1406 sunt
3135 1351 3301 1406 oculis
3329 1351 3471 1422 ejus,

1883 1451 1980 1490 nec
2012 1436 2077 1492 ab
2112 1437 2294 1507 aliquo
2324 1439 2544 1507 requirit
2573 1439 2743 1510 qualis
2767 1446 2836 1495 sit
2869 1441 2971 1498 vita
2995 1443 3352 1514 singulorum,
3383 1443 3474 1514 qui

1883 1527 2048 1597 judex
2077 1537 2131 1585 et
2154 1533 2391 1585 omnium
2424 1531 2719 1597 hominum,
2743 1534 2942 1606 quique
2971 1529 3161 1592 reddet
3191 1531 3476 1608 unicuique

1886 1625 2178 1679 secundum
2205 1641 2365 1696 opera
2400 1642 2516 1682 sua.
2546 1629 2834 1698 Sequitur:
2866 1627 2936 1684 Et
2967 1631 3312 1685 testimonium
3353 1649 3474 1704 per-

1886 1718 2018 1770 Itibst
2049 1721 2110 1772 de
2139 1736 2237 1784 me,
2265 1722 2353 1789 qui
2380 1721 2517 1775 misit
2547 1739 2625 1776 me
2649 1723 2819 1777 Pater.
2847 1723 2960 1777 Non
2992 1723 3162 1792 solus,
3188 1705 3380 1796 inquit,
3406 1723 3476 1782 de

1889 1825 1973 1863 tne
1999 1810 2361 1865 te5timonium
2398 1811 2674 1881 pcrhibeo,
2703 1815 2825 1884 quia
2862 1814 3020 1870 Pater
3043 1815 3131 1885 qui
3176 1814 3321 1870 misit
3367 1831 3474 1884 me,

1887 1900 1998 1969 ipse
2054 1902 2416 1957 testimonium
2475 1903 2650 1958 reddit
2717 1903 2868 1960 mihi.
2927 1905 3031 1960 Sed
3089 1905 3258 1963 Judaei
3312 1907 3475 1964 verba

1889 1991 2084 2046 Christi
2118 1995 2402 2051 carnaliter
2432 1999 2774 2067 accipientes,
2805 2000 3012 2056 Patrem
3053 2000 3250 2056 Christi
3279 2013 3469 2056 carna-

1886 2083 2006 2136 liter
2042 2085 2439 2154 intellexerunt,
2471 2087 2698 2159 ideoque
2733 2090 3026 2148 dixerunt:
3064 2092 3163 2147 Ubi
3205 2101 3280 2147 est
3327 2102 3474 2164 pater

1886 2177 2045 2228 tuus?
2081 2173 2344 2232 Videbant
2376 2196 2603 2250 namque
2630 2183 2680 2236 in
2712 2195 2898 2252 aperto
2923 2183 3215 2253 hominem,
3250 2183 3343 2239 sed
3369 2198 3476 2242 non

1886 2265 2256 2337 intelligebant
2313 2273 2362 2326 in
2419 2278 2629 2329 occulto
2696 2277 2882 2334 Deum.
2931 2277 3049 2346 Ubi,
3094 2279 3477 2350 inquiunt,est

1887 2370 2028 2428 pater
2052 2363 2203 2414 tuus}
2263 2363 2597 2430 Audivimus,
2635 2367 2800 2434 aiunt,
2838 2379 2891 2422 te
2922 2367 3190 2424 dicentem
3215 2369 3338 2439 quia
3369 2384 3477 2425 non

1893 2465 2039 2505 esses
2075 2453 2238 2520 solus,
2270 2453 2360 2509 sed
2389 2455 2476 2524 qtti
2520 2465 2570 2511 te
2619 2457 2762 2512 misit
2790 2467 2962 2527 pater,
2997 2469 3172 2516 tecum
3202 2469 3347 2516 esset
3379 2477 3392 2514 :
3424 2459 3478 2516 te

1895 2555 2072 2600 autem
2126 2549 2299 2602 solum
2356 2551 2621 2618 videmus,
2671 2563 2874 2622 patrem
2923 2565 3098 2610 tecum
3151 2555 3333 2612 videre
3370 2569 3478 2612 non

1894 2650 2194 2704 possumus.
2260 2637 2499 2697 Ostende
2541 2657 2668 2712 ergo
2711 2644 2863 2699 nobis
2921 2655 3126 2714 patrem
3180 2655 3350 2701 tuum.
3407 2644 3478 2701 Et

1892 2727 2140 2787 Dotniuus
2165 2747 2183 2785 :
2214 2730 2391 2802 Neque
2422 2751 2498 2784 me
2520 2735 2676 2797 scitis,
2697 2751 2854 2802 neque
2875 2733 3100 2789 Patrem.
3143 2735 3219 2790 Ac
3257 2735 3301 2792 si
3332 2735 3477 2792 dice-

1890 2838 1972 2884 ret
2007 2846 2018 2880 :
2053 2827 2109 2882 Si
2140 2827 2300 2880 vultis
2333 2836 2389 2880 ut
2419 2825 2626 2880 Patrem
2657 2828 2808 2880 vobis
2857 2827 3160 2893 ostendam,
3186 2827 3339 2896 quasi
3389 2841 3477 2883 me

1887 2921 1996 2992 jatn
2039 2920 2269 2986 sciretis,
2301 2920 2394 2974 sed
2416 2919 2593 2972 adhuc
2624 2931 2795 2987 neque
2826 2932 2909 2972 me
2952 2917 3120 2982 scitis,
3155 2931 3331 2986 neque
3379 2917 3478 2973 Pa-

1898 3029 2031 3075 trem
2060 3034 2261 3073 memn.
2288 3017 2417 3071 Nam
2450 3014 2570 3085 quia
2620 3030 2707 3070 me
2757 3013 3034 3083 ignoratis,
3062 3013 3262 3069 idcirco
3299 3028 3478 3069 meum

1892 3114 2106 3168 Patrem
2139 3111 2278 3166 scire
2305 3123 2410 3163 non
2441 3109 2688 3179 potestis.
2709 3105 2860 3160 Prius
2883 3111 2967 3160 eet
2990 3113 3047 3159 ut
3075 3119 3161 3159 me
3183 3118 3478 3175 cognosca-

1899 3206 1990 3273 tis,
2025 3215 2077 3258 et
2102 3213 2230 3257 tunc
2263 3202 2328 3255 nd
2361 3197 2533 3256 Patris
2563 3200 2664 3254 mei
2697 3197 2937 3253 notitiam
2972 3196 3253 3264 pervenire
3281 3196 3477 3266 poteri-

1893 3301 1981 3352 tis.
2014 3298 2073 3351 Si
2097 3298 2227 3349 enim”
2253 3311 2329 3348 me
2354 3294 2566 3358 sciretis,
2587 3292 2805 3362 forsitan
2833 3300 2880 3345 et
2907 3296 3101 3359 patrem
3125 3303 3288 3344 meum
3322 3290 3478 3344 scire-

1894 3391 1976 3443 tis.
2007 3389 2119 3444 Una
2152 3398 2232 3441 est
2258 3388 2405 3441 enim
2433 3385 2664 3453 cognitio
2695 3384 2867 3438 Patris
2897 3392 2949 3437 et
2967 3382 3354 3453 Filii,quorum
3369 3395 3472 3438 una

1893 3494 1976 3539 cst
1999 3479 2315 3546 substantia,
2343 3494 2440 3534 nec
2469 3479 2603 3533 alter
2631 3478 2748 3532 sine
2773 3477 2942 3531 altero
2974 3475 3223 3546 cognosci
3277 3486 3470 3544 p0test.

1895 3575 2167 3630 Noverunt
2199 3574 2356 3642 igitur
2387 3570 2654 3624 Christum
2684 3567 2976 3623 secundum
3010 3580 3250 3633 carnem,
3281 3579 3472 3622 secun-

1893 3665 2018 3719 dum
2045 3679 2203 3735 quam
2239 3663 2361 3716 alibi
2386 3662 2452 3716 de
2479 3663 2554 3716 eis
2600 3660 2735 3714 dixit
2766 3675 2780 3712 :
2814 3657 2880 3710 Et
2927 3673 3005 3710 me
3047 3657 3207 3723 scitis,
3250 3663 3298 3710 et
3336 3656 3472 3710 unde

1893 3761 1987 3815 sint
2040 3759 2180 3810 scitis
2219 3755 2537 3827 (Joan.vtt);
2584 3751 2675 3806 sed
2720 3750 3036 3821 ignorabant
3071 3748 3188 3818 ejus
3228 3747 3478 3804 divinita-
3546 3791 3550 3794 .

1903 3859 2029 3904 tem.
2067 3848 2200 3903 Dicit
2249 3853 2423 3899 autem
2483 3841 2679 3908 forsan,
2711 3857 2814 3895 non
2867 3837 3180 3904 dubitando,
3212 3833 3308 3893 sed
3359 3837 3476 3894 inii-

1895 3939 2164 3994 dclitatem
2205 3933 2546 4006 increpando.
2599 3933 2710 3988 Hoc
2748 3933 2889 3987 enim
2914 3927 3226 3984 adverbium
3256 3944 3378 3984 cum
3407 3925 3476 3984 ab

1898 4034 2111 4086 homine
2140 4030 2354 4093 dicitur,
2386 4026 2768 4081 dubitationem
2801 4021 3063 4091 signiﬁcat
3092 4037 3108 4086 ;
3136 4035 3255 4075 cum
3283 4034 3313 4074 a
3337 4017 3470 4088 Deo,

1894 4124 1978 4180 cui
2011 4122 2142 4176 nihil
2185 4121 2451 4175 occultum
2498 4133 2616 4173 esse
2643 4123 2841 4186 potest,
2873 4112 3309 4182 increpationem.
3343 4107 3476 4166 Nam

1895 4229 1949 4273 et
1979 4215 2265 4284 Apostolus
2285 4228 2402 4266 cum
2442 4211 2685 4266 diceret:
2733 4206 2868 4262 Puto
2915 4207 3036 4276 quia
3081 4205 3338 4275 Spiritum
3380 4203 3479 4260 Dei

1897 4308 2057 4361 habeo
2087 4304 2139 4377 (1
2166 4306 2282 4362 Cor.
2309 4304 2431 4371 vn),
2467 4317 2570 4356 non
2595 4315 2654 4355 se
2680 4299 2934 4368 Spiritutn
2972 4297 3066 4354 Dei
3096 4297 3297 4352 habere
3323 4295 3481 4353 dubi-

1899 4403 2066 4465 tabat,
2109 4403 2202 4453 sed
2235 4399 2537 4453 dubitantes
2565 4405 2620 4452 et
2667 4393 2970 4449 incredulos
3019 4392 3298 4461 arguebat.
3346 4391 3479 4448 Cum

1897 4511 2022 4562 ergo
2047 4494 2211 4547 dicit:
2242 4493 2296 4548 Si
2325 4508 2406 4545 me
2438 4489 2669 4555 sciretis,
2701 4487 2919 4542 lorsitan
2959 4495 3014 4540 et
3044 4485 3256 4543 Patrem
3297 4501 3474 4542 meum

199 4564 434 4640 duorum
467 4579 738 4636 hominum
769 4579 1134 4634 testimonium
1181 4593 1364 4631 verum
1412 4575 1498 4630 sit.
1549 4569 1794 4644 Nunquid
1902 4589 2136 4650 sciretis,
2173 4587 2414 4653 increpat
2441 4582 2682 4637 inﬁdeles
2711 4581 2802 4652 qui
2828 4579 3136 4636 nesciebam
3175 4595 3333 4636 unam
3360 4595 3482 4637 esse

199 4677 282 4732 illi
317 4675 420 4730 duo
457 4673 575 4729 falsi
605 4683 768 4728 testes
794 4685 898 4727 n0n
931 4672 1174 4738 inerunt,
1207 4671 1296 4741 Qui
1329 4671 1379 4724 in
1408 4669 1654 4740 passione
1692 4665 1797 4721 Do-

197 4770 338 4827 ntini
364 4757 554 4824 falsum
584 4763 947 4823 testimonium
984 4766 1355 4836 protulerunt?
1407 4767 1512 4820 Aut
1561 4764 1797 4831 nunquid

197 4863 281 4922 illi
308 4861 413 4917 duo
436 4859 733 4932 presbyteri
765 4859 923 4915 etiam
958 4855 1075 4913 fulsi
1107 4865 1270 4913 testes
1302 4872 1408 4912 non
1443 4857 1680 4922 fuerunt,
1706 4861 1797 4926 qui

196 4956 256 5014 in
294 4956 411 5026 ipso
457 4953 593 5010 libro
620 4945 850 5010 Danielis
889 4961 1075 5008 contra
1106 4954 1404 5007 Susannam
1437 4950 1798 5006 castissimum

200 5049 331 5105 lals't
359 5047 595 5105 criminis
625 5043 990 5102 testimonium
1026 5045 1261 5100 tulerunt
1292 5041 1456 5116 (Dan.
1484 5043 1630 5114 xm).
1694 5041 1800 5098 Sed

203 5143 317 5200 hoc
340 5142 497 5197 modo
531 5149 650 5197 eum
680 5141 732 5196 in
764 5140 879 5211 lege
909 5140 1182 5194 diceretur
1212 5157 1223 5192 :
1259 5137 1325 5192 In
1355 5153 1442 5192 ore
1461 5136 1675 5192 duorum
1717 5134 1792 5190 vel

209 5233 374 5288 trium
413 5233 562 5288 stabit
616 5248 764 5286 omne
803 5219 1027 5298 verbum,
1055 5229 1308 5284 trinitatis
1363 5230 1793 5284 commendatum

205 5335 301 5386 est
331 5323 671 5398 mysterium,
705 5340 822 5396 quae
851 5321 1012 5378 etiam
1055 5325 1314 5380 Susanna:
1368 5319 1598 5376 castitati
1655 5320 1797 5376 intus

209 5422 270 5479 in
296 5419 618 5477 conscientia
649 5434 749 5475 suo
777 5419 1085 5474 testimonio
1128 5415 1540 5487 suﬂragabatur,
1591 5429 1714 5470 cum
1765 5429 1798 5470 a

206 5516 422 5574 duobus
453 5516 778 5588 presbyteris
806 5517 940 5572 falso
963 5516 1336 5588 accusabatur.
1360 5514 1430 5570 Et
1454 5522 1538 5568 est
1555 5505 1746 5569 sensus
1782 5529 1796 5568 :

209 5609 274 5667 Si
306 5609 530 5666 duorum
562 5607 833 5666 hominum
861 5587 1228 5666 testimonium
1249 5624 1434 5664 verum
1465 5623 1584 5666 esse
1621 5615 1801 5664 vestra

211 5701 306 5758 lex
329 5701 606 5772 approbat,
623 5703 712 5774 qui
736 5717 1115 5773 nonnunquam
1137 5701 1327 5756 falsum
1348 5701 1527 5758 dicere
1551 5710 1798 5771 possunt,

213 5793 325 5852 etsi
343 5811 449 5852 non
469 5797 648 5854 studio
671 5796 987 5865 mentiendi,
1008 5807 1183 5854 tamen
1211 5812 1398 5854 errore
1421 5797 1656 5868 decepti,
1673 5797 1800 5852 dum

217 5897 416 5960 putant
460 5904 590 5951 vera
625 5905 746 5952 esse
783 5905 902 5963 quae
946 5887 1081 5950 falsa
1131 5898 1287 5960 sunt;
1335 5889 1559 5962 si,ergo
1608 5888 1804 5948 borum

1903 4681 2258 4750 cognitionem
2312 4678 2480 4732 Patris
2528 4685 2581 4730 et
2631 4675 2770 4740 Filii,
2819 4687 2918 4728 nec
2964 4673 3188 4729 alterum
3221 4675 3287 4727 ab
3314 4673 3482 4728 altero

1903 4787 2056 4844 posse
2088 4769 2356 4842 cognosci.
2391 4768 2524 4822 llinc
2549 4766 2673 4822 alibi
2704 4766 2834 4821 dicit
2865 4765 3108 4836 Philippo
3137 4765 3394 4832 poscenti,
3424 4773 3483 4819 ut

1902 4870 1980 4924 eis
2009 4865 2314 4922 ostenderet
2349 4871 2552 4932 patrem
2580 4877 2592 4914 :
2629 4860 2730 4925 Qui
2757 4875 2836 4913 me
2854 4858 3005 4922 uidet,
3037 4859 3167 4911 uidet
3196 4867 3240 4910 et
3275 4856 3482 4911 Patrem

1903 4975 2070 5012 meum
2117 4955 2292 5029 (Joan.
2325 4955 2475 5025 xtv),
2520 4954 2642 5022 quia
2684 4953 2824 5005 enim
2869 4962 3031 5004 unum
3062 4955 3187 5003 sunt
3231 4946 3390 5002 Pater
3426 4956 3482 5002 et

1907 5050 2098 5114 Filius,
2139 5049 2338 5103 idcirco
2369 5060 2470 5100 una
2500 5055 2582 5100 est
2626 5043 2878 5112 cngnitio,
2906 5056 3008 5095 una
3057 5037 3301 5094 scientia.
3350 5037 3481 5092 Haec

1895 5144 2044 5200 verba
2074 5145 2270 5196 locutus
2295 5151 2368 5195 est
2390 5139 2539 5194 Iesus
2563 5138 2614 5191 in
2635 5134 3024 5206 gazophylacio,
3053 5133 3234 5186 docens
3260 5131 3313 5185 in
3347 5138 3479 5184 tem-

1898 5233 2004 5305 plo.
2045 5232 2490 5302 Gazophylaeium
2538 5230 2687 5284 locus
2714 5236 2832 5282 erat
2880 5228 2930 5280 in
2965 5224 3184 5293 templo,
3235 5223 3322 5278 ubi
3363 5221 3482 5278 the-

1898 5326 2040 5382 sauri
2097 5323 2541 5380 recondebantur.
2597 5319 2742 5375 Gaza
2791 5317 2988 5386 quippe
3036 5315 3212 5386 lingua
3267 5312 3478 5369 Persice

1901 5418 2116 5482 divitiae,
2163 5416 2410 5486 phylasso
2459 5412 2644 5468 Grznce
2687 5410 2878 5464 dicitur
2915 5421 3096 5464 servo.
3145 5403 3479 5475 Gazophyla-

1903 5509 2042 5564 cium
2071 5521 2197 5577 ergo
2220 5503 2516 5574 composito
2543 5502 2762 5557 nomine
2789 5507 2965 5565 vocat,
3006 5497 3150 5567 quod
3175 5496 3378 5552 divitia
3405 5495 3479 5552 ibi

1901 5609 2261 5657 servarentur.
2295 5599 2476 5667 Magna
2519 5609 2678 5665 porro
2719 5592 3042 5658 constantia,
3069 5591 3258 5662 ingens
3286 5587 3479 5644 ﬁducia

1903 5693 2166 5763 loquentis
2208 5689 2414 5746 Domini
2461 5687 2882 5750 demonstratur,
2911 5681 3003 5752 qui
3031 5683 3082 5738 in
3128 5680 3260 5751 ipsis
3291 5677 3478 5750 templi

1905 5788 2280 5861 penetralibus,
2312 5799 2490 5840 coram
2539 5781 2742 5839 Scribis
2791 5786 2862 5834 .et
2918 5775 3198 5833 Pharisaeis
3245 5773 3481 5832 inimicis

1906 5882 2038 5954 suis,
2068 5881 2360 5940 divinitatis
2399 5893 2509 5938 suae
2535 5876 2698 5936 verba
2724 5869 3111 5946 imperterritus
3137 5867 3475 5942 loquebatur.
