3972 6340
542 346 675 405 1511

1386 346 1589 404 PAULI
1626 344 1896 403 DIACONI
1932 344 2084 402 OPP.
2122 344 2300 403 PARS
2337 346 2404 405 11.
2445 375 2514 390 -
2552 349 2902 409 ASCE'I'ICA.

3648 362 3781 419 ιδῃ

539 460 758 533 Mystice
782 473 912 517 vero
939 459 1316 532 gazophylacia
1356 461 1605 532 mysteria
1635 462 1916 530 designant
1954 461 2100 516 Scri-
2131 462 2183 518 A
2211 471 2335 526 pere
2362 474 2465 513 non
2504 461 2770 518 valebant.
2802 460 3054 517 Miserum
3089 478 3212 538 ergo
3249 465 3510 523 ministros
3548 475 3608 522 ut
3642 483 3782 525 corn.

536 561 831 621 pturarum,
879 568 999 623 qua!
1030 555 1227 621 templo
1258 553 1621 610 adluerebant.
1664 553 1908 608 Christus
1951 568 2103 607 nam-

535 658 638 711 que
670 644 943 711 templum,
980 646 1062 699 cui
1088 646 1265 699 omnia
1294 646 1425 714 legis
1454 656 1503 700 et
1529 648 1901 715 prophetarum
1929 648 2105 705 adbte-

534 735 720 789 rebant
772 736 1046 806 mysteria,
1084 745 1139 790 et
1187 737 1252 791 ad
1303 751 1421 791 eum
1475 741 1762 805 pertinent,
1804 750 1959 808 atque
1999 756 2104 795 non

533 828 634 881 nisi
676 828 728 881 in
758 843 826 883 eo
855 828 1119 894 implenda
1155 838 1327 883 erant.
1382 828 1502 883 llaec
1531 831 1906 901 gamphylacia
1948 832 2105 901 spiri-

532 919 715 985 tualia,
767 929 886 989 post
927 920 1042 990 ejus
1095 922 1538 975 resurrectionem
1593 923 1879 988 aperienda
1926 934 2102 993 erant,

531 1009 649 1075 ipso
680 1010 933 1077 apostolis
974 1011 1310 1081 intelligenda
1342 1012 1625 1076 tribuente,
1654 1024 1705 1067 et
1736 1028 1930 1069 cuncta
1965 1015 2015 1069 in
2045 1030 2102 1071 se

528 1101 740 1167 impleta
783 1111 1130 1155 monstrante.
1190 1100 1342 1157 Unde
1387 1105 1712 1172 evangelista
1766 1105 1917 1169 dicit,
1981 1106 2102 1174 quia

527 1204 813 1259 resurgens
842 1206 871 1244 a
904 1193 1147 1257 mortuis,
1178 1192 1279 1247 illis
1327 1196 1538 1261 aperuit
1575 1208 1809 1261 sensum,
1842 1205 1899 1248 ut
1940 1196 2101 1250 intel-

528 1282 753 1352 ligerent
780 1284 956 1339 omnia
989 1300 1105 1354 qua:
1136 1286 1202 1340 de
1232 1288 1346 1354 ipso
1369 1289 1564 1356 scripta
1594 1298 1718 1341 sunt
1748 1288 1896 1358 (Luc.
1930 1289 2098 1360 sxw).

524 1373 629 1429 Sed
659 1385 784 1430 tunc
814 1375 1070 1430 Dominus
1101 1377 1153 1429 in
1178 1377 1555 1448 gawphylacio
1585 1378 1794 1431 locutus
1834 1388 1935 1441 est,
1978 1381 2098 1448 quia

524 1464 655 1533 ipsis
678 1463 877 1519 .ludaais
906 1467 956 1520 iti
996 1468 1261 1536 parabolis
1306 1484 1411 1521 non
1456 1469 1868 1539 intelligentibus
1912 1482 1965 1525 et
1994 1486 2097 1526 non

520 1557 862 1612 credentibus
904 1558 1236 1627 loquebatur.
1288 1558 1355 1611 Et
1400 1577 1544 1613 nemo
1588 1562 1920 1631 apprehendit
1959 1580 2097 1629 eum,

518 1648 640 1718 quia
665 1648 891 1701 nondum
933 1660 1137 1704 venerat
1157 1656 1282 1704 hora
1306 1654 1437 1721 cjus.
1471 1652 1608 1706 Hora
1641 1653 1885 1707 videlicet
1912 1654 2099 1707 volun-

518 1742 642 1795 tatis
678 1751 731 1797 et
782 1742 1145 1811 dispositionis
1197 1745 1384 1813 ipsius.
1441 1746 1589 1799 Sicut
1626 1747 1768 1799 enim
1820 1747 2094 1802 voluntate

2209 549 2571 615 prehenderem
2600 569 2753 619 eum;
2781 555 2871 609 sed
2902 554 3176 620 Dominus,
3206 559 3293 627 qui
3323 559 3373 613 in
3405 573 3499 614 sua
3530 570 3787 630 potestate

2210 638 2440 695 habebat
2487 646 2698 712 quando
2741 656 2788 699 e:
2830 647 3098 713 quomodo
3134 648 3293 703 vellet
3345 652 3517 718 mori,
3568 668 3788 723 respou-

2206 729 2304 794 dit,
2326 729 2510 787 dicens
2538 749 2550 786 :
2578 734 2758 788 Adhuc
2779 738 3033 791 modicunt
3056 749 3251 810 tempus
3270 744 3533 797 vobiscum
3553 763 3694 799 sunt.
3718 752 3788 803 Ae

2206 822 2253 878 si
2280 825 2484 881 diceret
2515 844 2529 880 :
2566 829 2907 899 l’rawpropere
2946 842 3029 887 est
3063 836 3200 902 quod
3239 853 3378 893 nunc
3404 855 3570 911 agere
3612 844 3788 898 vultis.

2206 919 2355 986 Quod
2386 921 2528 974 enim
2560 925 2740 991 vultis,
2771 925 2960 981 [καυῑί
2988 929 3155 995 estis;
3186 932 3280 985 sed
3314 949 3418 987 non
3451 938 3643 999 modo,
3676 940 3790 1008 quia

2204 1025 2304 1080 ego
2337 1013 2479 1069 nolo.
2516 1014 2699 1067 Adhuc
2738 1017 2991 1071 modicum
3032 1032 3226 1091 tempus
3262 1025 3523 1078 vobiscum
3559 1044 3714 1093 sum,
3750 1039 3792 1084 et

2203 1105 2332 1156 vado
2360 1105 2428 1157 ad
2453 1122 2567 1159 eum
2595 1108 2683 1176 qui
2714 1110 2848 1162 misit
2885 1127 2985 1166 me.
3024 1111 3177 1168 Prius
3211 1130 3310 1184 ego
3352 1116 3591 1186 implere
3628 1121 3794 1177 debeo

2203 1192 2652 1263 dispensationem
2688 1213 2951 1269 suscepta:
2986 1206 3163 1258 carnis
3198 1216 3253 1261 et
3292 1209 3370 1263 sic
3413 1214 3707 1279 pervenire
3734 1212 3792 1269 atl

2204 1284 2376 1337 locum
2399 1287 2721 1343 sustinenda:
2755 1291 3033 1360 passionis.
3058 1294 3303 1361 Qumetis
3329 1315 3431 1363 me,
3447 1312 3499 1354 et
3529 1318 3635 1355 non
3658 1305 3792 1358 iuve-

2203 1378 2382 1440 nietis,
2416 1391 2461 1433 et
2493 1380 2578 1432 ubi
2606 1398 2698 1451 ego
2722 1399 2856 1446 sum,
2888 1401 2973 1439 vos
3001 1404 3101 1440 non
3132 1391 3335 1455 potestis
3360 1395 3560 1449 venire.
3592 1395 3793 1461 Quibus

2201 1471 2374 1524 verbis
2397 1471 2693 1541 designavit
2715 1485 2923 1545 tempus
2943 1494 3053 1532 sua:
3077 1484 3506 1540 resurrectionis.
3523 1487 3630 1553 Qui
3655 1490 3790 1545 enim

2204 1575 2514 1629 praesentem
2545 1566 2844 1634 loquentem
2875 1570 2997 1635 sibi,
3021 1581 3071 1625 et
3096 1575 3363 1630 miraculis
3386 1591 3446 1631 se
3472 1578 3649 1633 Deum
3670 1594 3793 1637 cou-

2201 1660 2481 1708 testantem
2532 1658 2770 1724 recipere
2834 1660 3149 1729 noluerunt,
3211 1674 3328 1733 post
3385 1668 3510 1736 ejus
3555 1686 3793 1728 resurre-

2200 1743 2432 1798 ctionem
2465 1763 2585 1801 eum
2618 1753 2974 1819 quaesierunt,
3012 1770 3133 1808 cum
3176 1757 3371 1825 ubique
3418 1762 3679 1817 viderunt
3716 1766 3791 1819 in-

517 1840 694 1895 natus,
724 1834 801 1887 sic
831 1844 884 1887 et
910 1834 1184 1889 voluntate
1233 1851 1419 1905 passus
1455 1847 1556 1891 est.
1591 1837 1798 1906 Quique
1824 1839 1867 1892 si
1898 1840 2097 1894 voluis-

2201 1850 2473 1891 numeram
2531 1839 2919 1897 multitudinem
2971 1845 3077 1912 jam
3132 1850 3480 1917 credentem,
3534 1867 3593 1910 et
3643 1857 3790 1927 longe

519 1930 623 1987 set,
655 1936 923 1989 nunquam
956 1936 1255 1994 pateretur;
1282 1929 1324 1980 si
1364 1942 1465 1981 non
1498 1938 1786 1997 pateretur,
1827 1946 2093 2000 nunquam

514 2028 682 2082 genus
724 2015 1010 2071 humanum
1059 2019 1449 2085 redimeretur;
1490 2020 1536 2076 si
1574 2038 1678 2076 non
1719 2022 2092 2093 redimeretur,

514 2105 692 2160 nullus
722 2106 991 2162 hominum
1023 2112 1336 2166 salvaretur.
1374 2113 1449 2167 Ad
1483 2112 1582 2167 hoc
1612 2129 1738 2183 ergo
1769 2115 1907 2168 Deus
1933 2115 2095 2170 homo

514 2192 685 2249 factus
711 2204 813 2264 est,
857 2208 915 2252 ut
952 2214 1017 2253 ex
1062 2200 1372 2256 inﬁrmitate
1414 2205 1755 2258 humanitatis
1784 2206 2093 2273 redimeret,

513 2302 647 2357 quos
677 2304 741 2343 ex
770 2292 1065 2346 divinitatis
1091 2297 1323 2362 potentia
1352 2297 1574 2351 creavit.
1602 2297 1748 2352 Unus
1770 2314 1896 2363 ergo
1928 2300 2089 2354 idem-

516 2394 619 2448 que
657 2380 823 2435 Filius
866 2384 956 2438 Dei
997 2394 1050 2438 et
1097 2384 1263 2439 Filius
1294 2387 1548 2451 hominis,
1585 2389 1722 2443 Deus
1747 2400 1801 2444 et
1841 2390 2095 2444 Dominus

513 2480 695 2525 noster
722 2471 880 2527 Jesus
924 2472 1191 2543 Christus,
1241 2491 1345 2530 non
1376 2479 1650 2543 confusus,
1696 2495 1791 2535 nec
1822 2480 1984 2535 verbo
2014 2482 2093 2536 di-

514 2562 683 2625 visus,
716 2565 981 2632 perlectus
1016 2568 1156 2621 Deus
1182 2581 1234 2624 et
1267 2571 1529 2638 perlectus
1558 2575 1737 2642 homo,
1762 2575 1910 2642 cujus
1932 2576 2092 2630 bene-

513 2648 645 2705 ficiis
683 2658 899 2710 attentis
942 2658 1013 2711 sit
1059 2660 1382 2728 sempiterna
1437 2664 1725 2732 gratiarum
1775 2668 1936 2722 actio.
1989 2668 2089 2736 Qui

511 2760 633 2801 cum
672 2747 828 2805 Patre
853 2759 907 2806 et
931 2751 1129 2820 Spiritu
1156 2764 1340 2810 sancto
1371 2756 1501 2812 vivit
1527 2768 1581 2814 et
1609 2770 1816 2830 regnat;

1084 2867 1362 2924 llOMILIA
1394 2869 1527 2926 CIV.

1008 2976 1254 3017 DOMINICA
1284 2979 1336 3018 ΙΝ
1366 2980 1634 3022 PASSIONB.

868 3069 970 3140 (Ex
1001 3071 1138 3139 Opp.
1178 3072 1318 3128 beati
1351 3074 1543 3132 Leonis
1572 3078 1771 3149 papae.)

579 3159 1007 3230 Sacramentum,
1034 3164 1389 3233 dilectissimi,
1430 3177 1533 3223 etc.
1578 3168 1794 3240 Reliqua
1815 3171 1927 3228 vide
1949 3174 2089 3242 apud
2112 3171 2158 3235 C

507 3260 736 3305 sanctum
758 3253 1057 3324 Gregorium
1098 3274 1305 3326 papam,
1353 3259 1576 3329 Operam
1598 3264 1708 3332 ejus
1742 3271 1878 3317 tonio
1900 3261 1954 3331 1,
1979 3261 2085 3318 Pa-

508 3344 740 3414 troloyite
772 3344 846 3397 LI
867 3344 924 3413 V,
950 3346 1046 3401 col.
1073 3349 1197 3403 3l5.

1090 3462 1361 3519 IIOMILIA
1392 3466 1503 3522 CV.

998 3571 1064 3611 DE
1098 3574 1162 3612 ΕΑ
1171 3575 1272 3612 DE“
1311 3575 1578 3617 DOIIINICAo

862 3667 959 3739 (Ex
984 3669 1120 3740 Opp.
1152 3672 1289 3728 beati
1318 3672 1555 3745 Gregorii
1579 3680 1774 3751 papte.)

579 3773 644 3831 In
668 3777 759 3832 illo
786 3786 1014 3851 tempore
1036 3783 1165 3836 dixit
1186 3783 1337 3839 Jesus
1365 3788 1526 3842 turbis
1548 3787 1852 3845 Judtrorum
1873 3802 1918 3849 et
1941 3811 2082 3864 prm-

504 3869 695 3938 cipibus
718 3875 1035 3927 sacerdotum
1062 3894 1074 3927 :
1129 3876 1255 3943 Quis
1279 3894 1340 3932 ea:
1361 3881 1500 3934 vobis
1536 3894 1714 3953 arguet
1746 3903 1823 3939 me
1860 3888 1922 3942 de
1967 3905 2082 3956 pec-

503 3972 615 4015 cato
639 3962 661 4015 ?
683 3962 743 4017 Si
764 3964 1023 4018 veritatem
1054 3968 1188 4033 dico,
1218 3986 1373 4039 quare
1401 3987 1503 4026 non
1528 3976 1732 4031 creditis
1761 3976 1882 4031 mihi
1903 3981 1929 4034 7
1955 3978 2079 4036 Etc.

504 4051 681 4125 (θρίω.
711 4054 844 4125 vui).

576 4124 820 4188 Pensate,
852 4126 1044 4184 fratres
1091 4130 1417 4201 charissimi,
1450 4141 1910 4198 mansuetudinem
1959 4144 2073 4210 Dei,

500 4225 605 4270 etc.
636 4216 850 4286 Reliqua
882 4222 1065 4277 videsis
1092 4226 1231 4294 apud
1251 4238 1477 4282 sanctum
1507 4230 1828 4301 Gregorium,
1855 4235 2076 4305 Operum

498 4309 610 4381 ejus
632 4319 765 4365 tonio
795 4309 879 4378 ll,
909 4312 1220 4388 l’atroloyite
1242 4317 1386 4374 LXX
1404 4320 1499 4385 VI,
1530 4326 1628 4379 col.
1660 4327 1816 4383 H50.

1056 4450 1335 4509 HOMILIA
1374 4455 1504 4511 CVI.

827 4571 877 4609 IN
918 4573 1071 4614 mm
1112 4577 1345 4620 secriqu
1383 4583 1511 4623 pos'r
1547 4569 1755 4629 Iudico.

570 4661 636 4716 In
677 4666 766 4719 illo
803 4674 1025 4736 tempore
1043 4675 1282 4730 miserunt
1310 4678 1504 4736 Scriba:
1536 4694 1585 4739 et
1634 4686 1885 4746 Pharium
1924 4705 2075 4749 must-

496 4767 658 4824 stros,
701 4768 757 4812 ut
802 4766 1280 4832 comprehenderent
1320 4772 1517 4832 Iesum.
1560 4776 1705 4834 Dixit
1742 4799 1862 4854 ergo
1897 4788 1968 4840 eis
1993 4788 2077 4843 Je-

496 4865 584 4904 sus
613 4867 629 4904 :
662 4852 843 4907 Adhuc
881 4856 1136 4911 modicum
1166 4872 1359 4933 tempus
1394 4869 1649 4922 vobiscum
1681 4852 1829 4939 sum,
1868 4886 1918 4930 et
1944 4880 2074 4933 vado

496 4944 564 4996 ad
592 4960 703 4997 eum
725 4947 814 5015 qui
841 4964 921 5002 me
945 4949 1113 5017 misit,
1144 4960 1248 5007 etc.
1286 4954 1462 5025 (Joan.
1494 4960 1612 5027 vn).

572 5033 738 5089 Nemo
790 5037 921 5091 satis
957 5038 1114 5109 digne
1149 5044 1343 5098 sufficit
1384 5049 1635 5105 admirari
1680 5064 1875 5122 quanta
1914 5057 2073 5116 fuerit

493 5124 548 5179 in
595 5124 900 5183 Scribarum
942 5138 998 5184 et
1040 5132 1426 5192 Pharisaeorum
1469 5141 1633 5196 corde
1677 5144 1893 5203 duritia.
1936 5151 2069 5207 Cum

494 5217 636 5273 enim
668 5220 969 5290 redemptor
996 5235 1179 5282 noster
1209 5230 1417 5285 assidua
1452 5233 1826 5299 praedicatione
1869 5250 1923 5296 et
1965 5222 2069 5298 mi-

493 5310 793 5367 raculorum
823 5316 1131 5384 operatione
1167 5319 1286 5374 illos
1328 5323 1391 5376 ad
1434 5324 1591 5379 tidem
1620 5341 1865 5398 vocaret,
1899 5336 2069 5392 turbis

493 5402 824 5470 simplicibus
862 5410 1206 5466 credentibus
1230 5452 1247 5479 ,
1286 5423 1337 5469 et
1384 5416 1518 5470 facta
1562 5419 1770 5476 Domini
1810 5426 1966 5481 simul
2014 5436 2070 5484 et

495 5494 655 5547 verba
698 5497 1144 5569 gloriﬁcantibns,
1186 5503 1259 5557 illi
1290 5519 1321 5558 e
1356 5510 1624 5564 contrario
1654 5527 1759 5567 non
1801 5518 1971 5571 solum
2013 5521 2064 5574 in

492 5597 611 5635 eum
646 5589 862 5643 credere
890 5592 1172 5658 nolebant,
1205 5609 1387 5651 verum
1418 5598 1577 5655 etiam
1612 5619 1731 5657 eum
1763 5609 2065 5676 apprehen-

492 5672 622 5730 dere
651 5679 975 5737 laborabant.
1009 5683 1064 5738 ln
1094 5700 1331 5742 amorem
1364 5706 1592 5763 namque
1621 5700 1797 5751 saeculi
1830 5704 2062 5759 radicem

492 5769 670 5831 cordis
696 5770 939 5847 ﬁxerant,
962 5780 1159 5841 idcirco
1186 5787 1343 5863 verba
1374 5788 1629 5849 doctrina:
1657 5798 1891 5871 coelestia
1922 5803 2062 5871 reci-

2200 1925 2412 1996 lateque
2442 1931 2589 1997 signa
2619 1943 2672 1984 et
2704 1935 2954 1989 miracula
2994 1952 3092 2006 per
3119 1943 3395 2008 apostolos
3428 1946 3583 2011 ﬁeri,
3624 1948 3717 2002 illo
3737 1925 3790 2003 in

2198 2018 2276 2073 eis
2305 2029 2358 2074 et
2391 2035 2483 2088 per
2513 2036 2605 2074 eos
2651 2037 2924 2093 operante,
2955 2029 3043 2095 qui
3072 2029 3203 2085 dicit
3232 2033 3351 2087 alibi
3390 2052 3403 2087 :
3437 2035 3577 2091 Sine
3613 2055 3694 2091 me
3720 2043 3791 2102 ni-

2198 2111 2273 2164 hil
2303 2116 2509 2179 potestis
2542 2119 2710 2197 facere
2739 2116 2928 2183 (latin.
2961 2120 3083 2189 xv).
3123 2121 3270 2178 Tunc
3296 2141 3428 2195 ergo
3458 2130 3792 2197 quaesierunt

2197 2216 2350 2269 eum,
2384 2213 2438 2259 et
2473 2193 2950 2275 non'invenernnt,
2982 2212 3104 2281 quia
3132 2213 3240 2283 jam
3277 2220 3579 2284 praesentia
3609 2237 3791 2291 corpo-

2197 2296 2293 2350 rali
2322 2298 2391 2352 de
2421 2302 2617 2354 mundo
2662 2314 2975 2371 recesserat,
3008 2318 3061 2361 et
3088 2310 3432 2366 ast-cudendo
3462 2314 3540 2368 ad
3590 2316 3791 2375 Patre-

2196 2391 2360 2444 ctelos
2401 2403 2793 2459 penetraverat.
2840 2396 2904 2450 Et
2941 2399 3030 2454 ubi
3072 2417 3187 2456 sum
3230 2419 3361 2473 ego,
3404 2422 3513 2463 vos
3557 2425 3671 2466 non
3708 2426 3791 2480 po-

2197 2483 2347 2537 testis
2381 2485 2582 2541 venire.
2619 2487 3056 2557 l’erpendendum
3089 2496 3228 2559 quod
3269 2498 3337 2552 de
3379 2496 3583 2558 futuro
3621 2505 3790 2560 dixit:

2194 2579 2429 2643 quteretis
2455 2594 2563 2642 me,
2594 2588 2642 2633 et
2670 2598 2771 2635 non
2800 2585 3097 2655 invenietis;
3124 2589 3191 2643 de
3218 2595 3512 2656 presenti:
3550 2612 3699 2652 nunc
3720 2599 3791 2654 di-

2192 2665 2264 2719 cit
2308 2683 2321 2719 :
2366 2667 2449 2720 ubi
2487 2686 2579 2738 ego
2622 2687 2770 2737 sunt,
2810 2690 2898 2728 vos
2936 2693 3037 2731 non
3073 2680 3284 2749 potestis
3328 2683 3536 2737 venire.
3582 2684 3645 2741 In
3680 2688 3790 2743 sinu

2191 2755 2385 2825 quippe
2417 2758 2587 2817 Patris
2620 2767 3162 2835 consempiternus'et
3200 2774 3696 2834 consubsnntialis
3718 2781 3788 2835 illi

2192 2846 2357 2901 Filius
2386 2860 2520 2905 erat.
2552 2851 2609 2907 lu
2640 2862 2781 2910 terra
2810 2856 3147 2928 loquebatur,
3177 2865 3269 2918 sed
3297 2867 3445 2934 apud
3492 2868 3716 2927 Patrem
3740 2881 3791 2926 et

2191 2939 2244 2993 in
2286 2942 2439 2997 Patre
2480 2948 2937 3016 commorabatur,
2982 2968 3087 3020 quo
3128 2955 3201 3011 illi
3248 2960 3439 3014 venire
3480 2977 3603 3018 non
3650 2974 3791 3031 pote-

2190 3043 2340 3099 rant,
2373 3035 2462 3104 qoi
2492 3051 2614 3092 eum
2645 3038 2787 3094 Patri
2831 3044 3090 3114 aequalem
3129 3050 3349 3107 credeie
3385 3054 3685 3111 nolebant.
3712 3058 3788 3115 Ad

2190 3121 2363 3189 ipsum
2394 3127 2536 3181 enim
2578 3146 2681 3187 non
2728 3133 2874 3200 loco,
2906 3139 2999 3191 sed
3033 3138 3135 3194 ﬁde
3178 3143 3509 3199 veniendum
3550 3158 3655 3203 est.
3689 3150 3786 3205 Sed

2188 3214 2354 3273 Judtui
2387 3236 2536 3277 more
2551 3223 2649 3278 sibi
2675 3240 2931 3283 consueto
2961 3233 3119 3287 verba
3149 3235 3314 3303 ipsius
3333 3252 3445 3292 non
3478 3239 3784 3312 intelligen-

2190 3319 2299 3376 tes,
2344 3320 2397 3366 et
2441 3316 2729 3372 carnaliter
2778 3319 2950 3389 ipsum
2994 3321 3134 3390 loqui
3179 3337 3462 3400 putantes,
3505 3345 3781 3403 ceperunt

2188 3400 2485 3458 adinvicem
2525 3408 2810 3479 conqueri,
2853 3414 3091 3470 dicentes
3123 3434 3136 3470 :
3184 3415 3298 3483 Quo
3337 3421 3429 3475 hic
3469 3400 3639 3477 itur-us
3674 3436 3769 3493 est,

2186 3495 2307 3563 quia
2348 3512 2448 3550 non
2483 3497 2793 3557 inveniemus
2827 3507 2979 3560 eum?
3017 3506 3271 3577 Nunquid
3304 3513 3362 3565 iss
3408 3515 3771 3584 dispasionelu

2183 3588 2409 3657 gentium
2435 3591 2603 3646 iturus
2628 3602 2731 3660 est,
2759 3606 2807 3650 et
2835 3597 3082 3653 docturus
3109 3604 3322 3670 gentes?
3344 3604 3507 3669 Quod
3535 3606 3773 3662 diceres

2184 3681 2567 3748 iguoraverunt
2608 3685 2734 3754 quid
2766 3686 3039 3756 dicerent,
3087 3701 3263 3749 tamen
3307 3695 3431 3764 quia
3481 3695 3577 3751 ille
3616 3713 3674 3752 ve
3700 3697 3770 3751 uit

2182 3772 2655 3841 prophetaverunt.
2705 3775 2759 3831 In
2814 3778 3202 3847 dispersionem
3251 3798 3491 3855 namque
3536 3789 3763 3858 gentium

2182 3862 2351 3917 iturus
2379 3874 2524 3932 erat,
2557 3866 2779 3939 illasque
2806 3870 3059 3928 docturus
3096 3889 3202 3929 non
3230 3878 3508 3944 corporali
3545 3894 3769 3947 praises-

2183 3953 2251 4008 tia
2274 3996 2289 4019 ,
2321 3957 2414 4011 sed
2458 3972 2551 4027 per
2588 3962 2858 4028 apostolos
2901 3979 3060 4032 suos,
3109 3982 3204 4036 per
3239 3984 3377 4041 quos
3412 3983 3471 4027 et
3502 3973 3557 4027 in
3587 3975 3774 4041 quibus

2179 4048 2295 4115 ipse
2325 4049 2661 4119 loquebatur,
2704 4054 2842 4108 sicut
2877 4057 3091 4124 quidam
3131 4059 3345 4116 illorum
3390 4066 3658 4135 loquitur,
3694 4066 3769 4122 di-

2179 4152 2306 4194 cens
2339 4157 2351 4192 :
2384 4143 2461 4194 An
2486 4147 2883 4213 experimentum
2907 4150 3135 4217 queritis
3155 4154 3265 4223 ejus
3293 4156 3384 4223 qui
3414 4156 3468 4208 in
3502 4175 3585 4211 nte
3609 4158 3768 4227 loqui-

2177 4235 2259 4282 tur
2283 4229 2509 4287 Christus
2540 4232 2637 4304 (ΙΙ
2668 4235 2786 4291 Cor.
2807 4239 2973 4310 xui)?
2999 4241 3179 4297 Sancti
3208 4246 3350 4299 enim
3390 4249 3771 4315 praedicatores

2178 4324 2340 4391 pedes
2365 4325 2561 4381 Christi
2589 4339 2764 4395 erant,
2789 4335 3043 4402 propheta
3071 4335 3285 4394 dicente
3314 4356 3326 4392 :
3362 4340 3541 4405 Quam
3560 4345 3771 4413 speciosi

2174 4417 2326 4483 pedes
2368 4420 2822 4491 euangelizandum
2866 4442 3077 4497 pacem,
3129 4431 3599 4502 euangelizantiuns
3646 4440 3770 4492 bona

2095 4505 2342 4598 D(1sat'.
2374 4523 2450 4565 ιιι
2464 4512 2516 4579 )l
2554 4512 2654 4566 Per
2686 4515 2849 4583 pedes
2878 4520 2972 4572 hos
3009 4520 3180 4575 iturus
3211 4531 3327 4577 erat
3356 4526 3426 4577 ad
3461 4540 3687 4595 gentes,
3716 4538 3769 4583 ut

2180 4600 2338 4655 tidem
2370 4615 2420 4657 et
2454 4607 2677 4659 salutem
2709 4623 2867 4677 quam
2892 4609 3059 4666 Judaei
3083 4625 3431 4683 spreverant,
3463 4627 3660 4688 gentes
3691 4634 3767 4675 re-

2176 4692 2435 4761 ciperent.
2485 4692 2551 4749 In
2596 4701 2870 4754 novissimo
2908 4715 3077 4757 autem
3116 4706 3201 4760 die
3244 4724 3436 4780 magno
3483 4712 3765 4781 festivitatis

2174 4785 2341 4841 stabat
2367 4788 2542 4856 Iesus,
2571 4800 2619 4846 et
2643 4795 2917 4862 clamabat,
2944 4797 3115 4853 dicens
3146 4815 3168 4854 :
3196 4800 3258 4854 Si
3281 4805 3399 4871 quis
3427 4806 3575 4873 sitit,
3608 4808 3766 4860 eam

2174 4887 2220 4932 et
2249 4878 2401 4933 bibat.
2437 4881 2539 4947 Qui
2570 4886 2727 4937 credit
2758 4886 2810 4939 in
2842 4904 2921 4943 me
2944 4930 2959 4956 ,
2989 4891 3121 4944 sicut
3150 4891 3270 4946 dicit
3302 4893 3587 4966 Scriptura
3617 4898 3761 4967 (Pro-

2173 4972 2321 5025 verb.
2336 4973 2585 5043 Salom.),
2614 4977 2829 5046 ﬂumina
2852 4981 2915 5035 de
2936 4992 3104 5037 ventre
3122 4986 3233 5054 ejus
3260 4987 3431 5053 ﬂuent
3451 5007 3606 5057 aqua
3626 4996 3760 5048 circ.

2172 5058 2492 5119 Solemnitas
2515 5065 2859 5139 Scenopegia:
2883 5080 3007 5127 tunc
3028 5074 3427 5147 celebrabatur,
3459 5081 3515 5134 id
3536 5091 3645 5150 est,
3667 5082 3765 5138 Ta-

2173 5154 2582 5213 bernacnlorum
2600 5200 2615 5225 ,
2639 5160 2692 5214 in
2725 5166 3033 5219 memoriam
3060 5166 3205 5225 illius
3227 5176 3496 5242 temporis
3515 5216 3531 5239 ,
3554 5178 3765 5247 quando

2171 5261 2269 5316 per
2298 5251 2642 5321 quadraginta
2690 5270 2861 5311 annos
2908 5259 2962 5313 in
3012 5263 3340 5321 umbraculis
3384 5267 3765 5325 habitaverunt

2172 5340 2225 5394 in
2249 5342 2484 5398 deserto.
2519 5348 2783 5415 Agebatur
2814 5349 2927 5404 haec
2954 5352 3266 5409 solemnitas
3292 5372 3481 5414 mense
3509 5363 3757 5433 septimo;

2170 5434 2257 5503 qui
2289 5449 2318 5488 a
2360 5432 2563 5490 Latinis
2591 5437 2905 5506 September
2933 5433 3192 5512 appellari
3228 5453 3533 5505 consuevit.
3572 5432 3761 5509 Solea-

2170 5528 2529 5599 nizabantque
2548 5545 2665 5585 eam
2701 5548 2795 5600 per
2822 5544 2942 5590 octo
2964 5536 3102 5606 dies,
3126 5547 3181 5592 et
3203 5550 3417 5609 octava,
3443 5543 3499 5598 id
3531 5556 3638 5613 est,
3664 5562 3759 5601 no-

2167 5619 2383 5675 vissima
2414 5623 2527 5678 dies
2560 5634 2680 5679 erat
2711 5628 3059 5686 celeberrima
3091 5644 3142 5688 et
3173 5639 3537 5694 sanctissima.
3572 5641 3629 5695 In
3658 5640 3757 5694 hac

2168 5712 2454 5768 novissima
2498 5716 2585 5772 die
2626 5719 2984 5777 solemnitatis
3028 5723 3186 5795 hujus
3236 5730 3409 5782 stabat
3473 5730 3659 5791 Jesus.
3693 5740 3754 5786 et

2166 5819 2271 5891 non
2304 5815 2509 5881 tantum
2539 5809 2840 5902 loquendo,
2866 5815 2962 5881 sed
2997 5816 3281 5899 clamando
3309 5823 3636 5921 advocabat,
3666 5823 3739 5929 di:
