3972 6340
219 417 357 472 LBIS

1195 421 1658 481 HOMILIARIUS.
1697 452 1768 465 -—
1806 422 1971 479 HOM.
2017 423 2104 479 DE
2144 425 2492 483 TEMPORE.

3350 427 3487 482 13M

211 545 339 584 cens
375 547 385 579 :
421 527 517 594 Qui
551 527 680 592 sitit,
713 529 888 583 veniat
916 529 981 584 ad
1009 545 1094 586 me
1125 541 1181 586 et
1210 532 1376 587 bibat.
1409 533 1537 589 Sitis
1566 535 1662 590 ista
1695 551 1800 590 non
1827 540 1880 598 Α
1908 543 2015 590 tota
2045 537 2095 593 id
2127 550 2382 610 operante
2412 539 2930 611 omnipotentissima
2959 540 3238 598 Trinitate.
3278 542 3380 612 Qui
3409 543 3488 597 vi-

211 633 324 677 erat
351 622 609 690 corporis,
640 623 732 676 sed
765 623 976 678 mentis.
1011 624 1066 678 Si
1098 627 1218 694 quis
1246 642 1376 696 ergo
1406 629 1537 694 sitit,
1565 628 1664 682 hoc
1692 640 1796 696 est,

211 713 253 769 si
283 717 400 784 quis
429 716 536 766 vult
564 716 786 769 credere
831 726 884 770 et
911 715 1131 783 diligere
1159 716 1453 784 Christum,
1487 719 1665 773 veniat
1690 735 1794 774 non

209 805 452 876 passibus
481 807 743 872 corporis,
777 807 870 859 sed
899 805 1184 862 affectibus
1215 810 1442 875 mentis;
1474 811 1649 864 veniat
1689 825 1796 866 non

209 897 485 967 niigrando
532 897 880 962 corporaliter
931 898 998 952 ad
1053 897 1365 966 Christum,
1419 902 1512 954 sed
1565 903 1797 958 amando

207 988 474 1043 Christum
507 990 726 1044 recedat
744 991 812 1044 ab
841 1006 1025 1046 amore
1053 994 1258 1058 saeculi,
1284 1004 1337 1048 et
1364 994 1620 1064 suscipiat
1647 1011 1798 1050 amo-

206 1096 316 1136 rem
347 1081 564 1135 Christi.
598 1081 700 1148 Qui
730 1083 886 1135 credit
925 1083 977 1136 itt
1015 1099 1094 1137 me
1144 1085 1293 1154 (sicut
1317 1086 1442 1137 dicit
1475 1085 1790 1156 Scriptura),

203 1173 418 1243 [lumina
438 1174 502 1227 de
523 1183 689 1227 rentre
717 1176 828 1243 ejus
866 1175 1026 1243 [luent
1054 1191 1199 1242 aqute
1224 1176 1364 1229 vitae.
1391 1177 1559 1244 Quam
1601 1192 1794 1247 aquam

205 1271 497 1338 intelligere
523 1269 842 1336 debeamus,
889 1272 1190 1326 necessario
1221 1273 1428 1326 curavit
1465 1275 1794 1342 evangelista

203 1376 501 1430 exponere,
543 1363 775 1416 subdens
819 1380 832 1415 :
872 1362 988 1416 Hoc
1017 1375 1188 1416 autent
1229 1366 1422 1417 dicebat
1461 1365 1525 1418 de
1563 1365 1790 1434 Spiritu,

201 1470 348 1524 quem
383 1453 641 1522 accepturi
680 1463 826 1507 erant
867 1455 1126 1508 credentes
1170 1456 1224 1509 in
1267 1473 1404 1509 eum.
1455 1460 1585 1523 Quae
1638 1460 1794 1527 igitur

203 1546 317 1601 huic
347 1555 428 1600 est
463 1561 631 1614 aqua,
672 1546 772 1600 nisi
800 1546 1068 1616 charitas,
1095 1563 1216 1616 qua:
1255 1563 1348 1616 per
1377 1550 1638 1618 Spiritum
1669 1566 1794 1604 san-

201 1648 342 1693 ctmn
370 1637 559 1692 difiusa
587 1647 672 1692 est
697 1638 746 1691 iti
779 1640 1033 1694 cordibus
1060 1640 1334 1696 ﬁdelium?
1366 1642 1454 1695 Ait
1475 1644 1618 1697 enim
1648 1648 1790 1714 Apo-

198 1732 368 1786 stolus
405 1748 417 1784 :
450 1731 687 1784 Charitas
718 1731 814 1784 Dei
839 1731 1030 1800 diffusa
1056 1744 1130 1786 est
1155 1735 1206 1786 in
1231 1735 1467 1788 cordibus
1491 1737 1676 1790 nostris
1701 1753 1790 1805 per

201 1823 453 1893 Spiritum
481 1834 738 1889 sanctum,
771 1825 857 1893 qui
887 1826 1036 1878 datus
1061 1835 1134 1879 est
1161 1827 1306 1880 nobis
1331 1827 1508 1897 (fiam.
1541 1834 1621 1897 v).
1647 1830 1785 1884 Vett-

1901 630 1997 698 vit,
2029 640 2133 686 etc.

2455 725 2732 782 HOMILIA
2771 725 2928 783 CVII.

2231 876 2281 916 IN
2320 878 2476 918 FERIA
2516 879 2713 918 TERTIA
2751 880 2879 919 rosr
2919 864 3134 921 Judica.

1970 997 2037 1052 In
2072 999 2161 1053 illo
2198 1009 2422 1071 tempore
2465 1003 2756 1056 ambulabat
2789 1001 2939 1057 Iesus
2969 1005 3022 1057 in
3054 1003 3358 1073 Galiheam;
3389 1024 3491 1065 non

1897 1095 2032 1148 enim
2061 1095 2255 1150 volebat
2282 1099 2547 1153 ambulare
2565 1101 2619 1152 in
2639 1099 2896 1166 Judaeum,
2919 1103 3040 1172 quia
3062 1105 3351 1172 quarebant
3373 1121 3486 1160 eum

1893 1184 2070 1241 Judtei
2096 1189 2412 1257 interﬁcere,
2445 1202 2550 1246 etc.
2583 1190 2772 1261 (Joan.
2806 1193 2924 1262 vtt).

1969 1280 2227 1335 Dominus
2265 1293 2448 1336 noster
2472 1282 2629 1338 Jesus
2653 1283 2931 1352 Christus,
2961 1302 3056 1356 per
3078 1288 3256 1342 omnia
3286 1304 3492 1344 memor

1897 1383 2094 1427 nostra:
2129 1376 2344 1441 salutis,
2376 1375 2432 1430 in
2472 1379 2676 1431 cnuctis
2709 1394 2823 1444 qua:
2866 1378 3090 1432 faciebat
3127 1379 3318 1434 futuris
3360 1381 3491 1436 fide-

1897 1465 2039 1520 libus
2066 1468 2175 1521 suis
2202 1468 2446 1536 exempla
2475 1485 2593 1539 quae
2624 1471 2816 1525 imitari
2845 1471 3104 1528 deberent
3135 1475 3488 1543 pr0ponebat.

1895 1559 2032 1626 Quia
2066 1559 2216 1614 enim
2262 1562 2687 1629 persecutionem
2734 1563 3028 1618 infidelium
3074 1565 3281 1620 videbat
3328 1581 3488 1620 causa

1894 1653 1977 1705 sui
2011 1653 2245 1708 nominis
2285 1655 2336 1708 in
2379 1663 2565 1709 sancta
2608 1653 2850 1709 Ecclesia
2884 1654 3256 1721 excitandam,
3289 1656 3494 1710 sciebat

1893 1743 2188 1799 infirmiora
2207 1747 2451 1800 membra
2477 1760 2569 1800 sua
2596 1748 2983 1801 immanitatem
3009 1748 3400 1816 persecutionis
3423 1756 3492 1802 to-

1897 1836 2073 1891 lerare
2105 1852 2208 1891 non
2238 1853 2416 1906 posse,
2448 1854 2516 1894 tte
2545 1838 2597 1893 hi
2627 1839 2760 1895 tales
2787 1841 3013 1896 salutem
3041 1841 3406 1911 desperarent,
3437 1850 3490 1896 et

201 1925 281 1971 ter
307 1931 411 1987 quo
442 1919 577 1970 hanc
604 1931 797 1986 aquam
829 1918 1067 1984 recipere
1095 1919 1374 1986 debemus,
1404 1921 1627 1975 interior
1650 1937 1783 1976 con-
1815 1901 1864 1960 Β
1892 1930 2042 2001 quasi
2081 1945 2110 1985 a
2149 1928 2360 1986 Clu-isto
2399 1947 2460 1987 se
2497 1934 2701 1988 ahenos
2741 1934 3152 2000 arbitraremur,
3179 1935 3224 1990 si
3258 1950 3488 2005 unquam

200 2013 419 2064 scientia
453 2020 565 2074 est,
590 2024 707 2078 qua:
733 2025 853 2063 cum
886 2011 1025 2067 banc
1053 2010 1254 2080 Spiritu
1285 2014 1455 2069 sancti
1486 2028 1679 2084 aquam
1708 2018 1788 2071 b‘t-

196 2100 351 2177 berit,
382 2101 433 2156 id
463 2109 568 2168 est,
589 2118 712 2158 cum
740 2099 941 2157 Christi
969 2106 1283 2160 charitatem
1314 2106 1514 2161 habere
1539 2109 1783 2177 crepet-it,

198 2173 414 2251 habebit
446 2198 645 2250 fontem
683 2211 833 2264 aqua:
862 2196 1026 2259 vivat,
1059 2197 1168 2250 imo
1198 2200 1311 2266 ipsa
1347 2173 1784 2254 efﬁcietur-fons.

197 2286 337 2343 Fons
365 2288 508 2342 enim
545 2287 649 2343 iste
684 2288 752 2343 de
782 2300 968 2343 ventre
1007 2289 1351 2344 cooscientite
1391 2289 1596 2358 fluens,
1626 2291 1788 2345 bene-

195 2384 430 2436 volentia
460 2394 576 2448 est,
607 2398 724 2451 qua:
755 2383 822 2436 de
865 2382 1142 2436 charitatis
1178 2399 1311 2448 aqua
1355 2384 1648 2451 procedens
1678 2385 1785 2437 vult

194 2474 473 2529 consulere
501 2476 762 2544 proximo.
793 2473 925 2528 Nam
951 2475 1040 2542 qui
1073 2475 1278 2528 bonum
1307 2478 1448 2545 quod
1475 2475 1654 2541 habet,
1685 2474 1787 2529 sibi

195 2570 296 2625 soli
331 2577 480 2636 putat
504 2567 782 2633 sufﬁcere,
815 2583 913 2623 nec
945 2568 1012 2622 ad
1046 2569 1276 2622 aliorum
1307 2569 1501 2636 satagit
1539 2570 1788 2624 derivare

195 2667 523 2736 profectum,
556 2679 661 2717 non
690 2662 859 2718 fluunt
887 2679 1039 2733 aqua:
1072 2664 1209 2717 vivae
1240 2666 1306 2718 de
1335 2677 1523 2719 ventre
1556 2664 1701 2734 ejus;
1740 2663 1789 2717 si

191 2771 321 2811 vero
360 2757 478 2810 aliis
519 2756 632 2809 vult
661 2771 726 2809 ex
755 2739 900 2809 bono-
923 2756 1061 2825 quod
1101 2755 1308 2825 accepit
1342 2756 1631 2824 prodesse,
1671 2755 1788 2809 ﬁuit

189 2862 325 2918 aqua
349 2851 415 2901 de
432 2861 610 2901 ventre
632 2847 908 2917 ejus,quia
932 2848 1243 2902 dilIunditur
1263 2853 1327 2901 ad
1353 2850 1623 2917 proximos
1637 2848 1788 2903 bene-

189 2943 421 2998 volentia
455 2943 620 2998 illius.
647 2943 762 2998 Nec
789 2944 894 2999 ulla
914 2944 1162 2998 ariditate
1191 2944 1293 2998 iste
1327 2945 1446 2998 fons
1474 2945 1783 3012 siceabitur,

188 3039 284 3092 sed
308 3035 474 3106 magis
498 3039 779 3106 magisque
804 3039 890 3106 pio
919 3051 1080 3092 cursu
1110 3052 1322 3104 semper
1345 3039 1646 3107 augebitur.
1673 3037 1786 3092 lloc

185 3143 363 3184 autem
395 3131 534 3183 dixit
572 3130 638 3182 de
678 3129 915 3199 Spiritu,
959 3145 1116 3198 quem
1156 3131 1429 3198 accepturi
1477 3141 1630 3184 erant
1668 3145 1787 3185 cre-

185 3222 378 3278 dentes
417 3225 468 3276 ιιι
511 3238 658 3279 eum.
701 3223 956 3292 Spiritum
994 3230 1238 3276 Sanctum
1280 3223 1442 3291 dtcit,
1487 3239 1644 3292 qoetn
1685 3238 1782 3277 nos

186 3318 399 3372 tertiam
453 3332 735 3385 personam
785 3318 837 3370 in
885 3328 1069 3372 sancta
1120 3317 1387 3371 'l‘rinitate
1436 3333 1777 3372 veneramur.

183 3410 472 3466 Sciendum
514 3425 745 3480 namque
786 3413 1034 3464 omnibus
1076 3410 1323 3464 fidelibus
1361 3420 1474 3474 est,
1517 3427 1640 3479 quia
1674 3421 1781 3466 tota

180 3503 417 3558 Trinitas
458 3502 602 3557 Deus
641 3504 862 3572 spiritus
904 3510 1016 3565 est,
1064 3504 1291 3556 Domino
1329 3502 1540 3556 dicente
1583 3520 1594 3554 :
1642 3503 1779 3556 Deus

176 3597 394 3663 spiritus
425 3606 497 3649 est
523 3595 716 3666 (Joun.
742 3595 853 3667 tv).
892 3595 1050 3650 l’ater
1087 3611 1214 3665 ergo
1251 3597 1500 3664 spiritus,
1537 3607 1589 3650 et
1615 3595 1780 3651 Filius

177 3690 406 3759 spiritus
441 3707 454 3742 :
487 3700 650 3759 atque
679 3690 801 3744 ideo
829 3701 880 3744 ut
921 3691 1194 3744 distinctio
1233 3692 1324 3742 fiat
1352 3690 1520 3744 Patris
1555 3701 1608 3744 et
1638 3690 1776 3754 Filii,

180 3786 344 3839 tertia
389 3782 640 3837 trinttalis
680 3797 905 3852 persmta
944 3782 1056 3852 jam
1099 3796 1205 3836 n0tt
1248 3782 1492 3836 absolute
1536 3783 1776 3851 spiritus,

173 3878 277 3930 sed
314 3890 433 3929 cum
472 3875 710 3944 epitheto
750 3877 982 3944 Spiritus
1021 3887 1239 3928 sanctos
1269 3877 1590 3944 appellatur.
1625 3875 1779 3930 Hunc

172 3971 439 4039 Spiritum
465 3980 707 4025 sanctum
735 3980 858 4024 ante
892 3973 1261 4024 ascensionem
1290 3970 1543 4038 apostolis
1573 3973 1777 4038 promi-

171 4073 281 4127 sit,
314 4071 367 4117 et
404 4073 528 4132 post
562 4068 934 4117 ascensionem
978 4062 1064 4116 die
1101 4061 1446 4117 Pentecostes
1487 4063 1537 4113 in
1582 4062 1778 4130 linguis

174 4158 351 4228 igneis
379 4158 542 4213 ntisit.
576 4161 751 4229 Atque
783 4160 902 4214 ideo
930 4162 1255 4226 evangelista
1292 4161 1421 4213 dicit
1454 4177 1467 4213 :
1497 4161 1660 4226 Quem
1690 4177 1778 4213 ac-

172 4253 373 4319 cepturi
395 4260 539 4304 erant
561 4254 820 4305 credentes
842 4253 892 4303 in
917 4267 1051 4305 eum.
1074 4253 1349 4305 llabebant
1370 4253 1581 4320 quidem
1605 4251 1776 4307 sancti

170 4343 406 4414 apostoli
437 4353 492 4398 et
521 4343 710 4412 reliqui
748 4344 931 4400 ﬁdeles
963 4345 1218 4416 Spiritum
1265 4358 1510 4399 sanctum
1536 4358 1658 4400 ante
1691 4364 1774 4400 re-

168 4435 569 4497 surreCtionem
611 4437 860 4506 Christi,
907 4440 1002 4493 sed
1049 4455 1155 4492 non
1205 4440 1274 4492 ita
1324 4449 1512 4508 aperta
1558 4441 1776 4494 datione

165 4533 329 4589 illum
360 4541 717 4598 acceperunt,
753 4528 891 4584 sicut
931 4542 1114 4599 pOStea
1151 4533 1426 4601 accepturi
1464 4542 1634 4586 erant.
1670 4532 1777 4586 lla-

1893 2025 2195 2095 passionetn
2231 2026 2399 2082 territi
2428 2027 2783 2097 refugissent,
2814 2028 3064 2098 dignatus
3091 2041 3173 2084 εει
3198 2034 3276 2084 eis
3308 2029 3488 2083 Domi-

1891 2132 1993 2172 nus
2024 2129 2287 2188 prrecepto
2312 2119 2472 2172 simul
2503 2130 2558 2175 et
2594 2122 2841 2189 exemplo
2869 2123 3176 2177 consulere.
3210 2122 3484 2192 Praecepto

1889 2212 2140 2279 quidem,
2179 2228 2286 2282 quo
2325 2214 2455 2267 tales
2497 2215 2774 2281 ingruente
2817 2215 3208 2284 persecutionis
3241 2225 3482 2285 tempore

1891 2308 2077 2380 fugere
2107 2313 2379 2379 permisit,
2412 2312 2598 2367 dicens
2632 2331 2642 2364 :
2680 2312 2740 2367 Si
2780 2330 2864 2366 vos
2908 2314 3161 2383 persecuti
3206 2313 3392 2380 fuerint
3433 2315 3488 2366 ιη

1891 2418 1996 2456 una
2016 2404 2235 2468 civitate,
2263 2405 2423 2473 fugite
2444 2404 2496 2456 in
2523 2404 2679 2456 aliam
2705 2402 2918 2473 (Matth.
2948 2405 3028 2470 ι).
3057 2403 3315 2471 Exemplo
3339 2418 3487 2470 vero,

1891 2513 1996 2566 quo
2040 2498 2213 2551 adhuc
2249 2513 2380 2565 puer
2417 2498 2481 2549 ad
2520 2498 2894 2552 declinandam
2941 2495 3168 2551 Herodis
3207 2495 3486 2562 saevitiam,

1891 2605 1997 2644 non
2031 2591 2202 2642 solum
2235 2589 2302 2643 de
2339 2589 2551 2644 civitate
2584 2591 2632 2642 in
2673 2590 2941 2644 civitatem
2965 2630 2980 2655 ,
3015 2603 3199 2644 verum
3229 2588 3389 2644 etiam
3423 2589 3488 2644 de

1891 2681 2111 2764 regione
2138 2682 2204 2734 ad
2245 2681 2517 2750 regionem
2561 2681 2743 2750 fugere
2781 2682 3028 2749 dignatus
3065 2691 3178 2746 est,
3214 2681 3420 2735 delatus
3457 2695 3487 2735 a

1884 2768 2203 2837 parentibus
2244 2768 2294 2819 in
2328 2767 2640 2836 (Egyptum.
2675 2768 2870 2822 Paetus
2899 2768 3060 2822 etiam
3084 2767 3334 2836 juvenis,
3365 2782 3486 2822 cum

1890 2873 2012 2911 eum
2037 2856 2346 2912 Judaeorutn
2380 2861 2649 2927 principes
2685 2868 2900 2928 propter
2931 2859 3194 2927 evangelii
3229 2859 3486 2928 prtedica-

1893 2951 2090 3006 tionetn
2131 2952 2325 3006 vellent
2366 2954 2687 3017 interficere,
2718 2954 2908 3008 crebro
2947 2953 3186 3008 Judteam
3225 2954 3485 3016 deseruit,

1891 3055 1944 3099 et
1993 3045 2204 3099 transiit
2251 3046 2315 3096 ad
2359 3046 2491 3098 alias
2531 3045 2810 3114 regiones,
2856 3061 2922 3099 ne
2961 3045 3214 3100 videlicet
3249 3046 3486 3102 membra

1891 3137 2036 3193 illius
2076 3139 2175 3192 hoc
2216 3138 2396 3194 facere
2443 3147 2778 3200 metuerent,
2819 3138 2959 3206 quod
3001 3147 3257 3192 noverant
3297 3137 3348 3192 in
3389 3152 3486 3191 suo

1891 3232 2065 3296 capite
2098 3232 2438 3299 praecessisse
2457 3271 2470 3292 ,
2499 3243 2636 3284 neve
2666 3229 2824 3282 alicui
2859 3243 2952 3298 pro
2973 3229 3197 3284 crimine
3223 3229 3486 3298 objicere-

1893 3331 1997 3386 tur,
2029 3323 2072 3375 si
2105 3323 2320 3390 quando
2347 3334 2533 3388 captus
2566 3321 2866 3383 formidine,
2898 3322 3034 3389 fugae
3065 3320 3369 3389 prtesidium
3402 3335 3487 3376 re-

1883 3415 2159 3482 quisisset.
2212 3416 2298 3466 Ait
2343 3414 2483 3466 enim
2534 3423 2754 3467 sanctus
2797 3413 3126 3482 evangelista
3176 3414 3266 3481 qui
3318 3416 3488 3468 lectus

1881 3516 1965 3564 est
2003 3523 2015 3560 :
2058 3506 2190 3572 Quia
2228 3508 2517 3558 ambulabat
2556 3504 2709 3558 Jesus
2753 3505 2805 3558 in
2847 3503 3139 3558 Galilteam.
3186 3503 3309 3559 Non
3353 3509 3487 3560 enim

1880 3598 2073 3650 volebat
2101 3597 2366 3650 ambulare
2394 3598 2446 3650 in
2475 3595 2736 3662 Jutlteam,
2767 3599 2886 3665 quia
2921 3596 3211 3664 quwrebattt
3234 3614 3350 3650 eum
3382 3597 3486 3652 Ju-

1883 3693 1979 3744 dtei
2009 3693 2312 3757 inter/icere.
2347 3691 2528 3761 Neque
2567 3694 2708 3747 enim
2749 3693 3006 3747 Dominus
3043 3707 3192 3746 suam
3233 3693 3487 3746 amiserat

1884 3792 2230 3850 poteStatetn,
2276 3784 2368 3836 sed
2417 3792 2656 3837 nostram
2704 3785 2804 3838 hoc
2853 3785 3056 3838 faciens
3104 3784 3484 3839 consolabatur

1881 3873 2265 3928 inﬁrmitatem.
2300 3875 2431 3928 Nam
2461 3876 2505 3928 si
2539 3877 2735 3945 vellet,
2772 3886 2978 3944 poterat
3012 3886 3157 3930 tutus
3188 3877 3326 3931 inter
3363 3879 3484 3932 illos

1880 3969 2191 4031 ambulare,
2224 3968 2310 4036 qni
2346 3968 2515 4037 ipsam
2545 3986 2755 4038 quoque
2785 3982 3012 4022 mortem
3045 3970 3098 4023 in
3132 3980 3395 4037 poti-state
3425 3986 3482 4025 se

1880 4059 2076 4114 habere
2126 4070 2370 4126 testatur,
2419 4061 2605 4116 dicens
2643 4079 2657 4115 :
2702 4061 3012 4115 Potestatem
3057 4064 3215 4116 habeo
3262 4063 3481 4129 ponendi

1880 4158 2105 4206 animam
2134 4171 2317 4220 meum,
2348 4162 2395 4208 et
2418 4155 2600 4208 iterum
2628 4155 2860 4209 sumendi
2897 4172 3006 4208 eam
3037 4156 3194 4228 (Joatt
3221 4158 3298 4222 x).
3323 4154 3481 4208 Deni-

1879 4264 1981 4315 que
2013 4248 2148 4300 ltanc
2179 4258 2493 4314 ιιυιθθιιιιειιι
2533 4250 2952 4313 demonstravit,
2983 4250 3198 4320 quando
3240 4260 3480 4318 tempore

1881 4341 2147 4407 passionis
2173 4342 2238 4392 ad
2266 4356 2450 4394 vocem
2485 4339 2626 4395 illius
2661 4341 2711 4393 ltt
2745 4343 2833 4412 qni
2877 4344 2942 4394 ad
2971 4357 3091 4397 emn
3127 4344 3482 4411 comprehen-

1877 4433 2112 4486 dendum
2143 4443 2438 4500 venerant,
2459 4434 2708 4488 abieruttt
2735 4443 3030 4489 retrorsum
3053 4475 3067 4501 ,
3091 4445 3144 4490 et
3167 4435 3481 4490 ceciderunt

1880 4528 1930 4582 itt
1967 4537 2162 4581 terram
2200 4526 2393 4597 (Joan.
2427 4530 2612 4596 avttt).
2662 4527 2766 4582 Sed
2801 4528 2981 4582 omnia
3012 4528 3480 4597 prOvidentissima

164 4626 376 4681 hebant
401 4621 657 4694 Spiritum
699 4633 976 4688 sanctum,
1010 4633 1067 4678 ut
1097 4622 1200 4693 ipsi
1231 4635 1379 4679 recte
1415 4627 1681 4689 viverent,
1717 4632 1773 4678 et
1799 4645 1852 4706 ι)
1880 4621 2285 4688 dispensatione
2324 4624 2648 4691 disponens,
2698 4605 2971 4691 praebendi
3011 4625 3182 4693 gratia
3224 4623 3479 4692 exempli,

164 4717 497 4788 quibusdam
537 4716 880 4787 prodessent;
925 4728 1246 4785 acceperunt
1281 4717 1620 4785 postmodum
1649 4718 1770 4786 Spi-

161 4816 336 4871 ritum
369 4828 644 4879 sauctum,
686 4821 743 4864 ttt
778 4827 938 4866 omne
975 4827 1144 4880 genus
1187 4812 1461 4866 hominum
1503 4813 1569 4866 ad
1610 4816 1768 4868 fidem

163 4916 375 4975 Christi
411 4927 725 4972 convertere
766 4929 1006 4985 possent.
1046 4914 1160 4970 Hoc
1206 4914 1406 4985 Spiritu
1451 4917 1767 4971 universali-

165 5033 256 5078 ter
293 5030 401 5077 tota
428 5020 663 5076 Ecclesia
695 5019 1048 5088 illuminatur,
1084 5019 1387 5086 instruitur,
1417 5030 1470 5074 et
1503 5022 1641 5076 inter
1667 5035 1770 5076 sa:-

161 5127 285 5184 culi
326 5141 609 5198 pressurus
647 5139 742 5196 spe
780 5122 1079 5178 futurorum
1129 5124 1395 5178 bonorum
1439 5124 1765 5178 consolatur.

159 5223 344 5295 Cujus
380 5221 807 5279 efﬁcacissimam
849 5218 1146 5289 potentiam
1196 5216 1489 5286 Apostolus
1545 5232 1764 5272 enume-

155 5344 332 5396 rans,
371 5329 446 5384 ait
483 5343 499 5383 :
541 5325 647 5380 Alii
677 5327 832 5379 datur
859 5341 950 5394 per
988 5324 1244 5393 Spiritum
1281 5338 1448 5376 sermo
1477 5320 1763 5390 sapientior,

153 5433 264 5486 alii
289 5445 455 5484 sermo
477 5429 734 5496 scietttite,
764 5428 856 5482 alii
884 5442 1070 5500 genera
1105 5426 1402 5495 linguarum
1421 5462 1436 5487 ,
1467 5429 1522 5476 et
1549 5432 1766 5488 castera,

156 5549 456 5605 usquequo
484 5532 840 5597 concludens,
872 5529 1007 5585 dixit
1037 5545 1052 5582 :
1084 5528 1213 5581 Haec
1239 5538 1409 5580 autem
1442 5543 1616 5579 οηιιιια
1647 5541 1764 5595 ape~

150 5648 318 5694 ratur
347 5653 476 5690 unus
499 5646 647 5705 atque
676 5635 808 5688 idem
836 5633 1083 5702 Spiritus,
1114 5631 1344 5683 dividens
1372 5632 1588 5702 singulis
1615 5640 1766 5701 prout

120 5731 122 5733 ’
148 5742 299 5800 stult.
335 5740 487 5796 Hunc
517 5739 676 5810 igitur
701 5737 878 5792 devoti
907 5749 1212 5806 poscamus,
1247 5742 1306 5786 ut
1336 5737 1412 5787 sic
1438 5742 1646 5788 mentes
1676 5748 1765 5786 no-

143 5856 313 5906 str—as
351 5845 420 5900 ab
461 5844 712 5900 omnibus
749 5840 1134 5899 desideriorum
1175 5837 1468 5892 carnalium
1517 5835 1765 5890 sordibus

140 5958 724 6021 evacuet,'quatcnus
754 5962 854 6008 nos
882 5959 1036 6004 suam
1065 5938 1512 6001 inhabitationem
1541 5938 1762 6012 efﬁciat,

1877 4727 1933 4770 ut
1960 4716 2159 4770 dictum
2189 4727 2289 4781 est,
2318 4718 2563 4784 dignatus
2585 4729 2668 4771 est
2698 4719 2763 4771 ad
2790 4728 2999 4786 tempus
3028 4733 3087 4771 se
3115 4717 3476 4787 persecutori-

1873 4808 1974 4864 bus
2005 4810 2306 4863 absentare.
2344 4809 2470 4861 Erat
2498 4820 2665 4862 autem
2695 4811 2747 4862 in
2776 4811 3012 4879 proximo
3043 4810 3151 4863 dies
3177 4811 3339 4880 festus
3370 4810 3470 4864 Ju-

1875 4907 2102 4956 dworum
2147 4903 2500 4975 Scerwpegiaz.
2540 4903 2872 4973 StrenOpegia
2917 4917 3029 4958 erat
3072 4903 3332 4959 festivitas
3375 4904 3480 4958 Ta-

1875 4996 2289 5050 bernaculorum
2312 5039 2326 5061 ,
2356 4997 2574 5064 quando
2609 5012 2794 5050 mense
2822 4997 3050 5065 septimo
3081 5013 3270 5050 omnes
3299 4997 3474 5052 Judaei

1873 5089 1926 5142 in
1977 5089 2336 5143 tabeinaeulis
2382 5090 2498 5158 lege
2542 5089 2990 5158 praecipiebantur
3034 5089 3366 5152 inhabitare,
3423 5091 3476 5144 in

1872 5183 2189 5236 memoriam
2234 5180 2371 5233 illius
2405 5181 2662 5249 temporis
2683 5218 2700 5247 ,
2732 5196 2836 5250 quo
2881 5197 2973 5249 per
3019 5196 3090 5235 XI.
3118 5195 3288 5236 annos
3315 5179 3367 5234 in
3402 5192 3480 5234 ta-

1873 5276 2176 5330 bernaculis
2197 5273 2399 5342 absque
2421 5274 2546 5328 ullis
2568 5274 2814 5328 domibus
2836 5276 3150 5328 commorati
3173 5284 3296 5328 sunt
3320 5273 3372 5328 in
3389 5274 3478 5330 de-

1872 5379 2039 5422 serto.
2073 5366 2196 5420 Dies
2229 5379 2408 5420 autem
2441 5365 2608 5420 festus
2634 5364 2976 5433 dicitur,non
3006 5384 3110 5436 quo
3143 5377 3344 5422 tantum
3370 5384 3470 5422 una

1872 5459 1960 5514 die
1988 5459 2087 5513 ista
2119 5471 2367 5529 ageretur
2399 5458 2693 5524 festivitas,
2730 5474 2849 5512 nam
2884 5474 2979 5529 per
3035 5475 3102 5514 \‘ll
3152 5461 3269 5514 dies
3308 5460 3359 5513 iit
3394 5470 3473 5513 ta-

1874 5555 2176 5610 bernaculis
2204 5552 2531 5614 habitabant,
2566 5553 2659 5607 sed
2689 5562 2949 5622 quotquot
2979 5553 3090 5607 dies
3118 5563 3300 5607 essent
3324 5551 3473 5622 ejus-

1872 5653 1994 5705 dem
2051 5647 2379 5702 celebritatis
2401 5687 2416 5713 ,
2461 5662 2620 5700 unam
2653 5646 2794 5700 diem
2841 5656 3055 5712 pt'Opter
3086 5661 3241 5699 unam
3275 5647 3470 5700 solem-

1874 5744 2094 5799 nitatem
2123 5753 2520 5796 Consueverunt
2550 5741 2821 5808 appellare
2849 5737 3042 5792 Judaei.
3072 5737 3321 5792 Dixerunt
3351 5753 3469 5808 ergr

1871 5840 1940 5893 ad
1970 5854 2087 5892 eum
2113 5839 2294 5908 fratres
2324 5834 2433 5904 ejus
2466 5849 2483 5888 :
2517 5832 2701 5888 Transi
2726 5833 2865 5899 hinc,
2891 5841 2937 5885 et
2969 5831 3094 5885 vade
3118 5830 3172 5885 in
3201 5827 3466 5884 Judtcam.

1873 5935 2090 5996 Fratres
2132 5931 2347 5992 Domini
2396 5929 2745 5988 usitatissimo
2800 5942 3050 5987 sermone
3100 5941 3270 5986 sacra:
3318 5922 3435 5985 Scri
