3972 6340
620 249 756 308 1315

1465 255 1666 313 PAULI
1703 255 1982 313 DIACONI
2027 256 2182 312 OPP.
2227 255 2400 312 PARS
2443 257 2504 311 ll.
2549 288 2616 301 --
2656 259 3012 317 ASUETICA.

3597 289 3688 352 1516

613 377 816 438 pturae,
848 368 1226 438 consanguinei
1260 369 1422 444 ipsius
1452 369 1742 424 secundum
1771 385 1985 425 carnem
2005 415 2019 439 ,
2049 385 2184 425 con-
2211 371 2262 431 Δ
2290 381 2543 438 paratum.
2577 373 2840 443 Tempus,
2873 377 3072 431 scilicet
3108 379 3300 456 gloriae,
3326 405 3452 461 quam
3474 414 3625 474 semper
3647 416 3697 468 δτ-

612 461 815 524 sobripi
847 461 1092 518 videlicet
1130 463 1296 530 ipsius
1327 465 1706 534 intelliguntur.
1739 464 1870 520 Nam
1901 465 2039 533 quod
2068 466 2185 537 qui-

612 553 735 608 dam
764 553 997 607 heretici
1047 553 1325 623 dixerunt,
1371 555 1561 611 fratres
1605 558 1810 612 Domini
1841 559 2096 627 appellari
2123 560 2187 614 fi~

612 643 710 700 lios
747 644 944 714 Joseph
986 648 1168 716 sponsi
1212 647 1389 706 Mariae
1427 663 1637 719 semper
1665 652 1919 722 virginis,
1951 653 2019 708 de
2047 667 2183 722 qua-

609 738 733 795 dam
761 745 927 795 uxo‘re
962 743 1077 818 ejus
1115 741 1223 798 lsca
1271 743 1481 797 nomine
1503 783 1516 807 ,
1548 746 1688 799 nulla
1719 747 2030 802 auctoritate
2052 747 2184 802 sub-

610 831 792 886 .tiaum
821 840 936 898 est,
966 840 1123 902 atque
1163 833 1283 888 ideo
1325 850 1354 889 a
1405 835 1647 892 ﬁdelibus
1679 839 1823 892 nullo
1850 840 2009 894 modo
2037 841 2182 896 reci-

607 924 880 993 piendum.
903 924 1187 981 Sciendum
1213 927 1478 996 siquidem
1495 973 1509 994 ,
1533 930 1675 998 quod
1701 932 1754 985 in
1783 946 1940 986 sacro
1969 933 2183 1002 eloquio

607 1017 801 1074 fratres
829 1019 996 1078 tribus
1035 1019 1206 1076 modis
1249 1019 1354 1076 dici
1403 1022 1610 1085 solent.
1649 1033 1836 1078 natura
1859 1065 1874 1090 ,
1915 1035 2105 1092 gente,
2131 1033 2186 1082 et

606 1113 940 1182 cognatione.
978 1111 1172 1172 Natura
1193 1153 1207 1177 .
1239 1114 1378 1172 sicut
1407 1115 1568 1170 Jacoh
1597 1126 1649 1171 et
1685 1116 1844 1171 Esau.
1873 1117 2184 1176 Gente,sic-

606 1212 665 1260 ut
702 1218 888 1260 omnes
913 1203 1121 1270 Jndai,
1152 1204 1220 1260 de
1247 1220 1564 1274 quacunque
1603 1209 1739 1262 tribu
1789 1207 2045 1275 fuissent,
2080 1209 2184 1264 fra-

605 1307 716 1354 tres
742 1296 1168 1365 appellabantur.
1195 1296 1344 1354 Unde
1371 1298 1564 1352 dicitur
1587 1299 1640 1352 in
1669 1299 1822 1368 lege:
1855 1299 1916 1354 Si
1948 1310 2182 1354 attenua-

604 1396 684 1444 tus
711 1389 872 1457 frater
900 1398 1018 1446 tutis
1049 1388 1294 1444 [hircus
1325 1391 1600 1444 vendiderit
1628 1405 1682 1444 se
1712 1391 1798 1444 tibi
1832 1390 1982 1458 (Leu.
2015 1406 2118 1444 xxv
2135 1394 2177 1458 θ.

599 1479 950 1549 Coguatim,
973 1480 1116 1536 sicut
1136 1481 1408 1538 Abraham
1432 1489 1485 1536 et
1511 1479 1611 1536 Lot
1655 1481 1844 1538 fratres
1871 1483 1998 1540 dicti
2037 1493 2176 1548 sunt,

600 1584 721 1626 cum
791 1571 1058 1636 Abraham
1125 1582 1346 1641 patruus
1401 1574 1559 1628 fuerit
1611 1574 1731 1630 Lot.
1785 1575 2050 1643 Scriptum
2099 1585 2182 1632 est

597 1663 744 1720 erum
774 1682 791 1718 :
821 1662 969 1722 Dixit
1019 1664 1277 1726 Abte/rant
1325 1664 1394 1722 ad
1434 1664 1529 1720 Lat
1569 1680 1589 1720 :
1621 1665 1704 1720 Ne
1747 1682 1917 1734 quieto
1965 1669 2030 1722 sit
2063 1667 2179 1735 jur-

2285 463 2526 561 tectatis,
2557 476 2775 561 propter
2811 481 2969 536 quam
3016 474 3186 527 Omnia
3225 478 3428 540 facienda
3462 463 3702 561 patuisset

2285 553 2412 624 licet
2459 556 2606 612 omni
2653 559 2833 614 studio
2881 561 3062 618 mundi
3107 565 3310 632 gloriam
3351 553 3702 656 quaerent,

2285 648 2540 717 consequi
2579 664 2684 703 non
2724 650 3006 718 valebant,
3042 660 3272 724 quoniam
3306 664 3444 731 gloria
3474 648 3704 748 suos

2283 735 2465 810 quitur
2491 749 2548 794 et
2574 740 2744 794 ambit
2769 751 3159 810 contemptores
3179 786 3194 813 ,
3218 750 3412 821 despicit
3435 772 3478 814 et
3497 735 3705 834 extensi;

2281 840 2409 930 suos
2447 831 2792 930 appetitor-cs.
2828 833 2981 930 Quos
3026 836 3160 930 bene
3198 850 3330 898 notat
3365 846 3439 901 illa
3469 831 3703 930 Ιαῑιιιιθηιιέ

2285 919 2536 978 dicuntur
2571 925 2787 991 quidam
2827 925 2900 982 ita
2928 930 3068 996 apud
3095 929 3340 990 infernum
3365 938 3577 1011 damnati,
3597 919 3706 1009 ut

2285 1014 2627 1115 pumlingcns
2664 1026 2853 1074 contra
2881 1031 3120 1080 montem
3147 1025 3363 1084 volvant.
3391 1031 3514 1098 Sicut
3532 1042 3630 1096 enim
3655 1051 3708 1115 qi

2283 1100 2516 1206 lapidem
2535 1106 2612 1206 'ad
2637 1108 2841 1206 altiora
2865 1111 3110 1206 impellit,
3143 1126 3410 1178 retroactus
3431 1128 3611 1190 pondere
3625 1100 3707 1206 aii,

2283 1193 2348 1246 ad
2397 1193 2644 1252 interiora
2675 1199 2934 1256 relabitur
2969 1202 3090 1260 :sic
3132 1207 3376 1266 ambitiosi
3409 1193 3709 1290 quiqu

2286 1286 2557 1352 patiuntur
2585 1291 2851 1356 repulsam
2875 1332 2892 1358 ,
2923 1308 3020 1348 nec
3041 1295 3106 1356 ad
3151 1297 3196 1352 id
3225 1301 3350 1366 quod
3375 1317 3582 1370 conantur
3601 1286 3712 1372 vilest

2281 1390 2588 1445 aSsurgcre.
2607 1379 2838 1450 Tempus
2863 1397 2991 1452 ergo
3009 1385 3193 1454 gloria:
3213 1387 3389 1452 Christi
3415 1397 3596 1454 nondum
3616 1405 3712 1461 am.

2283 1478 2465 1538 norat,
2501 1470 2642 1536 quod
2669 1471 2980 1540 plenissime
3025 1475 3077 1532 in
3123 1478 3225 1538 fine
3261 1483 3422 1548 saeculi
3447 1487 3714 1557 cunmm

2283 1556 2329 1622 is
2357 1560 2444 1630 qui
2487 1561 2632 1616 venit
2667 1560 3008 1630 iudicandus,
3045 1569 3214 1624 veniet
3253 1569 3538 1640 iudicaturus
3567 1556 3715 1640 viroset

2278 1658 2559 1718 mortuos,
2584 1662 2633 1708 et
2664 1655 2756 1722 qui
2787 1671 2845 1712 se
2874 1658 3116 1716 exhibuit
3141 1661 3192 1720 in
3226 1663 3514 1734 humilitate,
3541 1677 3717 1739 apparebit

595 1755 736 1826 ginno
760 1756 895 1814 inter
915 1771 998 1812 nte
1027 1766 1074 1814 et
1105 1766 1180 1821 te,
1214 1766 1262 1814 et
1299 1757 1428 1812 inter
1457 1767 1684 1826 pastores
1713 1774 1853 1812 meas
1877 1768 1924 1814 et
1953 1771 2163 1826 perstaret

2145 1777 2178 1824 Β,
2212 1727 2255 1785 Β
2287 1739 2336 1794 in
2370 1741 2664 1812 majestate.
2711 1744 2805 1802 Vos
2829 1751 3083 1810 ascendite
3111 1753 3178 1812 ad
3207 1755 3330 1808 diem
3362 1727 3516 1826 {arma

599 1858 716 1918 tuas
740 1865 761 1906 δ
785 1853 971 1918 fratres
999 1849 1132 1910 enim
1159 1866 1334 1908 sumus
1357 1849 1509 1920 (Gen.
1547 1853 1689 1919 ritu).
1718 1854 1945 1917 Quartus
1971 1867 2181 1921 quoque

597 1941 789 1996 modus
821 1940 944 2000 addi
986 1951 1159 2010 potest
1201 1942 1510 2010 religionis,
1543 1944 1836 1998 secundum
1872 1961 2028 2012 quam
2070 1961 2182 2000 um-

597 2046 695 2088 nes
721 2031 1015 2096 Christiani
1045 2032 1236 2090 fratres
1275 2031 1524 2100 dicimur,
1557 2034 1648 2102 qui
1693 2050 1854 2090 unum
1881 2034 2044 2092 Deum
2083 2052 2178 2105 ραν

597 2130 738 2180 trem
768 2136 866 2180 nos
907 2122 1109 2178 habere
1149 2123 1464 2192 gaudemus.
1501 2125 1593 2179 illo
1637 2142 1762 2195 ergo
1803 2129 1959 2180 tertio
1999 2127 2177 2190 modo,

595 2227 703 2284 quo
727 2213 878 2284 iuxta
909 2215 1282 2284 cognationem
1319 2217 1507 2272 fratres
1535 2219 1708 2270 vocari
1741 2217 1991 2282 diximus,
2021 2229 2072 2274 et
2099 2220 2180 2274 hic

601 2314 655 2364 et
678 2305 978 2376 ubicunque
1005 2307 1195 2368 fratres
1225 2306 1435 2362 Domini
1465 2306 1708 2376 legimus,
1740 2308 1838 2362 hoc
1864 2310 2177 2364 vocabulum

595 2397 836 2466 recipere
881 2398 1156 2460 debemus.
1189 2398 1302 2462 lloc
1339 2400 1519 2468 itaque
1567 2401 1723 2454 modo
1760 2399 1987 2456 Jacobus
2021 2401 2181 2457 frater

599 2488 810 2550 Domini
851 2489 1022 2554 dictus
1064 2500 1180 2558 est,
1226 2490 1347 2560 quia
1399 2491 1536 2546 illius
1585 2489 1682 2550 fuit
1729 2501 2028 2548 materterm
2077 2494 2181 2546 Do-

599 2580 751 2642 mini.
777 2579 1023 2648 Dixerunt
1055 2600 1172 2658 ergo
1204 2585 1390 2656 fratres
1420 2584 1530 2654 ejus
1553 2585 1622 2638 ad
1644 2602 1757 2642 eum
1786 2602 1805 2639 .'
1834 2584 2017 2642 Transi
2041 2588 2176 2652 hinc,

591 2680 642 2730 es
663 2671 864 2744 tradent
885 2670 1148 2738 Indicam,
1163 2681 1216 2728 ut
1243 2683 1289 2727 et
1317 2673 1558 2744 discipuli
1587 2676 1659 2730 tui
1687 2675 1886 2734 rideant
1917 2695 2071 2746 opera
2094 2690 2181 2740 tua

529 2769 540 2780 '
591 2778 704 2832 qua
731 2764 882 2834 facis.
918 2763 1084 2820 Nerua
1128 2766 1317 2840 quippe
1358 2767 1409 2820 in
1442 2767 1637 2822 occulto
1669 2767 1862 2837 aliquid
1895 2769 2037 2838 facit,
2070 2781 2173 2826 etc.

593 2854 658 2916 Si
693 2858 800 2924 haec
823 2857 989 2926 faris,
1036 2857 1306 2926 manifesta
1349 2858 1564 2925 teipsum
1605 2859 1811 2918 mundo.
1869 2861 2043 2924 Quare
2079 2863 2177 2914 ista

595 2951 872 3018 ﬁcerent,
915 2961 1136 3018 sanctus
1171 2950 1490 3026 evangelista
1532 2955 1740 3019 aperire
1778 2955 1980 3010 Curavit
2004 2993 2020 3018 ,
2056 2970 2174 3016 cum

587 3045 853 3114 adjunxit.
899 3043 1076 3114 Neque
1114 3044 1246 3106 enim
1277 3046 1461 3116 fratres
1497 3047 1606 3116 ejus
1655 3045 1918 3104 credebant
1957 3046 2007 3099 in
2036 3062 2172 3101 euut.

593 3135 889 3200 Potuit-runt
909 3136 1052 3192 enim
1073 3135 1365 3200 secundum
1386 3151 1600 3194 carnem
1625 3137 2001 3208 consanguinei
2026 3138 2177 3196 Chri-

590 3225 662 3292 sti
705 3240 859 3292 esse,
901 3225 997 3282 sed
1045 3226 1266 3282 credere
1317 3226 1429 3296 ipsa
1473 3228 1864 3298 propinquitate
1912 3227 2178 3297 dediguati

593 3328 756 3384 suit;
787 3327 842 3376 et
873 3318 1122 3388 quoniam
1149 3318 1370 3389 gloriam
1401 3320 1721 3382 mundanam
1752 3321 2057 3390 qtta'rebanl
2081 3362 2094 3384 ,
2127 3322 2179 3378 in

583 3423 716 3476 eum
767 3424 924 3480 quem
975 3408 1160 3480 gloria
1217 3410 1374 3478 hujus
1424 3421 1844 3478 contemptorem
1896 3422 2176 3484 noverant,

591 3501 815 3568 credere
855 3501 1124 3568 nolebant.
1167 3501 1432 3562 Putabant
1468 3518 1596 3574 ergo
1633 3503 1780 3558 illum
1824 3511 2029 3558 tantum
2057 3520 2176 3566 esse

589 3595 884 3666 hominem.
915 3605 970 3652 at
995 3595 1119 3656 ideo
1144 3611 1268 3654 eum
1300 3611 1367 3660 ex
1395 3612 1456 3662 se
1494 3596 1796 3663 metientes,
1830 3604 1884 3652 et
1911 3598 2049 3654 sicut
2076 3598 2175 3670 ipsi

590 3688 812 3757 honoris
841 3697 995 3752 erant
1020 3688 1230 3760 cupidi,
1261 3689 1334 3754 ita
1361 3704 1484 3754 eum
1513 3689 1832 3750 arbitrantes
1856 3689 1924 3746 ab
1952 3691 2050 3754 hac
2078 3706 2173 3748 cu-

589 3781 812 3854 piditate
835 3795 1172 3854 nequaquam
1200 3794 1323 3836 esse
1352 3780 1673 3846 immunem,
1706 3782 1853 3849 quasi
1885 3783 2171 3838 consolan-

592 3884 672 3934 tes
691 3915 708 3940 ,
739 3882 794 3934 et
821 3873 1106 3940 consilium
1133 3872 1182 3930 ei
1211 3871 1402 3928 dantes
1424 3913 1438 3938 ,
1480 3873 1727 3936 dixerunt
1760 3891 1770 3925 :
1806 3875 1993 3929 Transi
2024 3873 2169 3940 hinc,

585 3974 643 4024 et
682 3966 818 4026 vade
857 3965 912 4028 in
940 3961 1216 4034 Judaeum,
1250 3963 1335 4024 ubi
1366 3973 1523 4034 caput
1562 3971 1644 4020 est
1675 3965 1834 4020 totius
1866 3967 2048 4036 regni,
2084 3968 2170 4026 ubi

589 4058 897 4136 metropolis
925 4057 1146 4124 civitas,
1191 4063 1245 4112 et
1286 4056 1591 4118 venerabile
1628 4057 1773 4112 omni
1804 4058 1999 4113 mundo
2031 4067 2167 4114 tem-

587 4150 730 4220 plum
751 4191 768 4220 ,
791 4149 879 4212 ubi
913 4149 1217 4214 hominibus
1239 4148 1538 4204 innutescas
1559 4189 1574 4216 ,
1605 4157 1657 4204 et
1687 4147 1754 4203 ab
1782 4151 2028 4212 erunibus
2055 4151 2169 4220 glo-

585 4241 846 4310 riticeris,
885 4249 947 4312 ut
985 4249 1038 4302 et
1086 4240 1329 4311 discipuli
1373 4240 1448 4296 tui
1486 4240 1698 4296 videant
1728 4257 1890 4310 opera
1931 4250 2019 4296 tua
2050 4256 2168 4313 quae

583 4333 732 4408 facis,
763 4331 1020 4410 Videbam
1049 4333 1244 4410 quippe
1281 4333 1451 4402 sancti
1488 4333 1690 4392 Domini
1734 4335 1972 4404 discipuli
2002 4351 2163 4406 Opera

2289 1831 2426 1886 hunc
2448 1875 2463 1902 ,
2500 1835 2702 1914 inquit,
2739 1838 2876 1894 diem
2907 1844 3206 1910 ascendite,
3236 1845 3284 1902 iu
3318 1864 3411 1916 quo
3435 1865 3510 1906 vos
3530 1854 3579 1906 ad
3607 1855 3717 1908 ururrdi

2285 1925 2505 1995 gloriam
2535 1932 2822 1994 extenditis
2849 1973 2861 1996 ,
2893 1950 2996 1990 nec
3030 1937 3292 2000 caelestem
3321 1943 3543 2008 cogitatis.
3567 1944 3640 2014 Ego
3659 1965 3716 2000 nar

2286 2019 2580 2084 ascendam,
2623 2023 2688 2074 ad
2721 2023 2852 2082 diem
2889 2029 3072 2096 festum
3115 2031 3278 2096 istum,
3311 2035 3416 2101 quia
3446 2045 3595 2107 tempus
3622 2055 3718 2092 metu

2287 2109 2508 2162 nondum
2559 2110 2820 2180 impletum
2863 2126 2955 2170 est.
3003 2117 3176 2182 Quare
3224 2120 3342 2182 dicit
3379 2121 3582 2180 Dominus
3612 2143 3621 2176 :
3650 2125 3717 2177 .t'nr

2283 2201 2577 2266 ostendam,
2601 2218 2718 2258 cum
2749 2203 2799 2258 in
2831 2209 3170 2274 sequentibus
3201 2211 3542 2282 tituliarttejaur
3565 2213 3721 2270 diequ

2285 2290 2508 2362 legimus
2535 2309 2654 2350 eum
2683 2300 3027 2358 asceruiisse‘!
3055 2300 3161 2358 Sed
3193 2314 3268 2356 cst
3295 2307 3719 2376 attendendum,un

2283 2384 2410 2436 dicit
2463 2385 2525 2438 ad
2577 2385 2716 2440 diem
2769 2387 2963 2444 festum
3004 2392 3184 2452 istum.
3227 2394 3368 2456 Tunc
3406 2397 3522 2452 enim
3555 2415 3628 2458 non
3651 2413 3720 2452 cura

2286 2474 2390 2528 illis
2420 2478 2678 2540 ascendit,
2714 2479 2806 2532 sed
2841 2490 2954 2550 post
2987 2483 3188 2548 aliquot
3214 2486 3320 2540 dies
3350 2487 3593 2550 festivitatis
3613 2505 3722 2542 emen-

2283 2581 2391 2630 Sos,
2419 2570 2538 2638 quia
2567 2579 2760 2641 tempus
2790 2590 2973 2636 meum,
3005 2576 3105 2628 hoc
3132 2587 3233 2644 cst,
3257 2578 3424 2646 gloria:
3446 2595 3566 2646 mea,
3585 2581 3724 2638 nantium

2282 2655 2545 2722 impletum
2589 2670 2680 2712 ρει.
2719 2661 2866 2715 Tunc
2899 2665 3037 2720 enim
3072 2669 3176 2722 erit
3206 2684 3346 2724 meus
3376 2669 3513 2722 festus
3537 2671 3721 2732 dies,nua

2281 2751 2439 2804 certis
2480 2753 2664 2805 tllt'ltllS
2706 2759 3096 2823 perlrausiens,
3142 2760 3236 2816 sed
3273 2761 3498 2816 continua
3522 2762 3725 2816 celebritate

2283 2857 2621 2910 pertimueris.
2659 2841 2782 2898 Iliae
2809 2862 2918 2899 cum
2948 2849 3184 2918 deteSc’l,
3213 2853 3314 2918 ipse
3338 2854 3554 2910 mansitiu
3575 2851 3724 2906 (latitet.

2284 2930 2349 2986 Ut
2379 2945 2542 2987 autem
2574 2938 2908 2990 ascenderunt
2951 2940 3140 3009 fratres
3171 2945 3278 3011 eius
3299 2984 3312 3010 ,
3341 2953 3446 3000 tunc
3469 2956 3505 2997 et
3526 2943 3604 3008 ipse
3622 2957 3726 2995 astru-

2286 3027 2356 3078 dit
2400 3028 2465 3078 uti
2497 3027 2630 3082 diem
2668 3031 2884 3098 festum,
2923 3050 3021 3086 non
3062 3039 3358 3108 manifeste,
3393 3037 3468 3090 sed
3494 3036 3602 3108 quasi
3624 3036 3658 3086 in
3679 3047 3728 3084 ot-

2288 3118 2442 3173 culto.
2473 3121 2734 3187 Quantum
2766 3123 2829 3176 ad
2869 3121 3098 3179 litteram
3124 3169 3139 3194 ,
3169 3130 3369 3185 occulte
3396 3129 3596 3184 Dominus
3613 3140 3728 3181 ascen-

2284 3212 2396 3278 dit,
2447 3215 2570 3281 quia
2625 3229 2724 3268 non
2772 3213 2980 3272 favores
3038 3217 3312 3275 hominum
3362 3221 3633 3292 requirebat,
3666 3233 3727 3272 non

2285 3305 2494 3374 pompis
2520 3307 2720 3371 saeculi,
2747 3315 2796 3361 et
2822 3305 3135 3378 stipantiurn
3159 3329 3280 3369 sese
3302 3315 3538 3368 turbarum
3558 3309 3730 3380 obsequiis

2282 3398 2668 3452 oblectabatur.
2710 3399 2928 3470 Mystice
2963 3418 3124 3470 vero,
3169 3407 3404 3460 occultus
3438 3399 3728 3466 ascendit,qui:t

2283 3489 2393 3560 ipse
2433 3492 2484 3544 in
2524 3492 2629 3545 illis
2672 3494 3100 3550 solemnitatibus
3147 3498 3369 3572 latebat,
3415 3497 3493 3570 qui
3523 3491 3729 3566 typirisho-

2280 3585 2502 3640 stiarum
2539 3599 2655 3656 qua:
2693 3586 2763 3639 ibi
2806 3585 3171 3644 offerebantur
3210 3589 3471 3645 sacriﬁciis
3506 3584 3731 3655 pra-signatus

2283 3684 2430 3740 erat,
2478 3675 2570 3732 sed
2627 3693 2729 3729 non
2785 3677 3201 3749 intelligebatur.
3246 3685 3360 3737 tam
3397 3695 3506 3736 vero
3536 3677 3607 3731 sub
3632 3668 3733 3744 gruit

2277 3766 2450 3820 sancti
2491 3769 2750 3840 evangelii
2797 3770 3112 3827 manifestus
3148 3781 3263 3839 est,
3312 3775 3426 3842 quia
3458 3769 3569 3840 quod
3606 3765 3675 3818 illis
3703 3761 3733 3812 in

2277 3859 2463 3912 umbra
2495 3868 2547 3913 et
2578 3859 2741 3930 ﬁgura
2774 3863 3145 3932 exhibebatur,
3185 3867 3336 3921 nobis
3365 3865 3563 3920 revelata
3581 3859 3665 3915 luce
3680 3869 3733 3907 tt-

2277 3953 2448 4007 ritalis
2499 3955 2690 4024 agitur.
2741 3954 2908 4010 Judaei
2962 3971 3094 4028 ergo
3147 3961 3450 4030 quwrebanl
3495 3971 3590 4010 eum
3625 3952 3659 4005 in
3687 3948 3735 3998 die

2279 4044 2436 4112 festo,
2470 4049 2590 4116 quia
2624 4050 2732 4116 ipse
2758 4065 2876 4102 cum
2913 4049 3172 4106 fratribus
3203 4068 3308 4107 non
3337 4050 3617 4107 ascenderat.
3639 4043 3733 4097 Ᾱῐιιθ·

2275 4151 2431 4206 quam
2464 4139 2702 4207 veniret,
2739 4149 2792 4194 et
2832 4143 3144 4210 qtrwrebant
3183 4161 3337 4210 eum,
3366 4156 3416 4200 et
3443 4143 3660 4196 dicebant:
3683 4129 3735 4184 [ti

2272 4241 2342 4283 est
2371 4231 2495 4286 ille?
2523 4229 2591 4284 Et
2625 4249 2854 4286 murmur
2885 4237 3072 4289 mullus
3098 4247 3210 4290 erat
3243 4239 3295 4292 in
3328 4241 3461 4292 turba
3487 4234 3538 4288 de
3560 4225 3737 4285 illoJltIt-

2272 4339 2391 4377 mur
2435 4325 2522 4378 ille
2568 4340 2786 4394 magnus
2831 4327 2898 4381 de
2947 4331 3299 4385 contentione
3339 4331 3494 4384 lactus
3530 4329 3738 4388 est,qt13m

579 4421 793 4496 jpgiph
823 4425 916 4492 βω
946 4409 1144 4494 φηςι]
1195 4409 1295 4480 hoc
1339 4425 1479 4494 quod
1526 4424 1604 4484 illi
1642 4427 1980 4496 quani-ebant,
2014 4439 2068 4496 ω
2099 4444 2160 4482 ea
2193 4439 2245 4501 υ
2273 4417 2410 4473 inter
2437 4433 2496 4474 se
2526 4419 2848 4475 dissidentes
2891 4421 3186 4478 habebant.
3217 4424 3348 4479 Nam
3383 4409 3740 4483 ﬁcutcraugeliéit

585 4517 812 4582 terrenis
833 4523 886 4578 et
913 4503 1258 4588 popularibus
1289 4515 1554 4573 favoribus
1583 4518 1882 4588 attolerent,
1914 4520 2164 4592 quoniam

587 4604 767 4672 divina
789 4619 950 4676 opera
981 4595 1172 4678 divinis
1196 4605 1437 4680 laudibus
1469 4619 1724 4664 noverant
1746 4611 2033 4666 efferenda.
2057 4612 2163 4668 Sed

584 4695 864 4768 audiamus
907 4696 1031 4778 quid
1072 4698 1396 4752 amatoribus
1434 4698 1616 4769 gloria:
1656 4700 1906 4755 Dominus
1940 4718 2163 4772 respon-

585 4789 722 4856 derit
772 4807 784 4843 :
841 4786 1058 4860 Tempus
1108 4808 1276 4845 meum
1311 4794 1543 4847 nondum
1578 4794 1800 4849 aduenit.
1844 4795 1922 4849 Illi
1953 4796 2165 4866 quidem

585 4880 878 4954 suadebant
915 4881 991 4937 ire
1033 4881 1084 4937 in
1115 4882 1387 4958 Judaeum,
1420 4894 1475 4940 et
1509 4900 1658 4939 suam
1690 4889 1975 4955 potentiam
2008 4890 2167 4944 mira-

587 4973 721 5030 culis
749 4973 948 5040 mundo
979 4974 1344 5042 innotescere,
1379 4991 1445 5030 ne
1474 4975 1646 5031 latens
1669 5018 1683 5042 ,
1727 4973 1972 5048 ignobilis
2003 4990 2056 5036 et
2086 4981 2166 5036 in-

583 5065 782 5138 glorius
823 5065 1128 5140 haberetur.
1183 5066 1375 5121 Verum
1420 5067 1678 5122 Dominus
1717 5072 1991 5138 respondit
2029 5088 2162 5127 non-

585 5143 711 5232 dum
752 5161 1029 5231 advenisse
1066 5170 1276 5234 tempus
1321 5161 1505 5232 glorire
1544 5177 1674 5216 suae.
1707 5161 1864 5218 Prius
1905 5163 2000 5219 fuit
2033 5175 2165 5220 tern-

587 5264 684 5328 pus
716 5249 1028 5320 humilitatis
1056 5249 1193 5332 ejus,
1227 5267 1320 5326 per
1345 5266 1502 5322 quam
1533 5251 1598 5305 ad
1629 5253 1899 5332 caelestem
1928 5255 2166 5312 sublimi-

585 5350 744 5396 tatem
789 5341 1122 5409 disposuerat
1174 5343 1473 5412 pervenire.
1527 5343 1612 5397 Ait
1669 5344 1826 5416 igitur
1876 5365 1886 5399 :
1947 5347 2162 5422 Tempus

583 5451 784 5506 meum,
828 5434 878 5489 id
919 5444 1030 5500 est,
1079 5444 1284 5506 tempus
1309 5451 1441 5490 mea:
1486 5437 1881 5505 glorificationis
1928 5446 2162 5496 nondum

583 5526 816 5582 advenit.
866 5525 1044 5580 Primo
1083 5542 1308 5595 namque
1355 5531 1616 5596 passionis
1645 5529 1968 5606 [passurus]
2007 5546 2056 5590 et
2086 5537 2165 5591 sic

584 5615 796 5684 demum
841 5619 1165 5690 resurgendo
1191 5660 1205 5685 ,
1257 5626 1310 5674 et
1353 5619 1418 5672 ad
1458 5621 1621 5675 caelos
1663 5624 2000 5680 ascendendo
2049 5637 2164 5682 erat

584 5709 977 5794 glorificamus.
1007 5693 1231 5782 Tempus
1260 5720 1426 5766 autem
1457 5723 1701 5781 vestrum,
1738 5717 1837 5782 ait,
1871 5733 2061 5784 semper
2087 5728 2163 5775 est

2269 4510 2561 4581 subjuugit,
2584 4512 2794 4582 quidam
2823 4513 3053 4568 dicebant
3077 4517 3204 4586 quia
3229 4515 3386 4568 borius
3408 4521 3472 4568 est
3491 4529 3507 4578 ;
3524 4509 3597 4563 alii
3611 4513 3716 4557 autem
3729 4511 3741 4549 .·

2267 4619 2392 4674 non,
2425 4589 2512 4656 sed
2540 4605 2736 4659 seducit
2767 4605 2959 4660 turbas.
2985 4609 3084 4661 Alii
3109 4609 3256 4662 enim
3284 4619 3403 4663 eum
3427 4607 3592 4662 bonum
3610 4604 3740 4651 δείξαθ’

2267 4695 2414 4763 bant,
2441 4695 2532 4750 alii
2562 4697 2895 4753 seductorem
2932 4697 3398 4770 blaSphemabant.
3427 4697 3520 4754 Sed
3544 4690 3648 4764 quod
3669 4695 3739 4738 tunc

2267 4789 2334 4844 de
2366 4790 2587 4844 Domino
2616 4789 2682 4844 ab
2713 4793 2890 4860 impiis
2931 4791 3233 4862 dicebatur,
3268 4795 3368 4850 hoc
3394 4795 3546 4864 ipsum
3569 4782 3740 4846 hodist“

2266 4880 2333 4934 de
2367 4879 2613 4937 fidelibus
2643 4884 2812 4937 servis
2840 4883 2955 4951 ejus
2987 4885 3204 4940 dicitur.
3240 4886 3374 4941 Nam
3401 4886 3646 4953 quicunque
3666 4869 3741 4925 reli-

2265 4975 2446 5044 giosus
2473 4987 2586 5042 est,
2617 4982 2671 5030 et
2699 4976 2807 5031 Deo
2835 4978 2886 5031 in
2918 4979 3263 5048 simplicitate
3293 4980 3464 5037 cordis
3481 4961 3741 5031 serviens,“

2266 5066 2580 5136 irrcligiosis
2623 5078 2678 5124 et
2719 5071 2999 5126 malitiosis
3031 5075 3391 5143 vituperatur,
3420 5081 3468 5125 et
3491 5069 3550 5123 ab
3577 5064 3663 5119 alio
3685 5060 3742 5110 δο-

2268 5174 2369 5214 nus
2389 5202 2405 5226 ,
2433 5161 2499 5213 ab
2522 5160 2639 5214 aliis
2665 5162 2917 5226 seductus
2947 5173 3188 5220 vocatur.
3229 5166 3342 5219 liae
3375 5163 3516 5233 igitur
3541 5149 3740 5216 raletPl‘J‘

2266 5251 2458 5314 rituum
2497 5253 2560 5308 ad
2604 5253 3024 5316 consolationem
3069 5265 3330 5320 nostram.
3369 5261 3527 5320 (,tuare
3556 5249 3661 5302 enim
3686 5251 3741 5290 ct-

2265 5345 2578 5414 ,liorrcscmt
2625 5348 2862 5412 membra
2911 5345 3140 5414 Christi,
3196 5349 3339 5420 quod
3383 5346 3476 5416 ipsi
3513 5342 3667 5398 illatum
3692 5333 3740 5382 est

2265 5439 2423 5508 capiti
2455 5454 2551 5493 suo
2571 5439 2593 5491 ’ἰ
2625 5439 2737 5493 Non
2767 5443 3028 5510 refugiant
3067 5443 3206 5493 servi
3247 5441 3439 5494 Christi
3469 5436 3658 5489 audires

2265 5533 2367 5586 culi
2396 5533 2744 5597 amatoribus,
2770 5519 2909 5602 quod
2941 5532 3136 5586 dictum
3163 5543 3246 5586 est
3270 5530 3336 5585 de
3359 5531 3549 5584 Cllflslt)
3569 5538 3592 5576 a
3612 5516 3740 5574 luditis

2267 5625 2767 5677 murtrruratoribus.
2814 5624 2977 5676 Nemo
3021 5635 3185 5676 turrim
3228 5624 3399 5694 palum
3440 5623 3676 5686 loqrzrbatur
3704 5602 3739 5653 tl:

2267 5721 2360 5774 illo
2392 5731 2593 5792 propter
2625 5729 2809 5775 metum
2844 5717 3163 5786 Italicorum.
3196 5719 3348 5787 Quod
3388 5717 3532 5780 dicit,
3563 5709 3737 5768 neumML
