3972 6340
257 250 398 326 tm

1247 243 1715 304 HOMILIARIUS.
1757 270 1828 285 -—
1862 243 2028 312 ῌΟΜ.
2071 245 2160 304 DE
2197 244 2546 320 TEMPORE.

3401 262 3538 348 ms

254 365 364 428 tam
397 361 694 434 loquebatur
736 360 797 416 de
833 359 960 426 illa,
1000 359 1066 414 ad
1107 359 1228 424 illos
1268 368 1470 414 tantum
1511 361 1728 428 respicit
1759 359 1849 430 qui
1877 363 1930 420 Α
1957 361 2214 428 templum
2255 363 2488 427 intrare,
2519 371 2575 418 et
2606 363 2898 423 divinitatis
2929 381 3040 426 suae
3070 372 3320 450 mysteria
3345 378 3540 446 popqu

252 455 505 531 ﬁgebant
547 455 671 528 quia
709 454 879 520 bonus
924 461 1005 512 est
1049 471 1062 508 :
1101 453 1155 524 lii
1192 453 1332 524 enim
1372 450 1584 516 silentio
1627 462 1678 506 et
1721 465 1847 524 voce

252 547 512 620 minima,
554 553 608 598 et
635 558 768 610 sono
801 545 1088 622 pressiore,
1123 543 1171 596 id
1202 552 1303 608 est,
1335 556 1620 612 suppresso
1649 555 1743 595 ore
1771 540 1850 596 lo-

251 639 576 710 quebantur.
610 636 684 696 Illi
715 652 844 702 vero
870 637 956 712 qui
983 635 1250 704 dicebant,
1283 636 1476 690 seducit
1506 634 1702 700 turbas,
1733 633 1846 689 cla-

249 733 366 800 rius
405 728 758 800 resonabant,
804 743 990 792 eorum
1045 728 1250 798 sonitus
1303 727 1497 780 clarius
1534 726 1849 784 audiebatur

251 832 508 894 tauquam
539 821 802 884 arentium
833 819 1101 890 (oliorum,
1131 818 1234 874 Sed
1269 820 1374 872 Deo
1398 817 1614 889 gratias,
1643 832 1850 886 permu-

250 927 376 984 tata'.
419 924 544 978 sunt
589 914 642 978 in
679 913 870 972 melius
920 926 1098 978 voces.
1141 911 1393 986 Quamvis
1433 911 1576 964 enim
1619 910 1847 968 necdum

249 1007 465 1074 uerterit
495 1007 584 1072 illa
611 1005 777 1076 gloria
806 1004 1026 1072 Christi,
1051 1019 1209 1074 quam
1241 1004 1419 1058 devoti
1451 1001 1843 1074 praestolamur,

247 1117 349 1170 per
377 1115 532 1170 quau;
569 1097 886 1166 aeternitatis
929 1098 1148 1170 prtemia
1199 1112 1297 1152 nos
1328 1096 1615 1166 adepturos
1665 1109 1848 1168 spera-

245 1210 404 1260 mus,
433 1202 610 1258 tamen
643 1191 714 1250 ita
741 1205 834 1264 per
864 1191 1171 1260 universum
1213 1175 1466 1244 mundum
1497 1187 1607 1256 jam
1627 1183 1847 1262 dilatata

245 1288 422 1352 erevit
445 1284 683 1354 Ecclesia
704 1325 720 1350 ,
747 1284 826 1352 sic
854 1298 975 1344 sese
1005 1299 1099 1358 per
1125 1299 1314 1348 omnes
1345 1283 1491 1338 orbis
1522 1291 1697 1352 partes
1718 1296 1848 1352 qua-

243 1393 572 1450 quavemum
607 1377 851 1446 dill'udit,
891 1387 949 1431 ut
977 1377 1098 1458 ejus
1125 1375 1312 1444 laudes
1342 1375 1408 1429 ab
1437 1374 1684 1427 omnibus
1719 1373 1852 1430 lide-.

249 1474 394 1538 libus
441 1471 612 1538 libera,
655 1477 710 1526 et
758 1469 969 1530 excelsa
1014 1484 1146 1524 voce
1199 1468 1511 1546 psallantur,
1568 1468 1847 1537 palamque

243 1569 457 1634 dicatur
483 1567 552 1634 ab
577 1566 842 1628 universis
863 1607 876 1632 ,
903 1565 1021 1633 quia
1053 1565 1216 1618 bonus
1239 1575 1331 1619 est.
1362 1564 1416 1620 Si
1449 1564 1536 1638 qui
1569 1577 1695 1618 vero
1723 1570 1846 1616 sunt

247 1658 523 1726 Mretici.
566 1658 653 1730 qui
698 1658 850 1732 pauci
885 1657 1026 1712 velut
1061 1658 1214 1711 navis
1257 1657 1448 1710 tabula:
1481 1662 1600 1728 post
1640 1655 1846 1708 naufra-

1954 453 2189 528 pandere
2222 453 2474 524 dignatus
2515 457 2605 518 sit.
2649 457 2788 513 Sane
2826 460 3020 515 etenim
3061 477 3156 533 per
3196 467 3538 536 asperitatem

1953 541 2166 611 hiemis,
2197 543 2391 599 duritia
2424 546 2707 602 denotatur
2736 549 3086 620 infidelitatis,
3117 570 3237 624 qua:
3267 559 3319 613 in
3349 560 3542 617 menti-

1952 632 2051 688 bus
2080 651 2435 703 quorumdam
2462 636 2765 694 indecorum
2801 651 2926 697 tunc
2951 653 3084 712 erat,
3119 649 3310 716 quibus
3346 665 3540 706 conve-

1953 726 2138 779 niebat
2185 726 2316 781 illud
2363 730 2503 798 quod
2555 729 2808 786 Dominus
2858 735 2985 790 alibi
3045 723 3173 792 dicit
3221 755 3237 795 :
3285 740 3541 806 Quoniam

1951 815 2230 874 abundabit
2262 822 2505 891 iniquitas
2527 866 2540 890 ,
2571 827 2864 895 refrigescet
2893 829 3116 885 citat-itas
3146 832 3443 892 multorum.
3475 836 3542 894 Et

1952 907 2247 962 ambulabat
2272 909 2424 966 Jesus
2446 915 2499 966 in
2531 915 2736 983 templo,
2762 919 2815 970 in
2841 920 3042 986 porticu
3075 921 3391 978 Salomanis.
3421 926 3542 982 Por-

1951 997 2116 1056 ticum
2143 1002 2446 1060 Salomonis
2471 1006 2632 1072 dicit,
2669 1007 2723 1060 in
2763 1026 2866 1076 qua
2903 1023 2994 1066 rex
3035 1013 3123 1066 ille
3158 1016 3422 1082 quondam
3455 1031 3542 1087 po-

1953 1095 2286 1148 tentissimus
2328 1099 2390 1150 ad
2437 1099 2768 1155 adorandum
2798 1113 2942 1158 stare
2985 1105 3174 1159 solitus
3212 1117 3347 1175 erat,
3379 1119 3541 1178 atque

1949 1183 2071 1264 ideo
2115 1203 2179 1240 ex
2221 1187 2337 1256 ejus
2383 1191 2598 1244 nomine
2645 1195 3006 1261 cognominati
3053 1208 3308 1266 eruperat.
3357 1201 3542 1258 Solent

1951 1283 2128 1329 autem
2161 1279 2396 1346 porticus
2425 1281 2617 1348 quibus
2646 1287 2904 1352 templum
2933 1286 3057 1341 illud
3091 1289 3424 1360 cingebatur,
3449 1309 3540 1348 no-

1943 1367 2094 1422 mine
2141 1369 2322 1438 templi
2371 1373 2647 1440 appellari.
2697 1374 2752 1430 Si
2796 1391 2923 1445 ergo
2963 1389 3085 1433 tunc
3137 1381 3228 1435 Dei
3277 1383 3443 1439 Filius
3489 1381 3541 1441 in

1947 1462 2178 1530 templo,
2211 1463 2261 1516 in
2294 1479 2399 1531 quo
2435 1467 2654 1536 sanguis
2696 1467 2972 1523 brutorum
3002 1471 3308 1527 animalium
3351 1477 3539 1532 tunde-

1947 1553 2125 1621 batur,
2163 1558 2329 1612 voluit
2371 1557 2729 1626 corporaliter
2759 1563 3064 1629 ambulare,
3098 1566 3270 1620 multo
3306 1570 3536 1637 amplius

1945 1655 2094 1701 nunc
2123 1647 2474 1704 domum-sum
2503 1653 2773 1720 ecclesiae,
2806 1653 2894 1708 ubi
2927 1658 3167 1724 corporis
3187 1668 3240 1713 et
3269 1661 3542 1729 sanguinis

239 1751 396 1824 gium
437 1759 843 1824 remanserunt,
886 1764 992 1812 non
1021 1757 1237 1817 aperte,
1265 1747 1359 1802 sed
1388 1748 1528 1802 velut
1568 1748 1616 1800 in
1647 1747 1842 1818 angulo
1877 1738 2033 1820 B'sni
2065 1752 2399 1795 sacramenta
2431 1755 2841 1811 consecrantur,
2874 1746 3107 1803 invisere
3145 1759 3200 1803 et
3239 1751 3540 1809 inhabitare

245 1855 534 1914 susurrant
573 1845 748 1916 potius
795 1860 954 1914 quam
1007 1845 1318 1916 loquuntur,
1350 1844 1492 1914 quia,
1531 1842 1670 1896 sicut
1716 1841 1842 1896 dicit

247 1937 550 2004 Bsalmista,
583 1938 910 2006 Obstructum
932 1944 1004 1990 est
1030 1953 1085 2002 os
1113 1935 1428 2014 loquentium
1470 1936 1645 2003 iniqua
1670 1931 1840 2002 (Psal.

243 2031 408 2099 un).
441 2026 636 2096 mansa
666 2044 897 2098 namque
926 2017 1020 2094 ore
1044 2026 1363 2094 infidelium,
1390 2035 1572 2100 aperta
1599 2033 1724 2080 sunt
1750 2017 1843 2080 oEa

247 2121 522 2190 ﬁdelium,
555 2130 612 2194 et
636 2122 746 2190 jam
774 2122 990 2190 laudant
1022 2137 1216 2176 nomen
1247 2117 1446 2175 Christi
1480 2119 1531 2172 in
1561 2120 1758 2186 choro,
1790 2126 1844 2174 et

245 2215 486 2286 psallunt
507 2215 556 2278 ei
581 2217 634 2284 in
669 2226 923 2288 tympano
945 2214 1302 2286 etpsaltcrio;
1349 2213 1466 2282 quia
1503 2213 1763 2267 exaltatus
1791 2213 1842 2266 in

241 2320 412 2376 Attice
437 2305 599 2378 traxit
626 2307 690 2374 ad
721 2321 781 2376 se
807 2307 1005 2374 omnia,
1029 2314 1084 2372 ut
1109 2306 1164 2360 in
1187 2303 1436 2360 omnibus
1461 2299 1706 2373 gentibus
1731 2301 1845 2370 ipse

243 2398 400 2470 gaius
428 2387 652 2470 colatur,
687 2408 740 2464 et
769 2398 1026 2466 habeatur
1051 2398 1192 2462 Deus
1219 2414 1378 2466 super
1407 2397 1584 2451 omnia
1617 2395 1842 2451 benedi-

245 2497 372 2562 εμιὲ
395 2487 448 2554 in
473 2490 688 2558 sarcula.
709 2488 807 2556 Cui
827 2505 946 2545 cum
972 2489 1130 2556 Patre
1151 2502 1201 2544 et
1225 2488 1426 2557 Spiritu
1447 2498 1630 2543 sancto
1647 2496 1727 2558 est
1757 2488 1846 2542 Ιιο·

249 2596 354 2654 per
377 2590 432 2654 et
471 2567 639 2658 gloria
677 2597 771 2662 per
818 2569 1228 2644 omnia-saecula
1279 2579 1617 2652 saeculorum.
1648 2579 1840 2636 Amen.

799 2713 1080 2770 HOMILIA
1117 2712 1295 2768 CVIII.

593 2841 645 2882 IN
683 2843 840 2883 FEntA
878 2843 1094 2892 ρυλλτλ
1125 2841 1256 2881 pos-r
1295 2827 1502 2880 Judic'a.

330 2943 396 3006 lu
425 2943 517 2996 illo
541 2921 764 3013 impare
796 2947 932 3016 facta
963 2953 1078 2996 sunt
1103 2943 1332 2996 encaznia
1362 2942 1414 2995 in
1444 2939 1842 3011 Hierosolymis,

1944 1828 2253 1898 dignabitur
2297 1841 2353 1888 et
2395 1837 2664 1904 gaudebit.
2715 1838 2779 1893 Et
2823 1839 2867 1892 si
2899 1841 3162 1908 porticum
3203 1842 3256 1896 in
3297 1859 3402 1914 qua
3441 1860 3535 1900 rex

1946 1919 2057 1983 ille,
2089 1925 2335 1991 quamvis
2373 1928 2781 1993 potet'ttissimus
2807 1941 2860 1984 et
2885 1933 3333 2001 sapientissimus,
3361 1944 3540 1993 tamen

1946 2015 2189 2068 mortalis
2236 2025 2394 2086 atque
2437 2027 2704 2088 terrenus,
2737 2031 2880 2078 stare
2908 2025 3131 2092 solebat,
3173 2029 3542 2096 perambulare

1945 2121 2052 2160 non
2103 2107 2378 2176 despexit,
2426 2112 2592 2167 multo
2638 2115 2807 2184 magis
2847 2119 3138 2182 penetrth
3168 2119 3408 2174 cordium
3449 2135 3542 2177 no-

1945 2207 2178 2254 strorum
2231 2217 2340 2256 suae
2387 2208 2671 2272 praesentia
2719 2207 3014 2274 titajestatis
3061 2211 3368 2280 dignabitur
3415 2213 3542 2269 ιιιιι-

1947 2299 2118 2344 strare
2152 2309 2163 2343 :
2195 2294 2237 2346 si
2279 2303 2456 2350 tamen
2503 2309 2716 2353 nostras
2755 2310 2960 2355 mentes
2997 2305 3262 2367 perticum
3301 2306 3542 2364 Satorum

1947 2383 2028 2435 nis
2049 2423 2062 2447 ,
2095 2383 2146 2437 id
2179 2395 2292 2450 est,
2323 2394 2369 2441 si
2395 2403 2486 2443 eas
2512 2389 2720 2444 timoris
2747 2393 2826 2446 sui
2857 2393 3071 2462 plenas,
3099 2398 3190 2466 qui
3217 2406 3300 2452 est
3325 2400 3539 2454 initium

1951 2478 2250 2546 sapientiae,
2278 2480 2494 2536 viderit.
2519 2483 2700 2552 Neque
2725 2487 2866 2539 enim
2893 2496 3080 2554 putare
3099 2489 3378 2556 deberuus,
3401 2491 3544 2560 quod

1947 2572 2065 2626 Ircc
2097 2582 2300 2626 tanttnu
2331 2575 2554 2643 domus,
2591 2577 2642 2631 in
2675 2593 2777 2645 qua
2820 2583 2882 2633 ad
2927 2583 3254 2638 adorandum
3289 2588 3544 2643 conveni-

1948 2679 2103 2731 mus,
2139 2665 2209 2719 sit
2247 2667 2502 2736 templum
2551 2669 2664 2724 Dei.
2705 2671 2812 2725 Nos
2849 2673 2994 2727 enim
3027 2674 3125 2742 ipsi
3165 2676 3254 2744 qui
3283 2679 3536 2734 conveni-

1947 2769 2100 2819 mus,
2151 2757 2406 2826 templum
2455 2759 2547 2813 Dei
2590 2770 2643 2814 et
2682 2761 2786 2816 diei
2825 2771 2878 2817 et
2913 2778 3036 2818 esse
3075 2765 3370 2836 debemus,
3400 2772 3544 2840 Apo-

1949 2848 2088 2901 stolo
2113 2847 2325 2902 dicente
2357 2868 2370 2901 :
2413 2849 2514 2904 i’os
2539 2853 2658 2905 estis
2687 2854 2931 2924 templum
2955 2855 3049 2908 Dei
3069 2857 3164 2910 vivi
3189 2857 3270 2930 (Η
3295 2862 3420 2915 Cor.
3444 2862 3540 2931 vr).

1949 2939 2408 2994 Circumdederunt
2452 2957 2570 3010 ergo
2620 2959 2736 2996 eum
2774 2943 2977 3008 Judau',
3042 2957 3087 3000 rt
3131 2949 3370 3004 dixerunt
3425 2953 3494 3006 ei.
3523 2967 3542 3006 :

251 3047 302 3109 μ
331 3037 489 3104 hiems
511 3047 647 3106 erat,
680 3048 725 3091 et
761 3037 1055 3090 ambulabat
1084 3035 1234 3092 Jesus
1267 3037 1317 3089 in
1348 3033 1534 3105 templa
1561 3035 1614 3088 iu
1645 3036 1844 3104 porticu
1881 3056 1924 3111 --
1954 3032 2232 3099 Quousque
2269 3033 2496 3085 animam
2545 3043 2769 3089 nostram
2811 3037 2988 3092 tollis?
3023 3038 3088 3094 Si
3117 3051 3179 3093 tu
3203 3058 3262 3095 es
3290 3043 3542 3111 (luridus,

251 3131 586 3200 Salomonis,
620 3141 722 3186 etc.
755 3127 937 3199 (Jeon.
962 3130 1043 3198 ιι).

287 3211 294 3216 ’
333 3225 581 3292 Encmnia
619 3225 810 3296 plurali
854 3219 1104 3298 munero,
1137 3222 1425 3276 vocabatur
1455 3221 1712 3276 l‘eStivitas
1749 3221 1844 3276 de-

252 3317 541 3388 dicationis
573 3317 792 3390 templi,
825 3331 981 3390 quam
1021 3317 1248 3388 populus
1276 3315 1584 3370 Iudaeorum
1613 3329 1676 3368 ex
1707 3315 1844 3367 anti-

251 3425 362 3494 qua
397 3419 604 3484 patrum
646 3389 1036 3464 consuetudine
1074 3422 1167 3478 per
1213 3419 1380 3460 annos
1424 3406 1659 3475 singulos
1693 3405 1844 3460 cele-

253 3493 415 3572 brare
440 3501 668 3570 solebat.
697 3499 1008 3555 Encaeniare
1039 3513 1270 3570 namque
1294 3493 1476 3553 Graece
1508 3499 1734 3559 initiare,
1760 3498 1842 3551 vel

253 3595 516 3668 inchoare
548 3593 732 3648 Latine
773 3593 986 3648 dicitur.
1019 3591 1213 3646 Verum
1247 3607 1351 3645 non
1383 3591 1450 3645 ab
1479 3605 1536 3645 re
1575 3605 1692 3646 esse
1722 3604 1843 3645 cre-

254 3689 496 3756 dendum
525 3697 641 3758 est,
673 3687 815 3759 quod
854 3690 1071 3743 'sanctus
1107 3686 1429 3755 evangelista
1471 3695 1678 3754 tempus
1709 3693 1840 3753 quo-

254 3796 365 3852 que
402 3796 508 3856 quo
553 3763 651 3836 ista
689 3779 952 3836 dedicatio
999 3781 1135 3835 facta
1173 3787 1284 3842 est,
1329 3777 1578 3832 intimare
1615 3777 1840 3842 curavit,

255 3873 443 3944 dicens
472 3890 487 3928 :
522 3873 588 3928 Et
610 3872 770 3928 hiems
798 3881 930 3933 erat.
949 3869 1052 3927 Per
1077 3873 1178 3926 hoc
1203 3869 1396 3940 quippe
1428 3868 1842 3938 ostendit,‘quod

256 3969 377 4024 haec
415 3966 648 4024 enceenia
692 3981 798 4021 non
837 3965 901 4020 ad
950 3965 1172 4036 primam
1216 3964 1394 4032 templi
1433 3961 1839 4027 dedicatiOuem,

253 4061 356 4134 sed
387 4059 452 4128 ad
482 4075 601 4116 eam
630 4051 754 4134 quae
786 4058 971 4114 ultima
1017 4058 1115 4113 fuit
1145 4061 1466 4126 pertineret,
1500 4066 1578 4111 ter
1617 4069 1844 4126 namque

255 4154 514 4232 tetnplum
544 4139 718 4224 ipsum
748 4143 1050 4220 dedicatum
1083 4152 1133 4205 in
1173 4151 1373 4205 sanctis
1410 4149 1600 4204 litteris
1642 4149 1844 4202 inveni-

251 4262 402 4318 mus.
444 4247 626 4312 Prima
674 4245 938 4317 siquidem
988 4243 1104 4316 ejus
1148 4243 1413 4298 dedicatio
1456 4255 1486 4295 a
1532 4240 1840 4305 Salomone,

252 4351 452 4409 magna
488 4336 692 4408 gloria,
722 4344 774 4392 et
817 4335 979 4390 totius
1019 4334 1168 4406 regni
1207 4347 1336 4404 pace
1376 4332 1665 4387 autumnali
1707 4340 1842 4386 tem-

252 4446 392 4516 pore
422 4431 556 4485 laeta
587 4423 686 4485 est.
718 4429 961 4485 Secunda
988 4425 1289 4482 Zorubabel
1328 4434 1382 4480 et
1411 4423 1535 4480 Jesu
1565 4425 1845 4479 sacerdote

243 4538 455 4596 magno
475 4565 489 4590 ,
519 4533 574 4580 et
600 4523 820 4598 reliquis
852 4522 972 4576 liliis
1003 4518 1518 4590 transmigrationis,
1546 4519 1685 4573 veris
1711 4526 1845 4574 tem—
1872 4518 1906 4550 τ

252 4633 392 4691 pore
423 4616 654 4692 perlecta
686 4609 787 4686 est.
813 4613 996 4689 Tertia
1024 4631 1052 4668 a
1082 4614 1215 4670 .iuda
1242 4613 1546 4669 Machame
1581 4624 1632 4668 et
1667 4609 1846 4666 fratri-

245 4711 362 4786 hup
403 4697 550 4782 ejus,
596 4707 787 4764 hiemis
828 4717 1068 4778 tempore
1108 4703 1242 4760 facta
1284 4716 1396 4772 est,
1428 4704 1641 4774 quando
1679 4703 1843 4758 etiam

249 4803 564 4880 specialiter
591 4802 937 4856 constitutum
970 4803 1082 4867 est;
1101 4812 1155 4854 ιιι
1181 4798 1406 4868 singulis
1437 4797 1588 4852 annis
1617 4798 1729 4852 hazc
1754 4811 1844 4851 ea-

241 4895 387 4962 ,_t_Ie_tn
409 4894 670 4966 dedicatio
692 4893 1021 4948 solemnibus
1048 4889 1698 4970 frequentareturofﬁciis.
1714 4890 1842 4959 Quae

252 4988 572 5060 constitutio
604 4999 772 5060 usque
811 4987 876 5040 ad
918 4995 1127 5054 tempus
1173 4983 1449 5039 salvatoris
1488 4992 1698 5038 servata
1738 4993 1838 5048 est,

253 5083 403 5150 sicut
430 5097 493 5136 ex
522 5080 688 5136 sancti
718 5080 979 5150 evangelii
1011 5078 1239 5133 lectione
1271 5079 1425 5132 datur
1465 5079 1706 5148 intelligi.
1739 5077 1842 5132 Ve-

253 5189 381 5238 rum
414 5173 526 5242 haec
553 5171 854 5225 observatio
883 5171 950 5225 ab
987 5171 1092 5242 illis
1123 5179 1297 5238 coepta
1325 5211 1338 5236 ,
1381 5170 1664 5224 salubriter
1699 5183 1840 5224 nunc

255 5267 317 5340 in
344 5265 599 5330 Ecclesia,
629 5265 1108 5334 venerabiliterque
1136 5263 1320 5318 haberi
1343 5263 1692 5333 dignoscitur,
1719 5277 1838 5316 cum
1883 5287 1886 5290 -

255 5374 360 5434 per
388 5374 556 5414 annos
587 5359 687 5413 sibi
713 5359 909 5430 jugiter
935 5360 1305 5424 succedentes,
1337 5357 1450 5411 dies
1478 5355 1842 5410 anniversaria

258 5450 610 5510 dedicationis
641 5453 883 5506 ecclesia:
912 5449 1108 5504 divinis
1135 5450 1384 5503 laudibus
1423 5465 1450 5502 a
1494 5448 1685 5518 populo
1717 5446 1844 5502 lide-

260 5529 392 5616 Iium
425 5531 615 5614 devote
654 5547 782 5601 satis
822 5545 1082 5604 excolitur
1121 5550 1374 5613 tantoque
1421 5543 1740 5612 propensius
1783 5555 1846 5595 ac

253 5640 455 5712 majori
482 5639 660 5695 studio
689 5639 1009 5706 celebratur,
1038 5645 1234 5708 quanto
1267 5651 1384 5706 esse
1423 5634 1724 5704 gratissima
1763 5649 1845 5690 re-

245 5731 530 5810 ,idemptori
569 5749 679 5812 non
719 5733 990 5814 dubitatur
1035 5731 1172 5790 adeo
1213 5737 1273 5790 ut
1313 5729 1369 5808 in
1407 5729 1510 5804 bac
1546 5727 1644 5788 die
1672 5727 1846 5804 ipsum

1875 3099 1922 3185 ᾳ
1953 3126 2038 3180 dic
2065 3127 2207 3181 nobis
2236 3130 2426 3196 palam.
2459 3128 2696 3197 Apparet
2723 3145 2818 3186 eur
2843 3133 3160 3201 praemiserit
3185 3099 3526 3206 evangelista,

1951 3221 2110 3274 hiems
2155 3230 2282 3274 erat.
2329 3219 2810 3278 Circumdederunt
2847 3240 2972 3280 eum
2993 3226 3197 3293 δυάδι,
3231 3243 3334 3283 ιιοιι
3364 3229 3542 3284 studio

1951 3313 2302 3382 agnoscenda:
2337 3313 2601 3378 veritatis,
2627 3315 2720 3368 sed
2748 3317 2918 3384 gratia
2959 3317 3264 3387 ingerenda:
3293 3321 3542 3377 tentatio-

1937 3411 2068 3475 'nis,
2099 3410 2801 3478 et'struendte-caiumnim,
2844 3422 2902 3468 ut
2942 3415 3240 3470 invenirem
3274 3415 3545 3485 quontodo

1946 3515 2072 3556 eum
2115 3512 2447 3556 accusarent.
2497 3503 2800 3575 Quousque,
2836 3504 3018 3571 aiunt,
3057 3507 3286 3561 animum
3315 3517 3547 3572 uacuam

1949 3593 2090 3648 tollis
2119 3593 2496 3658 ?'Causantur,
2540 3598 2688 3664 quod
2723 3597 2931 3650 animas
2967 3613 3152 3652 eor-um
3187 3601 3458 3670 (incertos
3481 3615 3546 3656 ac

1951 3701 2240 3756 suspensos
2268 3703 2360 3742 eos
2387 3689 2738 3756 dimittenda)
2765 3691 3009 3759 tolleret,
3037 3691 3127 3760 qui
3153 3691 3218 3746 ad
3248 3693 3348 3750 Itoc
3379 3709 3543 3751 retie-

1947 3789 2062 3840 rat,
2102 3790 2158 3831 ιιι
2188 3781 2394 3832 animas
2423 3781 2475 3833 iu
2517 3795 2574 3835 se
2609 3781 2940 3835 credentium
2985 3781 3240 3838 salvaret.
3287 3784 3351 3842 Si
3396 3795 3544 3842 lues

1951 3869 2212 3937 Christus,
2263 3873 2350 3926 die
2392 3875 2552 3927 nobis
2577 3875 2773 3944 palatia.
2819 3873 2992 3931 Iudam
3033 3875 3302 3934 Christum
3355 3896 3545 3948 purum

1951 3975 2156 4020 tantum
2204 3965 2474 4021 hominem
2523 3969 2788 4034 intui-um,
2830 3981 2884 4023 et
2923 3984 3104 4040 regem
3131 3971 3341 4026 caneris
3371 3972 3545 4028 excel-

1949 4058 2146 4112 siorem
2193 4068 2474 4114 venturum
2521 4060 2894 4125 crediderunt,
2937 4063 3080 4130 quod
3137 4061 3297 4118 etiam
3339 4063 3543 4132 posteri

1950 4165 2135 4206 eorum
2177 4166 2345 4221 usque
2391 4150 2444 4204 in
2477 4166 2717 4220 prresens
2761 4152 2985 4208 iaciunt.
3038 4153 3374 4224 Quapropter
3420 4170 3540 4225 per-

1949 4243 2090 4312 pessi
2125 4253 2250 4298 sunt
2279 4244 2689 4311 exterminium,
2719 4253 2777 4300 et
2811 4245 3091 4312 demoliti;
3122 4245 3194 4300 ita
3237 4257 3296 4302 ut
3334 4248 3420 4304 vix
3449 4247 3540 4303 ali~

1951 4336 2069 4404 quis
2091 4351 2273 4392 eorum
2303 4351 2464 4391 ausus
2485 4336 2555 4391 sit
2577 4338 2712 4391 conti
2722 4337 2818 4391 teri
2843 4351 2904 4392 se
2933 4337 2985 4392 in
3011 4337 3229 4407 publica
3247 4337 3536 4402 ﬂebrmum

1951 4427 2092 4495 fore,
2133 4439 2186 4484 et
2224 4445 2500 4500 quousque
2538 4431 2925 4487 Amichrismm
2974 4447 3073 4501 pne
3117 4431 3331 4487 Christo
3371 4433 3544 4492 susci-

1915 4523 1919 4534 ‘
1947 4523 2116 4592 piant,
2145 4523 2550 4578 dementissime
2567 4524 2819 4580 arbitrari
2847 4539 2953 4580 non
2977 4524 3245 4581 desinunt.
3281 4523 3544 4588 Volabant

1946 4630 2076 4685 ergo
2103 4624 2162 4670 ut
2183 4615 2526 4671 se-Domiuus
2555 4616 2832 4671 Christum
2861 4630 2985 4672 esse
3023 4617 3243 4684 diceret,
3275 4626 3539 4687 quatenus

1947 4715 2166 4777 possent
2195 4721 2318 4760 eum
2349 4707 2502 4774 quasi
2532 4707 2771 4775 Augusto
2809 4717 3228 4778 repugnantem,
3270 4717 3324 4764 et
3371 4708 3540 4776 impe-

1943 4802 2084 4856 rium
2115 4800 2214 4856 sibi
2248 4809 2624 4870 usurpautem,
2653 4801 2894 4870 praesidis
2921 4801 3176 4870 potestati
3205 4800 3419 4858 taedere
3439 4817 3542 4869 pu—

1949 4891 2224 4946 niendum.
2249 4892 2584 4961 Quapropter
2615 4889 2874 4944 Dominus
2901 4881 2973 4946 ita
2997 4888 3284 4958 prudenter
3307 4904 3372 4954 ac
3405 4898 3538 4950 lem-

1889 4987 1894 4992 ’
1951 4995 2132 5056 perate
2158 5000 2308 5040 suam
2330 4985 2738 5056 responsionem
2753 4983 3108 5049 circumtulit,
3134 4988 3192 5042 ut
3213 4981 3314 5042 illis
3338 4982 3539 5044 aditum

1949 5079 2232 5131 calumniae
2255 5077 2564 5134 Obstrueret
2581 5117 2598 5144 ,
2627 5086 2681 5132 et
2705 5076 2832 5146 quia
2851 5073 3236 5145 ipseﬂhrisws
3263 5083 3369 5138 est,
3395 5072 3540 5134 futu-

1922 5169 2023 5224 ris
2053 5170 2300 5224 ﬁdelibus
2331 5179 2512 5238 aperta
2543 5183 2673 5224 voce
2707 5168 2944 5238 pandere
2970 5167 3214 5233 auderet.
3255 5164 3540 5238 Respondit

1949 5265 2078 5317 enim
2107 5265 2180 5316 eis
2217 5263 2386 5316 dicens
2419 5263 2667 5333 λιθίνων
2699 5261 2874 5327 vobis,
2903 5270 2948 5318 et
2987 5276 3090 5322 non
3125 5259 3356 5320 creditis.
3399 5257 3540 5316 Ecce

1947 5355 2277 5424 apertissime
2303 5356 2572 5421 ostendit,
2603 5353 2745 5417 quod
2787 5353 2902 5421 ipse
2941 5352 3311 5414 sittlltr-istus.
3345 5350 3537 5408 Dicens

1948 5451 2108 5513 erum,
2136 5450 2312 5516 loquor
2335 5448 2492 5515 vobis,
2524 5447 2760 5500 ostendit
2777 5461 2836 5500 se
2859 5445 3112 5510 Verbum,
3137 5443 3191 5498 id
3220 5451 3320 5508 est,
3341 5441 3535 5500 Filium

1947 5543 2063 5606 Dei,
2091 5551 2428 5593 coaeternum
2459 5548 2514 5592 et
2536 5537 3044 5594 consubstantialem
3075 5535 3252 5600 Patri;
3283 5544 3534 5602 tanquam

1949 5631 2152 5686 dit-cret
2181 5648 2193 5683 :
2230 5633 2340 5700 Ego
2365 5644 2452 5685 me
2477 5630 2666 5684 Eilium
2696 5629 2788 5684 Dei
2823 5644 2941 5686 esse
2966 5641 3179 5695 semper
3205 5639 3425 5694 operum
3455 5630 3536 5676 at-

1952 5724 2237 5783 testatione
2266 5723 2583 5790 pronuntio;
2625 5722 2724 5778 sed
2759 5735 2852 5778 vos
2885 5729 3061 5780 vestra
3093 5717 3411 5792 inﬁdelitate
