3972 6340
601 305 738 365 1519

1452 292 1959 359 ΡΑΠῌἹΠΑΕΟΝΙ
1998 298 2150 355 OPP.
2192 299 2366 356 PARS
2404 303 2467 358 ll.
2509 334 2578 344 —
2618 304 2975 362 ASCETICA.

3634 326 3726 388 an

594 426 720 491 om,
748 435 849 478 nec
872 419 1002 475 mihi
1033 418 1268 489 ιοφιεηιί
1298 419 1538 485 creditis,
1567 434 1665 473 nec
1691 433 1854 487 opera
1885 432 2004 487 qua:
2035 415 2172 469 facio
2203 445 2251 501 Δ
2278 415 2615 473 dissolvenda
2647 419 3052 488 immergebant.
3107 428 3339 493 tanquam
3383 442 3410 482 a
3455 428 3725 509 Christopos-

592 515 869 573 attendere
897 515 1077 568 vultis.
1115 514 1244 581 Quae
1289 514 1333 567 si
1382 513 1541 583 digne
1579 513 2031 574 consideraretis,
2083 509 2176 565 Dei
2221 548 2232 557 -

594 609 784 668 Fidium
814 622 899 663 me
932 622 1053 663 esse
1087 607 1267 675 procul
1297 604 1458 659 dubio
1488 606 1799 661 crederetis.
1837 605 2006 671 Opera
2043 619 2179 673 quin,

591 701 794 770 inquit,
829 716 922 772 ego
954 699 1088 769 facio
1116 698 1170 751 in
1199 697 1402 749 nomine
1442 693 1621 749 Patris
1645 697 1775 762 mei,
1809 695 1921 764 ipsa
1958 698 2183 749 testimo-

591 795 734 849 nium
760 791 1022 861 perhibent
1056 790 1119 844 de
1150 803 1249 841 me.
1295 787 1359 842 Et
1386 795 1509 841 nota
1539 792 1682 855 quod
1711 803 1928 842 suorum
1957 801 2180 855 operum

590 900 802 942 omnem
832 883 1054 954 gloriam
1096 882 1204 936 Deo
1246 879 1385 935 Patri
1425 879 1683 945 ascribit,
1723 893 1845 933 cum
1888 878 2031 934 eain
2063 877 2181 947 ejus

589 991 651 1033 se
680 976 895 1031 nomine
922 974 1097 1028 facere
1128 973 1341 1026 asserit.
1376 970 1495 1041 Ipsa
1526 986 1657 1041 ergo
1681 985 1839 1039 opera
1872 986 1990 1038 quat:
2021 968 2182 1023 facie-

591 1067 714 1130 bat,
757 1079 925 1120 caecos
968 1061 1355 1126 illuminanda,
1405 1060 1729 1132 paralyticos
1765 1060 1980 1114 sanitati
2025 1058 2181 1112 resti-

592 1157 822 1222 tuendo,
866 1156 935 1211 de
984 1155 1165 1224 paucis
1210 1152 1437 1223 panibus
1482 1153 1647 1206 multa
1688 1152 1852 1206 millia
1899 1150 2177 1205 hominum

588 1250 912 1316 reﬁciendo,
941 1257 1184 1303 mortuos
1213 1248 1373 1303 etiam
1396 1287 1410 1309 ,
1437 1246 1825 1317 quatriduanos
1866 1259 2080 1314 quoque
2123 1250 2179 1298 et

586 1342 802 1409 fetidos,
833 1344 899 1398 ad
953 1344 1117 1396 vitam
1170 1339 1477 1396 revocando
1523 1356 1538 1393 :
1583 1338 1696 1408 ipsa
1740 1340 1953 1406 inquam
2013 1351 2178 1405 opera

588 1436 949 1492 testimonium
979 1433 1310 1497 reddebant,
1333 1432 1475 1501 quod
1500 1440 1648 1485 esset
1672 1445 1831 1485 verus
1862 1428 2029 1484 Filius
2058 1427 2174 1494 Dei,

584 1531 734 1599 cujus
772 1530 995 1599 gloriam
1038 1529 1089 1583 iti
1120 1528 1369 1582 omnibus
1409 1526 1662 1596 operibus
1697 1525 1805 1579 suis
1844 1524 2173 1593 requirebat.

585 1606 691 1680 Sed
720 1637 806 1677 uos
833 1638 931 1677 non
962 1621 1190 1675 creditis.
1220 1620 1554 1687 Causamque
1601 1633 1697 1672 cur
1735 1631 1839 1686 non
1890 1616 2175 1671 crederent

582 1716 812 1772 reddens
832 1756 849 1782 ,
879 1715 1060 1770 subdit
1093 1731 1106 1767 :
1135 1715 1268 1779 Quia
1296 1729 1395 1766 non
1421 1713 1540 1766 estis
1570 1727 1631 1766 ex
1661 1711 1836 1765 ovibus
1866 1712 2009 1763 meis.
2034 1711 2174 1765 Oves

2285 520 2405 563 sent
2433 524 2495 565 ea
2544 512 2897 567 resuscitandi
2957 510 3142 567 tollere
3187 516 3471 577 facultatem.
3508 523 3590 578 Sed
3622 545 3728 589 nemo

2285 607 2463 670 potest
2494 615 2679 669 rapere
2710 602 2777 656 de
2801 616 2960 655 manu
2993 601 3131 673 ejus,
3178 607 3263 675 qui
3304 618 3489 664 sanctos
3529 614 3634 671 inter
3652 635 3729 676 αα.

2288 692 2485 746 tamina
2515 703 2571 746 ut
2599 694 2815 749 vincant
2845 693 3083 765 adjuvat,
3113 706 3165 749 et
3194 699 3401 754 victores
3422 701 3467 756 in
3491 705 3729 766 cmlisuoro-

2283 792 2394 838 nat.
2427 783 2628 851 Quibus
2675 785 2838 841 etiam
2888 787 3068 842 verbis
3099 787 3299 843 illorum
3342 792 3568 863 redarguit
3588 803 3734 856 tentem

2284 882 2470 942 tatem,
2486 877 2575 945 qui
2603 877 2703 933 sibi
2725 880 2915 934 mortis
2933 878 3151 949 laqueos
3170 882 3471 939 tetenderant
3489 901 3502 952 ε
3517 889 3733 948 stultissime

2283 968 2425 1022 enim
2448 968 2515 1021 de
2532 969 2648 1038 ejus
2673 985 2805 1025 nece
2826 971 3152 1038 cogitabant,
3173 987 3287 1027 cum
3302 989 3398 1028 non
3413 978 3555 1031 solum
3569 980 3609 1032 in
3619 981 3730 1048 ipsum

2283 1059 2413 1113 nihil
2444 1072 2670 1130 possent
2714 1078 2893 1133 agere,
2955 1067 3298 1120 verumetiam
3339 1070 3567 1124 neminem
3598 1072 3734 1128 desitis

2283 1162 2506 1221 possent
2531 1153 2765 1208 auferre.
2802 1154 2999 1209 Verum
3028 1171 3096 1209 ne
3125 1159 3236 1210 inec
3281 1157 3484 1213 dicendo
3506 1175 3621 1214 suam
3644 1163 3733 1217 tide-

2280 1253 2429 1296 retur
2459 1245 2681 1312 gloriam
2733 1260 2998 1315 querere,
3055 1255 3217 1301 totam
3269 1246 3397 1303 hanc
3440 1252 3664 1318 potentiam
3695 1257 3735 1308 ad

2280 1332 2492 1389 Patrem
2541 1336 2728 1403 refert,
2782 1338 3112 1409 subjungens
3149 1357 3163 1393 :
3209 1338 3360 1394 Pater
3387 1359 3508 1397 meus
3529 1347 3735 1413 quoddedit

2280 1427 2427 1493 mihi,
2463 1432 2628 1499 majus
2658 1430 2891 1485 omnibus
2921 1444 3019 1485 est.
3076 1432 3191 1487 Hoc
3228 1436 3363 1503 quod
3387 1434 3507 1490 Deus
3528 1437 3737 1505 ,l’aternie-

2278 1522 2472 1575 diatori
2505 1523 2600 1578 Dei
2632 1534 2686 1578 et
2713 1524 2991 1581 hominum
3039 1527 3208 1594 dedit,
3265 1531 3427 1598 majus
3471 1532 3736 1585 omnibusut.

2280 1620 2435 1675 Dedit
2464 1621 2561 1687 illi,
2592 1631 2649 1676 ut
2693 1622 2766 1676 sit
2809 1623 2927 1693 ejus
2978 1625 3276 1693 unigenitus
3313 1624 3482 1691 Filius,
3523 1642 3598 1680 nec
3619 1635 3738 1680 natura

2276 1716 2575 1780 dissimilis,
2610 1732 2709 1771 nec
2733 1719 2927 1774 virtute
2953 1717 3199 1784 inferior,
3244 1734 3342 1774 nec
3388 1729 3588 1787 tempore
3624 1732 3738 1788 poste-

582 1826 742 1877 suas,
772 1811 957 1866 ﬁdeles
987 1819 1044 1865 et
1070 1809 1172 1862 sibi
1203 1807 1562 1876 obsequentes
1593 1806 1755 1869 dicit,
1791 1804 1881 1874 qui
1920 1818 2041 1858 eum
2085 1820 2174 1870 νει-
2204 1816 2250 1875 B
2280 1811 2409 1864 rior.
2438 1810 2499 1864 Et
2518 1810 2620 1864 hoc
2650 1812 2917 1880 gignendo
2945 1812 3116 1877 dedit,
3138 1814 3259 1882 quia
3287 1812 3421 1867 Deus
3444 1812 3581 1867 Deum
3594 1813 3737 1881 genuit:

581 1913 782 1960 storem
814 1903 1043 1972 diligunt
1068 1910 1123 1957 et
1151 1912 1468 1968 sequuntur,
1500 1910 1658 1968 atque
1689 1897 1755 1951 ad
1790 1911 1983 1965 pascua
2014 1905 2169 1951 aeter-

582 2010 666 2050 na:
693 1994 957 2049 satietatis
995 1992 1117 2047 boni
1153 1992 1381 2059 pastoris
1426 1989 1703 2060 sequendo
1735 1990 1955 2058 vestigia
1990 2002 2173 2056 perve-

580 2087 757 2144 niunt.
795 2087 935 2156 Ergo
966 2085 1064 2140 hos
1094 2087 1183 2155 qui
1214 2085 1268 2140 in
1307 2101 1366 2137 se
1398 2082 1619 2137 credere
1659 2083 1929 2145 nolebant,
1959 2081 2172 2135 dicebat

579 2195 686 2235 non
726 2192 847 2234 esse
885 2193 954 2233 ex
987 2177 1175 2231 ovibus
1210 2177 1357 2239 suis,
1396 2177 1516 2243 quia
1559 2174 1771 2228 videbat
1807 2173 1915 2241 jam
1953 2186 2167 2227 aeternae

581 2272 870 2343 perditioni
909 2281 1235 2340 prcparatos
1259 2309 1276 2336 ,
1317 2284 1416 2323 nec
1455 2269 1537 2324 sui
1577 2269 1852 2337 sanguinis
1893 2267 2063 2335 pretio
2102 2267 2168 2319 ad

580 2367 740 2421 vitam
762 2374 1071 2434 perpetuam
1095 2360 1503 2429 ctimparatidos.
1523 2362 1649 2413 Utres
1671 2374 1796 2413 mea:
1818 2375 1981 2411 rorem
2006 2374 2170 2410 means

578 2461 826 2523 audiunt,
858 2468 905 2511 et
930 2473 1022 2530 ego
1050 2471 1270 2526 agnosco
1294 2471 1408 2520 cas,
1439 2466 1486 2510 et
1523 2464 1802 2525 sequuntur
1830 2470 1925 2505 nte.
1965 2452 2168 2505 Usitato

582 2568 734 2608 more
762 2563 964 2607 sancta:
993 2551 1283 2620 Scriptura:
1326 2562 1622 2618 agnoscere
1662 2563 1756 2615 pro
1787 2548 1984 2615 eligere
2017 2545 2168 2613 potii-

579 2652 685 2700 tur.
722 2643 872 2700 Unde
900 2644 1157 2712 scriptum
1185 2650 1266 2697 est
1292 2658 1306 2694 :
1333 2640 1489 2695 Nouit
1518 2638 1774 2692 Dominus
1800 2641 1886 2709 qui
1915 2652 2031 2691 sunt
2055 2641 2167 2709 ejus

576 2739 663 2811 (Il
698 2739 804 2796 Tit.
839 2742 922 2809 tt).
963 2738 1183 2793 Nescire
1211 2751 1339 2790 vero
1370 2750 1466 2805 pro
1501 2735 1824 2803 improbare.
1857 2733 1987 2787 lllud
2024 2733 2165 2787 enim

581 2831 721 2887 Deus
750 2833 978 2902 ignorat,
1004 2831 1145 2899 quod
1177 2827 1396 2896 dignutn
1427 2836 1642 2880 a-ternze
1673 2826 1796 2880 vita:
1825 2842 1933 2879 non
1968 2839 2164 2894 appro-

576 2926 688 2982 bat.
723 2924 875 2981 Unde
906 2924 1085 2993 impiis
1113 2923 1166 2977 in
1193 2921 1396 2992 judicio
1426 2921 1662 2975 dicturus
1692 2930 1774 2974 est
1806 2937 1820 2973 :
1854 2918 2042 2973 Nescio
2079 2934 2165 2972 vos

575 3020 789 3093 (Matth.
819 3018 966 3089 xxv).
991 3020 1132 3073 Oves
1158 3030 1287 3086 ergo
1315 3014 1513 3070 Christi
1552 3028 1738 3069 vocem
1778 3012 1894 3082 ejus
1922 3013 2164 3079 audiunt,

577 3116 700 3185 quia
734 3114 1014 3184 praeceptis
1053 3112 1196 3166 illius
1224 3126 1291 3165 ex
1321 3111 1501 3164 animo
1531 3109 1808 3165 obediunt.
1842 3109 1910 3162 Et
1938 3109 2051 3177 ipse
2072 3122 2164 3162 eas

2274 1901 2375 1956 hoc
2404 1914 2485 1957 est
2514 1904 2653 1970 quod
2684 1902 2855 1973 majus
2880 1903 3132 1958 omnibus
3163 1913 3264 1958 est.
3296 1903 3484 1958 idcirco
3510 1903 3617 1957 idem
3637 1901 3737 1957 losu-

2273 2008 2367 2047 nes
2398 1993 2671 2047 locuturus
2695 1994 2763 2049 de
2791 1992 2964 2048 Verbo
2994 1996 3109 2062 Dei,
3144 1994 3455 2050 transcendit
3496 2008 3660 2049 omnem
3679 2008 3738 2047 sti-

2269 2088 2492 2155 gelicam
2543 2097 2597 2140 et
2645 2086 2931 2139 humanam
2958 2094 3264 2142 creaturam
3312 2095 3365 2141 et
3408 2088 3477 2141 sic
3498 2084 3735 2155 perterrita!

2272 2178 2398 2231 illud
2431 2178 2571 2247 quod
2604 2178 2776 2247 majus
2805 2188 2887 2232 est
2911 2180 3186 2245 omnibus,
3211 2187 3267 2232 et
3310 2178 3439 2233 dixit
3468 2194 3479 2230 :
3503 2176 3556 2230 in
3574 2177 3739 2247 principis

2269 2277 2375 2323 erat
2416 2268 2657 2323 Verbum.
2691 2272 2803 2325 lloc
2832 2285 2958 2325 vere
2981 2269 3159 2342 [vero]
3191 2272 3327 2340 quod
3366 2270 3452 2325 Dei
3479 2269 3609 2324 Filius
3625 2270 3740 2323 lubuit

2271 2376 2395 2418 atate
2419 2364 2612 2418 saecula
2647 2380 2740 2434 per
2771 2365 3131 2431 divinitatem,
3161 2365 3365 2434 accepit
3410 2369 3458 2418 in
3484 2373 3667 2433 tempore
3686 2376 3741 2430 per

2268 2459 2679 2514 humanitatem.
2712 2457 2777 2511 Et
2801 2475 2950 2513 nemo
2981 2470 3153 2528 potest
3183 2477 3357 2531 rapere
3394 2460 3451 2512 de
3486 2475 3609 2511 manu
3629 2455 3739 2510 Patris

2268 2554 2386 2608 mei.
2420 2552 2589 2622 Supra
2616 2553 2747 2606 dixit
2778 2570 2789 2605 :
2820 2551 2943 2605 Non
2971 2554 3141 2620 rapiet
3171 2570 3258 2607 eas
3302 2554 3543 2622 quisquam
3581 2552 3627 2605 de
3647 2566 3741 2603 uss

2269 2662 2403 2698 mea.
2431 2648 2524 2698 llic
2547 2646 2676 2698 dicit
2709 2662 2721 2698 :
2761 2644 2926 2699 Nemo
2959 2654 3128 2715 potest
3174 2661 3355 2714 rapere
3381 2646 3438 2698 de
3473 2660 3599 2696 manu
3632 2639 3742 2695 Patrit

2270 2738 2386 2802 nni,
2424 2749 2477 2791 ut
2507 2737 2710 2805 liquido
2739 2736 3171 2806 intelligeremus
3227 2736 3349 2804 hoc,
3386 2736 3597 2791 virtutem
3631 2745 3742 2795 suam,

2268 2846 2389 2887 esse
2417 2842 2469 2886 et
2499 2830 2696 2899 Patris,
2723 2840 2886 2902 atque
2943 2832 3225 2889 Christum
3273 2850 3332 2888 se
3369 2847 3479 2889 esse
3522 2828 3742 2886 credendum

2267 2928 2359 2997 qui
2388 2941 2513 2992 non,
2551 2936 2607 2980 ut
2627 2926 2807 2980 caeteri
2836 2927 3033 2992 sancti,
3093 2943 3193 2996 per
3222 2928 3439 2998 gratiam
3478 2923 3681 2994 accepth
3705 2932 3743 2972 ex

2271 3026 2529 3085 tempore,
2583 3018 2678 3071 sed
2739 3032 2894 3072 verus
2944 3031 3167 3088 semper
3211 3018 3471 3074 exstiterit
3514 3016 3589 3070 Dei
3619 3013 3743 3068 'l-‘iliut.

2267 3109 2418 3174 Quod
2447 3112 2608 3163 etiam
2633 3108 2982 3178 subsequenti
3011 3113 3284 3166 sententia
3304 3109 3519 3166 ostendit
3535 3122 3628 3163 cum
3640 3103 3742 3159 dicit:

576 3207 877 3275 cognoscit,
906 3178 1028 3273 quia
1057 3212 1115 3257 ut
1143 3203 1257 3270 ipse
1283 3201 1573 3271 Apostolus
1599 3200 1668 3255 de
1692 3215 1753 3254 se
1777 3209 1832 3253 et
1861 3200 1941 3254 sui
1971 3199 2163 3253 simili-
2191 3178 2240 3244 ο
2269 3202 2381 3275 Ego
2411 3213 2457 3257 et
2486 3202 2645 3257 Pater
2677 3220 2831 3258 unum
2864 3221 3061 3261 sumus.
3098 3204 3305 3277 Unum,
3324 3206 3499 3276 inquit,
3524 3212 3745 3264 sementim

576 3300 676 3355 bus
713 3299 844 3354 dicit
885 3313 899 3353 :
936 3296 1108 3369 Elegit
1146 3313 1237 3351 nos
1274 3305 1391 3349 ante
1428 3294 1839 3349 constitutionem
1877 3293 2080 3357 mundi,
2111 3301 2166 3345 ut

575 3412 797 3452 essemus
844 3395 1010 3448 sancti
1051 3402 1098 3446 et
1144 3390 1459 3446 immaculati
1498 3391 1551 3443 in
1588 3398 1858 3456 conspectu
1897 3388 2029 3456 ejus.
2068 3387 2165 3442 Se-

575 3497 810 3557 quuntur
837 3497 1017 3541 autem
1048 3501 1200 3550 eum,
1241 3496 1295 3538 et
1335 3485 1420 3538 hic
1450 3481 1874 3537 mansuetudinis
1913 3488 1968 3532 et
2006 3480 2162 3536 inno-

575 3579 765 3636 centia:
794 3580 910 3649 ejus
933 3594 1047 3633 vras
1074 3577 1391 3645 incedendo,
1419 3585 1473 3631 et
1501 3586 1617 3643 post
1640 3589 1759 3628 cum
1789 3588 1854 3626 eo
1881 3572 1948 3626 ad
1973 3573 2164 3642 gaudia

574 3680 916 3747 sempiterna:
956 3676 1076 3729 vita:
1121 3672 1344 3729 feliciter
1380 3671 1648 3733 intrando,
1690 3670 1832 3724 unde
1871 3669 2112 3737 sequitur
2145 3685 2161 3723 :

575 3770 645 3824 Et
688 3785 782 3839 ego
823 3769 975 3821 vitam
1021 3777 1261 3821 retentam
1305 3766 1373 3818 do
1410 3765 1503 3818 eis.
1536 3763 1659 3816 llaec
1696 3773 1820 3815 sunt
1846 3762 1934 3816 illa
1966 3775 2163 3829 pascua

573 3879 691 3935 quae
727 3861 996 3929 pollicitus
1021 3868 1105 3914 est
1125 3873 1185 3913 se
1213 3859 1459 3913 daturum
1488 3856 1676 3910 ovibus
1707 3854 1850 3919 suis,
1886 3852 2026 3909 nulla
2060 3870 2161 3907 nn-

571 3969 731 4025 quam
760 3952 1009 4008 ariditate
1041 3950 1456 4013 mnrcescentia,
1496 3947 1589 4003 sed
1633 3946 1948 4000 indelectiva
1988 3959 2158 4001 alitte-

572 4049 738 4103 nitate
763 4042 1058 4101 vernantis.
1085 4039 1153 4094 Et
1180 4056 1281 4094 non
1307 4039 1566 4108 peribunt,
1594 4038 1785 4109 inquit,
1814 4038 1867 4091 in
1895 4049 2160 4102 teternum,

571 4144 693 4212 quia
726 4150 908 4209 pastor
935 4150 1122 4191 eorum
1162 4142 1215 4188 et
1245 4135 1481 4190 salvator
1520 4133 1638 4187 talis
1668 4143 1785 4197 est,
1826 4132 1965 4200 apud
2004 4145 2161 4199 quem

573 4232 706 4288 nihil
733 4247 919 4288 eorum
953 4230 1175 4285 omnino
1216 4225 1380 4296 possit
1428 4227 1624 4296 perire.
1671 4223 2001 4279 Videbantur
2040 4224 2161 4292 qui-

572 4326 695 4382 dem
730 4325 903 4394 perire
931 4322 1097 4378 sancti
1127 4329 1392 4391 martyres
1420 4319 1590 4373 oculis
1618 4317 2007 4385 insipientium,
2038 4330 2160 4369 cum

575 4417 712 4472 hanc
743 4417 1021 4471 mortalem
1052 4413 1215 4468 vitam
1258 4426 1351 4481 per
1383 4419 1649 4465 tormenta
1677 4408 1993 4462 amittebant
2021 4424 2034 4461 :
2065 4406 2161 4461 sed

574 4525 681 4566 non
714 4511 954 4578 peribant
984 4510 1036 4564 in
1059 4519 1343 4572 internum,
1367 4506 1508 4576 quia,
1529 4505 1685 4560 soluti
1714 4505 1937 4559 vinculis
1960 4502 2159 4567 carnis,

575 4602 755 4659 debita
784 4598 885 4655 sibi
915 4601 1129 4670 praemia
1155 4615 1184 4653 a
1208 4600 1421 4654 Christo
1445 4599 1824 4667 percipiebant.
1854 4595 2006 4651 Unde
2028 4610 2158 4650 con-

572 4704 865 4765 sequenter
901 4692 1140 4763 adjuugit
1184 4709 1196 4745 :
1242 4691 1305 4745 Et
1342 4708 1443 4746 non
1478 4694 1641 4762 rapiet
1679 4707 1760 4745 eas
1798 4692 2064 4761 quisquam
2093 4692 2157 4742 de

574 4804 728 4843 manu
764 4802 909 4855 mea,
954 4786 1006 4839 id
1043 4795 1152 4851 est,
1200 4794 1460 4853 potestate
1496 4799 1637 4839 mea.
1685 4783 1790 4837 Eos
1832 4783 1971 4836 enim
2021 4796 2154 4849 quos

574 4882 743 4937 semel
794 4878 1220 4950 prwdestinaudo
1273 4877 1516 4932 Christus
1560 4876 1953 4944 assumpserit,
2013 4876 2153 4928 nulla

574 4978 653 5032 vis
690 4975 969 5032 diabolica:
1015 4972 1357 5037 tentatiouis,
1407 4986 1511 5025 non
1560 4969 1862 5024 immanitas
1910 4968 2155 5021 humana:

574 5071 959 5144 persecutionis
996 5070 1064 5125 de
1105 5079 1367 5139 potestate
1406 5064 1525 5135 ejus
1562 5074 1735 5134 potest
1762 5064 1990 5118 auferre.
2024 5062 2155 5118 Nam

573 5175 627 5222 et
670 5164 717 5220 si
762 5172 889 5220 sunt
926 5163 1139 5232 quidam
1178 5162 1268 5231 qni
1313 5172 1433 5230 post.
1477 5168 1779 5228 perceptam
1819 5157 2043 5227 gloriam
2088 5158 2157 5212 de

575 5272 800 5314 numero
853 5256 1036 5312 ovium
1084 5255 1279 5309 Christi
1331 5261 1595 5321 pereunt,
1650 5252 1700 5304 hi
1751 5263 1900 5306 certe
1954 5252 2003 5304 in
2061 5251 2155 5306 Dei

573 5348 745 5403 oculis
786 5362 913 5402 oves
954 5361 1061 5399 non
1103 5352 1247 5397 sunt.
1297 5344 1612 5397 Nitebamur
1654 5342 1870 5411 quidem
1908 5355 2155 5411 persecu-

577 5453 720 5496 tores
748 5453 937 5506 rapere
972 5438 1086 5507 pios
1114 5436 1450 5490 cont‘essores
1486 5435 1677 5489 Christi
1710 5435 1775 5487 de
1812 5450 1969 5489 manu
2011 5435 2151 5503 ejus,

580 5549 702 5588 cum
724 5546 816 5585 eos
844 5529 1121 5584 tormentis
1147 5528 1307 5582 variis
1339 5527 1493 5581 Iidem
1519 5527 1714 5582 Christi
1762 5542 1959 5596 negare
2001 5542 2154 5581 com-

584 5622 869 5690 pellebant,
897 5632 953 5675 ut
971 5638 1157 5677 eorum
1189 5635 1394 5673 animas
1430 5638 1458 5673 a
1489 5618 1699 5675 Christo
1743 5621 1942 5673 alienas
1971 5620 2155 5675 efﬁce-

584 5723 737 5777 rent;
771 5715 848 5766 vel
871 5731 992 5767 eum
1023 5715 1256 5782 superati
1281 5718 1574 5768 constantia
1627 5714 1990 5780 morientium,
2031 5729 2156 5767 cor-

589 5820 720 5877 pora
740 5818 924 5867 eorum
948 5817 1040 5862 aut
1068 5807 1277 5877 ignibus
1298 5807 1567 5865 exurenda
1596 5807 1895 5875 tradebant,
1915 5817 2006 5864 aut
2020 5822 2157 5880 aqua

2267 3298 2421 3351 nobis
2448 3298 2768 3363 substantia,
2804 3314 2904 3351 una
2930 3299 3235 3368 :divinitas,
3292 3300 3510 3369 perlecta
3544 3292 3745 3365 aquatius.

2266 3389 2470 3456 Quibus
2491 3391 2670 3445 verbis
2694 3407 2801 3445 non
2825 3389 2999 3446 solum
3022 3390 3346 3447 Judmorum
3371 3392 3661 3462 quaestionem,
3682 3379 3743 3448 qui

2268 3493 2530 3538 tentantes
2558 3498 2626 3537 an
2655 3482 2769 3552 ipse
2803 3493 2948 3539 esset
3003 3483 3265 3541 Christus
3315 3483 3655 3554 interrogabant.
3676 3473 3739 3529 ιδ·

2266 3576 2449 3643 solvit,
2472 3591 2654 3630 verum
2681 3577 2841 3631 etiam
2871 3576 3255 3633 haueticorum
3280 3593 3411 3650 quos
3431 3577 3597 3631 futuros
3619 3566 3747 3639 μηνί·

2265 3670 2344 3725 dit
2369 3673 2654 3739 insaniam,
2689 3687 2848 3741 quam
2878 3672 2952 3725 sit
2990 3674 3342 3742 detestanda,
3385 3665 3657 3727 monstravit.
3686 3656 3747 3714 Ss-

2268 3759 2467 3815 belltns
2520 3778 2756 3832 namque
2810 3764 3145 3832 dogmatizat
3197 3782 3359 3819 unam
3409 3774 3638 3833 personam
3673 3764 3746 3806 055°

2265 3853 2440 3910 Putris
2471 3866 2525 3909 et
2550 3854 2694 3921 Filii,
2720 3872 2879 3925 quem
2904 3860 3179 3913 canvincit
3210 3875 3333 3913 cum
3365 3860 3499 3925 dicit,
3521 3853 3609 3927 Ego
3629 3860 3660 3904 et
3680 3845 3745 3899 Pt-

2264 3957 2359 4015 ter,
2392 3948 2478 4002 ubi
2503 3950 2844 4016 apertissime
2871 3952 2990 4003 duce
3020 3963 3224 4005 sonant
3252 3967 3505 4022 persmne.
3529 3940 3743 4001 sedludei.

2263 4040 2354 4111 qui
2385 4051 2608 4095 eatenus
2632 4041 2937 4108 loquentem
2960 4041 3259 4097 Dominum
3293 4042 3442 4115 quasi
3481 4038 3678 4111 patienter
3693 4045 3747 4082 att-

2262 4132 2493 4198 dierant,
2529 4148 2648 4186 cum
2697 4134 2964 4188 dixisset:
3000 4132 3119 4203 Ego
3167 4146 3217 4189 et
3268 4135 3426 4189 Pater
3467 4147 3598 4185 unum
3626 4137 3746 4181 tu”.

2262 4228 2490 4295 amplius
2521 4230 2625 4279 vim
2654 4230 2937 4281 verborum
2968 4226 3087 4296 ejus
3116 4228 3265 4283 ferre
3316 4243 3419 4282 non
3450 4213 3748 4287 valentes,-quit

2246 4317 2364 4385 ipsi
2387 4318 2547 4373 corda
2580 4319 2789 4388 lapidea
2818 4321 3124 4389 gestabant,
3154 4323 3226 4375 ad
3262 4320 3462 4391 lapides
3482 4314 3747 4372 cucurrerunt-

2261 4410 2395 4466 Nam
2420 4413 2663 4480 sequitur
2691 4429 2705 4466 :
2749 4412 3087 4467 Sustulerunt
3111 4413 3320 4484 lapides
3348 4414 3528 4479 Judtei,
3552 4420 3597 4463 ut
3619 4402 3748 4476 lapidi-

2264 4510 2375 4553 rent
2402 4516 2539 4554 eum.
2575 4500 2771 4556 Verum
2803 4503 2929 4570 quia
2958 4502 3048 4558 ille
3080 4520 3187 4559 nec
3218 4516 3346 4559 tunc
3373 4506 3562 4559 volebat
3585 4499 3751 4569 pati,”ec

2264 4606 2324 4647 se
2354 4594 2421 4646 ab
2466 4592 2569 4651 illis
2611 4593 2836 4662 lapidari
2890 4595 3255 4664 disposuerat,
3306 4598 3449 4652 illata
3485 4597 3580 4666 jam
3614 4591 3750 4660 1³111⁸11³⁸

2264 4685 2508 4740 lerientia
2568 4685 2783 4739 brachia
2831 4700 2929 4739 suo
2979 4697 3109 4741 nutu
3161 4692 3449 4752 continuit,
3476 4701 3523 4742 et
3549 4685 3751 4739 adhureos

2265 4777 2572 4846 alloquitur.
2612 4777 2895 4848 Respondit
2925 4779 2996 4833 eis
3025 4777 3186 4833 Jesus
3236 4797 3259 4835 :
3302 4780 3466 4835 Multa
3512 4778 3619 4831 bona
3657 4779 3750 4839 ορω

2264 4871 2462 4923 ostendi
2492 4870 2630 4923 vobis
2658 4886 2722 4924 ea:
2752 4869 2914 4926 Patre
2944 4889 3075 4926 meo.
3137 4874 3405 4930 Videlicet
3444 4877 3490 4927 in
3534 4863 3751 4925 sanitatibns

2265 4962 2626 5029 inﬁrmorum,
2649 4965 2700 5018 in
2731 4967 2945 5019 assidua
2968 4966 3321 5022 exhibitione
3349 4968 3580 5023 doctrina:
3597 4970 3636 5017 et
3657 4956 3752 5011 min'

2262 5056 2526 5123 culorum,
2552 5073 2670 5127 qua:
2700 5058 2945 5112 universa
2971 5074 3034 5112 ex
3061 5059 3231 5115 Patre
3281 5077 3343 5116 se
3371 5061 3495 5114 dicit
3522 5052 3750 5111 ostendis“.

2263 5159 2317 5202 ut
2360 5163 2423 5203 se
2465 5150 2726 5204 indicaret
2776 5151 2892 5219 ejus
2949 5166 3043 5220 per
3094 5154 3283 5206 omnia
3322 5153 3530 5224 gloriam
3573 5148 3751 5216 qum"-

2261 5238 2483 5311 PrOpter
2521 5244 2676 5312 quod,
2726 5243 2916 5312 inquit,
2962 5259 3139 5297 eorum
3174 5261 3310 5312 apus
3364 5226 3753 5314 Iapidatismeiﬂ
3846 5246 3847 5314 γ

2258 5336 2625 5407 responderunt
2652 5337 2696 5389 ei
2728 5351 2747 5391 :
2770 5336 2845 5391 De
2867 5338 2998 5391 bona
3028 5355 3184 5408 opere
3211 5357 3318 5394 non
3349 5340 3612 5407 lapidatus:
3630 5344 3677 5394 ιι,
3699 5321 3749 5377 ιιι

2261 5433 2323 5483 de
2347 5430 2681 5502 blasphemia.
2712 5433 3023 5502 Quanquam
3058 5434 3213 5488 inviti
3244 5448 3301 5489 et
3324 5438 3554 5491 nolentes
3576 5424 3753 5483 conlita?

2263 5534 2365 5590 tur,
2394 5539 2492 5579 nec
2524 5536 2747 5593 possunt
2773 5543 2971 5598 negare
2990 5531 3289 5584 multorum
3313 5521 3751 5583 benelictorumW

2262 5617 2360 5672 sibi
2391 5633 2420 5671 a
2450 5618 2662 5672 Christo
2696 5621 2935 5687 impensa
2985 5619 3176 5686 fuisse,
3233 5625 3328 5677 sed
3362 5626 3552 5684 miseri,
3575 5602 3752 5684 quiquod

2261 5713 2350 5766 ille
2376 5713 2443 5766 de
2466 5734 2560 5765 sua
2592 5725 2646 5766 et
2679 5713 2847 5767 Patris
2876 5715 3184 5783 a-qualilate
3211 5718 3441 5779 dixerat,
3471 5729 3556 5783 pro
3587 5700 3753 5771 blasphe-

2262 5807 2366 5864 mia
2393 5808 2734 5877 deputabant.
2759 5806 3231 5866 Considerandum
3291 5826 3417 5866 vero
3462 5803 3585 5881 quod
3618 5800 3749 5855 dicunt.
