  <div class='ocr_page' id='page_1' title='image "/cluster/home/n/w/nwhite01/storage/ocr_20150623/95/hvd.32044010719722/690.png"; bbox 0 0 3972 6340; ppageno 0'>
   <div class='ocr_carea' id='block_1_1' title="bbox 162 373 3397 460">
    <p class='ocr_par' dir='ltr' id='par_1_1' title="bbox 162 373 3397 460">
     <span class='ocr_line' id='line_1_1' title="bbox 162 373 3397 460; baseline -0.008 0"><span class='ocrx_word' id='word_1_1' title='bbox 162 400 292 460; x_wconf 72' lang='lat' dir='ltr'><strong>mi</strong></span> <span class='ocrx_word' id='word_1_2' title='bbox 1180 392 1645 457; x_wconf 80' lang='lat' dir='ltr'><strong>HOMILIARIUS.</strong></span> <span class='ocrx_word' id='word_1_3' title='bbox 1679 373 1753 437; x_wconf 60' lang='lat'><strong>4-</strong></span> <span class='ocrx_word' id='word_1_4' title='bbox 1790 396 1955 453; x_wconf 80' lang='lat' dir='ltr'><strong>uou.</strong></span> <span class='ocrx_word' id='word_1_5' title='bbox 1990 396 2076 453; x_wconf 85' lang='lat' dir='ltr'><strong>DE</strong></span> <span class='ocrx_word' id='word_1_6' title='bbox 2111 390 2456 453; x_wconf 78' lang='lat' dir='ltr'><strong>TEMPORE.</strong></span> <span class='ocrx_word' id='word_1_7' title='bbox 3262 377 3397 441; x_wconf 59' lang='lat' dir='ltr'><strong>me</strong></span> 
     </span>
    </p>
   </div>
   <div class='ocr_carea' id='block_1_2' title="bbox 163 511 3478 590">
    <p class='ocr_par' dir='ltr' id='par_1_2' title="bbox 163 511 3478 590">
     <span class='ocr_line' id='line_1_2' title="bbox 163 511 3478 590; baseline -0.003 -14"><span class='ocrx_word' id='word_1_8' title='bbox 163 522 242 576; x_wconf 82' lang='lat' dir='ltr'><strong>Tu</strong></span> <span class='ocrx_word' id='word_1_9' title='bbox 270 521 421 575; x_wconf 82' lang='lat' dir='ltr'><strong>homo</strong></span> <span class='ocrx_word' id='word_1_10' title='bbox 443 535 560 574; x_wconf 85' lang='lat' dir='ltr'><strong>cum</strong></span> <span class='ocrx_word' id='word_1_11' title='bbox 587 519 679 586; x_wconf 85' lang='lat' dir='ltr'><strong>sis,</strong></span> <span class='ocrx_word' id='word_1_12' title='bbox 707 518 832 590; x_wconf 78' lang='lat' dir='ltr'><strong>facis</strong></span> <span class='ocrx_word' id='word_1_13' title='bbox 858 519 1069 587; x_wconf 80' lang='lat' dir='ltr'><strong>teipsmn</strong></span> <span class='ocrx_word' id='word_1_14' title='bbox 1101 518 1283 573; x_wconf 89' lang='lat' dir='ltr'><strong>Deum.</strong></span> <span class='ocrx_word' id='word_1_15' title='bbox 1312 518 1452 573; x_wconf 81' lang='lat' dir='ltr'><strong>Ecce</strong></span> <span class='ocrx_word' id='word_1_16' title='bbox 1481 517 1722 573; x_wconf 80' lang='lat' dir='ltr'><strong>inﬁdeles</strong></span> <span class='ocrx_word' id='word_1_17' title='bbox 1755 519 1805 579; x_wconf 76' lang='grc' dir='ltr'><strong>Δ</strong></span> <span class='ocrx_word' id='word_1_18' title='bbox 1830 519 2052 589; x_wconf 89' lang='lat' dir='ltr'><strong>pescuit.</strong></span> <span class='ocrx_word' id='word_1_19' title='bbox 2086 518 2348 573; x_wconf 79' lang='lat' dir='ltr'><strong>Debemus</strong></span> <span class='ocrx_word' id='word_1_20' title='bbox 2392 529 2520 584; x_wconf 89' lang='lat' dir='ltr'><strong>ergo</strong></span> <span class='ocrx_word' id='word_1_21' title='bbox 2568 527 2663 568; x_wconf 88' lang='lat' dir='ltr'><strong>nos</strong></span> <span class='ocrx_word' id='word_1_22' title='bbox 2720 511 2973 576; x_wconf 84' lang='lat' dir='ltr'><strong>credere,</strong></span> <span class='ocrx_word' id='word_1_23' title='bbox 3029 521 3088 567; x_wconf 90' lang='lat' dir='ltr'><strong>ut</strong></span> <span class='ocrx_word' id='word_1_24' title='bbox 3136 514 3403 580; x_wconf 80' lang='lat' dir='ltr'><strong>possimus</strong></span> <span class='ocrx_word' id='word_1_25' title='bbox 3471 519 3478 526; x_wconf 90' lang='lat'>&#39;</span> 
     </span>
    </p>
   </div>
   <div class='ocr_carea' id='block_1_3' title="bbox 159 602 3407 680">
    <p class='ocr_par' dir='ltr' id='par_1_3' title="bbox 159 602 3407 680">
     <span class='ocr_line' id='line_1_3' title="bbox 159 602 3407 680; baseline -0.004 -11"><span class='ocrx_word' id='word_1_26' title='bbox 159 612 766 679; x_wconf 54' lang='lat' dir='ltr'><strong>Judaei‘intellexerunt,</strong></span> <span class='ocrx_word' id='word_1_27' title='bbox 808 611 948 679; x_wconf 88' lang='lat' dir='ltr'><strong>quod</strong></span> <span class='ocrx_word' id='word_1_28' title='bbox 1000 610 1182 665; x_wconf 82' lang='lat' dir='ltr'><strong>Ariani</strong></span> <span class='ocrx_word' id='word_1_29' title='bbox 1214 610 1387 663; x_wconf 89' lang='lat' dir='ltr'><strong>adhuc</strong></span> <span class='ocrx_word' id='word_1_30' title='bbox 1444 609 1742 679; x_wconf 75' lang='lat' dir='ltr'><strong>intelligere</strong></span> <span class='ocrx_word' id='word_1_31' title='bbox 1840 602 2183 680; x_wconf 81' lang='lat' dir='ltr'><strong>cognoscere,</strong></span> <span class='ocrx_word' id='word_1_32' title='bbox 2214 611 2334 680; x_wconf 89' lang='lat' dir='ltr'><strong>quia</strong></span> <span class='ocrx_word' id='word_1_33' title='bbox 2359 606 2592 677; x_wconf 74' lang='lat' dir='ltr'><strong>cognitio</strong></span> <span class='ocrx_word' id='word_1_34' title='bbox 2620 620 2821 659; x_wconf 82' lang='lat' dir='ltr'><strong>merces</strong></span> <span class='ocrx_word' id='word_1_35' title='bbox 2846 612 2927 659; x_wconf 88' lang='lat' dir='ltr'><strong>est</strong></span> <span class='ocrx_word' id='word_1_36' title='bbox 2957 604 3407 659; x_wconf 77' lang='lat' dir='ltr'><strong>lidci.Credentes</strong></span> 
     </span>
    </p>
   </div>
   <div class='ocr_carea' id='block_1_4' title="bbox 160 696 3409 776">
    <p class='ocr_par' dir='ltr' id='par_1_4' title="bbox 160 696 3409 776">
     <span class='ocr_line' id='line_1_4' title="bbox 160 696 3409 776; baseline -0.005 -15"><span class='ocrx_word' id='word_1_37' title='bbox 160 706 458 776; x_wconf 88' lang='lat' dir='ltr'><strong>negligunt.</strong></span> <span class='ocrx_word' id='word_1_38' title='bbox 492 703 544 756; x_wconf 96' lang='lat' dir='ltr'><strong>ld</strong></span> <span class='ocrx_word' id='word_1_39' title='bbox 580 702 720 757; x_wconf 91' lang='lat' dir='ltr'><strong>enim</strong></span> <span class='ocrx_word' id='word_1_40' title='bbox 770 705 907 769; x_wconf 89' lang='lat' dir='ltr'><strong>quod</strong></span> <span class='ocrx_word' id='word_1_41' title='bbox 961 702 1215 757; x_wconf 87' lang='lat' dir='ltr'><strong>Dominus</strong></span> <span class='ocrx_word' id='word_1_42' title='bbox 1262 703 1490 767; x_wconf 77' lang='lat' dir='ltr'><strong>dixerat,</strong></span> <span class='ocrx_word' id='word_1_43' title='bbox 1540 698 1650 769; x_wconf 84' lang='lat' dir='ltr'><strong>Ego</strong></span> <span class='ocrx_word' id='word_1_44' title='bbox 1693 707 1743 754; x_wconf 85' lang='lat' dir='ltr'><strong>et</strong></span> <span class='ocrx_word' id='word_1_45' title='bbox 1840 701 1983 755; x_wconf 90' lang='lat' dir='ltr'><strong>enim</strong></span> <span class='ocrx_word' id='word_1_46' title='bbox 2003 700 2317 756; x_wconf 86' lang='lat' dir='ltr'><strong>intrabimus</strong></span> <span class='ocrx_word' id='word_1_47' title='bbox 2337 701 2388 753; x_wconf 91' lang='lat' dir='ltr'><strong>in</strong></span> <span class='ocrx_word' id='word_1_48' title='bbox 2420 697 2681 768; x_wconf 81' lang='lat' dir='ltr'><strong>potentias</strong></span> <span class='ocrx_word' id='word_1_49' title='bbox 2703 696 3409 761; x_wconf 72' lang='lat' dir='ltr'><strong>Domini.etcognoscemns</strong></span> 
     </span>
    </p>
   </div>
   <div class='ocr_carea' id='block_1_5' title="bbox 162 786 3412 862">
    <p class='ocr_par' dir='ltr' id='par_1_5' title="bbox 162 786 3412 862">
     <span class='ocr_line' id='line_1_5' title="bbox 162 786 3412 862; baseline -0.004 -9"><span class='ocrx_word' id='word_1_50' title='bbox 162 794 319 853; x_wconf 83' lang='lat' dir='ltr'><strong>Pater</strong></span> <span class='ocrx_word' id='word_1_51' title='bbox 335 811 492 849; x_wconf 86' lang='lat' dir='ltr'><strong>unum</strong></span> <span class='ocrx_word' id='word_1_52' title='bbox 510 794 1101 860; x_wconf 82' lang='lat' dir='ltr'><strong>sumus,intellexerunt</strong></span> <span class='ocrx_word' id='word_1_53' title='bbox 1128 810 1233 847; x_wconf 89' lang='lat' dir='ltr'><strong>non</strong></span> <span class='ocrx_word' id='word_1_54' title='bbox 1263 808 1418 862; x_wconf 88' lang='lat' dir='ltr'><strong>posse</strong></span> <span class='ocrx_word' id='word_1_55' title='bbox 1432 792 1534 845; x_wconf 91' lang='lat' dir='ltr'><strong>dici</strong></span> <span class='ocrx_word' id='word_1_56' title='bbox 1559 807 1740 857; x_wconf 87' lang='lat' dir='ltr'><strong>unum,</strong></span> <span class='ocrx_word' id='word_1_57' title='bbox 1843 792 2109 860; x_wconf 90' lang='lat' dir='ltr'><strong>quomodo</strong></span> <span class='ocrx_word' id='word_1_58' title='bbox 2133 792 2186 846; x_wconf 90' lang='lat' dir='ltr'><strong>in</strong></span> <span class='ocrx_word' id='word_1_59' title='bbox 2219 790 2357 847; x_wconf 75' lang='lat' dir='ltr'><strong>Filio</strong></span> <span class='ocrx_word' id='word_1_60' title='bbox 2380 797 2463 843; x_wconf 87' lang='lat' dir='ltr'><strong>est</strong></span> <span class='ocrx_word' id='word_1_61' title='bbox 2491 790 2667 852; x_wconf 91' lang='lat' dir='ltr'><strong>Pater,</strong></span> <span class='ocrx_word' id='word_1_62' title='bbox 2712 797 2768 843; x_wconf 91' lang='lat' dir='ltr'><strong>et</strong></span> <span class='ocrx_word' id='word_1_63' title='bbox 2796 788 2957 841; x_wconf 79' lang='lat' dir='ltr'><strong>Filius</strong></span> <span class='ocrx_word' id='word_1_64' title='bbox 2988 788 3038 840; x_wconf 88' lang='lat' dir='ltr'><strong>in</strong></span> <span class='ocrx_word' id='word_1_65' title='bbox 3069 786 3244 840; x_wconf 88' lang='lat' dir='ltr'><strong>Patre.</strong></span> <span class='ocrx_word' id='word_1_66' title='bbox 3274 786 3412 839; x_wconf 87' lang='lat' dir='ltr'><strong>Sane</strong></span> 
     </span>
    </p>
   </div>
   <div class='ocr_carea' id='block_1_6' title="bbox 163 876 3413 955">
    <p class='ocr_par' dir='ltr' id='par_1_6' title="bbox 163 876 3413 955">
     <span class='ocr_line' id='line_1_6' title="bbox 163 876 3413 955; baseline -0.003 -14"><span class='ocrx_word' id='word_1_67' title='bbox 163 888 266 942; x_wconf 90' lang='lat' dir='ltr'><strong>nisi</strong></span> <span class='ocrx_word' id='word_1_68' title='bbox 298 886 385 940; x_wconf 90' lang='lat' dir='ltr'><strong>ubi</strong></span> <span class='ocrx_word' id='word_1_69' title='bbox 416 895 559 940; x_wconf 82' lang='lat' dir='ltr'><strong>esset</strong></span> <span class='ocrx_word' id='word_1_70' title='bbox 606 888 886 954; x_wconf 69' lang='lat' dir='ltr'><strong>aequalitas</strong></span> <span class='ocrx_word' id='word_1_71' title='bbox 921 904 933 938; x_wconf 86' lang='lat'>:</span> <span class='ocrx_word' id='word_1_72' title='bbox 967 886 1109 955; x_wconf 93' lang='lat' dir='ltr'><strong>quod</strong></span> <span class='ocrx_word' id='word_1_73' title='bbox 1159 885 1243 939; x_wconf 91' lang='lat' dir='ltr'><strong>isti</strong></span> <span class='ocrx_word' id='word_1_74' title='bbox 1295 900 1388 953; x_wconf 92' lang='lat' dir='ltr'><strong>pro</strong></span> <span class='ocrx_word' id='word_1_75' title='bbox 1417 884 1743 952; x_wconf 86' lang='lat' dir='ltr'><strong>blasphemia</strong></span> <span class='ocrx_word' id='word_1_76' title='bbox 1844 883 2118 939; x_wconf 87' lang='lat' dir='ltr'><strong>sciendum</strong></span> <span class='ocrx_word' id='word_1_77' title='bbox 2150 893 2254 949; x_wconf 86' lang='lat' dir='ltr'><strong>est,</strong></span> <span class='ocrx_word' id='word_1_78' title='bbox 2286 882 2406 951; x_wconf 91' lang='lat' dir='ltr'><strong>quia</strong></span> <span class='ocrx_word' id='word_1_79' title='bbox 2453 897 2556 935; x_wconf 93' lang='lat' dir='ltr'><strong>non</strong></span> <span class='ocrx_word' id='word_1_80' title='bbox 2607 876 2684 934; x_wconf 86' lang='lat' dir='ltr'><strong>sic</strong></span> <span class='ocrx_word' id='word_1_81' title='bbox 2737 878 2894 933; x_wconf 90' lang='lat' dir='ltr'><strong>Pater</strong></span> <span class='ocrx_word' id='word_1_82' title='bbox 2931 888 3013 934; x_wconf 90' lang='lat' dir='ltr'><strong>est</strong></span> <span class='ocrx_word' id='word_1_83' title='bbox 3060 880 3110 933; x_wconf 91' lang='lat' dir='ltr'><strong>in</strong></span> <span class='ocrx_word' id='word_1_84' title='bbox 3139 876 3301 941; x_wconf 83' lang='lat' dir='ltr'><strong>Filio,</strong></span> <span class='ocrx_word' id='word_1_85' title='bbox 3334 879 3413 931; x_wconf 86' lang='lat' dir='ltr'><strong>vel</strong></span> 
     </span>
    </p>
   </div>
   <div class='ocr_carea' id='block_1_7' title="bbox 162 971 3418 1047">
    <p class='ocr_par' dir='ltr' id='par_1_7' title="bbox 162 971 3418 1047">
     <span class='ocr_line' id='line_1_7' title="bbox 162 971 3418 1047; baseline -0.003 -15"><span class='ocrx_word' id='word_1_86' title='bbox 162 978 365 1033; x_wconf 90' lang='lat' dir='ltr'><strong>idcirco</strong></span> <span class='ocrx_word' id='word_1_87' title='bbox 394 987 728 1044; x_wconf 85' lang='lat' dir='ltr'><strong>receperant,</strong></span> <span class='ocrx_word' id='word_1_88' title='bbox 760 978 879 1047; x_wconf 85' lang='lat' dir='ltr'><strong>quia</strong></span> <span class='ocrx_word' id='word_1_89' title='bbox 904 993 1025 1032; x_wconf 82' lang='lat' dir='ltr'><strong>cum</strong></span> <span class='ocrx_word' id='word_1_90' title='bbox 1049 986 1254 1032; x_wconf 85' lang='lat' dir='ltr'><strong>tantum</strong></span> <span class='ocrx_word' id='word_1_91' title='bbox 1310 975 1579 1031; x_wconf 85' lang='lat' dir='ltr'><strong>hominem</strong></span> <span class='ocrx_word' id='word_1_92' title='bbox 1626 990 1746 1032; x_wconf 84' lang='lat' dir='ltr'><strong>esse</strong></span> <span class='ocrx_word' id='word_1_93' title='bbox 1845 974 2016 1031; x_wconf 82' lang='lat' dir='ltr'><strong>Filius</strong></span> <span class='ocrx_word' id='word_1_94' title='bbox 2042 977 2096 1031; x_wconf 90' lang='lat' dir='ltr'><strong>in</strong></span> <span class='ocrx_word' id='word_1_95' title='bbox 2131 977 2307 1041; x_wconf 81' lang='lat' dir='ltr'><strong>Patre,</strong></span> <span class='ocrx_word' id='word_1_96' title='bbox 2337 975 2610 1045; x_wconf 91' lang='lat' dir='ltr'><strong>quomodo</strong></span> <span class='ocrx_word' id='word_1_97' title='bbox 2640 973 2832 1027; x_wconf 88' lang='lat' dir='ltr'><strong>dicitur</strong></span> <span class='ocrx_word' id='word_1_98' title='bbox 2859 971 2999 1027; x_wconf 83' lang='lat' dir='ltr'><strong>Deus</strong></span> <span class='ocrx_word' id='word_1_99' title='bbox 3019 988 3139 1027; x_wconf 89' lang='lat' dir='ltr'><strong>esse</strong></span> <span class='ocrx_word' id='word_1_100' title='bbox 3160 974 3209 1027; x_wconf 89' lang='lat' dir='ltr'><strong>iu</strong></span> <span class='ocrx_word' id='word_1_101' title='bbox 3244 972 3418 1033; x_wconf 70' lang='lat' dir='ltr'><strong>aliquo</strong></span> 
     </span>
    </p>
   </div>
   <div class='ocr_carea' id='block_1_8' title="bbox 163 1060 3421 1139">
    <p class='ocr_par' dir='ltr' id='par_1_8' title="bbox 163 1060 3421 1139">
     <span class='ocr_line' id='line_1_8' title="bbox 163 1060 3421 1139; baseline -0.002 -20"><span class='ocrx_word' id='word_1_102' title='bbox 163 1065 661 1130; x_wconf 88' lang='lat' dir='ltr'><strong>credebant,Deum</strong></span> <span class='ocrx_word' id='word_1_103' title='bbox 682 1068 1215 1123; x_wconf 89' lang='lat' dir='ltr'><strong>nullatenuscredere</strong></span> <span class='ocrx_word' id='word_1_104' title='bbox 1234 1067 1748 1139; x_wconf 82' lang='lat' dir='ltr'><strong>volebant.Respon-</strong></span> <span class='ocrx_word' id='word_1_105' title='bbox 1846 1078 2033 1122; x_wconf 86' lang='lat' dir='ltr'><strong>sancto</strong></span> <span class='ocrx_word' id='word_1_106' title='bbox 2083 1070 2219 1133; x_wconf 89' lang='lat' dir='ltr'><strong>viro,</strong></span> <span class='ocrx_word' id='word_1_107' title='bbox 2270 1077 2323 1121; x_wconf 90' lang='lat' dir='ltr'><strong>et</strong></span> <span class='ocrx_word' id='word_1_108' title='bbox 2371 1076 2587 1122; x_wconf 88' lang='lat' dir='ltr'><strong>sanctus</strong></span> <span class='ocrx_word' id='word_1_109' title='bbox 2630 1067 2930 1135; x_wconf 80' lang='lat' dir='ltr'><strong>quicunque</strong></span> <span class='ocrx_word' id='word_1_110' title='bbox 2980 1068 3031 1119; x_wconf 92' lang='lat' dir='ltr'><strong>in</strong></span> <span class='ocrx_word' id='word_1_111' title='bbox 3079 1065 3208 1119; x_wconf 90' lang='lat' dir='ltr'><strong>Deo.</strong></span> <span class='ocrx_word' id='word_1_112' title='bbox 3260 1060 3421 1117; x_wconf 79' lang='lat' dir='ltr'><strong>l“i|~ns</strong></span> 
     </span>
    </p>
   </div>
   <div class='ocr_carea' id='block_1_9' title="bbox 163 1156 3423 1232">
    <p class='ocr_par' dir='ltr' id='par_1_9' title="bbox 163 1156 3423 1232">
     <span class='ocr_line' id='line_1_9' title="bbox 163 1156 3423 1232; baseline -0.001 -21"><span class='ocrx_word' id='word_1_113' title='bbox 163 1160 242 1213; x_wconf 88' lang='lat' dir='ltr'><strong>dit</strong></span> <span class='ocrx_word' id='word_1_114' title='bbox 269 1161 338 1214; x_wconf 71' lang='lat' dir='ltr'><strong>eis</strong></span> <span class='ocrx_word' id='word_1_115' title='bbox 364 1160 514 1214; x_wconf 80' lang='lat' dir='ltr'><strong>Jesus</strong></span> <span class='ocrx_word' id='word_1_116' title='bbox 546 1175 567 1215; x_wconf 89' lang='lat'><strong><em>:</em></strong></span> <span class='ocrx_word' id='word_1_117' title='bbox 601 1160 789 1214; x_wconf 84' lang='lat' dir='ltr'><strong>Nonne</strong></span> <span class='ocrx_word' id='word_1_118' title='bbox 816 1163 1059 1231; x_wconf 86' lang='lat' dir='ltr'><strong>scriptum</strong></span> <span class='ocrx_word' id='word_1_119' title='bbox 1085 1171 1161 1215; x_wconf 86' lang='lat' dir='ltr'><strong>est</strong></span> <span class='ocrx_word' id='word_1_120' title='bbox 1210 1163 1261 1214; x_wconf 87' lang='lat' dir='ltr'><strong>in</strong></span> <span class='ocrx_word' id='word_1_121' title='bbox 1290 1162 1398 1232; x_wconf 84' lang='lat' dir='ltr'><strong>lege</strong></span> <span class='ocrx_word' id='word_1_122' title='bbox 1426 1173 1609 1224; x_wconf 73' lang='lat' dir='ltr'><strong>uestra,</strong></span> <span class='ocrx_word' id='word_1_123' title='bbox 1639 1159 1747 1231; x_wconf 76' lang='lat' dir='ltr'><strong>Ego</strong></span> <span class='ocrx_word' id='word_1_124' title='bbox 1847 1162 2043 1230; x_wconf 85' lang='lat' dir='ltr'><strong>quippe</strong></span> <span class='ocrx_word' id='word_1_125' title='bbox 2071 1160 2124 1215; x_wconf 91' lang='lat' dir='ltr'><strong>in</strong></span> <span class='ocrx_word' id='word_1_126' title='bbox 2160 1161 2317 1215; x_wconf 86' lang='lat' dir='ltr'><strong>Patre</strong></span> <span class='ocrx_word' id='word_1_127' title='bbox 2338 1169 2420 1215; x_wconf 85' lang='lat' dir='ltr'><strong>est</strong></span> <span class='ocrx_word' id='word_1_128' title='bbox 2467 1176 2558 1228; x_wconf 88' lang='lat' dir='ltr'><strong>per</strong></span> <span class='ocrx_word' id='word_1_129' title='bbox 2586 1161 2938 1229; x_wconf 70' lang='lat' dir='ltr'><strong>aequalitatem</strong></span> <span class='ocrx_word' id='word_1_130' title='bbox 2981 1162 3136 1213; x_wconf 88' lang='lat' dir='ltr'><strong>unius</strong></span> <span class='ocrx_word' id='word_1_131' title='bbox 3157 1156 3423 1227; x_wconf 49' lang='lat' dir='ltr'><strong>ejusdcw</strong></span> 
     </span>
    </p>
   </div>
   <div class='ocr_carea' id='block_1_10' title="bbox 168 1250 3422 1324">
    <p class='ocr_par' dir='ltr' id='par_1_10' title="bbox 168 1250 3422 1324">
     <span class='ocr_line' id='line_1_10' title="bbox 168 1250 3422 1324; baseline 0 -21"><span class='ocrx_word' id='word_1_132' title='bbox 168 1251 298 1318; x_wconf 68' lang='lat' dir='ltr'><strong>dixi,</strong></span> <span class='ocrx_word' id='word_1_133' title='bbox 324 1252 411 1305; x_wconf 88' lang='lat' dir='ltr'><strong>Dii</strong></span> <span class='ocrx_word' id='word_1_134' title='bbox 439 1253 553 1306; x_wconf 90' lang='lat' dir='ltr'><strong>estis</strong></span> <span class='ocrx_word' id='word_1_135' title='bbox 576 1250 752 1319; x_wconf 86' lang='lat' dir='ltr'><strong>(Psal.</strong></span> <span class='ocrx_word' id='word_1_136' title='bbox 797 1254 1014 1323; x_wconf 75' lang='lat' dir='ltr'><strong>unt)?</strong></span> <span class='ocrx_word' id='word_1_137' title='bbox 1046 1254 1099 1307; x_wconf 91' lang='lat' dir='ltr'><strong>In</strong></span> <span class='ocrx_word' id='word_1_138' title='bbox 1129 1254 1246 1324; x_wconf 89' lang='lat' dir='ltr'><strong>lege</strong></span> <span class='ocrx_word' id='word_1_139' title='bbox 1278 1264 1470 1318; x_wconf 84' lang='lat' dir='ltr'><strong>vestra,</strong></span> <span class='ocrx_word' id='word_1_140' title='bbox 1498 1254 1654 1318; x_wconf 90' lang='lat' dir='ltr'><strong>dixit,</strong></span> <span class='ocrx_word' id='word_1_141' title='bbox 1696 1255 1750 1308; x_wconf 89' lang='lat' dir='ltr'><strong>in</strong></span> <span class='ocrx_word' id='word_1_142' title='bbox 1849 1271 1955 1324; x_wconf 87' lang='lat' dir='ltr'><strong>que</strong></span> <span class='ocrx_word' id='word_1_143' title='bbox 1983 1256 2317 1320; x_wconf 64' lang='lat' dir='ltr'><strong>substantiae,</strong></span> <span class='ocrx_word' id='word_1_144' title='bbox 2352 1254 2514 1308; x_wconf 92' lang='lat' dir='ltr'><strong>homo</strong></span> <span class='ocrx_word' id='word_1_145' title='bbox 2545 1270 2670 1308; x_wconf 91' lang='lat' dir='ltr'><strong>vero</strong></span> <span class='ocrx_word' id='word_1_146' title='bbox 2709 1254 2760 1307; x_wconf 91' lang='lat' dir='ltr'><strong>io</strong></span> <span class='ocrx_word' id='word_1_147' title='bbox 2788 1254 2898 1308; x_wconf 91' lang='lat' dir='ltr'><strong>Deo</strong></span> <span class='ocrx_word' id='word_1_148' title='bbox 2917 1263 2998 1308; x_wconf 87' lang='lat' dir='ltr'><strong>est</strong></span> <span class='ocrx_word' id='word_1_149' title='bbox 3022 1268 3112 1321; x_wconf 90' lang='lat' dir='ltr'><strong>per</strong></span> <span class='ocrx_word' id='word_1_150' title='bbox 3141 1254 3422 1321; x_wconf 76' lang='lat' dir='ltr'><strong>participa-</strong></span> 
     </span>
    </p>
   </div>
   <div class='ocr_carea' id='block_1_11' title="bbox 169 1343 3425 1415">
    <p class='ocr_par' dir='ltr' id='par_1_11' title="bbox 169 1343 3425 1415">
     <span class='ocr_line' id='line_1_11' title="bbox 169 1343 3425 1415; baseline -0.002 -16"><span class='ocrx_word' id='word_1_151' title='bbox 169 1344 288 1415; x_wconf 79' lang='lat' dir='ltr'><strong>lege</strong></span> <span class='ocrx_word' id='word_1_152' title='bbox 312 1346 462 1399; x_wconf 91' lang='lat' dir='ltr'><strong>vobis</strong></span> <span class='ocrx_word' id='word_1_153' title='bbox 490 1345 635 1399; x_wconf 89' lang='lat' dir='ltr'><strong>data.</strong></span> <span class='ocrx_word' id='word_1_154' title='bbox 660 1343 765 1400; x_wconf 89' lang='lat' dir='ltr'><strong>Sed</strong></span> <span class='ocrx_word' id='word_1_155' title='bbox 789 1353 842 1400; x_wconf 89' lang='lat' dir='ltr'><strong>et</strong></span> <span class='ocrx_word' id='word_1_156' title='bbox 868 1345 969 1400; x_wconf 92' lang='lat' dir='ltr'><strong>hoc</strong></span> <span class='ocrx_word' id='word_1_157' title='bbox 987 1347 1298 1408; x_wconf 89' lang='lat' dir='ltr'><strong>notandum,</strong></span> <span class='ocrx_word' id='word_1_158' title='bbox 1321 1345 1460 1414; x_wconf 91' lang='lat' dir='ltr'><strong>quod</strong></span> <span class='ocrx_word' id='word_1_159' title='bbox 1490 1344 1589 1397; x_wconf 92' lang='lat' dir='ltr'><strong>hoc</strong></span> <span class='ocrx_word' id='word_1_160' title='bbox 1612 1345 1752 1413; x_wconf 87' lang='lat' dir='ltr'><strong>psal-</strong></span> <span class='ocrx_word' id='word_1_161' title='bbox 1854 1345 2053 1400; x_wconf 88' lang='lat' dir='ltr'><strong>tionem</strong></span> <span class='ocrx_word' id='word_1_162' title='bbox 2089 1346 2295 1415; x_wconf 65' lang='lat' dir='ltr'><strong>gratiae.</strong></span> <span class='ocrx_word' id='word_1_163' title='bbox 2337 1344 2574 1408; x_wconf 82' lang='lat' dir='ltr'><strong>Denique</strong></span> <span class='ocrx_word' id='word_1_164' title='bbox 2622 1344 2705 1398; x_wconf 88' lang='lat' dir='ltr'><strong>vir</strong></span> <span class='ocrx_word' id='word_1_165' title='bbox 2742 1354 2956 1398; x_wconf 87' lang='lat' dir='ltr'><strong>sanctus</strong></span> <span class='ocrx_word' id='word_1_166' title='bbox 3011 1353 3185 1411; x_wconf 84' lang='lat' dir='ltr'><strong>potest</strong></span> <span class='ocrx_word' id='word_1_167' title='bbox 3228 1344 3425 1401; x_wconf 71' lang='lat' dir='ltr'><strong>dicere.</strong></span> 
     </span>
    </p>
   </div>
   <div class='ocr_carea' id='block_1_12' title="bbox 171 1433 3427 1505">
    <p class='ocr_par' dir='ltr' id='par_1_12' title="bbox 171 1433 3427 1505">
     <span class='ocr_line' id='line_1_12' title="bbox 171 1433 3427 1505; baseline -0.001 -16"><span class='ocrx_word' id='word_1_168' title='bbox 171 1433 447 1505; x_wconf 84' lang='lat' dir='ltr'><strong>mographi</strong></span> <span class='ocrx_word' id='word_1_169' title='bbox 483 1437 846 1490; x_wconf 90' lang='lat' dir='ltr'><strong>testimonium</strong></span> <span class='ocrx_word' id='word_1_170' title='bbox 898 1436 951 1492; x_wconf 91' lang='lat' dir='ltr'><strong>in</strong></span> <span class='ocrx_word' id='word_1_171' title='bbox 1005 1439 1119 1505; x_wconf 88' lang='lat' dir='ltr'><strong>lege</strong></span> <span class='ocrx_word' id='word_1_172' title='bbox 1161 1438 1420 1505; x_wconf 90' lang='lat' dir='ltr'><strong>scriptum</strong></span> <span class='ocrx_word' id='word_1_173' title='bbox 1456 1437 1604 1503; x_wconf 87' lang='lat' dir='ltr'><strong>dicit,</strong></span> <span class='ocrx_word' id='word_1_174' title='bbox 1630 1435 1751 1505; x_wconf 89' lang='lat' dir='ltr'><strong>quia</strong></span> <span class='ocrx_word' id='word_1_175' title='bbox 1853 1435 1978 1504; x_wconf 90' lang='lat' dir='ltr'><strong>quia</strong></span> <span class='ocrx_word' id='word_1_176' title='bbox 2000 1434 2143 1491; x_wconf 88' lang='lat' dir='ltr'><strong>Deus</strong></span> <span class='ocrx_word' id='word_1_177' title='bbox 2165 1436 2324 1491; x_wconf 87' lang='lat' dir='ltr'><strong>estin</strong></span> <span class='ocrx_word' id='word_1_178' title='bbox 2358 1451 2464 1501; x_wconf 91' lang='lat' dir='ltr'><strong>me,</strong></span> <span class='ocrx_word' id='word_1_179' title='bbox 2495 1452 2598 1489; x_wconf 89' lang='lat' dir='ltr'><strong>non</strong></span> <span class='ocrx_word' id='word_1_180' title='bbox 2622 1446 2796 1489; x_wconf 90' lang='lat' dir='ltr'><strong>autem</strong></span> <span class='ocrx_word' id='word_1_181' title='bbox 2830 1444 3001 1504; x_wconf 85' lang='lat' dir='ltr'><strong>potest</strong></span> <span class='ocrx_word' id='word_1_182' title='bbox 3026 1434 3223 1499; x_wconf 89' lang='lat' dir='ltr'><strong>dicere,</strong></span> <span class='ocrx_word' id='word_1_183' title='bbox 3255 1450 3351 1504; x_wconf 80' lang='lat' dir='ltr'><strong>ego</strong></span> <span class='ocrx_word' id='word_1_184' title='bbox 3379 1445 3427 1486; x_wconf 85' lang='lat' dir='ltr'><strong>ct</strong></span> 
     </span>
    </p>
   </div>
   <div class='ocr_carea' id='block_1_13' title="bbox 173 1527 3429 1596">
    <p class='ocr_par' dir='ltr' id='par_1_13' title="bbox 173 1527 3429 1596">
     <span class='ocr_line' id='line_1_13' title="bbox 173 1527 3429 1596; baseline -0 -15"><span class='ocrx_word' id='word_1_185' title='bbox 173 1528 425 1581; x_wconf 90' lang='lat' dir='ltr'><strong>nimirum</strong></span> <span class='ocrx_word' id='word_1_186' title='bbox 449 1543 635 1583; x_wconf 90' lang='lat' dir='ltr'><strong>omnes</strong></span> <span class='ocrx_word' id='word_1_187' title='bbox 658 1528 949 1596; x_wconf 69' lang='lat' dir='ltr'><strong>Scriptura:</strong></span> <span class='ocrx_word' id='word_1_188' title='bbox 979 1528 1266 1596; x_wconf 77' lang='lat' dir='ltr'><strong>aliquando</strong></span> <span class='ocrx_word' id='word_1_189' title='bbox 1289 1529 1368 1581; x_wconf 80' lang='lat' dir='ltr'><strong>lex</strong></span> <span class='ocrx_word' id='word_1_190' title='bbox 1418 1528 1755 1596; x_wconf 84' lang='lat' dir='ltr'><strong>appellantur</strong></span> <span class='ocrx_word' id='word_1_191' title='bbox 1856 1527 1997 1582; x_wconf 86' lang='lat' dir='ltr'><strong>Deus</strong></span> <span class='ocrx_word' id='word_1_192' title='bbox 2018 1543 2180 1582; x_wconf 92' lang='lat' dir='ltr'><strong>unum</strong></span> <span class='ocrx_word' id='word_1_193' title='bbox 2223 1543 2427 1589; x_wconf 82' lang='lat' dir='ltr'><strong>sumus,</strong></span> <span class='ocrx_word' id='word_1_194' title='bbox 2454 1542 2553 1581; x_wconf 89' lang='lat' dir='ltr'><strong>nec</strong></span> <span class='ocrx_word' id='word_1_195' title='bbox 2601 1542 2807 1593; x_wconf 82' lang='lat' dir='ltr'><strong>rursus,</strong></span> <span class='ocrx_word' id='word_1_196' title='bbox 2830 1528 2916 1596; x_wconf 90' lang='lat' dir='ltr'><strong>qui</strong></span> <span class='ocrx_word' id='word_1_197' title='bbox 2964 1527 3104 1581; x_wconf 88' lang='lat' dir='ltr'><strong>videt</strong></span> <span class='ocrx_word' id='word_1_198' title='bbox 3153 1543 3256 1590; x_wconf 83' lang='lat' dir='ltr'><strong>mc,</strong></span> <span class='ocrx_word' id='word_1_199' title='bbox 3289 1528 3429 1580; x_wconf 86' lang='lat' dir='ltr'><strong>videt</strong></span> 
     </span>
    </p>
   </div>
   <div class='ocr_carea' id='block_1_14' title="bbox 176 1617 3429 1689">
    <p class='ocr_par' dir='ltr' id='par_1_14' title="bbox 176 1617 3429 1689">
     <span class='ocr_line' id='line_1_14' title="bbox 176 1617 3429 1689; baseline -0.001 -16"><span class='ocrx_word' id='word_1_200' title='bbox 176 1617 407 1689; x_wconf 85' lang='lat' dir='ltr'><strong>generali</strong></span> <span class='ocrx_word' id='word_1_201' title='bbox 455 1620 735 1684; x_wconf 90' lang='lat' dir='ltr'><strong>vocabulo,</strong></span> <span class='ocrx_word' id='word_1_202' title='bbox 763 1635 1141 1687; x_wconf 73' lang='lat' dir='ltr'><strong>nonnunquam</strong></span> <span class='ocrx_word' id='word_1_203' title='bbox 1176 1620 1428 1673; x_wconf 79' lang='lat' dir='ltr'><strong>distincte</strong></span> <span class='ocrx_word' id='word_1_204' title='bbox 1459 1634 1553 1687; x_wconf 90' lang='lat' dir='ltr'><strong>per</strong></span> <span class='ocrx_word' id='word_1_205' title='bbox 1581 1633 1640 1673; x_wconf 90' lang='lat' dir='ltr'><strong>se</strong></span> <span class='ocrx_word' id='word_1_206' title='bbox 1669 1619 1753 1674; x_wconf 88' lang='lat' dir='ltr'><strong>lex</strong></span> <span class='ocrx_word' id='word_1_207' title='bbox 1858 1619 2048 1683; x_wconf 85' lang='lat' dir='ltr'><strong>Deum,</strong></span> <span class='ocrx_word' id='word_1_208' title='bbox 2091 1620 2196 1675; x_wconf 87' lang='lat' dir='ltr'><strong>hoc</strong></span> <span class='ocrx_word' id='word_1_209' title='bbox 2225 1620 2368 1674; x_wconf 80' lang='lat' dir='ltr'><strong>enim</strong></span> <span class='ocrx_word' id='word_1_210' title='bbox 2394 1620 2666 1689; x_wconf 89' lang='lat' dir='ltr'><strong>unigenito</strong></span> <span class='ocrx_word' id='word_1_211' title='bbox 2693 1619 2863 1672; x_wconf 88' lang='lat' dir='ltr'><strong>solum</strong></span> <span class='ocrx_word' id='word_1_212' title='bbox 2898 1618 3031 1673; x_wconf 84' lang='lat' dir='ltr'><strong>Filio</strong></span> <span class='ocrx_word' id='word_1_213' title='bbox 3053 1619 3320 1685; x_wconf 86' lang='lat' dir='ltr'><strong>convenit,</strong></span> <span class='ocrx_word' id='word_1_214' title='bbox 3344 1617 3429 1685; x_wconf 92' lang='lat' dir='ltr'><strong>qui</strong></span> 
     </span>
    </p>
   </div>
   <div class='ocr_carea' id='block_1_15' title="bbox 176 1710 3432 1780">
    <p class='ocr_par' dir='ltr' id='par_1_15' title="bbox 176 1710 3432 1780">
     <span class='ocr_line' id='line_1_15' title="bbox 176 1710 3432 1780; baseline -0.001 -16"><span class='ocrx_word' id='word_1_215' title='bbox 176 1712 453 1780; x_wconf 82' lang='lat' dir='ltr'><strong>accipitur,</strong></span> <span class='ocrx_word' id='word_1_216' title='bbox 486 1717 539 1765; x_wconf 91' lang='lat' dir='ltr'><strong>et</strong></span> <span class='ocrx_word' id='word_1_217' title='bbox 569 1726 596 1764; x_wconf 92' lang='lat' dir='ltr'><strong>a</strong></span> <span class='ocrx_word' id='word_1_218' title='bbox 631 1711 905 1780; x_wconf 85' lang='lat' dir='ltr'><strong>prophetis</strong></span> <span class='ocrx_word' id='word_1_219' title='bbox 938 1711 1306 1778; x_wconf 88' lang='lat' dir='ltr'><strong>distinguitur,</strong></span> <span class='ocrx_word' id='word_1_220' title='bbox 1354 1711 1489 1765; x_wconf 87' lang='lat' dir='ltr'><strong>sicut</strong></span> <span class='ocrx_word' id='word_1_221' title='bbox 1515 1711 1624 1779; x_wconf 89' lang='lat' dir='ltr'><strong>ipse</strong></span> <span class='ocrx_word' id='word_1_222' title='bbox 1654 1710 1756 1764; x_wconf 88' lang='lat' dir='ltr'><strong>Do-</strong></span> <span class='ocrx_word' id='word_1_223' title='bbox 1861 1710 1945 1765; x_wconf 88' lang='lat' dir='ltr'><strong>sic</strong></span> <span class='ocrx_word' id='word_1_224' title='bbox 1991 1718 2076 1765; x_wconf 88' lang='lat' dir='ltr'><strong>est</strong></span> <span class='ocrx_word' id='word_1_225' title='bbox 2103 1711 2157 1765; x_wconf 90' lang='lat' dir='ltr'><strong>in</strong></span> <span class='ocrx_word' id='word_1_226' title='bbox 2202 1711 2383 1775; x_wconf 87' lang='lat' dir='ltr'><strong>Patre,</strong></span> <span class='ocrx_word' id='word_1_227' title='bbox 2410 1720 2467 1764; x_wconf 90' lang='lat' dir='ltr'><strong>ut</strong></span> <span class='ocrx_word' id='word_1_228' title='bbox 2515 1712 2582 1764; x_wconf 95' lang='lat' dir='ltr'><strong>sit</strong></span> <span class='ocrx_word' id='word_1_229' title='bbox 2614 1711 2833 1777; x_wconf 61' lang='lat' dir='ltr'><strong>aequalis</strong></span> <span class='ocrx_word' id='word_1_230' title='bbox 2883 1712 3043 1775; x_wconf 83' lang='lat' dir='ltr'><strong>Patri,</strong></span> <span class='ocrx_word' id='word_1_231' title='bbox 3077 1720 3129 1765; x_wconf 90' lang='lat' dir='ltr'><strong>et</strong></span> <span class='ocrx_word' id='word_1_232' title='bbox 3179 1712 3248 1764; x_wconf 86' lang='lat' dir='ltr'><strong>sit</strong></span> <span class='ocrx_word' id='word_1_233' title='bbox 3275 1726 3432 1763; x_wconf 89' lang='lat' dir='ltr'><strong>umnn</strong></span> 
     </span>
    </p>
   </div>
   <div class='ocr_carea' id='block_1_16' title="bbox 180 1800 3435 1872">
    <p class='ocr_par' dir='ltr' id='par_1_16' title="bbox 180 1800 3435 1872">
     <span class='ocr_line' id='line_1_16' title="bbox 180 1800 3435 1872; baseline 0 -19"><span class='ocrx_word' id='word_1_234' title='bbox 180 1800 354 1855; x_wconf 88' lang='lat' dir='ltr'><strong>minus</strong></span> <span class='ocrx_word' id='word_1_235' title='bbox 383 1802 505 1854; x_wconf 85' lang='lat' dir='ltr'><strong>alibi</strong></span> <span class='ocrx_word' id='word_1_236' title='bbox 536 1801 665 1855; x_wconf 86' lang='lat' dir='ltr'><strong>dicit</strong></span> <span class='ocrx_word' id='word_1_237' title='bbox 691 1819 703 1854; x_wconf 90' lang='lat'><strong>:</strong></span> <span class='ocrx_word' id='word_1_238' title='bbox 730 1800 839 1855; x_wconf 77' lang='lat' dir='ltr'><strong>Lex</strong></span> <span class='ocrx_word' id='word_1_239' title='bbox 864 1812 910 1855; x_wconf 85' lang='lat' dir='ltr'><strong>et</strong></span> <span class='ocrx_word' id='word_1_240' title='bbox 938 1802 1200 1872; x_wconf 70' lang='lat' dir='ltr'><strong>prophetia</strong></span> <span class='ocrx_word' id='word_1_241' title='bbox 1231 1818 1387 1870; x_wconf 86' lang='lat' dir='ltr'><strong>usque</strong></span> <span class='ocrx_word' id='word_1_242' title='bbox 1416 1804 1481 1855; x_wconf 91' lang='lat' dir='ltr'><strong>ad</strong></span> <span class='ocrx_word' id='word_1_243' title='bbox 1500 1800 1754 1855; x_wconf 71' lang='lat' dir='ltr'><strong>Joannem</strong></span> <span class='ocrx_word' id='word_1_244' title='bbox 1861 1817 1982 1857; x_wconf 90' lang='lat' dir='ltr'><strong>cum</strong></span> <span class='ocrx_word' id='word_1_245' title='bbox 2033 1801 2215 1870; x_wconf 86' lang='lat' dir='ltr'><strong>Patre,</strong></span> <span class='ocrx_word' id='word_1_246' title='bbox 2255 1817 2377 1857; x_wconf 91' lang='lat' dir='ltr'><strong>cum</strong></span> <span class='ocrx_word' id='word_1_247' title='bbox 2405 1816 2511 1872; x_wconf 89' lang='lat' dir='ltr'><strong>quo</strong></span> <span class='ocrx_word' id='word_1_248' title='bbox 2535 1801 2608 1855; x_wconf 85' lang='lat' dir='ltr'><strong>illi</strong></span> <span class='ocrx_word' id='word_1_249' title='bbox 2639 1802 2810 1855; x_wconf 83' lang='lat' dir='ltr'><strong>omnis</strong></span> <span class='ocrx_word' id='word_1_250' title='bbox 2868 1801 3037 1855; x_wconf 92' lang='lat' dir='ltr'><strong>honor</strong></span> <span class='ocrx_word' id='word_1_251' title='bbox 3080 1812 3134 1855; x_wconf 91' lang='lat' dir='ltr'><strong>et</strong></span> <span class='ocrx_word' id='word_1_252' title='bbox 3171 1801 3355 1870; x_wconf 78' lang='lat' dir='ltr'><strong>gloria,</strong></span> <span class='ocrx_word' id='word_1_253' title='bbox 3383 1802 3435 1854; x_wconf 93' lang='lat' dir='ltr'><strong>in</strong></span> 
     </span>
    </p>
   </div>
   <div class='ocr_carea' id='block_1_17' title="bbox 184 1875 3435 1965">
    <p class='ocr_par' dir='ltr' id='par_1_17' title="bbox 184 1875 3435 1965">
     <span class='ocr_line' id='line_1_17' title="bbox 184 1875 3435 1965; baseline 0 -21"><span class='ocrx_word' id='word_1_254' title='bbox 184 1890 358 1962; x_wconf 81' lang='lat' dir='ltr'><strong>(Matt.</strong></span> <span class='ocrx_word' id='word_1_255' title='bbox 392 1892 490 1963; x_wconf 81' lang='lat' dir='ltr'><strong>xi).</strong></span> <span class='ocrx_word' id='word_1_256' title='bbox 537 1891 848 1962; x_wconf 88' lang='lat' dir='ltr'><strong>Plerumque</strong></span> <span class='ocrx_word' id='word_1_257' title='bbox 886 1891 937 1946; x_wconf 92' lang='lat' dir='ltr'><strong>in</strong></span> <span class='ocrx_word' id='word_1_258' title='bbox 987 1893 1085 1947; x_wconf 88' lang='lat' dir='ltr'><strong>tria</strong></span> <span class='ocrx_word' id='word_1_259' title='bbox 1133 1903 1332 1947; x_wconf 87' lang='lat' dir='ltr'><strong>sanctae</strong></span> <span class='ocrx_word' id='word_1_260' title='bbox 1377 1894 1761 1948; x_wconf 88' lang='lat' dir='ltr'><strong>distribuuntur</strong></span> <span class='ocrx_word' id='word_1_261' title='bbox 1794 1875 1839 1935; x_wconf 80' lang='grc' dir='ltr'><strong>Β</strong></span> <span class='ocrx_word' id='word_1_262' title='bbox 1869 1895 2072 1949; x_wconf 90' lang='lat' dir='ltr'><strong>unitate</strong></span> <span class='ocrx_word' id='word_1_263' title='bbox 2092 1894 2323 1965; x_wconf 88' lang='lat' dir='ltr'><strong>Spiritus</strong></span> <span class='ocrx_word' id='word_1_264' title='bbox 2342 1894 2514 1948; x_wconf 84' lang='lat' dir='ltr'><strong>sancti</strong></span> <span class='ocrx_word' id='word_1_265' title='bbox 2544 1908 2639 1962; x_wconf 85' lang='lat' dir='ltr'><strong>per</strong></span> <span class='ocrx_word' id='word_1_266' title='bbox 2661 1892 2840 1948; x_wconf 80' lang='lat' dir='ltr'><strong>omnia</strong></span> <span class='ocrx_word' id='word_1_267' title='bbox 2878 1894 3071 1948; x_wconf 63' lang='lat' dir='ltr'><strong>srecula</strong></span> <span class='ocrx_word' id='word_1_268' title='bbox 3101 1891 3435 1947; x_wconf 66' lang='lat' dir='ltr'><strong>saeculorum.</strong></span> 
     </span>
    </p>
   </div>
   <div class='ocr_carea' id='block_1_18' title="bbox 183 1981 1761 2050">
    <p class='ocr_par' dir='ltr' id='par_1_18' title="bbox 183 1981 1761 2050">
     <span class='ocr_line' id='line_1_18' title="bbox 183 1981 1761 2050; baseline 0.001 -14"><span class='ocrx_word' id='word_1_269' title='bbox 183 1981 493 2050; x_wconf 65' lang='lat' dir='ltr'><strong>Scriptura,</strong></span> <span class='ocrx_word' id='word_1_270' title='bbox 520 1990 575 2035; x_wconf 91' lang='lat' dir='ltr'><strong>ut</strong></span> <span class='ocrx_word' id='word_1_271' title='bbox 598 1990 681 2036; x_wconf 88' lang='lat' dir='ltr'><strong>est</strong></span> <span class='ocrx_word' id='word_1_272' title='bbox 712 1981 839 2035; x_wconf 90' lang='lat' dir='ltr'><strong>illud</strong></span> <span class='ocrx_word' id='word_1_273' title='bbox 876 2000 888 2034; x_wconf 88' lang='lat'><strong>:</strong></span> <span class='ocrx_word' id='word_1_274' title='bbox 924 1981 1065 2035; x_wconf 82' lang='lat' dir='ltr'><strong>Tunc.</strong></span> <span class='ocrx_word' id='word_1_275' title='bbox 1108 1983 1305 2050; x_wconf 80' lang='lat' dir='ltr'><strong>aperuit</strong></span> <span class='ocrx_word' id='word_1_276' title='bbox 1332 1984 1435 2035; x_wconf 88' lang='lat' dir='ltr'><strong>illis</strong></span> <span class='ocrx_word' id='word_1_277' title='bbox 1462 1998 1682 2049; x_wconf 76' lang='lat' dir='ltr'><strong>sensum,</strong></span> <span class='ocrx_word' id='word_1_278' title='bbox 1705 1992 1761 2037; x_wconf 87' lang='lat' dir='ltr'><strong>ut</strong></span> 
     </span>
    </p>
   </div>
   <div class='ocr_carea' id='block_1_19' title="bbox 184 2074 1763 2148">
    <p class='ocr_par' dir='ltr' id='par_1_19' title="bbox 184 2074 1763 2148">
     <span class='ocr_line' id='line_1_19' title="bbox 184 2074 1763 2148; baseline 0 -19"><span class='ocrx_word' id='word_1_279' title='bbox 184 2074 519 2145; x_wconf 70' lang='lat' dir='ltr'><strong>intelligerent</strong></span> <span class='ocrx_word' id='word_1_280' title='bbox 562 2075 733 2127; x_wconf 81' lang='lat' dir='ltr'><strong>omnia</strong></span> <span class='ocrx_word' id='word_1_281' title='bbox 782 2090 895 2144; x_wconf 81' lang='lat' dir='ltr'><strong>qua:</strong></span> <span class='ocrx_word' id='word_1_282' title='bbox 951 2075 1013 2129; x_wconf 90' lang='lat' dir='ltr'><strong>de</strong></span> <span class='ocrx_word' id='word_1_283' title='bbox 1039 2076 1153 2143; x_wconf 86' lang='lat' dir='ltr'><strong>ipso</strong></span> <span class='ocrx_word' id='word_1_284' title='bbox 1173 2085 1320 2130; x_wconf 87' lang='lat' dir='ltr'><strong>erant</strong></span> <span class='ocrx_word' id='word_1_285' title='bbox 1359 2074 1547 2146; x_wconf 83' lang='lat' dir='ltr'><strong>scripta</strong></span> <span class='ocrx_word' id='word_1_286' title='bbox 1573 2077 1627 2128; x_wconf 87' lang='lat' dir='ltr'><strong>in</strong></span> <span class='ocrx_word' id='word_1_287' title='bbox 1656 2077 1763 2148; x_wconf 88' lang='lat' dir='ltr'><strong>lege</strong></span> 
     </span>
    </p>
   </div>
   <div class='ocr_carea' id='block_1_20' title="bbox 186 2164 1764 2239">
    <p class='ocr_par' dir='ltr' id='par_1_20' title="bbox 186 2164 1764 2239">
     <span class='ocr_line' id='line_1_20' title="bbox 186 2164 1764 2239; baseline 0.003 -19"><span class='ocrx_word' id='word_1_288' title='bbox 186 2164 373 2235; x_wconf 66' lang='lat' dir='ltr'><strong>Moysi,</strong></span> <span class='ocrx_word' id='word_1_289' title='bbox 405 2176 450 2219; x_wconf 89' lang='lat' dir='ltr'><strong>et</strong></span> <span class='ocrx_word' id='word_1_290' title='bbox 481 2166 762 2235; x_wconf 85' lang='lat' dir='ltr'><strong>praphetis,</strong></span> <span class='ocrx_word' id='word_1_291' title='bbox 819 2176 866 2219; x_wconf 88' lang='lat' dir='ltr'><strong>et</strong></span> <span class='ocrx_word' id='word_1_292' title='bbox 908 2168 1119 2235; x_wconf 87' lang='lat' dir='ltr'><strong>psalmis</strong></span> <span class='ocrx_word' id='word_1_293' title='bbox 1150 2168 1299 2233; x_wconf 86' lang='lat' dir='ltr'><strong>(Luc.</strong></span> <span class='ocrx_word' id='word_1_294' title='bbox 1354 2170 1527 2239; x_wconf 75' lang='lat' dir='ltr'><strong>xxtv).</strong></span> <span class='ocrx_word' id='word_1_295' title='bbox 1558 2168 1618 2222; x_wconf 85' lang='lat' dir='ltr'><strong>Si</strong></span> <span class='ocrx_word' id='word_1_296' title='bbox 1647 2170 1764 2224; x_wconf 90' lang='lat' dir='ltr'><strong>illos</strong></span> 
     </span>
    </p>
   </div>
   <div class='ocr_carea' id='block_1_21' title="bbox 184 2244 1765 2329">
    <p class='ocr_par' dir='ltr' id='par_1_21' title="bbox 184 2244 1765 2329">
     <span class='ocr_line' id='line_1_21' title="bbox 184 2244 1765 2329; baseline 0 -16"><span class='ocrx_word' id='word_1_297' title='bbox 184 2256 474 2323; x_wconf 74' lang='lat' dir='ltr'><strong>dixitdeos,</strong></span> <span class='ocrx_word' id='word_1_298' title='bbox 500 2258 567 2309; x_wconf 87' lang='lat' dir='ltr'><strong>ad</strong></span> <span class='ocrx_word' id='word_1_299' title='bbox 589 2275 715 2326; x_wconf 82' lang='lat' dir='ltr'><strong>quos</strong></span> <span class='ocrx_word' id='word_1_300' title='bbox 741 2274 907 2312; x_wconf 87' lang='lat' dir='ltr'><strong>sermo</strong></span> <span class='ocrx_word' id='word_1_301' title='bbox 939 2258 1034 2312; x_wconf 86' lang='lat' dir='ltr'><strong>Dei</strong></span> <span class='ocrx_word' id='word_1_302' title='bbox 1064 2259 1230 2327; x_wconf 82' lang='lat' dir='ltr'><strong>factus</strong></span> <span class='ocrx_word' id='word_1_303' title='bbox 1277 2244 1370 2323; x_wconf 67' lang='lat' dir='ltr'><strong>est,</strong></span> <span class='ocrx_word' id='word_1_304' title='bbox 1401 2268 1447 2312; x_wconf 86' lang='lat' dir='ltr'><strong>et</strong></span> <span class='ocrx_word' id='word_1_305' title='bbox 1475 2277 1573 2313; x_wconf 88' lang='lat' dir='ltr'><strong>non</strong></span> <span class='ocrx_word' id='word_1_306' title='bbox 1604 2270 1765 2329; x_wconf 81' lang='lat' dir='ltr'><strong>potest</strong></span> 
     </span>
    </p>
   </div>
   <div class='ocr_carea' id='block_1_22' title="bbox 188 2348 1763 2419">
    <p class='ocr_par' dir='ltr' id='par_1_22' title="bbox 188 2348 1763 2419">
     <span class='ocr_line' id='line_1_22' title="bbox 188 2348 1763 2419; baseline -0.001 -15"><span class='ocrx_word' id='word_1_307' title='bbox 188 2350 314 2404; x_wconf 78' lang='lat' dir='ltr'><strong>solui</strong></span> <span class='ocrx_word' id='word_1_308' title='bbox 347 2349 636 2418; x_wconf 83' lang='lat' dir='ltr'><strong>Scriptura,</strong></span> <span class='ocrx_word' id='word_1_309' title='bbox 671 2348 771 2404; x_wconf 93' lang='lat' dir='ltr'><strong>hoc</strong></span> <span class='ocrx_word' id='word_1_310' title='bbox 799 2360 900 2409; x_wconf 88' lang='lat' dir='ltr'><strong>est.</strong></span> <span class='ocrx_word' id='word_1_311' title='bbox 951 2364 1055 2403; x_wconf 90' lang='lat' dir='ltr'><strong>non</strong></span> <span class='ocrx_word' id='word_1_312' title='bbox 1098 2358 1273 2419; x_wconf 81' lang='lat' dir='ltr'><strong>potest</strong></span> <span class='ocrx_word' id='word_1_313' title='bbox 1312 2349 1459 2419; x_wconf 82' lang='lat' dir='ltr'><strong>argui</strong></span> <span class='ocrx_word' id='word_1_314' title='bbox 1494 2350 1763 2412; x_wconf 75' lang='lat' dir='ltr'><strong>falsitatis,</strong></span> 
     </span>
    </p>
   </div>
   <div class='ocr_carea' id='block_1_23' title="bbox 191 2440 1769 2512">
    <p class='ocr_par' dir='ltr' id='par_1_23' title="bbox 191 2440 1769 2512">
     <span class='ocr_line' id='line_1_23' title="bbox 191 2440 1769 2512; baseline -0.001 -16"><span class='ocrx_word' id='word_1_315' title='bbox 191 2453 348 2508; x_wconf 85' lang='lat' dir='ltr'><strong>atque</strong></span> <span class='ocrx_word' id='word_1_316' title='bbox 401 2442 520 2497; x_wconf 87' lang='lat' dir='ltr'><strong>ideo</strong></span> <span class='ocrx_word' id='word_1_317' title='bbox 566 2458 670 2496; x_wconf 93' lang='lat' dir='ltr'><strong>non</strong></span> <span class='ocrx_word' id='word_1_318' title='bbox 720 2441 927 2496; x_wconf 84' lang='lat' dir='ltr'><strong>audetis</strong></span> <span class='ocrx_word' id='word_1_319' title='bbox 960 2441 1102 2495; x_wconf 85' lang='lat' dir='ltr'><strong>illam</strong></span> <span class='ocrx_word' id='word_1_320' title='bbox 1153 2441 1395 2512; x_wconf 84' lang='lat' dir='ltr'><strong>rcjicere.</strong></span> <span class='ocrx_word' id='word_1_321' title='bbox 1424 2440 1484 2495; x_wconf 87' lang='lat' dir='ltr'><strong>Si</strong></span> <span class='ocrx_word' id='word_1_322' title='bbox 1508 2456 1625 2511; x_wconf 88' lang='lat' dir='ltr'><strong>ergo</strong></span> <span class='ocrx_word' id='word_1_323' title='bbox 1651 2441 1769 2495; x_wconf 85' lang='lat' dir='ltr'><strong>illos</strong></span> 
     </span>
    </p>
   </div>
   <div class='ocr_carea' id='block_1_24' title="bbox 189 2527 1772 2603">
    <p class='ocr_par' dir='ltr' id='par_1_24' title="bbox 189 2527 1772 2603">
     <span class='ocr_line' id='line_1_24' title="bbox 189 2527 1772 2603; baseline -0.003 -15"><span class='ocrx_word' id='word_1_324' title='bbox 189 2533 320 2588; x_wconf 74' lang='lat' dir='ltr'><strong>dixit</strong></span> <span class='ocrx_word' id='word_1_325' title='bbox 347 2534 468 2587; x_wconf 87' lang='lat' dir='ltr'><strong>deos</strong></span> <span class='ocrx_word' id='word_1_326' title='bbox 495 2533 563 2585; x_wconf 91' lang='lat' dir='ltr'><strong>ad</strong></span> <span class='ocrx_word' id='word_1_327' title='bbox 590 2550 719 2603; x_wconf 89' lang='lat' dir='ltr'><strong>quos</strong></span> <span class='ocrx_word' id='word_1_328' title='bbox 764 2548 928 2586; x_wconf 87' lang='lat' dir='ltr'><strong>sermo</strong></span> <span class='ocrx_word' id='word_1_329' title='bbox 975 2531 1067 2585; x_wconf 81' lang='lat' dir='ltr'><strong>Dei</strong></span> <span class='ocrx_word' id='word_1_330' title='bbox 1120 2533 1284 2601; x_wconf 79' lang='lat' dir='ltr'><strong>factus</strong></span> <span class='ocrx_word' id='word_1_331' title='bbox 1311 2543 1402 2595; x_wconf 90' lang='lat' dir='ltr'><strong>est,</strong></span> <span class='ocrx_word' id='word_1_332' title='bbox 1438 2548 1587 2602; x_wconf 86' lang='lat' dir='ltr'><strong>quem</strong></span> <span class='ocrx_word' id='word_1_333' title='bbox 1619 2527 1772 2583; x_wconf 87' lang='lat' dir='ltr'><strong>Pater</strong></span> 
     </span>
    </p>
   </div>
   <div class='ocr_carea' id='block_1_25' title="bbox 187 2622 1774 2691">
    <p class='ocr_par' dir='ltr' id='par_1_25' title="bbox 187 2622 1774 2691">
     <span class='ocr_line' id='line_1_25' title="bbox 187 2622 1774 2691; baseline -0.004 -12"><span class='ocrx_word' id='word_1_334' title='bbox 187 2625 545 2691; x_wconf 72' lang='lat' dir='ltr'><strong>sanctiﬁcavit,</strong></span> <span class='ocrx_word' id='word_1_335' title='bbox 602 2633 647 2678; x_wconf 88' lang='lat' dir='ltr'><strong>et</strong></span> <span class='ocrx_word' id='word_1_336' title='bbox 691 2625 828 2679; x_wconf 86' lang='lat' dir='ltr'><strong>misit</strong></span> <span class='ocrx_word' id='word_1_337' title='bbox 870 2626 922 2678; x_wconf 86' lang='lat' dir='ltr'><strong>in</strong></span> <span class='ocrx_word' id='word_1_338' title='bbox 973 2626 1233 2690; x_wconf 89' lang='lat' dir='ltr'><strong>mundum,</strong></span> <span class='ocrx_word' id='word_1_339' title='bbox 1289 2640 1374 2677; x_wconf 83' lang='lat' dir='ltr'><strong>vos</strong></span> <span class='ocrx_word' id='word_1_340' title='bbox 1418 2622 1587 2676; x_wconf 80' lang='lat' dir='ltr'><strong>dicitis</strong></span> <span class='ocrx_word' id='word_1_341' title='bbox 1651 2622 1774 2691; x_wconf 86' lang='lat' dir='ltr'><strong>quia</strong></span> 
     </span>
    </p>
   </div>
   <div class='ocr_carea' id='block_1_26' title="bbox 197 2706 1724 2787">
    <p class='ocr_par' dir='ltr' id='par_1_26' title="bbox 197 2706 1724 2787">
     <span class='ocr_line' id='line_1_26' title="bbox 197 2706 1724 2787; baseline -0.001 -17"><span class='ocrx_word' id='word_1_342' title='bbox 197 2716 509 2787; x_wconf 82' lang='lat' dir='ltr'><strong>blaspheme,</strong></span> <span class='ocrx_word' id='word_1_343' title='bbox 538 2719 657 2786; x_wconf 83' lang='lat' dir='ltr'><strong>quia</strong></span> <span class='ocrx_word' id='word_1_344' title='bbox 678 2717 790 2771; x_wconf 73' lang='lat' dir='ltr'><strong>dixi</strong></span> <span class='ocrx_word' id='word_1_345' title='bbox 818 2735 837 2772; x_wconf 91' lang='lat'><strong><em>:</em></strong></span> <span class='ocrx_word' id='word_1_346' title='bbox 871 2714 917 2769; x_wconf 83' lang='lat' dir='ltr'><em>F</em></span> <span class='ocrx_word' id='word_1_347' title='bbox 921 2718 1040 2772; x_wconf 88' lang='lat' dir='ltr'><strong>ilius</strong></span> <span class='ocrx_word' id='word_1_348' title='bbox 1074 2717 1169 2771; x_wconf 88' lang='lat' dir='ltr'><strong>Dei</strong></span> <span class='ocrx_word' id='word_1_349' title='bbox 1190 2735 1322 2771; x_wconf 89' lang='lat' dir='ltr'><strong>sum.</strong></span> <span class='ocrx_word' id='word_1_350' title='bbox 1351 2706 1423 2771; x_wconf 66' lang='lat' dir='ltr'><strong>Ac</strong></span> <span class='ocrx_word' id='word_1_351' title='bbox 1444 2718 1487 2771; x_wconf 91' lang='lat' dir='ltr'><strong>si</strong></span> <span class='ocrx_word' id='word_1_352' title='bbox 1517 2716 1724 2771; x_wconf 81' lang='lat' dir='ltr'><strong>diceret</strong></span> 
     </span>
    </p>
   </div>
   <div class='ocr_carea' id='block_1_27' title="bbox 197 2808 1770 2880">
    <p class='ocr_par' dir='ltr' id='par_1_27' title="bbox 197 2808 1770 2880">
     <span class='ocr_line' id='line_1_27' title="bbox 197 2808 1770 2880; baseline -0.001 -15"><span class='ocrx_word' id='word_1_353' title='bbox 197 2808 253 2865; x_wconf 90' lang='lat' dir='ltr'><strong>Si</strong></span> <span class='ocrx_word' id='word_1_354' title='bbox 280 2808 479 2863; x_wconf 90' lang='lat' dir='ltr'><strong>idcirco</strong></span> <span class='ocrx_word' id='word_1_355' title='bbox 509 2809 755 2865; x_wconf 88' lang='lat' dir='ltr'><strong>homines</strong></span> <span class='ocrx_word' id='word_1_356' title='bbox 783 2810 854 2865; x_wconf 90' lang='lat' dir='ltr'><strong>dii</strong></span> <span class='ocrx_word' id='word_1_357' title='bbox 876 2811 1126 2880; x_wconf 87' lang='lat' dir='ltr'><strong>appellati</strong></span> <span class='ocrx_word' id='word_1_358' title='bbox 1161 2822 1306 2877; x_wconf 90' lang='lat' dir='ltr'><strong>sunt,</strong></span> <span class='ocrx_word' id='word_1_359' title='bbox 1329 2812 1447 2880; x_wconf 83' lang='lat' dir='ltr'><strong>quia</strong></span> <span class='ocrx_word' id='word_1_360' title='bbox 1480 2825 1657 2865; x_wconf 88' lang='lat' dir='ltr'><strong>sermo</strong></span> <span class='ocrx_word' id='word_1_361' title='bbox 1681 2808 1770 2864; x_wconf 88' lang='lat' dir='ltr'><strong>Dei</strong></span> 
     </span>
    </p>
   </div>
   <div class='ocr_carea' id='block_1_28' title="bbox 193 2901 1774 2983">
    <p class='ocr_par' dir='ltr' id='par_1_28' title="bbox 193 2901 1774 2983">
     <span class='ocr_line' id='line_1_28' title="bbox 193 2901 1774 2983; baseline 0.001 -27"><span class='ocrx_word' id='word_1_362' title='bbox 193 2903 259 2956; x_wconf 85' lang='lat' dir='ltr'><strong>ad</strong></span> <span class='ocrx_word' id='word_1_363' title='bbox 289 2902 433 2972; x_wconf 89' lang='lat' dir='ltr'><strong>ipsos</strong></span> <span class='ocrx_word' id='word_1_364' title='bbox 462 2901 631 2958; x_wconf 81' lang='lat' dir='ltr'><strong>factus</strong></span> <span class='ocrx_word' id='word_1_365' title='bbox 656 2913 759 2983; x_wconf 63' lang='lat' dir='ltr'><strong>est,</strong></span> <span class='ocrx_word' id='word_1_366' title='bbox 786 2905 960 2971; x_wconf 88' lang='lat' dir='ltr'><strong>ipsum</strong></span> <span class='ocrx_word' id='word_1_367' title='bbox 984 2902 1219 2959; x_wconf 80' lang='lat' dir='ltr'><strong>Verbum</strong></span> <span class='ocrx_word' id='word_1_368' title='bbox 1252 2901 1346 2958; x_wconf 83' lang='lat' dir='ltr'><strong>D&#39;ei</strong></span> <span class='ocrx_word' id='word_1_369' title='bbox 1389 2903 1555 2972; x_wconf 90' lang='lat' dir='ltr'><strong>(quod</strong></span> <span class='ocrx_word' id='word_1_370' title='bbox 1583 2912 1698 2957; x_wconf 90' lang='lat' dir='ltr'><strong>erat</strong></span> <span class='ocrx_word' id='word_1_371' title='bbox 1720 2902 1774 2957; x_wconf 90' lang='lat' dir='ltr'><strong>in</strong></span> 
     </span>
    </p>
   </div>
   <div class='ocr_carea' id='block_1_29' title="bbox 200 2992 1774 3065">
    <p class='ocr_par' dir='ltr' id='par_1_29' title="bbox 200 2992 1774 3065">
     <span class='ocr_line' id='line_1_29' title="bbox 200 2992 1774 3065; baseline 0.002 -19"><span class='ocrx_word' id='word_1_372' title='bbox 200 2994 461 3061; x_wconf 84' lang='lat' dir='ltr'><strong>principio</strong></span> <span class='ocrx_word' id='word_1_373' title='bbox 490 2993 629 3063; x_wconf 89' lang='lat' dir='ltr'><strong>apud</strong></span> <span class='ocrx_word' id='word_1_374' title='bbox 677 2992 867 3064; x_wconf 89' lang='lat' dir='ltr'><strong>Deum)</strong></span> <span class='ocrx_word' id='word_1_375' title='bbox 910 2995 1176 3065; x_wconf 87' lang='lat' dir='ltr'><strong>quomodo</strong></span> <span class='ocrx_word' id='word_1_376' title='bbox 1229 3008 1335 3048; x_wconf 93' lang='lat' dir='ltr'><strong>non</strong></span> <span class='ocrx_word' id='word_1_377' title='bbox 1388 3003 1470 3048; x_wconf 89' lang='lat' dir='ltr'><strong>est</strong></span> <span class='ocrx_word' id='word_1_378' title='bbox 1501 2994 1679 3049; x_wconf 85' lang='lat' dir='ltr'><strong>Deus?</strong></span> <span class='ocrx_word' id='word_1_379' title='bbox 1718 2994 1774 3049; x_wconf 93' lang='lat' dir='ltr'><strong>Si</strong></span> 
     </span>
    </p>
   </div>
   <div class='ocr_carea' id='block_1_30' title="bbox 194 3083 1777 3155">
    <p class='ocr_par' dir='ltr' id='par_1_30' title="bbox 194 3083 1777 3155">
     <span class='ocr_line' id='line_1_30' title="bbox 194 3083 1777 3155; baseline 0 -17"><span class='ocrx_word' id='word_1_380' title='bbox 194 3083 274 3138; x_wconf 86' lang='lat' dir='ltr'><strong>illi</strong></span> <span class='ocrx_word' id='word_1_381' title='bbox 304 3084 375 3137; x_wconf 89' lang='lat' dir='ltr'><strong>dii</strong></span> <span class='ocrx_word' id='word_1_382' title='bbox 404 3085 579 3139; x_wconf 88' lang='lat' dir='ltr'><strong>vocari</strong></span> <span class='ocrx_word' id='word_1_383' title='bbox 627 3095 953 3149; x_wconf 87' lang='lat' dir='ltr'><strong>meruerunt,</strong></span> <span class='ocrx_word' id='word_1_384' title='bbox 1008 3086 1095 3155; x_wconf 90' lang='lat' dir='ltr'><strong>qui</strong></span> <span class='ocrx_word' id='word_1_385' title='bbox 1146 3087 1430 3154; x_wconf 86' lang='lat' dir='ltr'><strong>participes</strong></span> <span class='ocrx_word' id='word_1_386' title='bbox 1483 3083 1608 3140; x_wconf 81' lang='lat' dir='ltr'><strong>facti</strong></span> <span class='ocrx_word' id='word_1_387' title='bbox 1653 3093 1777 3139; x_wconf 88' lang='lat' dir='ltr'><strong>sunt</strong></span> 
     </span>
    </p>
   </div>
   <div class='ocr_carea' id='block_1_31' title="bbox 194 3178 1779 3249">
    <p class='ocr_par' dir='ltr' id='par_1_31' title="bbox 194 3178 1779 3249">
     <span class='ocr_line' id='line_1_31' title="bbox 194 3178 1779 3249; baseline 0 -18"><span class='ocrx_word' id='word_1_388' title='bbox 194 3179 464 3233; x_wconf 86' lang='lat' dir='ltr'><strong>sermonis</strong></span> <span class='ocrx_word' id='word_1_389' title='bbox 489 3178 604 3243; x_wconf 85' lang='lat' dir='ltr'><strong>Dei,</strong></span> <span class='ocrx_word' id='word_1_390' title='bbox 635 3180 749 3249; x_wconf 90' lang='lat' dir='ltr'><strong>ipse</strong></span> <span class='ocrx_word' id='word_1_391' title='bbox 776 3194 955 3234; x_wconf 88' lang='lat' dir='ltr'><strong>sermo</strong></span> <span class='ocrx_word' id='word_1_392' title='bbox 982 3178 1099 3243; x_wconf 88' lang='lat' dir='ltr'><strong>Dei,</strong></span> <span class='ocrx_word' id='word_1_393' title='bbox 1131 3180 1272 3233; x_wconf 88' lang='lat' dir='ltr'><strong>unde</strong></span> <span class='ocrx_word' id='word_1_394' title='bbox 1312 3179 1650 3248; x_wconf 82' lang='lat' dir='ltr'><strong>participant,</strong></span> <span class='ocrx_word' id='word_1_395' title='bbox 1682 3193 1779 3233; x_wconf 91' lang='lat' dir='ltr'><strong>cur</strong></span> 
     </span>
    </p>
   </div>
   <div class='ocr_carea' id='block_1_32' title="bbox 1861 1987 2047 2041">
    <p class='ocr_par' dir='ltr' id='par_1_32' title="bbox 1861 1987 2047 2041">
     <span class='ocr_line' id='line_1_32' title="bbox 1861 1987 2047 2041; baseline -0.011 1"><span class='ocrx_word' id='word_1_396' title='bbox 1861 1987 2047 2041; x_wconf 82' lang='lat' dir='ltr'><strong>Amen.</strong></span> 
     </span>
    </p>
   </div>
   <div class='ocr_carea' id='block_1_33' title="bbox 2430 2076 2875 2132">
    <p class='ocr_par' dir='ltr' id='par_1_33' title="bbox 2430 2076 2875 2132">
     <span class='ocr_line' id='line_1_33' title="bbox 2430 2076 2875 2132; baseline 0 -2"><span class='ocrx_word' id='word_1_397' title='bbox 2430 2076 2706 2132; x_wconf 81' lang='lat' dir='ltr'><strong>HOMlLlA</strong></span> <span class='ocrx_word' id='word_1_398' title='bbox 2743 2076 2875 2132; x_wconf 79' lang='lat' dir='ltr'><strong>CIX.</strong></span> 
     </span>
    </p>
   </div>
   <div class='ocr_carea' id='block_1_34' title="bbox 2211 2205 3088 2255">
    <p class='ocr_par' dir='ltr' id='par_1_34' title="bbox 2211 2205 3088 2255">
     <span class='ocr_line' id='line_1_34' title="bbox 2211 2205 3088 2255; baseline 0.006 -12"><span class='ocrx_word' id='word_1_399' title='bbox 2211 2205 2261 2243; x_wconf 73' lang='lat' dir='ltr'><strong>IN</strong></span> <span class='ocrx_word' id='word_1_400' title='bbox 2300 2206 2456 2245; x_wconf 71' lang='lat' dir='ltr'><strong>Fl-IRIA</strong></span> <span class='ocrx_word' id='word_1_401' title='bbox 2492 2206 2686 2255; x_wconf 78' lang='lat' dir='ltr'><strong>QUINTA</strong></span> <span class='ocrx_word' id='word_1_402' title='bbox 2725 2207 2853 2246; x_wconf 80' lang='lat' dir='ltr'><strong>PDST</strong></span> <span class='ocrx_word' id='word_1_403' title='bbox 2890 2207 3088 2248; x_wconf 69' lang='grc' dir='ltr'><strong>«πωπω.</strong></span> 
     </span>
    </p>
   </div>
   <div class='ocr_carea' id='block_1_35' title="bbox 1937 2304 3443 2375">
    <p class='ocr_par' dir='ltr' id='par_1_35' title="bbox 1937 2304 3443 2375">
     <span class='ocr_line' id='line_1_35' title="bbox 1937 2304 3443 2375; baseline 0.001 -17"><span class='ocrx_word' id='word_1_404' title='bbox 1937 2304 2003 2358; x_wconf 81' lang='lat' dir='ltr'><strong>In</strong></span> <span class='ocrx_word' id='word_1_405' title='bbox 2032 2305 2121 2358; x_wconf 87' lang='lat' dir='ltr'><strong>illo</strong></span> <span class='ocrx_word' id='word_1_406' title='bbox 2151 2313 2370 2375; x_wconf 78' lang='lat' dir='ltr'><strong>tempore</strong></span> <span class='ocrx_word' id='word_1_407' title='bbox 2423 2307 2630 2373; x_wconf 74' lang='lat' dir='ltr'><strong>rogabat</strong></span> <span class='ocrx_word' id='word_1_408' title='bbox 2677 2304 2855 2361; x_wconf 75' lang='lat' dir='ltr'><strong>Iesum</strong></span> <span class='ocrx_word' id='word_1_409' title='bbox 2898 2308 3106 2373; x_wconf 84' lang='lat' dir='ltr'><strong>quidam</strong></span> <span class='ocrx_word' id='word_1_410' title='bbox 3154 2304 3443 2360; x_wconf 75' lang='lat' dir='ltr'><strong>Pltarisa’us</strong></span> 
     </span>
    </p>
   </div>
   <div class='ocr_carea' id='block_1_36' title="bbox 1867 2396 3441 2469">
    <p class='ocr_par' dir='ltr' id='par_1_36' title="bbox 1867 2396 3441 2469">
     <span class='ocr_line' id='line_1_36' title="bbox 1867 2396 3441 2469; baseline 0.001 -20"><span class='ocrx_word' id='word_1_411' title='bbox 1867 2406 1921 2449; x_wconf 88' lang='lat' dir='ltr'><strong>ut</strong></span> <span class='ocrx_word' id='word_1_412' title='bbox 1943 2399 2271 2450; x_wconf 83' lang='lat' dir='ltr'><strong>manducaret</strong></span> <span class='ocrx_word' id='word_1_413' title='bbox 2292 2414 2407 2449; x_wconf 83' lang='lat' dir='ltr'><strong>cum</strong></span> <span class='ocrx_word' id='word_1_414' title='bbox 2430 2398 2540 2452; x_wconf 86' lang='lat' dir='ltr'><strong>illo.</strong></span> <span class='ocrx_word' id='word_1_415' title='bbox 2565 2396 2628 2450; x_wconf 86' lang='lat' dir='ltr'><strong>Et</strong></span> <span class='ocrx_word' id='word_1_416' title='bbox 2654 2399 2910 2469; x_wconf 81' lang='lat' dir='ltr'><strong>ingressus</strong></span> <span class='ocrx_word' id='word_1_417' title='bbox 2934 2400 3141 2452; x_wconf 85' lang='lat' dir='ltr'><strong>domum</strong></span> <span class='ocrx_word' id='word_1_418' title='bbox 3168 2397 3441 2465; x_wconf 76' lang='lat' dir='ltr'><strong>Phariswi,</strong></span> 
     </span>
    </p>
   </div>
   <div class='ocr_carea' id='block_1_37' title="bbox 1869 2487 2610 2560">
    <p class='ocr_par' dir='ltr' id='par_1_37' title="bbox 1869 2487 2610 2560">
     <span class='ocr_line' id='line_1_37' title="bbox 1869 2487 2610 2560; baseline 0.003 -21"><span class='ocrx_word' id='word_1_419' title='bbox 1869 2487 2143 2553; x_wconf 83' lang='lat' dir='ltr'><strong>discubuit,</strong></span> <span class='ocrx_word' id='word_1_420' title='bbox 2175 2497 2279 2543; x_wconf 90' lang='lat' dir='ltr'><strong>etc.</strong></span> <span class='ocrx_word' id='word_1_421' title='bbox 2310 2487 2462 2558; x_wconf 85' lang='lat' dir='ltr'><strong>(Luc.</strong></span> <span class='ocrx_word' id='word_1_422' title='bbox 2489 2489 2610 2560; x_wconf 81' lang='grc' dir='ltr'><strong>νη.)</strong></span> 
     </span>
    </p>
   </div>
   <div class='ocr_carea' id='block_1_38' title="bbox 1955 2576 3369 2653">
    <p class='ocr_par' dir='ltr' id='par_1_38' title="bbox 1955 2576 3369 2653">
     <span class='ocr_line' id='line_1_38' title="bbox 1955 2576 3369 2653; baseline 0.004 -22"><span class='ocrx_word' id='word_1_423' title='bbox 1955 2576 2267 2650; x_wconf 82' lang='lat' dir='ltr'><strong>(Homiliam</strong></span> <span class='ocrx_word' id='word_1_424' title='bbox 2287 2581 2483 2649; x_wconf 84' lang='lat' dir='ltr'><strong>require</strong></span> <span class='ocrx_word' id='word_1_425' title='bbox 2511 2579 2574 2633; x_wconf 91' lang='lat' dir='ltr'><strong>de</strong></span> <span class='ocrx_word' id='word_1_426' title='bbox 2600 2589 2777 2634; x_wconf 87' lang='lat' dir='ltr'><strong>sancta</strong></span> <span class='ocrx_word' id='word_1_427' title='bbox 2807 2579 2977 2636; x_wconf 74' lang='lat' dir='ltr'><strong>Maria</strong></span> <span class='ocrx_word' id='word_1_428' title='bbox 3009 2579 3369 2653; x_wconf 80' lang='lat' dir='ltr'><strong>Magdalena.)</strong></span> 
     </span>
    </p>
   </div>
   <div class='ocr_carea' id='block_1_39' title="bbox 2438 2688 2885 2749">
    <p class='ocr_par' dir='ltr' id='par_1_39' title="bbox 2438 2688 2885 2749">
     <span class='ocr_line' id='line_1_39' title="bbox 2438 2688 2885 2749; baseline 0.007 -4"><span class='ocrx_word' id='word_1_429' title='bbox 2438 2688 2716 2747; x_wconf 79' lang='lat' dir='ltr'><strong>HOMILIA</strong></span> <span class='ocrx_word' id='word_1_430' title='bbox 2774 2693 2885 2749; x_wconf 83' lang='lat' dir='ltr'><strong>CX.</strong></span> 
     </span>
    </p>
   </div>
   <div class='ocr_carea' id='block_1_40' title="bbox 2232 2797 3099 2841">
    <p class='ocr_par' dir='ltr' id='par_1_40' title="bbox 2232 2797 3099 2841">
     <span class='ocr_line' id='line_1_40' title="bbox 2232 2797 3099 2841; baseline 0.005 -4"><span class='ocrx_word' id='word_1_431' title='bbox 2232 2797 2285 2837; x_wconf 70' lang='lat' dir='ltr'><strong>1N</strong></span> <span class='ocrx_word' id='word_1_432' title='bbox 2325 2797 2484 2838; x_wconf 72' lang='lat' dir='ltr'><strong>PEBIA</strong></span> <span class='ocrx_word' id='word_1_433' title='bbox 2523 2798 2696 2839; x_wconf 73' lang='lat' dir='ltr'><strong>SEXTA</strong></span> <span class='ocrx_word' id='word_1_434' title='bbox 2731 2799 2859 2839; x_wconf 87' lang='lat' dir='ltr'><strong>POS&#39;I‘</strong></span> <span class='ocrx_word' id='word_1_435' title='bbox 2899 2801 3099 2841; x_wconf 74' lang='lat' dir='ltr'><strong>JUDICA.</strong></span> 
     </span>
    </p>
   </div>
   <div class='ocr_carea' id='block_1_41' title="bbox 1947 2892 3454 2971">
    <p class='ocr_par' dir='ltr' id='par_1_41' title="bbox 1947 2892 3454 2971">
     <span class='ocr_line' id='line_1_41' title="bbox 1947 2892 3454 2971; baseline 0.004 -22"><span class='ocrx_word' id='word_1_436' title='bbox 1947 2892 2015 2950; x_wconf 85' lang='lat' dir='ltr'><strong>In</strong></span> <span class='ocrx_word' id='word_1_437' title='bbox 2063 2897 2158 2951; x_wconf 84' lang='lat' dir='ltr'><strong>illo</strong></span> <span class='ocrx_word' id='word_1_438' title='bbox 2208 2904 2433 2964; x_wconf 80' lang='lat' dir='ltr'><strong>tentpore</strong></span> <span class='ocrx_word' id='word_1_439' title='bbox 2471 2897 2784 2971; x_wconf 86' lang='lat' dir='ltr'><strong>collegerunt</strong></span> <span class='ocrx_word' id='word_1_440' title='bbox 2829 2901 3092 2968; x_wconf 80' lang='lat' dir='ltr'><strong>pontifices</strong></span> <span class='ocrx_word' id='word_1_441' title='bbox 3118 2908 3165 2954; x_wconf 91' lang='lat' dir='ltr'><strong>et</strong></span> <span class='ocrx_word' id='word_1_442' title='bbox 3200 2899 3454 2956; x_wconf 82' lang='lat' dir='ltr'><strong>Pharistei</strong></span> 
     </span>
    </p>
   </div>
   <div class='ocr_carea' id='block_1_42' title="bbox 1876 2989 3456 3063">
    <p class='ocr_par' dir='ltr' id='par_1_42' title="bbox 1876 2989 3456 3063">
     <span class='ocr_line' id='line_1_42' title="bbox 1876 2989 3456 3063; baseline 0.003 -20"><span class='ocrx_word' id='word_1_443' title='bbox 1876 2990 2152 3043; x_wconf 82' lang='lat' dir='ltr'><strong>concilium</strong></span> <span class='ocrx_word' id='word_1_444' title='bbox 2178 2991 2422 3046; x_wconf 79' lang='lat' dir='ltr'><strong>adversus</strong></span> <span class='ocrx_word' id='word_1_445' title='bbox 2443 2989 2645 3056; x_wconf 74' lang='lat' dir='ltr'><strong>Iesum,</strong></span> <span class='ocrx_word' id='word_1_446' title='bbox 2677 3002 2724 3045; x_wconf 89' lang='lat' dir='ltr'><strong>et</strong></span> <span class='ocrx_word' id='word_1_447' title='bbox 2753 2993 2986 3046; x_wconf 84' lang='lat' dir='ltr'><strong>dicebant</strong></span> <span class='ocrx_word' id='word_1_448' title='bbox 3013 3007 3033 3046; x_wconf 89' lang='lat'><strong><em>:</em></strong></span> <span class='ocrx_word' id='word_1_449' title='bbox 3059 2993 3192 3059; x_wconf 82' lang='lat' dir='ltr'><strong>Quid</strong></span> <span class='ocrx_word' id='word_1_450' title='bbox 3217 2994 3456 3063; x_wconf 73' lang='lat' dir='ltr'><strong>facimus,</strong></span> 
     </span>
    </p>
   </div>
   <div class='ocr_carea' id='block_1_43' title="bbox 1877 3081 3367 3159">
    <p class='ocr_par' dir='ltr' id='par_1_43' title="bbox 1877 3081 3367 3159">
     <span class='ocr_line' id='line_1_43' title="bbox 1877 3081 3367 3159; baseline 0.005 -24"><span class='ocrx_word' id='word_1_451' title='bbox 1877 3087 1998 3151; x_wconf 83' lang='lat' dir='ltr'><strong>quia</strong></span> <span class='ocrx_word' id='word_1_452' title='bbox 2023 3081 2105 3135; x_wconf 80' lang='lat' dir='ltr'><strong>hic</strong></span> <span class='ocrx_word' id='word_1_453' title='bbox 2132 3083 2284 3138; x_wconf 82' lang='lat' dir='ltr'><strong>homo</strong></span> <span class='ocrx_word' id='word_1_454' title='bbox 2313 3086 2475 3138; x_wconf 87' lang='lat' dir='ltr'><strong>multa</strong></span> <span class='ocrx_word' id='word_1_455' title='bbox 2501 3084 2652 3157; x_wconf 77' lang='lat' dir='ltr'><strong>signa</strong></span> <span class='ocrx_word' id='word_1_456' title='bbox 2674 3085 2838 3153; x_wconf 81' lang='lat' dir='ltr'><strong>facit?</strong></span> <span class='ocrx_word' id='word_1_457' title='bbox 2876 3094 2981 3141; x_wconf 90' lang='lat' dir='ltr'><strong>etc.</strong></span> <span class='ocrx_word' id='word_1_458' title='bbox 3014 3086 3193 3153; x_wconf 84' lang='lat' dir='ltr'><strong>(Joan.</strong></span> <span class='ocrx_word' id='word_1_459' title='bbox 3216 3089 3317 3155; x_wconf 82' lang='lat' dir='ltr'><strong>xl.)</strong></span> <span class='ocrx_word' id='word_1_460' title='bbox 3360 3156 3367 3159; x_wconf 93' lang='lat'>_</span> 
     </span>
    </p>
   </div>
   <div class='ocr_carea' id='block_1_44' title="bbox 1959 3174 3458 3252">
    <p class='ocr_par' dir='ltr' id='par_1_44' title="bbox 1959 3174 3458 3252">
     <span class='ocr_line' id='line_1_44' title="bbox 1959 3174 3458 3252; baseline 0.005 -25"><span class='ocrx_word' id='word_1_461' title='bbox 1959 3174 2299 3230; x_wconf 81' lang='lat' dir='ltr'><strong>Resuscitato</strong></span> <span class='ocrx_word' id='word_1_462' title='bbox 2319 3178 2630 3233; x_wconf 83' lang='lat' dir='ltr'><strong>asalvatore</strong></span> <span class='ocrx_word' id='word_1_463' title='bbox 2651 3176 2864 3234; x_wconf 78' lang='lat' dir='ltr'><strong>Chiisto</strong></span> <span class='ocrx_word' id='word_1_464' title='bbox 2886 3179 3109 3249; x_wconf 86' lang='lat' dir='ltr'><strong>Lazaro,</strong></span> <span class='ocrx_word' id='word_1_465' title='bbox 3138 3191 3242 3235; x_wconf 91' lang='lat' dir='ltr'><strong>tam</strong></span> <span class='ocrx_word' id='word_1_466' title='bbox 3264 3180 3458 3252; x_wconf 71' lang='lat' dir='ltr'><strong>uigenti</strong></span> 
     </span>
    </p>
   </div>
   <div class='ocr_carea' id='block_1_45' title="bbox 197 3238 3461 3342">
    <p class='ocr_par' dir='ltr' id='par_1_45' title="bbox 197 3238 3461 3342">
     <span class='ocr_line' id='line_1_45' title="bbox 197 3238 3461 3342; baseline 0.003 -23"><span class='ocrx_word' id='word_1_467' title='bbox 197 3284 305 3320; x_wconf 88' lang='lat' dir='ltr'><strong>non</strong></span> <span class='ocrx_word' id='word_1_468' title='bbox 330 3268 399 3322; x_wconf 90' lang='lat' dir='ltr'><strong>sit</strong></span> <span class='ocrx_word' id='word_1_469' title='bbox 428 3238 605 3323; x_wconf 78' lang='lat' dir='ltr'><strong>Deus‘l</strong></span> <span class='ocrx_word' id='word_1_470' title='bbox 631 3238 932 3323; x_wconf 61' lang='lat' dir='ltr'><strong>l‘lotandum</strong></span> <span class='ocrx_word' id='word_1_471' title='bbox 970 3238 1097 3322; x_wconf 85' lang='lat' dir='ltr'><strong>vero</strong></span> <span class='ocrx_word' id='word_1_472' title='bbox 1121 3268 1260 3337; x_wconf 92' lang='lat' dir='ltr'><strong>quod</strong></span> <span class='ocrx_word' id='word_1_473' title='bbox 1293 3238 1442 3331; x_wconf 86' lang='lat' dir='ltr'><strong>dicit,</strong></span> <span class='ocrx_word' id='word_1_474' title='bbox 1474 3238 1780 3333; x_wconf 27' lang='lat' dir='ltr'><strong>Q-uem&#39;Pa-</strong></span> <span class='ocrx_word' id='word_1_475' title='bbox 1810 3238 1856 3302; x_wconf 65' lang='grc' dir='ltr'><strong>δ</strong></span> <span class='ocrx_word' id='word_1_476' title='bbox 1887 3267 2146 3323; x_wconf 85' lang='lat' dir='ltr'><strong>miraculo</strong></span> <span class='ocrx_word' id='word_1_477' title='bbox 2177 3269 2329 3324; x_wconf 92' lang='lat' dir='ltr'><strong>multi</strong></span> <span class='ocrx_word' id='word_1_478' title='bbox 2360 3286 2422 3325; x_wconf 84' lang='lat' dir='ltr'><strong>ex</strong></span> <span class='ocrx_word' id='word_1_479' title='bbox 2451 3271 2649 3327; x_wconf 62' lang='lat' dir='ltr'><strong>ludatis</strong></span> <span class='ocrx_word' id='word_1_480' title='bbox 2670 3274 2758 3342; x_wconf 91' lang='lat' dir='ltr'><strong>qui</strong></span> <span class='ocrx_word' id='word_1_481' title='bbox 2803 3238 3109 3342; x_wconf 41' lang='lat' dir='ltr'><strong>prasentes&#39;</strong></span> <span class='ocrx_word' id='word_1_482' title='bbox 3138 3238 3366 3339; x_wconf 59' lang='lat' dir='ltr'><strong>fuerani,</strong></span> <span class='ocrx_word' id='word_1_483' title='bbox 3406 3285 3461 3330; x_wconf 84' lang='lat' dir='ltr'><strong>et</strong></span> 
     </span>
    </p>
   </div>
   <div class='ocr_carea' id='block_1_46' title="bbox 198 3359 1781 3428">
    <p class='ocr_par' dir='ltr' id='par_1_46' title="bbox 198 3359 1781 3428">
     <span class='ocr_line' id='line_1_46' title="bbox 198 3359 1781 3428; baseline 0.003 -17"><span class='ocrx_word' id='word_1_484' title='bbox 198 3369 276 3411; x_wconf 86' lang='lat' dir='ltr'><strong>ter</strong></span> <span class='ocrx_word' id='word_1_485' title='bbox 322 3360 677 3428; x_wconf 79' lang='lat' dir='ltr'><strong>sanctiﬁcavit,</strong></span> <span class='ocrx_word' id='word_1_486' title='bbox 738 3370 785 3413; x_wconf 92' lang='lat' dir='ltr'><strong>et</strong></span> <span class='ocrx_word' id='word_1_487' title='bbox 831 3361 969 3415; x_wconf 86' lang='lat' dir='ltr'><strong>misit</strong></span> <span class='ocrx_word' id='word_1_488' title='bbox 1024 3361 1078 3414; x_wconf 89' lang='lat' dir='ltr'><strong>in</strong></span> <span class='ocrx_word' id='word_1_489' title='bbox 1118 3360 1386 3417; x_wconf 87' lang='lat' dir='ltr'><strong>mundum.</strong></span> <span class='ocrx_word' id='word_1_490' title='bbox 1417 3359 1781 3415; x_wconf 85' lang='lat' dir='ltr'><strong>Sanctilicavit</strong></span> 
     </span>
    </p>
   </div>
   <div class='ocr_carea' id='block_1_47' title="bbox 204 3449 1783 3520">
    <p class='ocr_par' dir='ltr' id='par_1_47' title="bbox 204 3449 1783 3520">
     <span class='ocr_line' id='line_1_47' title="bbox 204 3449 1783 3520; baseline 0.002 -17"><span class='ocrx_word' id='word_1_491' title='bbox 204 3464 437 3517; x_wconf 85' lang='lat' dir='ltr'><strong>namque</strong></span> <span class='ocrx_word' id='word_1_492' title='bbox 468 3449 622 3505; x_wconf 86' lang='lat' dir='ltr'><strong>Pater</strong></span> <span class='ocrx_word' id='word_1_493' title='bbox 651 3449 863 3512; x_wconf 77' lang='lat' dir='ltr'><strong>Filium,</strong></span> <span class='ocrx_word' id='word_1_494' title='bbox 890 3466 994 3505; x_wconf 89' lang='lat' dir='ltr'><strong>non</strong></span> <span class='ocrx_word' id='word_1_495' title='bbox 1026 3451 1167 3520; x_wconf 90' lang='lat' dir='ltr'><strong>quod</strong></span> <span class='ocrx_word' id='word_1_496' title='bbox 1197 3467 1428 3519; x_wconf 78' lang='lat' dir='ltr'><strong>unquam</strong></span> <span class='ocrx_word' id='word_1_497' title='bbox 1452 3451 1540 3506; x_wconf 90' lang='lat' dir='ltr'><strong>ille</strong></span> <span class='ocrx_word' id='word_1_498' title='bbox 1566 3460 1783 3507; x_wconf 86' lang='lat' dir='ltr'><strong>sanctus</strong></span> 
     </span>
    </p>
   </div>
   <div class='ocr_carea' id='block_1_48' title="bbox 199 3539 1783 3611">
    <p class='ocr_par' dir='ltr' id='par_1_48' title="bbox 199 3539 1783 3611">
     <span class='ocr_line' id='line_1_48' title="bbox 199 3539 1783 3611; baseline 0.004 -19"><span class='ocrx_word' id='word_1_499' title='bbox 199 3553 308 3593; x_wconf 87' lang='lat' dir='ltr'><strong>non</strong></span> <span class='ocrx_word' id='word_1_500' title='bbox 342 3539 521 3607; x_wconf 81' lang='lat' dir='ltr'><strong>fuerit,</strong></span> <span class='ocrx_word' id='word_1_501' title='bbox 544 3541 636 3595; x_wconf 89' lang='lat' dir='ltr'><strong>scd</strong></span> <span class='ocrx_word' id='word_1_502' title='bbox 657 3542 1032 3607; x_wconf 80' lang='lat' dir='ltr'><strong>sanctiﬁcavit,</strong></span> <span class='ocrx_word' id='word_1_503' title='bbox 1063 3543 1186 3611; x_wconf 88' lang='lat' dir='ltr'><strong>quia</strong></span> <span class='ocrx_word' id='word_1_504' title='bbox 1239 3543 1385 3597; x_wconf 89' lang='lat' dir='ltr'><strong>illum</strong></span> <span class='ocrx_word' id='word_1_505' title='bbox 1419 3551 1659 3598; x_wconf 86' lang='lat' dir='ltr'><strong>sanctum</strong></span> <span class='ocrx_word' id='word_1_506' title='bbox 1688 3559 1783 3609; x_wconf 78' lang='lat' dir='ltr'><strong>ge-</strong></span> 
     </span>
    </p>
   </div>
   <div class='ocr_carea' id='block_1_49' title="bbox 200 3629 1786 3699">
    <p class='ocr_par' dir='ltr' id='par_1_49' title="bbox 200 3629 1786 3699">
     <span class='ocr_line' id='line_1_49' title="bbox 200 3629 1786 3699; baseline 0.001 -13"><span class='ocrx_word' id='word_1_507' title='bbox 200 3631 343 3686; x_wconf 89' lang='lat' dir='ltr'><strong>nuit.</strong></span> <span class='ocrx_word' id='word_1_508' title='bbox 370 3629 523 3685; x_wconf 87' lang='lat' dir='ltr'><strong>Sicut</strong></span> <span class='ocrx_word' id='word_1_509' title='bbox 550 3635 690 3688; x_wconf 91' lang='lat' dir='ltr'><strong>enim</strong></span> <span class='ocrx_word' id='word_1_510' title='bbox 718 3634 858 3688; x_wconf 86' lang='lat' dir='ltr'><strong>Deus</strong></span> <span class='ocrx_word' id='word_1_511' title='bbox 888 3634 1075 3698; x_wconf 90' lang='lat' dir='ltr'><strong>Deum,</strong></span> <span class='ocrx_word' id='word_1_512' title='bbox 1102 3633 1395 3690; x_wconf 85' lang='lat' dir='ltr'><strong>immensus</strong></span> <span class='ocrx_word' id='word_1_513' title='bbox 1440 3633 1786 3699; x_wconf 87' lang='lat' dir='ltr'><strong>immensum,</strong></span> 
     </span>
    </p>
   </div>
   <div class='ocr_carea' id='block_1_50' title="bbox 197 3723 1787 3796">
    <p class='ocr_par' dir='ltr' id='par_1_50' title="bbox 197 3723 1787 3796">
     <span class='ocr_line' id='line_1_50' title="bbox 197 3723 1787 3796; baseline -0.001 -17"><span class='ocrx_word' id='word_1_514' title='bbox 197 3723 283 3779; x_wconf 89' lang='lat' dir='ltr'><strong>sic</strong></span> <span class='ocrx_word' id='word_1_515' title='bbox 311 3734 527 3779; x_wconf 86' lang='lat' dir='ltr'><strong>sanctus</strong></span> <span class='ocrx_word' id='word_1_516' title='bbox 554 3735 793 3779; x_wconf 83' lang='lat' dir='ltr'><strong>sanctum</strong></span> <span class='ocrx_word' id='word_1_517' title='bbox 824 3724 978 3779; x_wconf 88' lang='lat' dir='ltr'><strong>Pater</strong></span> <span class='ocrx_word' id='word_1_518' title='bbox 1009 3725 1197 3779; x_wconf 87' lang='lat' dir='ltr'><strong>Filium</strong></span> <span class='ocrx_word' id='word_1_519' title='bbox 1228 3727 1441 3796; x_wconf 80' lang='lat' dir='ltr'><strong>genuit;</strong></span> <span class='ocrx_word' id='word_1_520' title='bbox 1467 3734 1521 3780; x_wconf 91' lang='lat' dir='ltr'><strong>et</strong></span> <span class='ocrx_word' id='word_1_521' title='bbox 1556 3725 1703 3780; x_wconf 85' lang='lat' dir='ltr'><strong>misit</strong></span> <span class='ocrx_word' id='word_1_522' title='bbox 1735 3727 1787 3778; x_wconf 92' lang='lat' dir='ltr'><strong>in</strong></span> 
     </span>
    </p>
   </div>
   <div class='ocr_carea' id='block_1_51' title="bbox 201 3816 1791 3887">
    <p class='ocr_par' dir='ltr' id='par_1_51' title="bbox 201 3816 1791 3887">
     <span class='ocr_line' id='line_1_51' title="bbox 201 3816 1791 3887; baseline -0.002 -14"><span class='ocrx_word' id='word_1_523' title='bbox 201 3816 485 3884; x_wconf 87' lang='lat' dir='ltr'><strong>mundum,</strong></span> <span class='ocrx_word' id='word_1_524' title='bbox 511 3816 633 3887; x_wconf 89' lang='lat' dir='ltr'><strong>quia</strong></span> <span class='ocrx_word' id='word_1_525' title='bbox 662 3831 782 3871; x_wconf 92' lang='lat' dir='ltr'><strong>eum</strong></span> <span class='ocrx_word' id='word_1_526' title='bbox 839 3817 1105 3871; x_wconf 89' lang='lat' dir='ltr'><strong>incarnari</strong></span> <span class='ocrx_word' id='word_1_527' title='bbox 1151 3817 1428 3870; x_wconf 91' lang='lat' dir='ltr'><strong>constituit</strong></span> <span class='ocrx_word' id='word_1_528' title='bbox 1478 3832 1571 3883; x_wconf 90' lang='lat' dir='ltr'><strong>pro</strong></span> <span class='ocrx_word' id='word_1_529' title='bbox 1616 3816 1791 3870; x_wconf 89' lang='lat' dir='ltr'><strong>salute</strong></span> 
     </span>
    </p>
   </div>
   <div class='ocr_carea' id='block_1_52' title="bbox 200 3915 1791 3986">
    <p class='ocr_par' dir='ltr' id='par_1_52' title="bbox 200 3915 1791 3986">
     <span class='ocr_line' id='line_1_52' title="bbox 200 3915 1791 3986; baseline -0.006 -10"><span class='ocrx_word' id='word_1_530' title='bbox 200 3918 507 3977; x_wconf 80' lang='lat' dir='ltr'><strong>hominum.</strong></span> <span class='ocrx_word' id='word_1_531' title='bbox 541 3917 602 3972; x_wconf 89' lang='lat' dir='ltr'><strong>Si</strong></span> <span class='ocrx_word' id='word_1_532' title='bbox 632 3934 730 3971; x_wconf 88' lang='lat' dir='ltr'><strong>non</strong></span> <span class='ocrx_word' id='word_1_533' title='bbox 758 3918 895 3986; x_wconf 83' lang='lat' dir='ltr'><strong>facio</strong></span> <span class='ocrx_word' id='word_1_534' title='bbox 925 3933 1081 3985; x_wconf 81' lang='lat' dir='ltr'><strong>opera</strong></span> <span class='ocrx_word' id='word_1_535' title='bbox 1116 3916 1284 3971; x_wconf 87' lang='lat' dir='ltr'><strong>Patris</strong></span> <span class='ocrx_word' id='word_1_536' title='bbox 1310 3916 1432 3982; x_wconf 90' lang='lat' dir='ltr'><strong>mei,</strong></span> <span class='ocrx_word' id='word_1_537' title='bbox 1484 3916 1641 3969; x_wconf 87' lang='lat' dir='ltr'><strong>nolite</strong></span> <span class='ocrx_word' id='word_1_538' title='bbox 1666 3915 1791 3968; x_wconf 84' lang='lat' dir='ltr'><strong>mihi</strong></span> 
     </span>
    </p>
   </div>
   <div class='ocr_carea' id='block_1_53' title="bbox 202 4006 1794 4077">
    <p class='ocr_par' dir='ltr' id='par_1_53' title="bbox 202 4006 1794 4077">
     <span class='ocr_line' id='line_1_53' title="bbox 202 4006 1794 4077; baseline -0.003 -12"><span class='ocrx_word' id='word_1_539' title='bbox 202 4008 436 4065; x_wconf 77' lang='lat' dir='ltr'><strong>credere.</strong></span> <span class='ocrx_word' id='word_1_540' title='bbox 486 4006 548 4064; x_wconf 89' lang='lat' dir='ltr'><strong>Si</strong></span> <span class='ocrx_word' id='word_1_541' title='bbox 587 4018 753 4062; x_wconf 85' lang='lat' dir='ltr'><strong>autem</strong></span> <span class='ocrx_word' id='word_1_542' title='bbox 799 4009 949 4077; x_wconf 76' lang='lat' dir='ltr'><strong>facio,</strong></span> <span class='ocrx_word' id='word_1_543' title='bbox 1001 4016 1048 4061; x_wconf 89' lang='lat' dir='ltr'><strong>et</strong></span> <span class='ocrx_word' id='word_1_544' title='bbox 1104 4014 1149 4062; x_wconf 85' lang='lat' dir='ltr'><strong>st</strong></span> <span class='ocrx_word' id='word_1_545' title='bbox 1197 4009 1323 4061; x_wconf 81' lang='lat' dir='ltr'><strong>mihi</strong></span> <span class='ocrx_word' id='word_1_546' title='bbox 1369 4022 1469 4061; x_wconf 86' lang='lat' dir='ltr'><strong>non</strong></span> <span class='ocrx_word' id='word_1_547' title='bbox 1498 4008 1652 4060; x_wconf 74' lang='lat' dir='ltr'><strong>uultis</strong></span> <span class='ocrx_word' id='word_1_548' title='bbox 1684 4021 1794 4061; x_wconf 89' lang='lat' dir='ltr'><strong>cre-</strong></span> 
     </span>
    </p>
   </div>
   <div class='ocr_carea' id='block_1_54' title="bbox 203 4098 1795 4173">
    <p class='ocr_par' dir='ltr' id='par_1_54' title="bbox 203 4098 1795 4173">
     <span class='ocr_line' id='line_1_54' title="bbox 203 4098 1795 4173; baseline -0.003 -16"><span class='ocrx_word' id='word_1_549' title='bbox 203 4104 353 4169; x_wconf 85' lang='lat' dir='ltr'><strong>dere,</strong></span> <span class='ocrx_word' id='word_1_550' title='bbox 410 4101 644 4173; x_wconf 86' lang='lat' dir='ltr'><strong>operibus</strong></span> <span class='ocrx_word' id='word_1_551' title='bbox 705 4102 927 4169; x_wconf 85' lang='lat' dir='ltr'><strong>credite,</strong></span> <span class='ocrx_word' id='word_1_552' title='bbox 988 4111 1042 4155; x_wconf 89' lang='lat' dir='ltr'><strong>ut</strong></span> <span class='ocrx_word' id='word_1_553' title='bbox 1092 4102 1407 4171; x_wconf 87' lang='lat' dir='ltr'><strong>cognoscatis</strong></span> <span class='ocrx_word' id='word_1_554' title='bbox 1458 4108 1503 4153; x_wconf 90' lang='lat' dir='ltr'><strong>et</strong></span> <span class='ocrx_word' id='word_1_555' title='bbox 1554 4098 1795 4163; x_wconf 84' lang='lat' dir='ltr'><strong>credatis,</strong></span> 
     </span>
    </p>
   </div>
   <div class='ocr_carea' id='block_1_55' title="bbox 203 4192 1794 4265">
    <p class='ocr_par' dir='ltr' id='par_1_55' title="bbox 203 4192 1794 4265">
     <span class='ocr_line' id='line_1_55' title="bbox 203 4192 1794 4265; baseline -0.003 -17"><span class='ocrx_word' id='word_1_556' title='bbox 203 4196 335 4265; x_wconf 83' lang='lat' dir='ltr'><strong>quia</strong></span> <span class='ocrx_word' id='word_1_557' title='bbox 380 4194 433 4247; x_wconf 86' lang='lat' dir='ltr'><strong>in</strong></span> <span class='ocrx_word' id='word_1_558' title='bbox 457 4210 536 4248; x_wconf 85' lang='lat' dir='ltr'><strong>me</strong></span> <span class='ocrx_word' id='word_1_559' title='bbox 573 4202 645 4248; x_wconf 91' lang='lat' dir='ltr'><strong>est</strong></span> <span class='ocrx_word' id='word_1_560' title='bbox 694 4192 871 4261; x_wconf 86' lang='lat' dir='ltr'><strong>Pater,</strong></span> <span class='ocrx_word' id='word_1_561' title='bbox 900 4201 949 4247; x_wconf 91' lang='lat' dir='ltr'><strong>et</strong></span> <span class='ocrx_word' id='word_1_562' title='bbox 967 4210 1061 4262; x_wconf 88' lang='lat' dir='ltr'><strong>ego</strong></span> <span class='ocrx_word' id='word_1_563' title='bbox 1093 4195 1145 4246; x_wconf 90' lang='lat' dir='ltr'><strong>in</strong></span> <span class='ocrx_word' id='word_1_564' title='bbox 1183 4192 1359 4247; x_wconf 89' lang='lat' dir='ltr'><strong>Patre.</strong></span> <span class='ocrx_word' id='word_1_565' title='bbox 1389 4193 1465 4247; x_wconf 85' lang='lat' dir='ltr'><strong>Ac</strong></span> <span class='ocrx_word' id='word_1_566' title='bbox 1485 4193 1529 4247; x_wconf 89' lang='lat' dir='ltr'><strong>si</strong></span> <span class='ocrx_word' id='word_1_567' title='bbox 1558 4194 1794 4247; x_wconf 87' lang='lat' dir='ltr'><strong>diceret:</strong></span> 
     </span>
    </p>
   </div>
   <div class='ocr_carea' id='block_1_56' title="bbox 204 4283 1799 4342">
    <p class='ocr_par' dir='ltr' id='par_1_56' title="bbox 204 4283 1799 4342">
     <span class='ocr_line' id='line_1_56' title="bbox 204 4283 1799 4342; baseline -0.003 -1"><span class='ocrx_word' id='word_1_568' title='bbox 204 4287 269 4342; x_wconf 85' lang='lat' dir='ltr'><strong>Si</strong></span> <span class='ocrx_word' id='word_1_569' title='bbox 301 4285 669 4340; x_wconf 86' lang='lat' dir='ltr'><strong>tantummodo</strong></span> <span class='ocrx_word' id='word_1_570' title='bbox 722 4286 877 4340; x_wconf 86' lang='lat' dir='ltr'><strong>nudis</strong></span> <span class='ocrx_word' id='word_1_571' title='bbox 929 4284 1107 4340; x_wconf 88' lang='lat' dir='ltr'><strong>verbis</strong></span> <span class='ocrx_word' id='word_1_572' title='bbox 1156 4283 1250 4340; x_wconf 88' lang='lat' dir='ltr'><strong>Dei</strong></span> <span class='ocrx_word' id='word_1_573' title='bbox 1294 4284 1487 4338; x_wconf 87' lang='lat' dir='ltr'><strong>Filium</strong></span> <span class='ocrx_word' id='word_1_574' title='bbox 1537 4299 1624 4339; x_wconf 89' lang='lat' dir='ltr'><strong>me</strong></span> <span class='ocrx_word' id='word_1_575' title='bbox 1679 4298 1799 4337; x_wconf 88' lang='lat' dir='ltr'><strong>esse</strong></span> 
     </span>
    </p>
   </div>
   <div class='ocr_carea' id='block_1_57' title="bbox 204 4373 1801 4445">
    <p class='ocr_par' dir='ltr' id='par_1_57' title="bbox 204 4373 1801 4445">
     <span class='ocr_line' id='line_1_57' title="bbox 204 4373 1801 4445; baseline -0.002 -15"><span class='ocrx_word' id='word_1_576' title='bbox 204 4378 358 4442; x_wconf 83' lang='lat' dir='ltr'><strong>dico,</strong></span> <span class='ocrx_word' id='word_1_577' title='bbox 386 4386 568 4431; x_wconf 90' lang='lat' dir='ltr'><strong>etnon</strong></span> <span class='ocrx_word' id='word_1_578' title='bbox 595 4376 756 4430; x_wconf 90' lang='lat' dir='ltr'><strong>etiam</strong></span> <span class='ocrx_word' id='word_1_579' title='bbox 789 4391 1011 4445; x_wconf 90' lang='lat' dir='ltr'><strong>operum</strong></span> <span class='ocrx_word' id='word_1_580' title='bbox 1057 4376 1384 4430; x_wconf 79' lang='lat' dir='ltr'><strong>exhibitione</strong></span> <span class='ocrx_word' id='word_1_581' title='bbox 1438 4390 1523 4429; x_wconf 91' lang='lat' dir='ltr'><strong>me</strong></span> <span class='ocrx_word' id='word_1_582' title='bbox 1578 4373 1629 4428; x_wconf 91' lang='lat' dir='ltr'><strong>id</strong></span> <span class='ocrx_word' id='word_1_583' title='bbox 1680 4388 1801 4428; x_wconf 89' lang='lat' dir='ltr'><strong>esse</strong></span> 
     </span>
    </p>
   </div>
   <div class='ocr_carea' id='block_1_58' title="bbox 203 4464 1802 4536">
    <p class='ocr_par' dir='ltr' id='par_1_58' title="bbox 203 4464 1802 4536">
     <span class='ocr_line' id='line_1_58' title="bbox 203 4464 1802 4536; baseline -0.004 -13"><span class='ocrx_word' id='word_1_584' title='bbox 203 4470 534 4536; x_wconf 87' lang='lat' dir='ltr'><strong>comprobo,</strong></span> <span class='ocrx_word' id='word_1_585' title='bbox 558 4482 677 4521; x_wconf 90' lang='lat' dir='ltr'><strong>cum</strong></span> <span class='ocrx_word' id='word_1_586' title='bbox 709 4481 803 4523; x_wconf 90' lang='lat' dir='ltr'><strong>eos</strong></span> <span class='ocrx_word' id='word_1_587' title='bbox 832 4481 968 4536; x_wconf 90' lang='lat' dir='ltr'><strong>quos</strong></span> <span class='ocrx_word' id='word_1_588' title='bbox 991 4479 1081 4520; x_wconf 92' lang='lat' dir='ltr'><strong>aut</strong></span> <span class='ocrx_word' id='word_1_589' title='bbox 1104 4478 1292 4520; x_wconf 90' lang='lat' dir='ltr'><strong>natura</strong></span> <span class='ocrx_word' id='word_1_590' title='bbox 1321 4464 1665 4534; x_wconf 84' lang='lat' dir='ltr'><strong>imperfectos</strong></span> <span class='ocrx_word' id='word_1_591' title='bbox 1686 4465 1802 4517; x_wconf 89' lang='lat' dir='ltr'><strong>edi-</strong></span> 
     </span>
    </p>
   </div>
   <div class='ocr_carea' id='block_1_59' title="bbox 203 4556 1798 4628">
    <p class='ocr_par' dir='ltr' id='par_1_59' title="bbox 203 4556 1798 4628">
     <span class='ocr_line' id='line_1_59' title="bbox 203 4556 1798 4628; baseline -0.003 -15"><span class='ocrx_word' id='word_1_592' title='bbox 203 4562 311 4628; x_wconf 85' lang='lat' dir='ltr'><strong>dit,</strong></span> <span class='ocrx_word' id='word_1_593' title='bbox 339 4568 432 4613; x_wconf 85' lang='lat' dir='ltr'><strong>aut</strong></span> <span class='ocrx_word' id='word_1_594' title='bbox 454 4560 639 4613; x_wconf 89' lang='lat' dir='ltr'><strong>vitium</strong></span> <span class='ocrx_word' id='word_1_595' title='bbox 656 4559 1099 4628; x_wconf 88' lang='lat' dir='ltr'><strong>depravavit,aut</strong></span> <span class='ocrx_word' id='word_1_596' title='bbox 1118 4569 1265 4613; x_wconf 89' lang='lat' dir='ltr'><strong>certe</strong></span> <span class='ocrx_word' id='word_1_597' title='bbox 1292 4557 1569 4612; x_wconf 79' lang='lat' dir='ltr'><strong>inﬁrmitas</strong></span> <span class='ocrx_word' id='word_1_598' title='bbox 1589 4556 1798 4622; x_wconf 75' lang='lat' dir='ltr'><strong>afﬂixit,</strong></span> 
     </span>
    </p>
   </div>
   <div class='ocr_carea' id='block_1_60' title="bbox 205 4648 1796 4722">
    <p class='ocr_par' dir='ltr' id='par_1_60' title="bbox 205 4648 1796 4722">
     <span class='ocr_line' id='line_1_60' title="bbox 205 4648 1796 4722; baseline -0.001 -18"><span class='ocrx_word' id='word_1_599' title='bbox 205 4650 422 4722; x_wconf 88' lang='lat' dir='ltr'><strong>potenti</strong></span> <span class='ocrx_word' id='word_1_600' title='bbox 450 4650 731 4719; x_wconf 84' lang='lat' dir='ltr'><strong>majestate</strong></span> <span class='ocrx_word' id='word_1_601' title='bbox 770 4661 1035 4717; x_wconf 86' lang='lat' dir='ltr'><strong>restauro,</strong></span> <span class='ocrx_word' id='word_1_602' title='bbox 1082 4651 1249 4705; x_wconf 88' lang='lat' dir='ltr'><strong>nolite</strong></span> <span class='ocrx_word' id='word_1_603' title='bbox 1296 4649 1521 4705; x_wconf 90' lang='lat' dir='ltr'><strong>credere</strong></span> <span class='ocrx_word' id='word_1_604' title='bbox 1554 4648 1706 4702; x_wconf 91' lang='lat' dir='ltr'><strong>mihi.</strong></span> <span class='ocrx_word' id='word_1_605' title='bbox 1740 4648 1796 4703; x_wconf 91' lang='lat' dir='ltr'><strong>Si</strong></span> 
     </span>
    </p>
   </div>
   <div class='ocr_carea' id='block_1_61' title="bbox 203 4741 1795 4813">
    <p class='ocr_par' dir='ltr' id='par_1_61' title="bbox 203 4741 1795 4813">
     <span class='ocr_line' id='line_1_61' title="bbox 203 4741 1795 4813; baseline -0.003 -16"><span class='ocrx_word' id='word_1_606' title='bbox 203 4759 346 4799; x_wconf 90' lang='lat' dir='ltr'><strong>vero</strong></span> <span class='ocrx_word' id='word_1_607' title='bbox 372 4743 456 4797; x_wconf 92' lang='lat' dir='ltr'><strong>illa</strong></span> <span class='ocrx_word' id='word_1_608' title='bbox 483 4743 619 4799; x_wconf 80' lang='lat' dir='ltr'><strong>facio</strong></span> <span class='ocrx_word' id='word_1_609' title='bbox 639 4758 757 4813; x_wconf 67' lang='lat' dir='ltr'><strong>quae</strong></span> <span class='ocrx_word' id='word_1_610' title='bbox 785 4745 961 4798; x_wconf 90' lang='lat' dir='ltr'><strong>nullus</strong></span> <span class='ocrx_word' id='word_1_611' title='bbox 982 4744 1082 4801; x_wconf 84' lang='lat' dir='ltr'><strong>nisi</strong></span> <span class='ocrx_word' id='word_1_612' title='bbox 1104 4743 1192 4798; x_wconf 88' lang='lat' dir='ltr'><strong>Dei</strong></span> <span class='ocrx_word' id='word_1_613' title='bbox 1211 4742 1375 4797; x_wconf 79' lang='lat' dir='ltr'><strong>Filius</strong></span> <span class='ocrx_word' id='word_1_614' title='bbox 1392 4741 1570 4797; x_wconf 83' lang='lat' dir='ltr'><strong>facere</strong></span> <span class='ocrx_word' id='word_1_615' title='bbox 1597 4750 1795 4810; x_wconf 90' lang='lat' dir='ltr'><strong>posset,</strong></span> 
     </span>
    </p>
   </div>
   <div class='ocr_carea' id='block_1_62' title="bbox 202 4831 1801 4905">
    <p class='ocr_par' dir='ltr' id='par_1_62' title="bbox 202 4831 1801 4905">
     <span class='ocr_line' id='line_1_62' title="bbox 202 4831 1801 4905; baseline -0.003 -13"><span class='ocrx_word' id='word_1_616' title='bbox 202 4841 253 4905; x_wconf 67' lang='lat' dir='ltr'><strong>si</strong></span> <span class='ocrx_word' id='word_1_617' title='bbox 287 4836 419 4890; x_wconf 87' lang='lat' dir='ltr'><strong>mihi</strong></span> <span class='ocrx_word' id='word_1_618' title='bbox 452 4851 553 4892; x_wconf 91' lang='lat' dir='ltr'><strong>non</strong></span> <span class='ocrx_word' id='word_1_619' title='bbox 586 4836 828 4903; x_wconf 89' lang='lat' dir='ltr'><strong>creditis,</strong></span> <span class='ocrx_word' id='word_1_620' title='bbox 860 4837 942 4890; x_wconf 89' lang='lat' dir='ltr'><strong>his</strong></span> <span class='ocrx_word' id='word_1_621' title='bbox 986 4851 1011 4890; x_wconf 89' lang='lat' dir='ltr'><strong>s</strong></span> <span class='ocrx_word' id='word_1_622' title='bbox 1032 4841 1175 4893; x_wconf 41' lang='lat' dir='ltr'><strong>tltem</strong></span> <span class='ocrx_word' id='word_1_623' title='bbox 1205 4837 1457 4904; x_wconf 85' lang='lat' dir='ltr'><strong>operibus</strong></span> <span class='ocrx_word' id='word_1_624' title='bbox 1478 4834 1701 4889; x_wconf 85' lang='lat' dir='ltr'><strong>credite.</strong></span> <span class='ocrx_word' id='word_1_625' title='bbox 1733 4831 1801 4887; x_wconf 89' lang='lat' dir='ltr'><strong>Ut</strong></span> 
     </span>
    </p>
   </div>
   <div class='ocr_carea' id='block_1_63' title="bbox 200 4927 1802 4999">
    <p class='ocr_par' dir='ltr' id='par_1_63' title="bbox 200 4927 1802 4999">
     <span class='ocr_line' id='line_1_63' title="bbox 200 4927 1802 4999; baseline 0.002 -17"><span class='ocrx_word' id='word_1_626' title='bbox 200 4928 511 4997; x_wconf 80' lang='lat' dir='ltr'><strong>agnoscatis</strong></span> <span class='ocrx_word' id='word_1_627' title='bbox 539 4937 586 4982; x_wconf 86' lang='lat' dir='ltr'><strong>et</strong></span> <span class='ocrx_word' id='word_1_628' title='bbox 612 4929 857 4996; x_wconf 85' lang='lat' dir='ltr'><strong>credatis,</strong></span> <span class='ocrx_word' id='word_1_629' title='bbox 888 4929 1007 4996; x_wconf 87' lang='lat' dir='ltr'><strong>quia</strong></span> <span class='ocrx_word' id='word_1_630' title='bbox 1029 4930 1082 4981; x_wconf 86' lang='lat' dir='ltr'><strong>in</strong></span> <span class='ocrx_word' id='word_1_631' title='bbox 1125 4945 1205 4981; x_wconf 88' lang='lat' dir='ltr'><strong>me</strong></span> <span class='ocrx_word' id='word_1_632' title='bbox 1246 4936 1320 4981; x_wconf 88' lang='lat' dir='ltr'><strong>est</strong></span> <span class='ocrx_word' id='word_1_633' title='bbox 1342 4927 1522 4993; x_wconf 88' lang='lat' dir='ltr'><strong>Pater,</strong></span> <span class='ocrx_word' id='word_1_634' title='bbox 1554 4940 1601 4983; x_wconf 93' lang='lat' dir='ltr'><strong>et</strong></span> <span class='ocrx_word' id='word_1_635' title='bbox 1630 4946 1720 4999; x_wconf 84' lang='lat' dir='ltr'><strong>ego</strong></span> <span class='ocrx_word' id='word_1_636' title='bbox 1747 4930 1802 4985; x_wconf 86' lang='lat' dir='ltr'><strong>in</strong></span> 
     </span>
    </p>
   </div>
   <div class='ocr_carea' id='block_1_64' title="bbox 207 5020 1799 5091">
    <p class='ocr_par' dir='ltr' id='par_1_64' title="bbox 207 5020 1799 5091">
     <span class='ocr_line' id='line_1_64' title="bbox 207 5020 1799 5091; baseline 0.002 -18"><span class='ocrx_word' id='word_1_637' title='bbox 207 5020 400 5073; x_wconf 66' lang='lat' dir='ltr'><strong>Patre.</strong></span> <span class='ocrx_word' id='word_1_638' title='bbox 448 5020 665 5075; x_wconf 90' lang='lat' dir='ltr'><strong>Dixerat</strong></span> <span class='ocrx_word' id='word_1_639' title='bbox 705 5020 841 5091; x_wconf 85' lang='lat' dir='ltr'><strong>jam,</strong></span> <span class='ocrx_word' id='word_1_640' title='bbox 890 5022 1141 5089; x_wconf 87' lang='lat' dir='ltr'><strong>operibus</strong></span> <span class='ocrx_word' id='word_1_641' title='bbox 1180 5021 1404 5085; x_wconf 90' lang='lat' dir='ltr'><strong>credite,</strong></span> <span class='ocrx_word' id='word_1_642' title='bbox 1438 5036 1579 5076; x_wconf 89' lang='lat' dir='ltr'><strong>nunc</strong></span> <span class='ocrx_word' id='word_1_643' title='bbox 1611 5024 1799 5076; x_wconf 85' lang='lat' dir='ltr'><strong>iterum</strong></span> 
     </span>
    </p>
   </div>
   <div class='ocr_carea' id='block_1_65' title="bbox 199 5111 1800 5182">
    <p class='ocr_par' dir='ltr' id='par_1_65' title="bbox 199 5111 1800 5182">
     <span class='ocr_line' id='line_1_65' title="bbox 199 5111 1800 5182; baseline 0.002 -18"><span class='ocrx_word' id='word_1_644' title='bbox 199 5111 375 5173; x_wconf 85' lang='lat' dir='ltr'><strong>dicit,</strong></span> <span class='ocrx_word' id='word_1_645' title='bbox 401 5120 458 5163; x_wconf 90' lang='lat' dir='ltr'><strong>ut</strong></span> <span class='ocrx_word' id='word_1_646' title='bbox 483 5113 817 5182; x_wconf 84' lang='lat' dir='ltr'><strong>cognoscatis</strong></span> <span class='ocrx_word' id='word_1_647' title='bbox 844 5125 900 5169; x_wconf 90' lang='lat' dir='ltr'><strong>et</strong></span> <span class='ocrx_word' id='word_1_648' title='bbox 918 5113 1170 5166; x_wconf 86' lang='lat' dir='ltr'><strong>credatis.</strong></span> <span class='ocrx_word' id='word_1_649' title='bbox 1219 5112 1371 5178; x_wconf 87' lang='lat' dir='ltr'><strong>Quod</strong></span> <span class='ocrx_word' id='word_1_650' title='bbox 1404 5114 1508 5166; x_wconf 82' lang='lat' dir='ltr'><strong>tale</strong></span> <span class='ocrx_word' id='word_1_651' title='bbox 1555 5123 1637 5167; x_wconf 87' lang='lat' dir='ltr'><strong>est</strong></span> <span class='ocrx_word' id='word_1_652' title='bbox 1667 5128 1730 5167; x_wconf 91' lang='lat' dir='ltr'><strong>ac</strong></span> <span class='ocrx_word' id='word_1_653' title='bbox 1756 5113 1800 5167; x_wconf 84' lang='lat' dir='ltr'><strong>si</strong></span> 
     </span>
    </p>
   </div>
   <div class='ocr_carea' id='block_1_66' title="bbox 199 5200 1803 5271">
    <p class='ocr_par' dir='ltr' id='par_1_66' title="bbox 199 5200 1803 5271">
     <span class='ocr_line' id='line_1_66' title="bbox 199 5200 1803 5271; baseline 0.001 -17"><span class='ocrx_word' id='word_1_654' title='bbox 199 5202 428 5254; x_wconf 86' lang='lat' dir='ltr'><strong>diceret</strong></span> <span class='ocrx_word' id='word_1_655' title='bbox 458 5216 471 5252; x_wconf 86' lang='lat'>:</span> <span class='ocrx_word' id='word_1_656' title='bbox 497 5200 715 5255; x_wconf 82' lang='lat' dir='ltr'><strong>Credite</strong></span> <span class='ocrx_word' id='word_1_657' title='bbox 739 5210 798 5254; x_wconf 89' lang='lat' dir='ltr'><strong>ut</strong></span> <span class='ocrx_word' id='word_1_658' title='bbox 820 5202 1155 5271; x_wconf 87' lang='lat' dir='ltr'><strong>cognoscatis</strong></span> <span class='ocrx_word' id='word_1_659' title='bbox 1184 5211 1237 5255; x_wconf 90' lang='lat' dir='ltr'><strong>et</strong></span> <span class='ocrx_word' id='word_1_660' title='bbox 1274 5202 1529 5257; x_wconf 89' lang='lat' dir='ltr'><strong>credatis.</strong></span> <span class='ocrx_word' id='word_1_661' title='bbox 1558 5203 1652 5257; x_wconf 84' lang='lat' dir='ltr'><strong>Est</strong></span> <span class='ocrx_word' id='word_1_662' title='bbox 1674 5216 1803 5257; x_wconf 85' lang='lat' dir='ltr'><strong>vero</strong></span> 
     </span>
    </p>
   </div>
   <div class='ocr_carea' id='block_1_67' title="bbox 198 5292 1805 5362">
    <p class='ocr_par' dir='ltr' id='par_1_67' title="bbox 198 5292 1805 5362">
     <span class='ocr_line' id='line_1_67' title="bbox 198 5292 1805 5362; baseline 0.001 -15"><span class='ocrx_word' id='word_1_663' title='bbox 198 5306 415 5347; x_wconf 79' lang='lat' dir='ltr'><strong>sensus</strong></span> <span class='ocrx_word' id='word_1_664' title='bbox 450 5309 460 5343; x_wconf 87' lang='lat'><strong>:</strong></span> <span class='ocrx_word' id='word_1_665' title='bbox 498 5292 553 5348; x_wconf 90' lang='lat' dir='ltr'><strong>Si</strong></span> <span class='ocrx_word' id='word_1_666' title='bbox 596 5294 726 5348; x_wconf 90' lang='lat' dir='ltr'><strong>mihi</strong></span> <span class='ocrx_word' id='word_1_667' title='bbox 782 5308 888 5350; x_wconf 91' lang='lat' dir='ltr'><strong>non</strong></span> <span class='ocrx_word' id='word_1_668' title='bbox 918 5295 1156 5362; x_wconf 88' lang='lat' dir='ltr'><strong>creditis,</strong></span> <span class='ocrx_word' id='word_1_669' title='bbox 1188 5296 1442 5362; x_wconf 82' lang='lat' dir='ltr'><strong>Operibus</strong></span> <span class='ocrx_word' id='word_1_670' title='bbox 1480 5296 1705 5360; x_wconf 89' lang='lat' dir='ltr'><strong>credite,</strong></span> <span class='ocrx_word' id='word_1_671' title='bbox 1747 5303 1805 5349; x_wconf 94' lang='lat' dir='ltr'><strong>ut</strong></span> 
     </span>
    </p>
   </div>
   <div class='ocr_carea' id='block_1_68' title="bbox 197 5385 1806 5457">
    <p class='ocr_par' dir='ltr' id='par_1_68' title="bbox 197 5385 1806 5457">
     <span class='ocr_line' id='line_1_68' title="bbox 197 5385 1806 5457; baseline -0.001 -18"><span class='ocrx_word' id='word_1_672' title='bbox 197 5385 560 5453; x_wconf 86' lang='lat' dir='ltr'><strong>cognoscatis</strong></span> <span class='ocrx_word' id='word_1_673' title='bbox 581 5386 883 5453; x_wconf 89' lang='lat' dir='ltr'><strong>credentes,</strong></span> <span class='ocrx_word' id='word_1_674' title='bbox 916 5387 1035 5457; x_wconf 91' lang='lat' dir='ltr'><strong>quia</strong></span> <span class='ocrx_word' id='word_1_675' title='bbox 1065 5388 1114 5439; x_wconf 93' lang='lat' dir='ltr'><strong>in</strong></span> <span class='ocrx_word' id='word_1_676' title='bbox 1144 5402 1229 5441; x_wconf 90' lang='lat' dir='ltr'><strong>me</strong></span> <span class='ocrx_word' id='word_1_677' title='bbox 1260 5386 1419 5443; x_wconf 87' lang='lat' dir='ltr'><strong>Pater</strong></span> <span class='ocrx_word' id='word_1_678' title='bbox 1452 5397 1555 5453; x_wconf 83' lang='lat' dir='ltr'><strong>est,</strong></span> <span class='ocrx_word' id='word_1_679' title='bbox 1605 5397 1659 5442; x_wconf 90' lang='lat' dir='ltr'><strong>et</strong></span> <span class='ocrx_word' id='word_1_680' title='bbox 1707 5401 1806 5455; x_wconf 75' lang='lat' dir='ltr'><strong>rgo</strong></span> 
     </span>
    </p>
   </div>
   <div class='ocr_carea' id='block_1_69' title="bbox 195 5475 1805 5550">
    <p class='ocr_par' dir='ltr' id='par_1_69' title="bbox 195 5475 1805 5550">
     <span class='ocr_line' id='line_1_69' title="bbox 195 5475 1805 5550; baseline -0.001 -16"><span class='ocrx_word' id='word_1_681' title='bbox 195 5479 263 5534; x_wconf 84' lang='lat' dir='ltr'><strong>in</strong></span> <span class='ocrx_word' id='word_1_682' title='bbox 305 5475 488 5531; x_wconf 80' lang='lat' dir='ltr'><strong>Patre.</strong></span> <span class='ocrx_word' id='word_1_683' title='bbox 525 5477 646 5533; x_wconf 82' lang='lat' dir='ltr'><strong>Vult</strong></span> <span class='ocrx_word' id='word_1_684' title='bbox 689 5495 818 5549; x_wconf 86' lang='lat' dir='ltr'><strong>ergo</strong></span> <span class='ocrx_word' id='word_1_685' title='bbox 858 5481 1177 5536; x_wconf 86' lang='lat' dir='ltr'><strong>concludere</strong></span> <span class='ocrx_word' id='word_1_686' title='bbox 1224 5482 1365 5550; x_wconf 90' lang='lat' dir='ltr'><strong>quod</strong></span> <span class='ocrx_word' id='word_1_687' title='bbox 1412 5498 1595 5538; x_wconf 89' lang='lat' dir='ltr'><strong>verum</strong></span> <span class='ocrx_word' id='word_1_688' title='bbox 1652 5481 1805 5548; x_wconf 74' lang='lat' dir='ltr'><strong>dixit,</strong></span> 
     </span>
    </p>
   </div>
   <div class='ocr_carea' id='block_1_70' title="bbox 200 5569 1805 5642">
    <p class='ocr_par' dir='ltr' id='par_1_70' title="bbox 200 5569 1805 5642">
     <span class='ocr_line' id='line_1_70' title="bbox 200 5569 1805 5642; baseline 0 -15"><span class='ocrx_word' id='word_1_689' title='bbox 200 5571 335 5642; x_wconf 84' lang='lat' dir='ltr'><strong>Ego</strong></span> <span class='ocrx_word' id='word_1_690' title='bbox 367 5578 419 5623; x_wconf 88' lang='lat' dir='ltr'><strong>et</strong></span> <span class='ocrx_word' id='word_1_691' title='bbox 471 5569 629 5627; x_wconf 88' lang='lat' dir='ltr'><strong>Pater</strong></span> <span class='ocrx_word' id='word_1_692' title='bbox 674 5590 832 5627; x_wconf 87' lang='lat' dir='ltr'><strong>unum</strong></span> <span class='ocrx_word' id='word_1_693' title='bbox 861 5589 1057 5641; x_wconf 84' lang='lat' dir='ltr'><strong>sumus,</strong></span> <span class='ocrx_word' id='word_1_694' title='bbox 1089 5584 1143 5627; x_wconf 90' lang='lat' dir='ltr'><strong>et</strong></span> <span class='ocrx_word' id='word_1_695' title='bbox 1189 5574 1456 5628; x_wconf 90' lang='lat' dir='ltr'><strong>immerito</strong></span> <span class='ocrx_word' id='word_1_696' title='bbox 1488 5575 1660 5630; x_wconf 89' lang='lat' dir='ltr'><strong>velint</strong></span> <span class='ocrx_word' id='word_1_697' title='bbox 1686 5589 1805 5628; x_wconf 89' lang='lat' dir='ltr'><strong>eum</strong></span> 
     </span>
    </p>
   </div>
   <div class='ocr_carea' id='block_1_71' title="bbox 197 5660 1803 5735">
    <p class='ocr_par' dir='ltr' id='par_1_71' title="bbox 197 5660 1803 5735">
     <span class='ocr_line' id='line_1_71' title="bbox 197 5660 1803 5735; baseline 0 -17"><span class='ocrx_word' id='word_1_698' title='bbox 197 5660 491 5728; x_wconf 77' lang='lat' dir='ltr'><strong>lapidare,</strong></span> <span class='ocrx_word' id='word_1_699' title='bbox 515 5665 636 5731; x_wconf 87' lang='lat' dir='ltr'><strong>quia</strong></span> <span class='ocrx_word' id='word_1_700' title='bbox 669 5681 773 5719; x_wconf 89' lang='lat' dir='ltr'><strong>non</strong></span> <span class='ocrx_word' id='word_1_701' title='bbox 806 5666 1215 5733; x_wconf 85' lang='lat' dir='ltr'><strong>blasphemavit,</strong></span> <span class='ocrx_word' id='word_1_702' title='bbox 1245 5666 1381 5720; x_wconf 89' lang='lat' dir='ltr'><strong>sicut</strong></span> <span class='ocrx_word' id='word_1_703' title='bbox 1412 5668 1508 5734; x_wconf 84' lang='lat' dir='ltr'><strong>ipsi</strong></span> <span class='ocrx_word' id='word_1_704' title='bbox 1534 5670 1803 5735; x_wconf 84' lang='lat' dir='ltr'><strong>putabant.</strong></span> 
     </span>
    </p>
   </div>
   <div class='ocr_carea' id='block_1_72' title="bbox 200 5756 1805 5825">
    <p class='ocr_par' dir='ltr' id='par_1_72' title="bbox 200 5756 1805 5825">
     <span class='ocr_line' id='line_1_72' title="bbox 200 5756 1805 5825; baseline 0.001 -15"><span class='ocrx_word' id='word_1_705' title='bbox 200 5756 433 5810; x_wconf 81' lang='lat' dir='ltr'><strong>Idcirco</strong></span> <span class='ocrx_word' id='word_1_706' title='bbox 466 5756 668 5810; x_wconf 87' lang='lat' dir='ltr'><strong>ratione</strong></span> <span class='ocrx_word' id='word_1_707' title='bbox 723 5768 776 5810; x_wconf 85' lang='lat' dir='ltr'><strong>et</strong></span> <span class='ocrx_word' id='word_1_708' title='bbox 815 5758 995 5811; x_wconf 87' lang='lat' dir='ltr'><strong>divina</strong></span> <span class='ocrx_word' id='word_1_709' title='bbox 1046 5759 1359 5825; x_wconf 87' lang='lat' dir='ltr'><strong>operatione</strong></span> <span class='ocrx_word' id='word_1_710' title='bbox 1395 5760 1553 5812; x_wconf 86' lang='lat' dir='ltr'><strong>etiam</strong></span> <span class='ocrx_word' id='word_1_711' title='bbox 1589 5774 1691 5811; x_wconf 90' lang='lat' dir='ltr'><strong>non</strong></span> <span class='ocrx_word' id='word_1_712' title='bbox 1727 5762 1805 5811; x_wconf 84' lang='lat' dir='ltr'><strong>lu-</strong></span> 
     </span>
    </p>
   </div>
   <div class='ocr_carea' id='block_1_73' title="bbox 194 5850 1807 5922">
    <p class='ocr_par' dir='ltr' id='par_1_73' title="bbox 194 5850 1807 5922">
     <span class='ocr_line' id='line_1_73' title="bbox 194 5850 1807 5922; baseline 0.001 -21"><span class='ocrx_word' id='word_1_713' title='bbox 194 5850 403 5922; x_wconf 77' lang='lat' dir='ltr'><strong>giens,</strong></span> <span class='ocrx_word' id='word_1_714' title='bbox 459 5864 556 5903; x_wconf 84' lang='lat' dir='ltr'><strong>nec</strong></span> <span class='ocrx_word' id='word_1_715' title='bbox 609 5864 667 5904; x_wconf 85' lang='lat' dir='ltr'><strong>se</strong></span> <span class='ocrx_word' id='word_1_716' title='bbox 718 5850 1070 5914; x_wconf 84' lang='lat' dir='ltr'><strong>abscondens,</strong></span> <span class='ocrx_word' id='word_1_717' title='bbox 1128 5851 1447 5920; x_wconf 80' lang='lat' dir='ltr'><strong>lapidatores</strong></span> <span class='ocrx_word' id='word_1_718' title='bbox 1496 5869 1618 5906; x_wconf 75' lang='lat' dir='ltr'><strong>suos</strong></span> <span class='ocrx_word' id='word_1_719' title='bbox 1665 5867 1807 5906; x_wconf 56' lang='lat' dir='ltr'><strong>com.</strong></span> 
     </span>
    </p>
   </div>
   <div class='ocr_carea' id='block_1_74' title="bbox 636 5940 1130 6001">
    <p class='ocr_par' dir='ltr' id='par_1_74' title="bbox 636 5940 1130 6001">
     <span class='ocr_line' id='line_1_74' title="bbox 636 5940 1130 6001; baseline -0.008 -2"><span class='ocrx_word' id='word_1_720' title='bbox 636 5940 872 6001; x_wconf 74' lang='lat' dir='ltr'><strong>Ps&#39;rttor</strong></span> <span class='ocrx_word' id='word_1_721' title='bbox 972 5940 1130 5999; x_wconf 81' lang='lat' dir='ltr'><strong>XCV</strong></span> 
     </span>
    </p>
   </div>
   <div class='ocr_carea' id='block_1_75' title="bbox 1884 3358 3460 3435">
    <p class='ocr_par' dir='ltr' id='par_1_75' title="bbox 1884 3358 3460 3435">
     <span class='ocr_line' id='line_1_75' title="bbox 1884 3358 3460 3435; baseline 0.005 -22"><span class='ocrx_word' id='word_1_722' title='bbox 1884 3358 2127 3414; x_wconf 73' lang='lat' dir='ltr'><strong>viderant</strong></span> <span class='ocrx_word' id='word_1_723' title='bbox 2155 3376 2273 3429; x_wconf 71' lang='lat' dir='ltr'><strong>qua:</strong></span> <span class='ocrx_word' id='word_1_724' title='bbox 2296 3362 2609 3429; x_wconf 76' lang='lat' dir='ltr'><strong>fecitJesus,</strong></span> <span class='ocrx_word' id='word_1_725' title='bbox 2631 3365 2975 3419; x_wconf 85' lang='lat' dir='ltr'><strong>crediderunt</strong></span> <span class='ocrx_word' id='word_1_726' title='bbox 3001 3370 3052 3419; x_wconf 93' lang='lat' dir='ltr'><strong>in</strong></span> <span class='ocrx_word' id='word_1_727' title='bbox 3070 3383 3209 3421; x_wconf 87' lang='lat' dir='ltr'><strong>eum.</strong></span> <span class='ocrx_word' id='word_1_728' title='bbox 3234 3368 3460 3435; x_wconf 85' lang='lat' dir='ltr'><strong>Quidam</strong></span> 
     </span>
    </p>
   </div>
   <div class='ocr_carea' id='block_1_76' title="bbox 1888 3450 3463 3526">
    <p class='ocr_par' dir='ltr' id='par_1_76' title="bbox 1888 3450 3463 3526">
     <span class='ocr_line' id='line_1_76' title="bbox 1888 3450 3463 3526; baseline 0.01 -26"><span class='ocrx_word' id='word_1_729' title='bbox 1888 3465 2015 3505; x_wconf 80' lang='lat' dir='ltr'><strong>vero</strong></span> <span class='ocrx_word' id='word_1_730' title='bbox 2044 3465 2109 3506; x_wconf 86' lang='lat' dir='ltr'><strong>ex</strong></span> <span class='ocrx_word' id='word_1_731' title='bbox 2133 3450 2286 3521; x_wconf 90' lang='lat' dir='ltr'><strong>ipsis,</strong></span> <span class='ocrx_word' id='word_1_732' title='bbox 2310 3454 2425 3508; x_wconf 84' lang='lat' dir='ltr'><strong>sive</strong></span> <span class='ocrx_word' id='word_1_733' title='bbox 2458 3456 2545 3525; x_wconf 91' lang='lat' dir='ltr'><strong>qui</strong></span> <span class='ocrx_word' id='word_1_734' title='bbox 2579 3456 2683 3524; x_wconf 87' lang='lat' dir='ltr'><strong>jam</strong></span> <span class='ocrx_word' id='word_1_735' title='bbox 2716 3458 2768 3511; x_wconf 90' lang='lat' dir='ltr'><strong>in</strong></span> <span class='ocrx_word' id='word_1_736' title='bbox 2810 3473 2931 3511; x_wconf 92' lang='lat' dir='ltr'><strong>eum</strong></span> <span class='ocrx_word' id='word_1_737' title='bbox 2963 3460 3320 3526; x_wconf 89' lang='lat' dir='ltr'><strong>crediderant,</strong></span> <span class='ocrx_word' id='word_1_738' title='bbox 3352 3460 3463 3517; x_wconf 86' lang='lat' dir='ltr'><strong>sive</strong></span> 
     </span>
    </p>
   </div>
   <div class='ocr_carea' id='block_1_77' title="bbox 1887 3542 3462 3609">
    <p class='ocr_par' dir='ltr' id='par_1_77' title="bbox 1887 3542 3462 3609">
     <span class='ocr_line' id='line_1_77' title="bbox 1887 3542 3462 3609; baseline 0.009 -15"><span class='ocrx_word' id='word_1_739' title='bbox 1887 3543 1974 3609; x_wconf 91' lang='lat' dir='ltr'><strong>qui</strong></span> <span class='ocrx_word' id='word_1_740' title='bbox 2002 3542 2066 3596; x_wconf 88' lang='lat' dir='ltr'><strong>ad</strong></span> <span class='ocrx_word' id='word_1_741' title='bbox 2110 3543 2368 3598; x_wconf 82' lang='lat' dir='ltr'><strong>Martham</strong></span> <span class='ocrx_word' id='word_1_742' title='bbox 2412 3555 2466 3599; x_wconf 90' lang='lat' dir='ltr'><strong>et</strong></span> <span class='ocrx_word' id='word_1_743' title='bbox 2508 3548 2724 3601; x_wconf 87' lang='lat' dir='ltr'><strong>Mariam</strong></span> <span class='ocrx_word' id='word_1_744' title='bbox 2782 3551 3092 3605; x_wconf 87' lang='lat' dir='ltr'><strong>consolandi</strong></span> <span class='ocrx_word' id='word_1_745' title='bbox 3121 3566 3275 3606; x_wconf 85' lang='lat' dir='ltr'><strong>causa</strong></span> <span class='ocrx_word' id='word_1_746' title='bbox 3300 3570 3462 3607; x_wconf 83' lang='lat' dir='ltr'><strong>veno-</strong></span> 
     </span>
    </p>
   </div>
   <div class='ocr_carea' id='block_1_78' title="bbox 1890 3635 3463 3712">
    <p class='ocr_par' dir='ltr' id='par_1_78' title="bbox 1890 3635 3463 3712">
     <span class='ocr_line' id='line_1_78' title="bbox 1890 3635 3463 3712; baseline 0.01 -29"><span class='ocrx_word' id='word_1_747' title='bbox 1890 3642 2034 3697; x_wconf 87' lang='lat' dir='ltr'><strong>rant,</strong></span> <span class='ocrx_word' id='word_1_748' title='bbox 2064 3635 2311 3689; x_wconf 85' lang='lat' dir='ltr'><strong>abierunt</strong></span> <span class='ocrx_word' id='word_1_749' title='bbox 2332 3636 2397 3689; x_wconf 87' lang='lat' dir='ltr'><strong>ad</strong></span> <span class='ocrx_word' id='word_1_750' title='bbox 2428 3637 2745 3705; x_wconf 77' lang='lat' dir='ltr'><strong>l‘hariszeos,</strong></span> <span class='ocrx_word' id='word_1_751' title='bbox 2776 3652 2829 3694; x_wconf 91' lang='lat' dir='ltr'><strong>et</strong></span> <span class='ocrx_word' id='word_1_752' title='bbox 2854 3643 3325 3699; x_wconf 80' lang='lat' dir='ltr'><strong>nuntiaverunteis</strong></span> <span class='ocrx_word' id='word_1_753' title='bbox 3348 3662 3463 3712; x_wconf 60' lang='lat' dir='ltr'><strong>quae</strong></span> 
     </span>
    </p>
   </div>
   <div class='ocr_carea' id='block_1_79' title="bbox 1891 3726 3465 3805">
    <p class='ocr_par' dir='ltr' id='par_1_79' title="bbox 1891 3726 3465 3805">
     <span class='ocr_line' id='line_1_79' title="bbox 1891 3726 3465 3805; baseline 0.009 -25"><span class='ocrx_word' id='word_1_754' title='bbox 1891 3726 2016 3782; x_wconf 76' lang='lat' dir='ltr'><strong>fecit</strong></span> <span class='ocrx_word' id='word_1_755' title='bbox 2037 3727 2213 3795; x_wconf 83' lang='lat' dir='ltr'><strong>Jesus,</strong></span> <span class='ocrx_word' id='word_1_756' title='bbox 2235 3731 2348 3787; x_wconf 87' lang='lat' dir='ltr'><strong>sive</strong></span> <span class='ocrx_word' id='word_1_757' title='bbox 2379 3732 2464 3798; x_wconf 90' lang='lat' dir='ltr'><strong>pio</strong></span> <span class='ocrx_word' id='word_1_758' title='bbox 2484 3735 2683 3799; x_wconf 83' lang='lat' dir='ltr'><strong>studio,</strong></span> <span class='ocrx_word' id='word_1_759' title='bbox 2716 3744 2773 3788; x_wconf 89' lang='lat' dir='ltr'><strong>ut</strong></span> <span class='ocrx_word' id='word_1_760' title='bbox 2810 3749 2863 3789; x_wconf 90' lang='lat' dir='ltr'><strong>et</strong></span> <span class='ocrx_word' id='word_1_761' title='bbox 2912 3737 3013 3805; x_wconf 89' lang='lat' dir='ltr'><strong>ipsi</strong></span> <span class='ocrx_word' id='word_1_762' title='bbox 3045 3738 3097 3791; x_wconf 90' lang='lat' dir='ltr'><strong>in</strong></span> <span class='ocrx_word' id='word_1_763' title='bbox 3136 3755 3255 3791; x_wconf 86' lang='lat' dir='ltr'><strong>eum</strong></span> <span class='ocrx_word' id='word_1_764' title='bbox 3280 3740 3465 3794; x_wconf 84' lang='lat' dir='ltr'><strong>crede-</strong></span> 
     </span>
    </p>
   </div>
   <div class='ocr_carea' id='block_1_80' title="bbox 1892 3819 3459 3893">
    <p class='ocr_par' dir='ltr' id='par_1_80' title="bbox 1892 3819 3459 3893">
     <span class='ocr_line' id='line_1_80' title="bbox 1892 3819 3459 3893; baseline 0.01 -21"><span class='ocrx_word' id='word_1_765' title='bbox 1892 3827 2028 3884; x_wconf 90' lang='lat' dir='ltr'><strong>rent,</strong></span> <span class='ocrx_word' id='word_1_766' title='bbox 2055 3819 2166 3874; x_wconf 87' lang='lat' dir='ltr'><strong>sive</strong></span> <span class='ocrx_word' id='word_1_767' title='bbox 2187 3822 2350 3890; x_wconf 85' lang='lat' dir='ltr'><strong>gratia</strong></span> <span class='ocrx_word' id='word_1_768' title='bbox 2376 3823 2673 3893; x_wconf 74' lang='lat' dir='ltr'><strong>deferendi,</strong></span> <span class='ocrx_word' id='word_1_769' title='bbox 2703 3835 2762 3881; x_wconf 90' lang='lat' dir='ltr'><strong>ut</strong></span> <span class='ocrx_word' id='word_1_770' title='bbox 2805 3838 2989 3882; x_wconf 89' lang='lat' dir='ltr'><strong>contra</strong></span> <span class='ocrx_word' id='word_1_771' title='bbox 3038 3845 3156 3883; x_wconf 88' lang='lat' dir='ltr'><strong>eum</strong></span> <span class='ocrx_word' id='word_1_772' title='bbox 3190 3833 3459 3887; x_wconf 65' lang='lat' dir='ltr'><strong>srvit-ent.</strong></span> 
     </span>
    </p>
   </div>
   <div class='ocr_carea' id='block_1_81' title="bbox 1894 3913 3470 3988">
    <p class='ocr_par' dir='ltr' id='par_1_81' title="bbox 1894 3913 3470 3988">
     <span class='ocr_line' id='line_1_81' title="bbox 1894 3913 3470 3988; baseline 0.005 -21"><span class='ocrx_word' id='word_1_773' title='bbox 1894 3913 2145 3968; x_wconf 88' lang='lat' dir='ltr'><strong>Protinus</strong></span> <span class='ocrx_word' id='word_1_774' title='bbox 2178 3915 2251 3969; x_wconf 91' lang='lat' dir='ltr'><strong>illi</strong></span> <span class='ocrx_word' id='word_1_775' title='bbox 2285 3918 2482 3972; x_wconf 89' lang='lat' dir='ltr'><strong>malitia</strong></span> <span class='ocrx_word' id='word_1_776' title='bbox 2514 3933 2608 3973; x_wconf 89' lang='lat' dir='ltr'><strong>sua</strong></span> <span class='ocrx_word' id='word_1_777' title='bbox 2635 3921 3020 3985; x_wconf 89' lang='lat' dir='ltr'><strong>contenebrati,</strong></span> <span class='ocrx_word' id='word_1_778' title='bbox 3052 3933 3102 3973; x_wconf 83' lang='lat' dir='ltr'><strong>et</strong></span> <span class='ocrx_word' id='word_1_779' title='bbox 3129 3936 3232 3988; x_wconf 87' lang='lat' dir='ltr'><strong>quo</strong></span> <span class='ocrx_word' id='word_1_780' title='bbox 3256 3937 3312 3975; x_wconf 86' lang='lat' dir='ltr'><strong>se</strong></span> <span class='ocrx_word' id='word_1_781' title='bbox 3349 3937 3470 3975; x_wconf 90' lang='lat' dir='ltr'><strong>ver-</strong></span> 
     </span>
    </p>
   </div>
   <div class='ocr_carea' id='block_1_82' title="bbox 1894 4006 3468 4081">
    <p class='ocr_par' dir='ltr' id='par_1_82' title="bbox 1894 4006 3468 4081">
     <span class='ocr_line' id='line_1_82' title="bbox 1894 4006 3468 4081; baseline 0.006 -27"><span class='ocrx_word' id='word_1_782' title='bbox 1894 4010 2068 4059; x_wconf 88' lang='lat' dir='ltr'><strong>terent</strong></span> <span class='ocrx_word' id='word_1_783' title='bbox 2099 4006 2419 4073; x_wconf 88' lang='lat' dir='ltr'><strong>nescientes,</strong></span> <span class='ocrx_word' id='word_1_784' title='bbox 2436 4009 2687 4063; x_wconf 87' lang='lat' dir='ltr'><strong>videbant</strong></span> <span class='ocrx_word' id='word_1_785' title='bbox 2707 4011 2846 4064; x_wconf 90' lang='lat' dir='ltr'><strong>enim</strong></span> <span class='ocrx_word' id='word_1_786' title='bbox 2870 4024 2929 4064; x_wconf 90' lang='lat' dir='ltr'><strong>se</strong></span> <span class='ocrx_word' id='word_1_787' title='bbox 2955 4012 3224 4081; x_wconf 84' lang='lat' dir='ltr'><strong>signorum</strong></span> <span class='ocrx_word' id='word_1_788' title='bbox 3249 4012 3468 4065; x_wconf 81' lang='lat' dir='ltr'><strong>eviden-</strong></span> 
     </span>
    </p>
   </div>
   <div class='ocr_carea' id='block_1_83' title="bbox 1898 4096 3471 4170">
    <p class='ocr_par' dir='ltr' id='par_1_83' title="bbox 1898 4096 3471 4170">
     <span class='ocr_line' id='line_1_83' title="bbox 1898 4096 3471 4170; baseline 0.003 -20"><span class='ocrx_word' id='word_1_789' title='bbox 1898 4096 1968 4150; x_wconf 88' lang='lat' dir='ltr'><strong>tia</strong></span> <span class='ocrx_word' id='word_1_790' title='bbox 2001 4099 2265 4164; x_wconf 87' lang='lat' dir='ltr'><strong>superari,</strong></span> <span class='ocrx_word' id='word_1_791' title='bbox 2299 4099 2632 4170; x_wconf 88' lang='lat' dir='ltr'><strong>collegerunt</strong></span> <span class='ocrx_word' id='word_1_792' title='bbox 2671 4100 2982 4164; x_wconf 85' lang='lat' dir='ltr'><strong>concilium,</strong></span> <span class='ocrx_word' id='word_1_793' title='bbox 3017 4116 3118 4153; x_wconf 89' lang='lat' dir='ltr'><strong>non</strong></span> <span class='ocrx_word' id='word_1_794' title='bbox 3164 4114 3218 4155; x_wconf 91' lang='lat' dir='ltr'><strong>ut</strong></span> <span class='ocrx_word' id='word_1_795' title='bbox 3250 4117 3471 4157; x_wconf 80' lang='lat' dir='ltr'><strong>conver-</strong></span> 
     </span>
    </p>
   </div>
   <div class='ocr_carea' id='block_1_84' title="bbox 1898 4191 3472 4262">
    <p class='ocr_par' dir='ltr' id='par_1_84' title="bbox 1898 4191 3472 4262">
     <span class='ocr_line' id='line_1_84' title="bbox 1898 4191 3472 4262; baseline 0.003 -19"><span class='ocrx_word' id='word_1_796' title='bbox 1898 4197 2141 4245; x_wconf 87' lang='lat' dir='ltr'><strong>terentur</strong></span> <span class='ocrx_word' id='word_1_797' title='bbox 2169 4200 2225 4245; x_wconf 91' lang='lat' dir='ltr'><strong>et</strong></span> <span class='ocrx_word' id='word_1_798' title='bbox 2251 4191 2556 4255; x_wconf 88' lang='lat' dir='ltr'><strong>crederent,</strong></span> <span class='ocrx_word' id='word_1_799' title='bbox 2589 4194 2680 4247; x_wconf 86' lang='lat' dir='ltr'><strong>sed</strong></span> <span class='ocrx_word' id='word_1_800' title='bbox 2715 4203 2772 4246; x_wconf 92' lang='lat' dir='ltr'><strong>ut</strong></span> <span class='ocrx_word' id='word_1_801' title='bbox 2790 4208 2912 4247; x_wconf 88' lang='lat' dir='ltr'><strong>eum</strong></span> <span class='ocrx_word' id='word_1_802' title='bbox 2947 4192 3172 4248; x_wconf 76' lang='lat' dir='ltr'><strong>nefanda</strong></span> <span class='ocrx_word' id='word_1_803' title='bbox 3195 4195 3472 4262; x_wconf 81' lang='lat' dir='ltr'><strong>conspira-</strong></span> 
     </span>
    </p>
   </div>
   <div class='ocr_carea' id='block_1_85' title="bbox 1901 4282 3470 4339">
    <p class='ocr_par' dir='ltr' id='par_1_85' title="bbox 1901 4282 3470 4339">
     <span class='ocr_line' id='line_1_85' title="bbox 1901 4282 3470 4339; baseline 0.002 -3"><span class='ocrx_word' id='word_1_804' title='bbox 1901 4283 2046 4339; x_wconf 89' lang='lat' dir='ltr'><strong>tione</strong></span> <span class='ocrx_word' id='word_1_805' title='bbox 2093 4293 2263 4339; x_wconf 90' lang='lat' dir='ltr'><strong>morte</strong></span> <span class='ocrx_word' id='word_1_806' title='bbox 2291 4284 2626 4338; x_wconf 89' lang='lat' dir='ltr'><strong>damnarent.</strong></span> <span class='ocrx_word' id='word_1_807' title='bbox 2678 4282 2867 4338; x_wconf 86' lang='lat' dir='ltr'><strong>Ineunt</strong></span> <span class='ocrx_word' id='word_1_808' title='bbox 2914 4284 3192 4338; x_wconf 90' lang='lat' dir='ltr'><strong>consilium</strong></span> <span class='ocrx_word' id='word_1_809' title='bbox 3247 4293 3302 4337; x_wconf 91' lang='lat' dir='ltr'><strong>ut</strong></span> <span class='ocrx_word' id='word_1_810' title='bbox 3349 4301 3470 4339; x_wconf 89' lang='lat' dir='ltr'><strong>eum</strong></span> 
     </span>
    </p>
   </div>
   <div class='ocr_carea' id='block_1_86' title="bbox 1902 4376 3470 4445">
    <p class='ocr_par' dir='ltr' id='par_1_86' title="bbox 1902 4376 3470 4445">
     <span class='ocr_line' id='line_1_86' title="bbox 1902 4376 3470 4445; baseline -0.004 -13"><span class='ocrx_word' id='word_1_811' title='bbox 1902 4377 2209 4445; x_wconf 86' lang='lat' dir='ltr'><strong>perderent,</strong></span> <span class='ocrx_word' id='word_1_812' title='bbox 2254 4392 2359 4431; x_wconf 91' lang='lat' dir='ltr'><strong>non</strong></span> <span class='ocrx_word' id='word_1_813' title='bbox 2384 4386 2442 4431; x_wconf 91' lang='lat' dir='ltr'><strong>ut</strong></span> <span class='ocrx_word' id='word_1_814' title='bbox 2469 4376 2568 4431; x_wconf 89' lang='lat' dir='ltr'><strong>sibi</strong></span> <span class='ocrx_word' id='word_1_815' title='bbox 2597 4377 2957 4431; x_wconf 88' lang='lat' dir='ltr'><strong>consulerent.</strong></span> <span class='ocrx_word' id='word_1_816' title='bbox 3009 4377 3170 4443; x_wconf 81' lang='lat' dir='ltr'><strong>Quid,</strong></span> <span class='ocrx_word' id='word_1_817' title='bbox 3204 4377 3470 4443; x_wconf 90' lang='lat' dir='ltr'><strong>inquiunt,</strong></span> 
     </span>
    </p>
   </div>
   <div class='ocr_carea' id='block_1_87' title="bbox 1905 4469 3475 4538">
    <p class='ocr_par' dir='ltr' id='par_1_87' title="bbox 1905 4469 3475 4538">
     <span class='ocr_line' id='line_1_87' title="bbox 1905 4469 3475 4538; baseline 0 -15"><span class='ocrx_word' id='word_1_818' title='bbox 1905 4470 2160 4538; x_wconf 75' lang='lat' dir='ltr'><strong>facimus?</strong></span> <span class='ocrx_word' id='word_1_819' title='bbox 2197 4470 2394 4538; x_wconf 86' lang='lat' dir='ltr'><strong>Miseri,</strong></span> <span class='ocrx_word' id='word_1_820' title='bbox 2451 4485 2555 4523; x_wconf 91' lang='lat' dir='ltr'><strong>non</strong></span> <span class='ocrx_word' id='word_1_821' title='bbox 2604 4470 2856 4523; x_wconf 84' lang='lat' dir='ltr'><strong>dicebant</strong></span> <span class='ocrx_word' id='word_1_822' title='bbox 2879 4469 3179 4533; x_wconf 81' lang='lat' dir='ltr'><strong>credamus,</strong></span> <span class='ocrx_word' id='word_1_823' title='bbox 3211 4472 3301 4524; x_wconf 90' lang='lat' dir='ltr'><strong>sed</strong></span> <span class='ocrx_word' id='word_1_824' title='bbox 3328 4470 3475 4523; x_wconf 85' lang='lat' dir='ltr'><strong>velut</strong></span> 
     </span>
    </p>
   </div>
   <div class='ocr_carea' id='block_1_88' title="bbox 1904 4562 3475 4630">
    <p class='ocr_par' dir='ltr' id='par_1_88' title="bbox 1904 4562 3475 4630">
     <span class='ocr_line' id='line_1_88' title="bbox 1904 4562 3475 4630; baseline -0.001 -14"><span class='ocrx_word' id='word_1_825' title='bbox 1904 4570 2226 4617; x_wconf 88' lang='lat' dir='ltr'><strong>exacuentes</strong></span> <span class='ocrx_word' id='word_1_826' title='bbox 2246 4572 2295 4616; x_wconf 92' lang='lat' dir='ltr'><strong>et</strong></span> <span class='ocrx_word' id='word_1_827' title='bbox 2319 4562 2383 4615; x_wconf 91' lang='lat' dir='ltr'><strong>ad</strong></span> <span class='ocrx_word' id='word_1_828' title='bbox 2419 4576 2600 4616; x_wconf 88' lang='lat' dir='ltr'><strong>necem</strong></span> <span class='ocrx_word' id='word_1_829' title='bbox 2631 4563 2746 4630; x_wconf 91' lang='lat' dir='ltr'><strong>ejus</strong></span> <span class='ocrx_word' id='word_1_830' title='bbox 2768 4576 2888 4616; x_wconf 87' lang='lat' dir='ltr'><strong>sese</strong></span> <span class='ocrx_word' id='word_1_831' title='bbox 2922 4570 3104 4615; x_wconf 85' lang='lat' dir='ltr'><strong>mutuo</strong></span> <span class='ocrx_word' id='word_1_832' title='bbox 3135 4563 3475 4616; x_wconf 85' lang='lat' dir='ltr'><strong>cohortantes</strong></span> 
     </span>
    </p>
   </div>
   <div class='ocr_carea' id='block_1_89' title="bbox 1902 4652 3478 4724">
    <p class='ocr_par' dir='ltr' id='par_1_89' title="bbox 1902 4652 3478 4724">
     <span class='ocr_line' id='line_1_89' title="bbox 1902 4652 3478 4724; baseline 0.001 -19"><span class='ocrx_word' id='word_1_833' title='bbox 1902 4652 2189 4706; x_wconf 90' lang='lat' dir='ltr'><strong>dicebant:</strong></span> <span class='ocrx_word' id='word_1_834' title='bbox 2224 4654 2359 4717; x_wconf 81' lang='lat' dir='ltr'><strong>Quid</strong></span> <span class='ocrx_word' id='word_1_835' title='bbox 2387 4654 2622 4721; x_wconf 81' lang='lat' dir='ltr'><strong>facimus,</strong></span> <span class='ocrx_word' id='word_1_836' title='bbox 2648 4655 2767 4724; x_wconf 89' lang='lat' dir='ltr'><strong>quia</strong></span> <span class='ocrx_word' id='word_1_837' title='bbox 2812 4653 2892 4707; x_wconf 80' lang='lat' dir='ltr'><strong>hic</strong></span> <span class='ocrx_word' id='word_1_838' title='bbox 2948 4655 3100 4707; x_wconf 78' lang='lat' dir='ltr'><strong>homo</strong></span> <span class='ocrx_word' id='word_1_839' title='bbox 3140 4656 3303 4708; x_wconf 84' lang='lat' dir='ltr'><strong>multa</strong></span> <span class='ocrx_word' id='word_1_840' title='bbox 3334 4656 3478 4723; x_wconf 74' lang='lat' dir='ltr'><strong>signa</strong></span> 
     </span>
    </p>
   </div>
   <div class='ocr_carea' id='block_1_90' title="bbox 1906 4746 3475 4816">
    <p class='ocr_par' dir='ltr' id='par_1_90' title="bbox 1906 4746 3475 4816">
     <span class='ocr_line' id='line_1_90' title="bbox 1906 4746 3475 4816; baseline -0.001 -16"><span class='ocrx_word' id='word_1_841' title='bbox 1906 4747 2067 4814; x_wconf 81' lang='lat' dir='ltr'><strong>facit?</strong></span> <span class='ocrx_word' id='word_1_842' title='bbox 2091 4746 2263 4799; x_wconf 83' lang='lat' dir='ltr'><strong>Velim</strong></span> <span class='ocrx_word' id='word_1_843' title='bbox 2293 4748 2463 4801; x_wconf 85' lang='lat' dir='ltr'><strong>nolint</strong></span> <span class='ocrx_word' id='word_1_844' title='bbox 2487 4746 2826 4807; x_wconf 77' lang='lat' dir='ltr'><strong>conﬁtentur.</strong></span> <span class='ocrx_word' id='word_1_845' title='bbox 2858 4747 2983 4816; x_wconf 87' lang='lat' dir='ltr'><strong>quia</strong></span> <span class='ocrx_word' id='word_1_846' title='bbox 3018 4749 3103 4801; x_wconf 90' lang='lat' dir='ltr'><strong>iile</strong></span> <span class='ocrx_word' id='word_1_847' title='bbox 3130 4763 3285 4815; x_wconf 89' lang='lat' dir='ltr'><strong>quem</strong></span> <span class='ocrx_word' id='word_1_848' title='bbox 3327 4748 3475 4814; x_wconf 84' lang='lat' dir='ltr'><strong>quasi</strong></span> 
     </span>
    </p>
   </div>
   <div class='ocr_carea' id='block_1_91' title="bbox 1904 4826 3477 4906">
    <p class='ocr_par' dir='ltr' id='par_1_91' title="bbox 1904 4826 3477 4906">
     <span class='ocr_line' id='line_1_91' title="bbox 1904 4826 3477 4906; baseline -0.001 -16"><span class='ocrx_word' id='word_1_849' title='bbox 1904 4838 2173 4893; x_wconf 90' lang='lat' dir='ltr'><strong>hominem</strong></span> <span class='ocrx_word' id='word_1_850' title='bbox 2190 4826 2578 4904; x_wconf 79' lang='lat' dir='ltr'><strong>despiciebant.</strong></span> <span class='ocrx_word' id='word_1_851' title='bbox 2609 4840 2746 4893; x_wconf 90' lang='lat' dir='ltr'><strong>sicut</strong></span> <span class='ocrx_word' id='word_1_852' title='bbox 2776 4839 2914 4893; x_wconf 89' lang='lat' dir='ltr'><strong>Deus</strong></span> <span class='ocrx_word' id='word_1_853' title='bbox 2942 4840 3105 4906; x_wconf 79' lang='lat' dir='ltr'><strong>signis</strong></span> <span class='ocrx_word' id='word_1_854' title='bbox 3130 4849 3181 4891; x_wconf 91' lang='lat' dir='ltr'><strong>et</strong></span> <span class='ocrx_word' id='word_1_855' title='bbox 3210 4838 3477 4891; x_wconf 78' lang='lat' dir='ltr'><strong>miraculis</strong></span> 
     </span>
    </p>
   </div>
   <div class='ocr_carea' id='block_1_92' title="bbox 1902 4926 3478 4991">
    <p class='ocr_par' dir='ltr' id='par_1_92' title="bbox 1902 4926 3478 4991">
     <span class='ocr_line' id='line_1_92' title="bbox 1902 4926 3478 4991; baseline -0.005 -7"><span class='ocrx_word' id='word_1_856' title='bbox 1902 4931 2238 4984; x_wconf 88' lang='lat' dir='ltr'><strong>coruscabat.</strong></span> <span class='ocrx_word' id='word_1_857' title='bbox 2272 4929 2332 4983; x_wconf 87' lang='lat' dir='ltr'><strong>Si</strong></span> <span class='ocrx_word' id='word_1_858' title='bbox 2360 4930 2657 4983; x_wconf 83' lang='lat' dir='ltr'><strong>dimittimus</strong></span> <span class='ocrx_word' id='word_1_859' title='bbox 2683 4945 2796 4983; x_wconf 87' lang='lat' dir='ltr'><strong>eum</strong></span> <span class='ocrx_word' id='word_1_860' title='bbox 2835 4930 2925 4991; x_wconf 87' lang='lat' dir='ltr'><strong>sic,</strong></span> <span class='ocrx_word' id='word_1_861' title='bbox 2960 4944 3136 4982; x_wconf 89' lang='lat' dir='ltr'><strong>omnes</strong></span> <span class='ocrx_word' id='word_1_862' title='bbox 3192 4927 3394 4979; x_wconf 85' lang='lat' dir='ltr'><strong>credent</strong></span> <span class='ocrx_word' id='word_1_863' title='bbox 3426 4926 3478 4977; x_wconf 89' lang='lat' dir='ltr'><strong>in</strong></span> 
     </span>
    </p>
   </div>
   <div class='ocr_carea' id='block_1_93' title="bbox 1904 5020 3480 5085">
    <p class='ocr_par' dir='ltr' id='par_1_93' title="bbox 1904 5020 3480 5085">
     <span class='ocr_line' id='line_1_93' title="bbox 1904 5020 3480 5085; baseline -0.008 -7"><span class='ocrx_word' id='word_1_864' title='bbox 1904 5040 2039 5085; x_wconf 85' lang='lat' dir='ltr'><strong>eum.</strong></span> <span class='ocrx_word' id='word_1_865' title='bbox 2088 5031 2137 5077; x_wconf 88' lang='lat' dir='ltr'><strong>et</strong></span> <span class='ocrx_word' id='word_1_866' title='bbox 2183 5024 2375 5076; x_wconf 86' lang='lat' dir='ltr'><strong>venient</strong></span> <span class='ocrx_word' id='word_1_867' title='bbox 2405 5022 2644 5085; x_wconf 76' lang='lat' dir='ltr'><strong>Romani,</strong></span> <span class='ocrx_word' id='word_1_868' title='bbox 2679 5030 2724 5075; x_wconf 88' lang='lat' dir='ltr'><strong>et</strong></span> <span class='ocrx_word' id='word_1_869' title='bbox 2772 5020 2947 5076; x_wconf 83' lang='lat' dir='ltr'><strong>tollent</strong></span> <span class='ocrx_word' id='word_1_870' title='bbox 2974 5022 3137 5075; x_wconf 87' lang='lat' dir='ltr'><strong>locum</strong></span> <span class='ocrx_word' id='word_1_871' title='bbox 3175 5028 3403 5070; x_wconf 88' lang='lat' dir='ltr'><strong>nostrum</strong></span> <span class='ocrx_word' id='word_1_872' title='bbox 3435 5026 3480 5067; x_wconf 80' lang='lat' dir='ltr'><strong>et</strong></span> 
     </span>
    </p>
   </div>
   <div class='ocr_carea' id='block_1_94' title="bbox 1906 5106 3481 5187">
    <p class='ocr_par' dir='ltr' id='par_1_94' title="bbox 1906 5106 3481 5187">
     <span class='ocr_line' id='line_1_94' title="bbox 1906 5106 3481 5187; baseline -0.008 -18"><span class='ocrx_word' id='word_1_873' title='bbox 1906 5127 2127 5187; x_wconf 88' lang='lat' dir='ltr'><strong>gentem.</strong></span> <span class='ocrx_word' id='word_1_874' title='bbox 2156 5114 2475 5186; x_wconf 83' lang='lat' dir='ltr'><strong>Temporale</strong></span> <span class='ocrx_word' id='word_1_875' title='bbox 2496 5128 2716 5180; x_wconf 81' lang='lat' dir='ltr'><strong>regnum</strong></span> <span class='ocrx_word' id='word_1_876' title='bbox 2764 5112 3009 5165; x_wconf 88' lang='lat' dir='ltr'><strong>amittere</strong></span> <span class='ocrx_word' id='word_1_877' title='bbox 3055 5114 3368 5169; x_wconf 90' lang='lat' dir='ltr'><strong>timuerunt,</strong></span> <span class='ocrx_word' id='word_1_878' title='bbox 3416 5106 3481 5157; x_wconf 92' lang='lat' dir='ltr'><strong>de</strong></span> 
     </span>
    </p>
   </div>
   <div class='ocr_carea' id='block_1_95' title="bbox 1911 5198 3480 5275">
    <p class='ocr_par' dir='ltr' id='par_1_95' title="bbox 1911 5198 3480 5275">
     <span class='ocr_line' id='line_1_95' title="bbox 1911 5198 3480 5275; baseline -0.006 -14"><span class='ocrx_word' id='word_1_879' title='bbox 1911 5211 2016 5262; x_wconf 87' lang='lat' dir='ltr'><strong>vita</strong></span> <span class='ocrx_word' id='word_1_880' title='bbox 2046 5217 2221 5262; x_wconf 90' lang='lat' dir='ltr'><strong>autem</strong></span> <span class='ocrx_word' id='word_1_881' title='bbox 2244 5217 2440 5261; x_wconf 61' lang='lat' dir='ltr'><strong>{eterna</strong></span> <span class='ocrx_word' id='word_1_882' title='bbox 2470 5206 2704 5275; x_wconf 83' lang='lat' dir='ltr'><strong>cogitare</strong></span> <span class='ocrx_word' id='word_1_883' title='bbox 2746 5204 3113 5271; x_wconf 89' lang='lat' dir='ltr'><strong>neglexerunt,</strong></span> <span class='ocrx_word' id='word_1_884' title='bbox 3158 5209 3318 5269; x_wconf 88' lang='lat' dir='ltr'><strong>atque</strong></span> <span class='ocrx_word' id='word_1_885' title='bbox 3357 5198 3480 5252; x_wconf 86' lang='lat' dir='ltr'><strong>ideo</strong></span> 
     </span>
    </p>
   </div>
   <div class='ocr_carea' id='block_1_96' title="bbox 1909 5290 3479 5365">
    <p class='ocr_par' dir='ltr' id='par_1_96' title="bbox 1909 5290 3479 5365">
     <span class='ocr_line' id='line_1_96' title="bbox 1909 5290 3479 5365; baseline -0.007 -14"><span class='ocrx_word' id='word_1_886' title='bbox 1909 5307 2194 5364; x_wconf 87' lang='lat' dir='ltr'><strong>utrumque</strong></span> <span class='ocrx_word' id='word_1_887' title='bbox 2218 5296 2517 5365; x_wconf 83' lang='lat' dir='ltr'><strong>justissimo</strong></span> <span class='ocrx_word' id='word_1_888' title='bbox 2549 5296 2639 5349; x_wconf 88' lang='lat' dir='ltr'><strong>Dei</strong></span> <span class='ocrx_word' id='word_1_889' title='bbox 2657 5294 2859 5363; x_wconf 89' lang='lat' dir='ltr'><strong>judicio</strong></span> <span class='ocrx_word' id='word_1_890' title='bbox 2876 5290 3187 5347; x_wconf 85' lang='lat' dir='ltr'><strong>amiserunt.</strong></span> <span class='ocrx_word' id='word_1_891' title='bbox 3218 5292 3347 5343; x_wconf 82' lang='lat' dir='ltr'><strong>Nam</strong></span> <span class='ocrx_word' id='word_1_892' title='bbox 3369 5302 3479 5341; x_wconf 78' lang='lat' dir='ltr'><strong>xui</strong></span> 
     </span>
    </p>
   </div>
   <div class='ocr_carea' id='block_1_97' title="bbox 1912 5384 3485 5456">
    <p class='ocr_par' dir='ltr' id='par_1_97' title="bbox 1912 5384 3485 5456">
     <span class='ocr_line' id='line_1_97' title="bbox 1912 5384 3485 5456; baseline -0.006 -12"><span class='ocrx_word' id='word_1_893' title='bbox 1912 5404 2051 5444; x_wconf 89' lang='lat' dir='ltr'><strong>anno</strong></span> <span class='ocrx_word' id='word_1_894' title='bbox 2078 5395 2199 5456; x_wconf 87' lang='lat' dir='ltr'><strong>post</strong></span> <span class='ocrx_word' id='word_1_895' title='bbox 2213 5389 2328 5456; x_wconf 87' lang='lat' dir='ltr'><strong>ejus</strong></span> <span class='ocrx_word' id='word_1_896' title='bbox 2352 5387 2674 5455; x_wconf 82' lang='lat' dir='ltr'><strong>passionem,</strong></span> <span class='ocrx_word' id='word_1_897' title='bbox 2696 5385 2963 5455; x_wconf 88' lang='lat' dir='ltr'><strong>simulque</strong></span> <span class='ocrx_word' id='word_1_898' title='bbox 2984 5384 3270 5454; x_wconf 85' lang='lat' dir='ltr'><strong>gloriosam</strong></span> <span class='ocrx_word' id='word_1_899' title='bbox 3292 5394 3485 5436; x_wconf 80' lang='lat' dir='ltr'><strong>ascen-</strong></span> 
     </span>
    </p>
   </div>
   <div class='ocr_carea' id='block_1_98' title="bbox 1914 5476 3482 5545">
    <p class='ocr_par' dir='ltr' id='par_1_98' title="bbox 1914 5476 3482 5545">
     <span class='ocr_line' id='line_1_98' title="bbox 1914 5476 3482 5545; baseline -0.004 -12"><span class='ocrx_word' id='word_1_900' title='bbox 1914 5481 2142 5545; x_wconf 89' lang='lat' dir='ltr'><strong>sionem,</strong></span> <span class='ocrx_word' id='word_1_901' title='bbox 2187 5482 2460 5533; x_wconf 88' lang='lat' dir='ltr'><strong>venientes</strong></span> <span class='ocrx_word' id='word_1_902' title='bbox 2514 5478 2736 5532; x_wconf 80' lang='lat' dir='ltr'><strong>Romani</strong></span> <span class='ocrx_word' id='word_1_903' title='bbox 2788 5479 2888 5532; x_wconf 87' lang='lat' dir='ltr'><strong>sub</strong></span> <span class='ocrx_word' id='word_1_904' title='bbox 2916 5478 3039 5533; x_wconf 83' lang='lat' dir='ltr'><strong>Tito</strong></span> <span class='ocrx_word' id='word_1_905' title='bbox 3073 5485 3127 5532; x_wconf 89' lang='lat' dir='ltr'><strong>et</strong></span> <span class='ocrx_word' id='word_1_906' title='bbox 3156 5476 3482 5543; x_wconf 84' lang='lat' dir='ltr'><strong>Vespasiano</strong></span> 
     </span>
    </p>
   </div>
   <div class='ocr_carea' id='block_1_99' title="bbox 1916 5565 3484 5638">
    <p class='ocr_par' dir='ltr' id='par_1_99' title="bbox 1916 5565 3484 5638">
     <span class='ocr_line' id='line_1_99' title="bbox 1916 5565 3484 5638; baseline -0.005 -14"><span class='ocrx_word' id='word_1_907' title='bbox 1916 5569 2260 5638; x_wconf 87' lang='lat' dir='ltr'><strong>principibus,</strong></span> <span class='ocrx_word' id='word_1_908' title='bbox 2296 5570 2467 5623; x_wconf 91' lang='lat' dir='ltr'><strong>locum</strong></span> <span class='ocrx_word' id='word_1_909' title='bbox 2492 5568 2651 5623; x_wconf 90' lang='lat' dir='ltr'><strong>simul</strong></span> <span class='ocrx_word' id='word_1_910' title='bbox 2707 5576 2762 5622; x_wconf 90' lang='lat' dir='ltr'><strong>et</strong></span> <span class='ocrx_word' id='word_1_911' title='bbox 2810 5583 3032 5637; x_wconf 80' lang='lat' dir='ltr'><strong>regnum</strong></span> <span class='ocrx_word' id='word_1_912' title='bbox 3061 5576 3116 5621; x_wconf 92' lang='lat' dir='ltr'><strong>et</strong></span> <span class='ocrx_word' id='word_1_913' title='bbox 3143 5579 3353 5633; x_wconf 83' lang='lat' dir='ltr'><strong>gentem</strong></span> <span class='ocrx_word' id='word_1_914' title='bbox 3381 5565 3484 5618; x_wconf 90' lang='lat' dir='ltr'><strong>illis</strong></span> 
     </span>
    </p>
   </div>
   <div class='ocr_carea' id='block_1_100' title="bbox 1914 5658 3484 5731">
    <p class='ocr_par' dir='ltr' id='par_1_100' title="bbox 1914 5658 3484 5731">
     <span class='ocr_line' id='line_1_100' title="bbox 1914 5658 3484 5731; baseline -0.003 -14"><span class='ocrx_word' id='word_1_915' title='bbox 1914 5665 2270 5731; x_wconf 86' lang='lat' dir='ltr'><strong>abstulerunt,</strong></span> <span class='ocrx_word' id='word_1_916' title='bbox 2296 5663 2522 5730; x_wconf 91' lang='lat' dir='ltr'><strong>illosque</strong></span> <span class='ocrx_word' id='word_1_917' title='bbox 2573 5662 2733 5724; x_wconf 81' lang='lat' dir='ltr'><strong>ferro,</strong></span> <span class='ocrx_word' id='word_1_918' title='bbox 2762 5662 2900 5715; x_wconf 81' lang='lat' dir='ltr'><strong>fame</strong></span> <span class='ocrx_word' id='word_1_919' title='bbox 2927 5669 2982 5714; x_wconf 91' lang='lat' dir='ltr'><strong>et</strong></span> <span class='ocrx_word' id='word_1_920' title='bbox 3009 5660 3314 5728; x_wconf 85' lang='lat' dir='ltr'><strong>captivitate</strong></span> <span class='ocrx_word' id='word_1_921' title='bbox 3335 5658 3484 5713; x_wconf 90' lang='lat' dir='ltr'><strong>dele-</strong></span> 
     </span>
    </p>
   </div>
   <div class='ocr_carea' id='block_1_101' title="bbox 1916 5746 3485 5818">
    <p class='ocr_par' dir='ltr' id='par_1_101' title="bbox 1916 5746 3485 5818">
     <span class='ocr_line' id='line_1_101' title="bbox 1916 5746 3485 5818; baseline -0.003 -17"><span class='ocrx_word' id='word_1_922' title='bbox 1916 5761 2123 5804; x_wconf 85' lang='lat' dir='ltr'><strong>verunt.</strong></span> <span class='ocrx_word' id='word_1_923' title='bbox 2182 5749 2247 5802; x_wconf 88' lang='lat' dir='ltr'><strong>Et</strong></span> <span class='ocrx_word' id='word_1_924' title='bbox 2274 5750 2361 5818; x_wconf 85' lang='lat' dir='ltr'><strong>qui</strong></span> <span class='ocrx_word' id='word_1_925' title='bbox 2394 5751 2445 5802; x_wconf 91' lang='lat' dir='ltr'><strong>in</strong></span> <span class='ocrx_word' id='word_1_926' title='bbox 2499 5748 2699 5802; x_wconf 69' lang='lat' dir='ltr'><strong>Pascha</strong></span> <span class='ocrx_word' id='word_1_927' title='bbox 2748 5749 3016 5802; x_wconf 86' lang='lat' dir='ltr'><strong>Christum</strong></span> <span class='ocrx_word' id='word_1_928' title='bbox 3072 5747 3397 5808; x_wconf 85' lang='lat' dir='ltr'><strong>occiderant,</strong></span> <span class='ocrx_word' id='word_1_929' title='bbox 3435 5746 3485 5798; x_wconf 90' lang='lat' dir='ltr'><strong>iu</strong></span> 
     </span>
    </p>
   </div>
   <div class='ocr_carea' id='block_1_102' title="bbox 1919 5838 3487 5907">
    <p class='ocr_par' dir='ltr' id='par_1_102' title="bbox 1919 5838 3487 5907">
     <span class='ocr_line' id='line_1_102' title="bbox 1919 5838 3487 5907; baseline -0.005 -8"><span class='ocrx_word' id='word_1_930' title='bbox 1919 5846 2102 5899; x_wconf 84' lang='lat' dir='ltr'><strong>eadem</strong></span> <span class='ocrx_word' id='word_1_931' title='bbox 2129 5842 2468 5899; x_wconf 84' lang='lat' dir='ltr'><strong>solemnitate</strong></span> <span class='ocrx_word' id='word_1_932' title='bbox 2489 5844 2555 5897; x_wconf 89' lang='lat' dir='ltr'><strong>ab</strong></span> <span class='ocrx_word' id='word_1_933' title='bbox 2581 5842 2820 5898; x_wconf 81' lang='lat' dir='ltr'><strong>hostibus</strong></span> <span class='ocrx_word' id='word_1_934' title='bbox 2841 5841 3090 5896; x_wconf 72' lang='lat' dir='ltr'><strong>cantivat&#39;t</strong></span> <span class='ocrx_word' id='word_1_935' title='bbox 3116 5850 3262 5895; x_wconf 90' lang='lat' dir='ltr'><strong>sunt.</strong></span> <span class='ocrx_word' id='word_1_936' title='bbox 3282 5838 3487 5907; x_wconf 78' lang='lat' dir='ltr'><strong>Quique</strong></span> 
     </span>
    </p>
   </div>
   <div class='ocr_carea' id='block_1_103' title="bbox 2975 5932 3052 5989">
    <p class='ocr_par' dir='ltr' id='par_1_103' title="bbox 2975 5932 3052 5989">
     <span class='ocr_line' id='line_1_103' title="bbox 2975 5932 3052 5989; baseline 0 0"><span class='ocrx_word' id='word_1_937' title='bbox 2975 5932 3052 5989; x_wconf 64' lang='grc' dir='ltr'>ω</span> 
     </span>
    </p>
   </div>
   <div class='ocr_carea' id='block_1_104' title="bbox 3928 1919 3951 2747">
    <p class='ocr_par' dir='ltr' id='par_1_104' title="bbox 3935 2218 3941 2439">
     <span class='ocr_line' id='line_1_104' title="bbox 3935 2218 3939 2369; baseline 0 0"><span class='ocrx_word' id='word_1_938' title='bbox 3935 2218 3939 2369; x_wconf 68' lang='lat' dir='ltr'><strong>l</strong></span> 
     </span>
     <span class='ocr_line' id='line_1_105' title="bbox 3939 2386 3941 2439; baseline 0 0"><span class='ocrx_word' id='word_1_939' title='bbox 3939 2386 3941 2439; x_wconf 74' lang='lat' dir='ltr'><strong>l</strong></span> 
     </span>
    </p>
   </div>
  </div>
