3972 6340
572 368 707 434 452⁸1

1427 373 1627 432 PAULI
1662 373 1941 431 DlACONl
1979 371 2133 430 OPP.
2175 368 2354 427 PARS
2390 367 2457 425 ll.
2498 397 2569 413 —
2608 366 2963 429 ASCETICA.‘
3594 393 3684 452 1323

571 499 759 568 teiligi,
792 494 863 550 nil
889 492 1133 563 prohibet
1164 492 1426 563 profunda
1468 496 1633 550 maris
1676 493 1870 550 inferni
1919 494 2150 550 claustra
2177 490 2233 553 Δ
2258 498 2313 546 et
2341 491 2527 545 mortis
2554 491 2872 561 praepositos
2922 489 3200 545 moriendo
3233 492 3478 553 damnavit.
3501 502 3610 568 Quod
3636 511 3688 563 id.

569 588 779 643 sentiri.
816 585 969 651 Quod
999 585 1317 654 profundum
1351 601 1496 640 mare
1529 586 1780 641 Dominus
1823 586 1995 653 petiit,
2026 600 2149 639 cum

567 679 761 735 inferni
794 677 1101 741 novissima,
1131 677 1421 731 electorum
1452 693 1668 732 suorum
1698 678 1907 732 animas
1930 685 2151 745 ereptu-

567 786 660 826 rus
684 814 700 838 ,
754 770 989 824 intravit.
1026 768 1174 824 Unde
1198 778 1252 823 et
1283 783 1377 835 per
1423 768 1732 837 prophetam
1780 769 2008 823 dicitur:
2043 764 2151 820 Po-

566 862 714 915 suisti
766 860 1081 929 profundum
1124 860 1281 912 maris
1317 859 1483 924 viam,
1530 868 1586 911 ut
1627 860 1904 912 transirent
1947 856 2150 910 liberati

566 952 704 1024 (Isa.
734 953 829 1022 LI).
865 953 975 1007 Hoc
1002 966 1234 1021 namque
1284 951 1601 1020 profundum
1656 951 1820 1007 maris
1873 960 1998 1006 ante
2043 952 2150 1005 Re-

565 1044 859 1114 demptoris
908 1044 1196 1098 adventum
1232 1057 1337 1096 non
1372 1044 1483 1109 via,
1535 1044 1629 1098 sed
1654 1058 1837 1098 carcer
1868 1042 1994 1108 fuit,
2024 1043 2147 1113 quia

567 1140 615 1189 in
647 1152 707 1191 se
732 1137 893 1191 etiam
926 1135 1129 1189 animas
1160 1136 1449 1197 bonorum,
1485 1135 1727 1203 quamvis
1768 1149 1874 1190 non
1919 1136 1971 1188 in
2016 1134 2149 1189 locis

568 1230 865 1293 muralibus
884 1228 1096 1283 clausit.
1126 1227 1280 1295 Quod
1326 1237 1504 1281 tamen
1544 1226 1862 1296 profundum
1895 1226 2147 1281 Dominus

565 1325 701 1377 viam
728 1324 933 1391 posuit,
965 1321 1085 1388 quia
1115 1320 1240 1374 illuc
1268 1321 1486 1375 veniens
1533 1320 1735 1375 electos
1783 1331 1909 1373 suos
1949 1334 1978 1371 a
2009 1318 2149 1371 clauo

563 1415 687 1469 stris
716 1412 873 1468 inferi
905 1411 1159 1466 hodierna
1191 1411 1279 1465 die
1305 1411 1369 1464 ad
1396 1409 1631 1464 caelestia
1669 1412 1893 1464 transire
1921 1423 2145 1464 conces-

559 1505 650 1559 sit.
683 1504 833 1560 Unde
859 1512 914 1558 et
941 1512 1063 1571 apte
1094 1503 1201 1556 illic
1245 1501 1460 1566 dicitur,
1494 1512 1549 1554 ut
1594 1503 1874 1555 transirent
1922 1502 2143 1557 liberati.

560 1597 709 1663 Quod
741 1611 867 1651 vero
894 1593 1217 1664 profundum
1241 1594 1404 1647 maris
1425 1592 1657 1654 dixerat.
1685 1592 1787 1647 hoc
1816 1593 1937 1646 aliis
1966 1592 2145 1647 verbis

559 1688 844 1758 replicans,
867 1686 1046 1757 abyssi
1076 1686 1426 1739 novissimum
1448 1693 1602 1738 vocat
1629 1701 1644 1737 :
1672 1682 1792 1753 quia
1819 1684 1959 1739 sicut
1982 1698 2145 1753 aqua-

560 1796 679 1835 rum
724 1782 951 1851 abyssus
1000 1779 1142 1833 nulla
1176 1786 1359 1832 nostra
1390 1776 1597 1831 visione
1644 1778 2140 1847 comprehenditur,

2256 579 2402 636 circo
2432 581 2518 636 hic
2544 597 2649 637 non
2681 582 2855 638 adhuc
2880 582 2949 637 de
2979 582 3188 647 futuro,
3217 586 3302 640 sed
3327 588 3458 644 etiam
3485 593 3535 647 de
3558 610 3687 663 prate.

2255 672 2359 725 rito
2391 672 2609 737 dicitur,
2645 675 2765 743 quia
2809 674 2909 729 hoc
2954 676 3094 744 quod
3118 675 3343 732 facturus
3381 693 3477 737 erat
3504 688 3545 741 in
3584 704 3692 759 opere

2254 764 2505 819 nimirum
2553 764 2663 835 jam
2701 766 2902 821 fecerat
2944 766 2998 820 in
3031 767 3470 835 praedestinatione.
3492 774 3591 843 Quia
3609 796 3691 839 vero

2254 865 2375 924 post
2401 867 2629 911 mortem
2658 860 3213 929 resurrectionemque
3236 862 3339 928 eius
3360 869 3497 921 crevit
3517 868 3694 941 Ecclesia,

2252 958 2415 1017 atque
2438 950 2488 1002 in
2520 951 2728 1004 cunctis
2776 960 2860 1006 est
2910 951 3166 1019 gentibus
3189 953 3385 1009 dilatata
3405 999 3417 1021 ,
3437 970 3532 1027 apte
3548 964 3697 1031 subjun.

2250 1041 2394 1109 gitur
2426 1058 2437 1092 :
2472 1038 2726 1109 Nunquid
2770 1042 3103 1095 considerasti
3132 1041 3424 1100 latitudinem
3449 1050 3586 1103 terra?
3622 1054 3699 1119 μοι

2256 1132 2510 1202 xxxvm.)
2543 1132 2676 1186 Dum
2705 1135 2848 1188 enim
2899 1135 3176 1204 angustias
3226 1140 3392 1193 mortis
3439 1142 3574 1207 petiit,
3595 1142 3699 1200 ﬁdem

2251 1236 2403 1276 suam
2437 1224 2489 1277 in
2521 1224 2771 1294 gentibus
2792 1224 3058 1291 dilatavit,
3083 1238 3240 1293 atque
3261 1229 3322 1281 ad
3351 1232 3580 1286 innumera
3599 1236 3704 1289 corda

2250 1316 2585 1371 credentium
2609 1330 2847 1372 sanctam
2882 1317 3178 1372 Ecclesiam
3205 1323 3438 1387 extendit,
3460 1324 3609 1391 cuiper
3627 1341 3703 1390 pro.

2252 1407 2464 1473 phetam
2496 1410 2728 1464 dicitur:
2760 1410 2937 1464 Dilata
2986 1412 3160 1465 locum
3194 1415 3379 1467 tentorii
3420 1416 3510 1479 tui,
3545 1428 3581 1469 et
3608 1420 3706 1485 pellet

2255 1500 2700 1556 tabernaculorum
2751 1512 2953 1558 tuorum
2997 1505 3241 1572 extende,
3285 1524 3342 1560 ne
3374 1524 3540 1578 parcas.
3577 1510 3707 1580 Longus

2251 1592 2333 1661 {ac
2364 1594 2625 1663 funiculos
2656 1604 2790 1658 tuos,
2822 1605 2868 1649 et
2900 1597 3070 1650 clavos
3098 1608 3211 1651 tuos
3234 1599 3490 1652 consolida.
3516 1600 3575 1651 Ad
3600 1600 3710 1653 dt’Ilt‘

2247 1699 2360 1735 ram
2390 1686 2522 1738 enim
2554 1696 2600 1738 et
2627 1687 2696 1738 ad
2722 1686 2902 1739 lteram
2932 1689 3226 1756 penetrabis
3244 1730 3256 1752 ,
3285 1699 3328 1741 et
3353 1705 3498 1742 semen
3516 1699 3619 1742 tuum
3637 1708 3711 1758 grn-

2250 1783 2321 1827 tes
2354 1774 2742 1832 haereditabunt
2772 1776 2907 1848 (Isa.
2943 1780 3073 1846 Liv).
3104 1778 3231 1846 Quae
3269 1777 3471 1834 latitudo
3498 1790 3616 1833 terra
3636 1796 3713 1847 pto-

3848 1140 3853 1231 λ

559 1875 628 1928 ita
663 1873 871 1927 occulta
901 1871 1055 1925 inferi
1086 1870 1233 1926 nullo
1261 1886 1290 1923 a
1317 1870 1469 1925 nobis
1497 1869 1832 1937 cogitationis
1856 1883 2016 1922 sensu
2046 1884 2139 1936 pe-
2173 1857 2222 1918 Β
2248 1865 2391 1923 fecto
2422 1884 2527 1923 non
2558 1869 2727 1936 ﬁeret,
2766 1872 2863 1926 nisi
2893 1873 3009 1941 ipse
3041 1874 3190 1941 prius
3219 1882 3270 1927 et
3294 1874 3439 1926 vitam
3474 1888 3598 1941 quam
3621 1874 3716 1925 novi-

555 1976 853 2021 netrantur.
881 1965 982 2033 Qui
1033 1964 1176 2019 enim
1226 1964 1351 2017 hinc
1403 1961 1787 2017 subtrahantur
1832 1962 2138 2031 cernimus,

552 2063 646 2115 sed
679 2076 798 2131 qua
827 2061 944 2114 illos
968 2059 1119 2130 juxta
1155 2060 1403 2113 meritum
1448 2057 1729 2111 retributio
1756 2058 2140 2126 suppliciorum

555 2162 790 2217 maneat,
819 2168 922 2206 non
954 2152 1225 2206 videmus.
1260 2150 1515 2220 Vigilanti
1565 2165 1692 2204 vero
1734 2158 1819 2204 est
1857 2164 1983 2204 cura
2013 2165 2142 2218 pen-

551 2246 778 2299 sandum
827 2245 969 2314 quod
1015 2246 1066 2298 in
1120 2242 1429 2297 novissimis
1454 2242 1636 2312 abyssi
1680 2241 2142 2297 deambulassese

553 2341 818 2406 perhibet.
856 2339 1203 2393 Deambulare
1235 2320 1432 2406 quippe
1462 2352 1567 2390 non
1610 2335 1920 2404 constricti,
1953 2336 2046 2389 sed
2078 2335 2140 2389 li-

552 2432 664 2485 beri
691 2440 793 2485 est.
817 2429 984 2497 Quem
1013 2429 1155 2484 enim
1186 2429 1392 2483 vincula
1425 2428 1728 2496 astringunt
1750 2468 1765 2493 ,
1800 2427 1916 2495 ejus
1947 2426 2140 2482 nihilo-

551 2523 725 2577 minus
751 2535 968 2591 gressus
998 2520 1315 2588 impediunt.
1344 2519 1475 2586 Quia
1507 2520 1665 2585 igitur
1706 2519 1961 2572 Dominus
1992 2518 2137 2573 nulla

553 2616 755 2685 peccati
782 2617 990 2671 vincula
1022 2615 1271 2685 pertulit,
1315 2614 1367 2667 in
1400 2612 1611 2668 inferno
1641 2613 2046 2667 deambulavit:
2074 2611 2139 2667 li-

551 2713 647 2765 ber
694 2709 891 2780 quippe
940 2707 1004 2762 ad
1059 2708 1246 2776 ligatos
1299 2708 1477 2770 venit,
1529 2705 1668 2758 unde
1725 2704 1978 2774 scriptum
2010 2714 2135 2760 est‘

548 2797 741 2853 Factus
768 2816 876 2853 sum
906 2800 1034 2853 sicut
1059 2800 1208 2861 homo
1230 2797 1339 2850 sine
1358 2797 1622 2868 adjutorio
1648 2796 1778 2849 inter
1815 2804 2038 2848 mortuos
2064 2794 2133 2848 li-

546 2890 631 2944 ber
661 2889 829 2962 (Psal.
856 2890 1116 2957 Lxxxvu).
1145 2889 1198 2941 ln
1244 2887 1553 2941 novissimis
1583 2903 1711 2955 ergo
1738 2886 1918 2956 abyssi
1952 2886 2134 2941 Domi-

546 3000 670 3038 num
722 2982 1095 3047 deambulare,
1123 2989 1205 3035 est
1233 2982 1285 3034 in
1318 2982 1448 3035 locis
1475 2982 1835 3035 damnationis
1887 2982 1959 3034 nil
2020 2996 2133 3036 sua:

545 3074 862 3130 retentionis
892 3072 1152 3136 invenire,
1179 3080 1467 3127 attestante
1490 3072 1666 3135 Petro,
1694 3073 1784 3141 qui
1810 3072 1914 3124 ait:
1937 3072 2132 3127 Solum

543 3167 808 3221 doloribus
838 3167 1065 3236 inferni,
1088 3168 1244 3237 juxta
1281 3166 1416 3234 quod
1462 3164 1771 3235 impossibile
1815 3172 1922 3216 erat
1971 3164 2129 3218 teneri

542 3259 691 3313 illum
720 3260 782 3312 ab
808 3274 869 3311 eo
896 3258 1033 3326 (Act.
1067 3258 1150 3326 ll).
1184 3255 1275 3310 Vel
1321 3265 1501 3323 certe,
1555 3255 1678 3325 quia
1731 3254 2125 3309 deambulando

543 3366 642 3405 nos
672 3365 792 3404 cum
824 3349 891 3403 de
920 3349 1040 3402 loco
1061 3349 1114 3401 in
1140 3351 1315 3402 locum
1339 3347 1607 3410 ducimur,
1636 3344 1723 3399 hic
1747 3344 1963 3414 illicque
1995 3360 2128 3413 pras-

540 3449 723 3495 sentes
774 3438 1097 3504 invenimur,
1141 3438 1448 3492 ambulasse
1501 3438 1553 3489 in
1607 3436 1815 3490 inferno
1871 3435 2125 3491 Dominus

540 3530 757 3596 dicitur,
791 3539 848 3585 ut
874 3530 1060 3584 eleCIis
1087 3528 1367 3583 animabus
1400 3529 1449 3581 in
1479 3527 1611 3581 locis
1640 3526 1886 3596 singulis,
1917 3542 2011 3596 per
2036 3528 2123 3582 di-

543 3621 783 3676 vinitatis
813 3621 1103 3689 potentiam
1138 3635 1376 3689 praesens
1408 3619 1571 3673 fuisse
1597 3628 1941 3675 monstretur.
1975 3618 2125 3676 Unde

537 3723 594 3771 et
620 3713 839 3781 spiritus
866 3713 1143 3782 sapientiae
1174 3711 1385 3766 mobilis
1425 3711 1774 3776 describitur,
1809 3720 1864 3764 ut
1899 3727 1992 3779 per
2023 3713 2125 3767 hoc

537 3806 675 3874 quod
704 3821 963 3874 nusquam
995 3804 1180 3868 deest,
1215 3805 1410 3872 ubique
1458 3805 1608 3857 nobis
1648 3818 1933 3858 occurrere
1980 3804 2124 3859 desi-

536 3912 742 3968 gnetur.
773 3898 943 3965 Quam
975 3898 1384 3950 descensionem
1431 3911 1582 3950 suam
1632 3895 1888 3949 Dominus
1921 3905 2122 3963 quanto

537 3990 919 4044 mirabiliorem
964 3988 1221 4056 reSpicit,
1253 3996 1398 4041 tanto
1447 4003 1564 4040 eam
1609 3990 1888 4055 redempto
1919 3987 2121 4040 homini

536 4081 780 4136 crebrius
803 4078 1052 4134 infundit.
1080 4081 1207 4133 Eam
1232 4094 1461 4149 namque
1488 4078 1659 4133 adhuc
1682 4080 1970 4149 replicans,
1993 4079 2122 4133 sub-

535 4174 611 4228 dit
638 4192 650 4225 :
685 4172 936 4242 Nunquid
966 4183 1155 4243 apertae
1185 4180 1300 4226 sunt
1324 4172 1410 4225 tibi
1462 4182 1622 4240 porta!
1668 4175 1866 4237 mortis,
1898 4183 1944 4225 et
1992 4172 2123 4226 ostia

533 4266 793 4319 tenebrosa
841 4264 1049 4318 uidisti?
1078 4262 1200 4329 (Job
1262 4265 1512 4333 xxxviii.)
1556 4264 1711 4319 Porta
1754 4264 1895 4317 enim
1936 4265 2123 4319 mortis

534 4367 660 4410 sunt
694 4365 983 4420 potestates
1015 4357 1285 4421 adversa),
1319 4373 1452 4426 quas
1497 4357 1831 4412 descendens
1863 4356 2120 4412 Dominus

534 4446 778 4512 aperuit,
811 4448 931 4514 quia
956 4461 1140 4500 earum
1179 4446 1540 4501 fortitudinem
1574 4449 1856 4502 moriendo
1894 4463 2120 4518 supcra-

2247 1974 2391 2023 mus,
2447 1961 2777 2031 resurgendo
2807 1970 3156 2018 monstraret.
3198 1963 3253 2017 In
3289 1974 3446 2018 morte
3481 1964 3633 2033 quippe
3658 1977 3717 2016 sua

2246 2059 2443 2103 nostra:
2490 2051 2677 2105 oculos
2731 2052 2924 2108 mentis
2976 2055 3223 2121 aperuit,
3279 2063 3333 2108 ut
3378 2071 3483 2118 quia:
3502 2056 3717 2117 cssetvita,

2245 2155 2431 2206 quasve
2458 2150 2791 2211 sequeretur,
2811 2146 3145 2199 ostenderet.
3167 2144 3315 2201 Unde
3333 2154 3385 2200 et
3404 2145 3526 2199 hunc
3543 2146 3584 2198 in
3605 2146 3717 2198 Evam

2242 2226 2386 2295 gelio
2415 2228 2656 2283 ordinem
2690 2238 2910 2295 tenens,
2944 2232 3229 2299 discipulis
3258 2233 3418 2286 dicit:
3450 2231 3528 2288 Sic
3545 2233 3722 2301 oportetin

2243 2316 2503 2373 Christum
2530 2324 2659 2390 pati,
2685 2332 2734 2376 et
2755 2339 3018 2394 resurgere
3037 2340 3071 2377 a
3099 2324 3312 2378 mortuis
3336 2325 3469 2377 tertia
3486 2325 3568 2389 die,
3587 2333 3621 2377 et
3635 2339 3720 2390 pte-

2241 2410 2407 2464 dicari
2434 2412 2490 2465 in
2516 2414 2722 2467 nomine
2750 2416 2861 2485 ejus
2885 2416 3238 2485 paenitentiam
3266 2425 3316 2470 et
3341 2418 3629 2469 remissionem
3648 2430 3725 2480 per-

2239 2515 2472 2559 catorum
2506 2522 2600 2575 per
2632 2523 2804 2562 omnes
2832 2519 2999 2580 gentes
3021 2508 3177 2582 (Luc.
3212 2510 3377 2578 xxiv),
3406 2508 3543 2563 Pauci
3566 2509 3666 2563 enim
3682 2521 3725 2561 ex

2241 2594 2399 2664 plebe
2431 2595 2725 2653 Israelitica
2759 2600 2873 2668 ipso
2907 2599 3242 2667 pradicante
3270 2600 3606 2663 crediderunt,
3628 2599 3728 2651 innu-

2239 2688 2372 2740 meri
2416 2702 2545 2742 vero
2595 2689 2832 2757 gentium
2867 2690 3043 2760 populi
3073 2691 3216 2744 viam
3266 2691 3384 2745 vita
3429 2689 3509 2745 illo
3548 2689 3725 2745 moriente

2237 2781 2404 2834 secuti
2432 2789 2577 2834 sunt.
2611 2780 2887 2851 Superbus
2915 2798 3149 2853 namque
3182 2784 3312 2839 dum
3348 2785 3509 2840 adhuc
3547 2780 3751 2853 passibilis‘

2236 2870 2464 2937 viveret,
2512 2875 2749 2939 pertulit,
2792 2892 2819 2928 a
2852 2877 3088 2945 passibili
3122 2893 3258 2931 vero
3288 2878 3391 2932 vita
3422 2886 3619 2931 mortuos
3638 2884 3726 2927 stra-

2235 2964 2329 3018 vit.
2352 2964 2504 3030 Quod
2535 2965 2667 3021 bene
2695 2967 2923 3022 Samson
2964 2970 3017 3023 in
3043 2971 3346 3040 semetipso
3374 2970 3551 3025 dudum
3576 2966 3734 3037 figurali-

2236 3066 2316 3111 ter
2345 3062 2633 3127 expressit,
2657 3060 2745 3130 qui
2774 3074 2973 3130 paucns
2998 3062 3222 3130 quidem
3252 3063 3382 3118 dum
3411 3065 3606 3125 viveret,
3624 3059 3730 3111 inter-

2232 3152 2399 3204 emit:
2432 3152 2705 3206 destructo
2755 3163 2936 3207 autem
2985 3155 3231 3224 templo,
3270 3155 3450 3209 hostes
3487 3153 3735 3209 innumeros,

2234 3254 2357 3296 eum
2389 3252 2711 3309 moreretur,
2745 3244 2940 3299 occidit
2994 3244 3156 3313 (Jud.
3215 3248 3355 3316 xvi).
3405 3244 3523 3313 Quia
3563 3242 3732 3295 nimirum

2232 3334 2490 3391 Dominus
2517 3336 2585 3391 ab
2628 3335 2929 3391 elevatione
2976 3338 3261 3405 superbiae
3305 3352 3499 3408 paucos
3525 3335 3620 3389 dum
3642 3335 3740 3383 vive-

2228 3438 2333 3495 ret,
2367 3427 2544 3496 plures
2566 3443 2696 3483 vero
2723 3442 2842 3483 cum
2875 3430 3139 3498 templum
3189 3431 3279 3484 sui
3325 3426 3549 3497 corporis
3572 3424 3738 3477 solvere-

2232 3533 2315 3579 tur
2340 3524 2617 3590 exstinxit,
2648 3533 2809 3594 atque
2837 3524 3043 3579 electos
3072 3540 3139 3579 ex
3180 3524 3439 3595 gentibus
3497 3536 3600 3591 quos
3619 3518 3745 3568 vivun-

2228 3613 2298 3667 do
2348 3614 2639 3680 Sustinuit,
2693 3615 2853 3669 simul
2918 3629 3110 3669 omnes
3187 3614 3472 3670 moriendo
3525 3607 3738 3681 prostravit

2229 3705 2395 3761 Recte
2440 3708 2618 3777 itaque
2669 3718 2944 3776 postquam
2980 3684 3197 3764 inferna
3233 3723 3539 3781 penetrasse
3575 3720 3621 3760 se
3667 3702 3746 3756 θύο-

2225 3798 2363 3863 cuit,
2416 3798 2857 3854 c0nsiderandam
2919 3814 3045 3855 mox
3098 3811 3268 3857 terrae
3326 3793 3617 3856 latitudinem
3661 3793 3743 3846 sub-

2223 3888 2418 3959 iunxit.
2454 3891 2712 3946 Dominus
2744 3893 2924 3961 itaque
2981 3904 3178 3949 noster
3233 3895 3305 3950 ad
3376 3892 3572 3949 humani
3605 3884 3749 3957 generis

2226 3983 2644 4051 redemptionem
2670 3985 2909 4050 veniens,
2939 3986 3087 4040 velut
3121 3986 3425 4057 quemdam
3457 3985 3518 4038 de
3543 3996 3593 4037 se
3630 3982 3667 4031 in
3689 3990 3747 4027 ηε·

2227 4089 2341 4128 cem
2370 4074 2566 4128 diaboli
2599 4074 2814 4129 hamum
2841 4076 2985 4134 fecit.
3016 4080 3349 4148 Assumpsit
3374 4078 3515 4133 enim
3536 4074 3752 4140 corpusne

2226 4168 2279 4223 in
2309 4182 2375 4222 eo
2410 4169 2704 4224 Vehemoth
2738 4172 2836 4226 iste
2866 4172 3018 4240 quasi
3051 4186 3250 4228 escam
3296 4188 3395 4227 sua
3441 4180 3598 4226 morte
3633 4158 3749 4217 carnis

2224 4274 2523 4334 appeteret,
2552 4280 2711 4335 quam
2743 4274 2971 4320 mortem
3001 4264 3137 4321 dum
3175 4268 3232 4322 in
3266 4268 3364 4322 illo
3401 4267 3582 4335 injuste
3604 4254 3754 4327 appet“.

2228 4374 2324 4413 nos
2351 4373 2485 4428 quos
2528 4360 2680 4428 quasi
2722 4359 2868 4426 juste
2892 4362 3149 4427 tenebat,
3191 4359 3405 4415 amisit.
3436 4358 3491 4413 lu
3515 4357 3645 4410 hamo
3672 4357 3753 4413 ergo

2225 4450 2344 4518 ejus
2373 4450 2757 4505 incarnationis
2784 4460 2973 4518 captus
3003 4462 3081 4507 est
3108 4491 3130 4519 ,
3164 4454 3300 4523 quia
3331 4454 3459 4507 dum
3481 4450 3530 4504 in
3558 4450 3625 4501 illa
3649 4454 3757 4509 sppe-

535 4537 626 4589 νίι.
666 4536 792 4602 Quae
826 4538 1185 4605 appellatione
1234 4554 1446 4607 quoque
1492 4540 1593 4592 alia
1652 4539 1933 4593 tenebrosa
1986 4542 2117 4593 ostia
2150 4582 2206 4644 Β
2232 4543 2295 4594 tit
2325 4557 2503 4595 escam
2537 4542 2780 4611 corporis
2803 4582 2818 4607 ,
2848 4543 3145 4598 transfixus
3180 4554 3274 4600 est
3303 4546 3494 4599 aculeo
3526 4528 3754 4593 divinitatis.

535 4638 823 4691 vocantur,
866 4631 989 4696 quia
1038 4631 1161 4683 dum
1212 4646 1308 4697 pro
1356 4633 1736 4686 occultationis
1766 4649 1875 4686 suae
1908 4633 2120 4688 insidiis

530 4734 634 4772 non
665 4716 933 4783 videntur,
965 4717 1205 4787 deceptis
1250 4721 1515 4774 mentibus
1565 4724 1703 4773 viam
1758 4723 1945 4775 mortis
1992 4740 2119 4791 ape-

531 4810 692 4863 riunt.
727 4810 855 4874 Qun:
888 4811 1174 4864 tenebrosa
1203 4812 1338 4864 ostia
1378 4812 1637 4866 Dominus
1667 4812 1831 4878 vidit,
1870 4814 1990 4881 quia
2020 4814 2118 4866 im-

529 4900 847 4953 inundorum
869 4901 1148 4966 Spirituutn
1169 4901 1556 4955 fraudulentam
1584 4903 1839 4955 malitiam
1862 4914 1915 4955 et
1948 4903 2119 4970 respi-

528 4994 595 5046 cil
635 5005 687 5047 et
719 4995 933 5062 premit,
961 5010 1095 5061 quos
1125 4995 1224 5047 nisi
1277 4996 1391 5062 ipse
1441 4995 1593 5047 iinbis
1645 4992 2003 5047 nescientibus
2043 4995 2116 5049 vi-

528 5085 702 5138 dendo
756 5085 1101 5154 prohiberet,
1154 5095 1210 5140 et
1254 5086 1326 5139 nil
1376 5085 1443 5139 de
1498 5084 1705 5138 insidiis
1734 5101 1883 5139 mens
1931 5095 2111 5140 nostra

528 5183 895 5243 cognosceret,
928 5185 982 5229 et
1014 5176 1203 5230 iisdem
1236 5176 1445 5229 insidiis
1475 5190 1627 5245 capta
1661 5178 1948 5245 deperiret.
1982 5178 2110 5243 Quae
2154 5206 2157 5208 -

528 5270 805 5323 tenebrusa
833 5273 966 5321 ostia
988 5285 1083 5322 nos
1112 5270 1272 5324 etiam
1304 5271 1595 5335 cernimus,
1618 5271 1826 5338 quando
1852 5286 2104 5339 supernae

526 5360 657 5414 lucis
693 5360 852 5413 radiis
883 5360 1232 5415 illustramur.
1269 5359 1421 5415 Unde
1462 5372 1511 5413 et
1550 5376 1642 5429 per
1672 5361 1991 5431 PrOphetam
2023 5362 2105 5418 di-

524 5453 698 5506 citur:
734 5449 983 5505 Dominus
1008 5452 1131 5503 mihi
1160 5452 1366 5521 adjutor
1395 5463 1486 5516 est,
1518 5464 1561 5505 et
1594 5469 1682 5523 ego
1723 5454 1898 5507 videbo
1931 5455 2105 5508 inimi-

521 5558 611 5593 cos
661 5559 797 5596 meus
847 5542 1017 5612 (f’sal.
1070 5546 1257 5612 cxvn).
1311 5544 1500 5598 Hostes
1546 5545 1703 5614 igitur
1732 5557 1939 5601 nostros
1991 5549 2106 5615 ipse

524 5632 705 5699 videt,
758 5636 847 5703 qui
899 5652 995 5691 suo
1042 5651 1133 5690 eos
1188 5651 1409 5691 munere
1468 5639 1617 5692 nobis
1672 5640 1903 5694 visibiles
1961 5643 2103 5695 facit.

526 5723 619 5802 vel
656 5736 802 5780 certe
847 5730 1127 5783 tenebrosa
1174 5730 1307 5781 ostia
1359 5741 1481 5785 tunc
1516 5734 1765 5786 Dominus
1798 5736 1950 5801 vidit,
1985 5752 2102 5791 cum

520 5814 752 5873 claustra
784 5821 970 5875 inferni
1002 5834 1297 5891 penetrans,
1336 5827 1575 5882 crudeles~
1599 5829 1833 5896 ξενίι-ῑιιις
1864 5851 1905 5897 ιν
1932 5833 2104 5897 ε-υηιί,ν

2232 4635 2304 4688 lbi
2358 4637 2553 4703 quippe
2600 4637 2770 4689 inerat
2819 4635 3166 4704 humanitas,
3228 4654 3358 4708 quae
3406 4638 3471 4692 ad
3518 4650 3570 4689 se
3610 4632 3762 4685 devora-

2231 4732 2400 4779 torem
2454 4727 2710 4793 duceret,
2770 4726 2841 4780 ibi
2897 4726 3160 4783 divinitas
3216 4745 3347 4799 qua:
3404 4726 3679 4797 perforarat.
3717 4712 3759 4765 lbi

2227 4825 2410 4883 aperta
2458 4815 2740 4869 inﬁrmitas
2788 4832 2905 4886 quae
2952 4833 3343 4886 provocaret,
3395 4820 3467 4874 ibi
3508 4806 3763 4872 occultant-

2228 4913 2352 4970 tus,
2406 4920 2521 4972 qua:
2572 4907 2799 4975 raptoris
2865 4907 3071 4962 faucem
3142 4912 3520 4981 transfigeret.
3572 4908 3617 4960 In
3661 4904 3763 4953 11³19³

2225 4998 2385 5067 igitur
2413 5008 2599 5067 captus
2625 5008 2727 5063 est,
2759 5000 2881 5067 quia
2912 5000 3037 5055 inde
3069 5000 3303 5057 interiit
3364 5002 3505 5057 unde
3547 4996 3765 5054 devoravi-

2224 5089 2288 5141 Et
2317 5089 2531 5158 quidem
2556 5088 2851 5144 Vehemoth
2878 5092 2978 5146 iste
3008 5090 3229 5148 Filium
3258 5094 3358 5148 Dei
3390 5095 3683 5148 incarnatum
3706 5094 3765 5131 ιω·

2217 5189 2396 5245 verat,
2429 5181 2519 5234 sed
2554 5181 2935 5249 redemptionis
2982 5194 3204 5238 nostra;
3264 5185 3515 5240 ordinem
3553 5172 3765 5235 nesciebat.

2214 5273 2427 5327 Sciebat
2454 5274 2597 5328 enim
2628 5274 2768 5341 quod
2798 5288 2896 5343 pro
2928 5275 3335 5343 redemptione
3386 5285 3556 5328 nostra
3593 5272 3763 5322 ineant:-

2216 5374 2300 5420 tus
2328 5366 2420 5420 Dei
2452 5365 2617 5420 Filius
2652 5368 2842 5430 fuerat,
2875 5366 2971 5420 sed
2994 5368 3242 5421 omnino
3274 5369 3427 5438 quod
3454 5367 3585 5421 idem
3608 5356 3768 5417 Rede“?

2215 5468 2334 5528 ptor
2359 5468 2540 5514 noster
2577 5459 2724 5512 illum
2753 5458 3028 5512 moriendo
3050 5461 3429 5530 transfigeret
3455 5442 3767 5512 nesciebat-5'e

2212 5569 2340 5623 ergo
2370 5553 2473 5607 iSIe
2513 5551 2763 5605 humanis
2811 5553 3077 5606 morsibus
3134 5552 3473 5627 [mortibus]
3519 5561 3649 5605 cetus
3685 5540 3767 5595 insi‘

2214 5645 2397 5711 dians,
2420 5660 2553 5713 quos
2582 5644 2742 5698 vellet
2771 5643 2906 5698 ultra
2944 5643 3297 5710 devoraret,
3328 5647 3521 5699 hamus
3549 5642 3615 5693 sic
3642 5636 3765 5687 faufﬁ

2219 5739 2447 5809 raptoris
2479 5738 2682 5802 tenuit,
2725 5749 2777 5793 et
2822 5752 2943 5792 sese
2991 5740 3368 5795 mordentem
3401 5723 3767 5793 momordit-5°“

2220 5844 2392 5904 pi'l‘t‘Sl
2413 5843 2469 5887 ut
2484 5833 2847 5902 unusquisque
2871 5840 3118 5886 nostrum
3145 5842 3316 5888 tanto
3336 5849 3399 5888 se
3412 5829 3610 5903 plenius
3623 5811 3764 5878 auctori
