3972 6340
345 262 486 320 1529

1290 263 1748 323 HOMILIARIUS.
1791 293 1859 303 —
1901 262 2060 320 ΗΘΜ.
2106 263 2191 318 DE
2231 264 2577 325 TEMPORE.

3435 269 3575 328 i350

334 374 607 444 subjiciat,
637 384 832 444 quanto
881 383 1067 430 contra
1122 391 1180 431 se
1227 377 1403 432 verius
1430 378 1691 432 violentas
1718 378 1907 433 adver-
1936 380 1986 436 Δ
2011 374 2113 429 Sed
2158 378 2225 431 ad
2258 377 2357 429 hoc
2403 377 2631 446 Spiritus
2675 388 2890 433 sanctus
2918 379 3061 451 cogit
3086 379 3155 436 de
3204 383 3451 450 passione
3479 400 3579 439 sua

333 468 461 521 sarii
478 468 621 522 vires
645 477 850 534 pensat.
868 467 1002 533 Quid
1022 482 1248 537 namque
1270 484 1366 523 nos
1388 470 1486 523 nisi
1505 469 1675 538 pulvis
1689 471 1910 525 sumus?

330 558 474 625 Quid
502 572 626 612 vero
657 558 745 612 ille
776 560 874 611 nisi
919 575 1056 613 unus
1083 570 1240 629 atque
1270 560 1323 615 in
1352 562 1663 617 caelestibus
1704 566 1904 632 spiriti-

334 649 471 715 bus,
501 659 553 704 et
582 651 721 719 quod
762 651 934 705 adhuc
964 652 1153 721 majus,
1183 653 1461 709 summus?
1490 656 1623 721 Quid
1666 658 1806 711 enim
1840 657 1905 712 de

332 744 546 810 propria
590 744 784 798 virtute
835 744 1057 810 audeat,
1108 746 1323 816 quando
1359 758 1541 803 contra
1594 750 1905 821 angelorum

329 837 628 905 principem
663 838 833 904 pulvis
866 840 1093 907 pugnat?
1125 840 1230 895 Sed
1260 842 1379 910 quia
1411 858 1760 912 supernorum
1792 849 1905 915 spi-

326 927 529 982 rituum
559 927 807 984 conditor
850 938 1119 985 terrenum
1161 946 1356 1001 corpus
1404 938 1728 1004 assumpsit,
1762 948 1903 992 recte

320 1016 438 1086 jam
471 1019 867 1085 superbientem
896 1021 1139 1089 angelum
1174 1023 1345 1090 pulvis
1379 1024 1594 1081 humilis
1624 1027 1806 1082 vincit.
1842 1029 1903 1083 Et

321 1108 542 1175 dignum
573 1119 655 1164 est
684 1120 741 1163 ut
768 1111 1015 1166 vincatur
1045 1114 1263 1181 pulvere
1288 1115 1379 1183 qui
1408 1116 1599 1171 fortem
1640 1132 1697 1171 se
1726 1119 1902 1173 credi-

320 1199 405 1251 dit
432 1198 648 1253 deserto
675 1198 951 1267 Creatore,
987 1212 1045 1255 ut
1069 1213 1351 1271 superatus
1380 1207 1618 1260 inveniat
1648 1210 1768 1276 quia
1803 1210 1900 1263 de-

318 1284 455 1340 fecit
483 1287 673 1342 elatus.
700 1287 862 1343 Valde
888 1299 1066 1344 autem
1096 1293 1323 1348 saeviens
1347 1294 1579 1360 anhelat,
1611 1297 1752 1365 quod
1777 1314 1896 1353 eum

316 1376 494 1444 ipsum
543 1378 647 1430 ima
692 1378 952 1445 crucient,
979 1379 1140 1436 homo
1184 1383 1249 1436 ad
1298 1397 1504 1438 summa
1546 1388 1894 1456 conscendat,

318 1469 464 1536 quod
516 1470 569 1523 in
607 1470 692 1524 illa
721 1471 1034 1527 celsitudine
1061 1475 1301 1542 subjecta
1343 1491 1470 1530 caro
1502 1489 1837 1547 permaneat,
1867 1496 1894 1534 a

316 1576 422 1627 qua
476 1570 655 1635 tantus
704 1564 819 1632 ipse
851 1564 1072 1634 spiritus
1121 1567 1240 1622 sine
1296 1568 1398 1624 fine
1447 1572 1713 1637 projectus
1735 1574 1891 1640 jacet.

316 1650 425 1704 Sed
457 1650 573 1705 loca
604 1652 861 1707 mentium
902 1656 1129 1709 mutavit
1159 1660 1291 1711 ordo
1322 1660 1654 1715 meritorum.
1692 1666 1779 1717 Sic
1806 1679 1892 1717 su-

2014 465 2291 520 Dominnm
2322 468 2588 522 Christum
2622 469 2821 534 dicere,
2853 479 2909 524 ut
2955 471 3181 539 populus
3227 474 3314 539 qui
3363 474 3581 545 ignora--

2008 556 2130 621 bat,
2165 559 2333 626 possit
2380 560 2601 614 audire:
2636 559 2735 615 Ubi
2770 561 2964 629 pascis,
2998 562 3046 614 id
3090 571 3193 628 est,
3225 563 3311 615 ubi
3352 566 3580 629 pateris?

2009 647 2076 701 Et
2106 649 2358 702 Dominus
2391 653 2715 718 respondet:
2748 653 2801 705 ln
2835 652 3154 721 meridiano,
3197 668 3315 707 cum
3348 656 3400 709 in
3432 667 3579 711 sexta

2007 739 2137 794 hora
2182 755 2274 810 per
2305 742 2534 796 medium
2586 745 2707 797 caeli
2756 746 2981 812 spatium
3026 745 3106 799 sol
3157 747 3338 814 igneus
3388 749 3441 800 in
3487 762 3582 803 sua

2006 832 2261 897 penderet
2314 832 2470 897 libra,
2503 842 2556 887 et
2605 849 2703 887 axe
2735 835 3066 902 ﬂammigero
3110 836 3277 889 divisa
3328 852 3577 890 mensura

2004 921 2157 987 cteli,
2194 922 2471 990 subjectas
2504 928 2718 978 umbras
2760 926 2946 994 clypeo
2991 926 3233 980 vibrante
3279 927 3575 995 colligeret,

2002 1026 2122 1066 cum
2147 1014 2329 1067 mundi
2365 1016 2622 1079 penderet
2653 1015 2836 1069 umbra
2867 1026 2920 1069 et
2946 1014 3101 1069 interi
3132 1017 3291 1070 simul
3317 1018 3367 1077 in
3399 1028 3577 1071 nocte.

2002 1102 2091 1158 Sic
2118 1105 2291 1157 onmis
2318 1104 2499 1158 Judzea
2536 1108 2725 1160 vestita
2755 1116 2838 1160 cst
2877 1109 3142 1171 caecitate,
3176 1109 3390 1177 quando
3437 1109 3577 1163 furi-

1999 1193 2177 1249 bundo
2210 1194 2406 1264 impettt
2445 1196 2790 1250 clamabant:
2825 1196 3099 1267 Cruciﬁge,
3128 1200 3366 1268 cruciﬁge
3416 1199 3570 1270 (Luc.

1999 1286 2177 1354 χχιιι).
2204 1284 2350 1339 Sicut
2374 1288 2550 1339 omnis
2579 1297 2823 1341 creatura
2856 1301 3001 1343 sexta
3035 1290 3165 1343 hora
3198 1305 3300 1343 non
3331 1291 3461 1344 vidit
3489 1308 3578 1343 so-

1999 1374 2126 1439 lem,
2157 1376 2235 1429 sic.
2266 1375 2520 1444 quidquid
2562 1380 2661 1432 sub
2690 1380 2827 1432 caelo
2853 1379 3086 1447 jacebat,
3115 1380 3298 1433 didicit
3326 1382 3577 1448 majesta-

2002 1473 2106 1518 tem
2143 1466 2330 1533 (parva
2354 1467 2496 1520 enim
2523 1468 2688 1537 dico),
2722 1470 2801 1523 sic
2835 1471 3007 1523 lumen
3034 1471 3230 1524 Christi
3262 1473 3349 1537 qui
3382 1472 3430 1523 in
3461 1474 3577 1526 sole

1994 1561 2176 1628 posuit
2205 1562 2597 1615 tabernaculum
2626 1577 2805 1630 suum,
2833 1566 3106 1617 universas
3130 1574 3314 1633 gentes
3339 1565 3573 1633 collegit,

1995 1659 2050 1704 et
2083 1652 2441 1706 conscientias
2491 1664 2700 1708 nostras
2743 1656 2849 1708 alta
2883 1665 3039 1709 nocte
3081 1667 3373 1724 temporum
3428 1666 3573 1709 tctus

315 1744 501 1813 ρει-δίε,
553 1747 748 1799 meum
776 1746 970 1817 deﬁci,
1005 1749 1083 1803 sic
1118 1748 1387 1805 humilius
1416 1754 1669 1819 exaltari,
1701 1766 1890 1824 quam-
1925 1730 1971 1789 B
2000 1742 2240 1798 intravit.
2288 1744 2546 1812 Pependit
2594 1750 2644 1799 in
2702 1762 2864 1800 cruce
2917 1757 3067 1801 sexta
3129 1749 3256 1802 hora
3315 1749 3573 1801 Dominus

314 1850 421 1888 nus
433 1847 486 1889 et
516 1838 750 1891 caelestis
776 1839 995 1906 spiritus
1016 1842 1270 1910 erigendo
1296 1857 1355 1896 se
1378 1851 1631 1898 tartarum
1655 1846 1888 1913 tolleret,

312 1936 374 1982 et
403 1936 538 1981 terra
590 1930 803 1984 humilis
835 1932 951 1984 sine
1004 1934 1233 1987 termino
1275 1949 1441 2003 super
1467 1938 1631 1991 caelos
1663 1949 1885 2009 regnet:

317 2029 603 2086 praestante
633 2019 860 2076 Domino
911 2032 1095 2078 nostro
1119 2024 1243 2079 Iesu
1274 2027 1522 2096 Christo,
1555 2032 1642 2098 qui
1672 2032 1801 2086 vivit
1834 2040 1889 2088 et

315 2120 507 2180 regnat
534 2112 586 2166 in
618 2114 812 2169 saecula
838 2117 1183 2173 saeculorum.
1214 2120 1403 2174 Amen.

846 2231 1120 2286 HOMILIA
1162 2231 1372 2288 CXXV.

695 2338 746 2378 aN
791 2338 946 2378 FERIA
984 2337 1219 2379 SECUNDA
1259 2340 1493 2382 ΡΑΒΕΕΒ.

704 2432 803 2505 (Ex
837 2434 969 2504 Opp.
1012 2435 1181 2489 sancti
1211 2434 1496 2506 Gregorii.)

387 2521 455 2576 In
490 2522 580 2577 illo
622 2533 846 2591 tempore
869 2527 969 2579 duo
996 2543 1057 2580 ea:
1082 2527 1349 2597 discipulis
1387 2526 1512 2581 Iesu
1540 2528 1677 2583 ibant
1717 2530 1771 2583 in
1800 2547 1889 2585 ca-

308 2612 515 2666 stellum
536 2614 671 2682 quod
701 2623 806 2667 erat
830 2616 882 2668 in
906 2617 1069 2684 spatio
1093 2617 1371 2670 stadiorum
1393 2620 1657 2688 sexaginta
1678 2622 1742 2673 ab
1767 2620 1890 2675 Hie-

311 2704 558 2771 rusalem,
588 2706 795 2759 nomine
820 2704 1033 2772 Emaus,
1068 2716 1173 2762 etc.
1202 2707 1357 2778 (Luc.
1388 2710 1568 2777 mu.)

389 2796 444 2849 ln
472 2798 775 2867 quotidiana
806 2801 958 2854 vobis
991 2800 1363 2868 solemnitate,
1400 2813 1503 2858 etc.
1534 2800 1749 2873 Reliqua
1777 2806 1890 2861 vide

308 2888 453 2954 apud
474 2898 703 2941 sanctum
731 2888 1033 2961 Gregorium
1055 2934 1069 2958 ,
1107 2891 1329 2962 Operum
1356 2894 1467 2963 ejus
1504 2904 1637 2950 tomo
1666 2895 1754 2957 ll.
1781 2895 1889 2954 Pa.

306 2976 545 3050 trologiw
571 2978 831 3046 LXXVI,
861 2981 961 3036 col.
991 2982 1149 3037 “8'2.

825 3093 1105 3149 IIOMILIA
1144 3095 1356 3151 CXXVI

696 3198 750 3239 IN
787 3200 944 3240 FER“
983 3198 1218 3242 SECUNDA
1256 3202 1490 3243 PASCBB.

723 3298 827 3370 (Ex
850 3301 986 3367 Opp.
1003 3300 1173 3354 sancti
1199 3300 1460 3370 Maximi.)

386 3385 763 3442 Exsurtannum
820 3390 975 3445 nobis
1022 3402 1139 3457 est,
1188 3390 1381 3447 fratres
1410 3394 1727 3458 cbarissimi,
1775 3406 1879 3451 etc.

306 3478 528 3547 Reliqua
571 3481 681 3532 vide
718 3480 848 3534 inter
893 3480 1061 3552 Opera
1085 3483 1249 3537 sancti
1279 3482 1531 3552 Maximi,
1570 3483 1882 3557 Patrologiw

303 3580 443 3625 toruo
466 3569 653 3639 LVII,
682 3574 780 3627 col.
805 3573 929 3627 590.

802 3662 1078 3718 HOMILIA
1122 3661 1376 3718 CXXVII.

726 3769 777 3809 ΙΝ
807 3770 965 3810 ΙἚΜΑ
996 3771 1193 3810 TERTIA
1223 3768 1459 3810 PASCIIE.

600 3845 701 3917 (Ex
732 3846 870 3916 Opp.
893 3861 1015 3901 ven.
1054 3848 1207 3899 Beda:
1242 3846 1583 3915 presbyteri.)

382 3939 447 3993 In
476 3939 565 3994 illo
609 3949 830 4010 tempore
870 3940 1003 3993 stetit
1032 3938 1182 3993 .lesus
1218 3939 1271 3991 in
1314 3938 1480 3993 medio
1513 3938 1880 4004 discipulorum

297 4049 541 4100 suorum,
573 4042 620 4087 et
659 4034 785 4087 dixit
831 4035 943 4086 eis:
972 4031 1086 4085 Pax
1121 4032 1277 4096 vobis,
1306 4046 1397 4101 ego
1432 4047 1565 4098 sum,
1596 4030 1755 4085 nolite
1799 4033 1877 4084 ti-

298 4141 459 4188 mere,
491 4136 597 4179 etc.
623 4125 772 4194 (Luc.
797 4128 969 4193 xxiv.)

380 4215 799 4270 Rcsurrectiouis
824 4229 934 4269 suae
954 4216 1180 4284 gloriam
1205 4214 1458 4268 Dominus
1474 4222 1528 4268 et
1550 4212 1877 4283 Redemptor

297 4314 506 4369 noster,
533 4316 636 4361 etc.
660 4305 871 4376 Reliqua
893 4308 1078 4360 videsis
1107 4309 1246 4374 apud
1269 4322 1381 4360 ven.
1406 4304 1621 4374 Bedam,
1647 4306 1875 4379 Operam

292 4398 415 4468 ejus
439 4409 572 4453 torno
604 4396 668 4465 V,
702 4397 1007 4467 Patrologiaz
1032 4397 1239 4464 XCIV,
1265 4399 1364 4452 col.
1394 4398 1515 4455 I59.

788 4489 1069 4544 HOMILIA
1107 4488 1415 4546 CXXVIII.‘

728 4596 778 4634 IN
806 4596 963 4635 FEBIA
993 4594 1186 4635 TERTIA
1216 4594 1451 4637 PASCHE.

695 4670 797 4741 (Ex
825 4670 960 4737 Opp.
988 4671 1155 4724 sancti
1195 4671 1496 4739 Cypriani.)

377 4758 817 4829 Sapientissimus
848 4760 1134 4825 Salomon,
1180 4758 1299 4813 fons
1342 4760 1636 4826 sapientiae,
1682 4773 1874 4815 censor

293 4851 525 4922 justitia:
553 4859 610 4905 et
655 4852 909 4919 magister
952 4850 1266 4918 disciplinae,
1296 4850 1348 4903 in
1380 4849 1611 4904 Canticis
1640 4852 1873 4905 cantico-

299 4959 423 4998 sum
457 4943 534 4997 sic
562 4941 701 4996 fatus
747 4952 864 4997 est:
903 4941 1000 4995 Ubi
1030 4943 1236 5010 pascis?
1277 4942 1361 4995 ubi
1387 4944 1600 4995 manes?
1626 4942 1690 4996 In
1720 4945 1873 4999 meri-

298 5036 462 5089 diano
505 5035 676 5104 (Cant.
712 5035 772 5103 t).
806 5034 935 5102 Quis
967 5034 1358 5104 interrogabat?
1390 5033 1505 5089 Vox
1536 5045 1619 5089 est
1648 5035 1874 5103 Spiritus

303 5128 679 5198 interrogantis
728 5128 1008 5181 Dominum
1047 5125 1319 5179 Christum
1353 5143 1367 5179 :
1397 5125 1485 5179 ubi
1534 5126 1738 5193 pascis?
1787 5126 1874 5181 ubi

305 5218 537 5274 manes?
567 5219 633 5271 Et
662 5219 751 5271 ille
777 5236 789 5271 :
822 5218 878 5272 In
921 5217 1233 5271 meridiano.
1261 5215 1328 5270 Et
1376 5216 1654 5279 miramur,
1685 5216 1874 5271 fratres

303 5311 677 5380 dilectissimi,
725 5311 865 5380 quod
916 5311 1209 5379 interrogat
1254 5310 1482 5379 Spiritus
1531 5320 1765 5373 sanctus,
1809 5323 1875 5364 eo

299 5406 447 5476 quod
473 5420 579 5460 non
630 5406 788 5459 habet
815 5416 972 5473 opus,
998 5402 1085 5458 cui
1117 5412 1259 5457 totus
1306 5410 1465 5457 notus
1494 5412 1577 5457 est
1625 5401 1874 5467 mundus,

299 5498 394 5569 qui
445 5506 567 5551 ante
603 5505 811 5564 tempus
842 5495 959 5559 fuit,
984 5507 1084 5548 nec
1128 5492 1334 5546 initium
1381 5491 1585 5557 habuit,
1609 5492 1743 5545 sicut
1783 5492 1878 5546 ille

303 5587 593 5658 aliquando
647 5586 803 5640 tinem
850 5582 1107 5639 habebit:
1136 5596 1206 5638 ne
1241 5595 1363 5651 qua:
1402 5583 1671 5637 aeternitas
1720 5580 1879 5637 habet

304 5689 538 5743 atatem,
569 5689 660 5734 aut
685 5676 973 5748 aliquando
1008 5675 1189 5744 finem,
1218 5688 1338 5746 qua:
1381 5674 1552 5729 nescit
1593 5672 1873 5743 originem.

1911 3078 1958 3141 ϐ

1903 4444 1958 4506 D

1992 1831 2255 1900 Christus,
2304 1843 2358 1889 et
2403 1837 2483 1891 sol
2536 1838 2786 1904 pependit
2834 1849 2889 1891 ut
2936 1839 3181 1893 famulus.
3248 1841 3379 1894 Cum
3432 1843 3571 1894 latus

1991 1924 2185 1980 Christi
2234 1928 2413 1982 lancea
2447 1929 2765 1996 perforatur,
2798 1933 2864 1984 ab
2911 1932 3039 1984 hora
3090 1944 3240 1987 sexta
3304 1950 3468 2003 usque
3502 1936 3569 1989 ad

1991 2004 2185 2070 nouam
2213 2018 2343 2071 solis
2386 2020 2599 2074 claritas
2642 2020 2932 2088 jugulatur.
2963 2024 3129 2091 Luget
3157 2026 3351 2079 emtum
3384 2037 3569 2079 aucto-

1991 2122 2125 2175 rem,
2159 2109 2389 2177 perdidit
2433 2111 2645 2164 oculum
2676 2113 2813 2181 dies,
2841 2124 2893 2167 ct
2941 2116 3156 2168 orbatus
3209 2116 3366 2169 fibula
3417 2121 3565 2181 (τωιι,

1995 2198 2135 2252 velut
2179 2214 2285 2252 nox
2330 2198 2468 2253 facta
2518 2213 2601 2256 est
2650 2203 2784 2269 dies,
2816 2215 2870 2258 et
2908 2205 3084 2260 subito
3131 2208 3419 2263 adveniens
3461 2225 3567 2264 nox

1989 2300 2221 2345 excirent
2266 2294 2588 2348 claritatem.
2621 2294 2911 2365 Propterea
2958 2296 3011 2351 in
3064 2300 3309 2366 passione
3359 2302 3567 2354 Domini

1984 2377 2113 2435 .Iesu
2138 2381 2334 2436 Christi
2374 2385 2519 2438 velut
2566 2399 2669 2439 nox
2716 2386 2852 2441 facta
2900 2399 2982 2443 est
3028 2389 3166 2456 dies,
3197 2392 3319 2458 quia
3369 2392 3421 2446 iu
3454 2395 3569 2461 ejus

1986 2475 2381 2530 resurrectione
2410 2491 2514 2529 nox
2541 2477 2833 2531 declaravit
2864 2490 2920 2532 ut
2949 2480 3083 2543 dies,
3129 2480 3266 2535 sicut
3312 2486 3567 2550 scriptum

1987 2573 2071 2619 est
2094 2582 2106 2617 :
2139 2563 2277 2629 Quia
2307 2567 2524 2619 tenebrat
2552 2583 2654 2620 non
2683 2569 3081 2624 obscurabuntur
3100 2588 3130 2623 a
3160 2582 3225 2638 te,
3252 2584 3298 2626 et
3321 2590 3421 2627 uox
3442 2576 3571 2626 sicut

1988 2657 2096 2709 dies
2116 2656 2488 2709 illuminabitur
2526 2657 2700 2729 (Psal.
2724 2664 3002 2731 cxxxvut).
3040 2664 3291 2718 Peccaret
3321 2678 3564 2720 creatura

1988 2747 2036 2801 si
2077 2759 2184 2800 non
2233 2748 2436 2816 lugeret
2484 2745 2825 2814 Creatorem;
2861 2753 2945 2804 vel
2994 2752 3127 2816 dies,
3168 2753 3213 2806 si
3262 2768 3410 2806 suam
3459 2769 3564 2808 non

1987 2838 2363 2895 consciuderet
2407 2848 2631 2893 vestem.
2663 2841 2843 2895 Judzea
2874 2842 2993 2910 jure
3023 2844 3309 2897 admiserat
3342 2845 3563 2899 sacrile-

1987 2930 2152 3000 gium,
2184 2932 2229 2986 si
2280 2945 2386 2984 non
2416 2931 2640 2985 crimine
2684 2946 2780 2985 suo
2810 2942 2959 2986 sexta
2991 2934 3119 2985 hora
3170 2934 3479 3000 palpitaret,
3512 2942 3565 2987 et

1987 3023 2117 3077 solis
2144 3023 2358 3077 caecitas
2389 3021 2753 3078 testimonium
2800 3023 3125 3092 perhiberet.
3150 3025 3429 3078 Autecedit
3461 3024 3563 3078 Do-

1989 3116 2194 3170 minum
2224 3116 2288 3169 ad
2319 3116 2517 3170 iuieros
2543 3115 2680 3180 dies,
2711 3131 2817 3170 nox
2851 3126 3047 3169 aeterna
3075 3116 3215 3186 quod
3265 3116 3563 3185 ignorabat,

1985 3205 2197 3271 didicit,
2226 3207 2349 3261 Dies
2373 3217 2583 3260 noctem
2612 3222 2769 3276 quam
2799 3208 3069 3261 nesciebat
3094 3211 3327 3275 expavit,
3354 3209 3564 3265 dicente

1987 3296 2153 3351 David
2174 3312 2191 3351 :
2213 3295 2280 3350 In
2305 3298 2408 3351 sole
2432 3299 2596 3363 posuit
2616 3295 2994 3350 tabernaculum
3014 3314 3163 3351 suum
3184 3297 3361 3369 (Psal.
3376 3300 3557 3367 xvttt).

1985 3386 2131 3441 Bene
2172 3386 2405 3442 ostendit
2436 3388 2839 3442 tabernaculum
2867 3401 3019 3442 suum
3050 3387 3320 3455 Christus,
3346 3403 3559 3445 crucem

1986 3477 2275 3548 hospitium
2308 3480 2547 3548 corporis
2575 3480 2676 3544 sui,
2706 3480 2758 3533 in
2781 3495 2880 3549 qua
2907 3496 3008 3534 una
3036 3481 3271 3543 macerie
3294 3481 3558 3537 destinata

1978 3569 2199 3640 jugulati
2228 3580 2355 3625 sunt
2383 3572 2560 3626 inferi.
2584 3572 2773 3627 Adhuc
2802 3576 2994 3639 pendet
3019 3574 3071 3627 in
3097 3574 3327 3629 macerie.
3350 3576 3552 3631 Christi

1981 3678 2191 3732 corpus,
2223 3675 2278 3719 et
2318 3666 2425 3734 jam
2473 3667 2769 3721 debellatur
2815 3666 3037 3725 inferas.
3070 3670 3284 3726 Timent
3337 3682 3546 3728 terrore

1983 3759 2166 3810 tartari
2198 3758 2474 3827 majestate
2502 3760 2799 3827 peregrina.
2830 3759 2971 3813 Mors
2996 3762 3063 3816 ab
3093 3762 3277 3818 inferis
3306 3765 3428 3818 dum
3460 3765 3557 3820 de-

1981 3849 2107 3915 cipit
2137 3848 2284 3916 fugit,
2319 3864 2347 3901 a
2375 3850 2485 3903 suis
2505 3849 2715 3905 sedibus
2744 3866 2889 3906 mors
2916 3856 3130 3908 exclusa
3160 3859 3323 3911 currit
3350 3859 3415 3911 ad
3444 3873 3556 3915 cm-

1981 3940 2113 4009 Iunt,
2141 3939 2276 3993 vidit
2305 3956 2462 4009 quam
2495 3956 2599 3995 non
2636 3953 2859 3997 noverat
2889 3956 3120 4001 noctem.
3149 3948 3358 4002 Pallent
3382 3961 3544 4015 astra,

1984 4032 2164 4085 tremit
2192 4039 2357 4099 terra,
2391 4034 2669 4088 turbantur
2698 4036 2980 4101 elementa,
3015 4040 3311 4106 procedunt
3348 4055 3414 4094 ex
3443 4044 3554 4097 suis

1981 4121 2199 4175 tumulis
2228 4122 2436 4175 funera.
2467 4123 2651 4192 Neque
2680 4127 2823 4179 enim
2852 4128 3095 4196 sepulcra
3143 4131 3374 4198 aliquam
3420 4147 3546 4201 par-

1983 4222 2091 4266 tem
2122 4214 2361 4280 corporis
2393 4224 2576 4269 tenere
2616 4224 2921 4283 potuerunt,
2954 4218 3166 4286 quando
3210 4221 3449 4288 gehenna
3480 4223 3550 4277 si-

1980 4303 2092 4356 mul
2130 4311 2411 4371 crepuerat
2439 4311 2568 4357 tota.
2598 4305 2678 4358 Ad
2713 4305 2812 4358 hoc
2842 4306 2983 4359 enim
3034 4322 3280 4363 reversus
3324 4318 3406 4364 est
3432 4310 3549 4366 dies

1980 4390 2050 4446 ad
2092 4394 2363 4461 proprium
2409 4402 2626 4459 statum,
2657 4396 2777 4462 quia
2807 4396 2872 4448 ad
2905 4411 3089 4451 verum
3114 4398 3254 4473 diem
3299 4414 3551 4455 reversus

1981 4492 2065 4538 est
2089 4492 2273 4538 auctor
2301 4486 2386 4553 qui
2420 4484 2544 4538 fecit
2589 4485 2727 4540 hunc
2756 4486 2920 4551 diem,
2950 4488 3086 4542 sicut
3125 4489 3379 4559 scriptum
3428 4497 3547 4547 est:

1982 4574 2112 4630 Haec
2134 4586 2207 4629 est
2235 4576 2339 4629 dies
2381 4592 2534 4645 quam
2564 4578 2680 4643 fecit
2712 4576 2961 4633 Dominus
3001 4578 3173 4649 (Psal.
3201 4580 3387 4652 cxvn).
3413 4582 3549 4636 Pro-

1979 4675 2160 4737 pterea
2211 4668 2474 4722 elementa
2519 4669 2779 4736 rccipiunt
2821 4673 3055 4738 speciem
3101 4687 3286 4739 suam,
3333 4673 3456 4743 quia
3503 4673 3551 4728 si

1978 4760 2158 4815 omnia
2189 4775 2309 4813 cum
2355 4761 2504 4815 ruina
2553 4762 2733 4814 mundi
2778 4764 3037 4829 perirent,
3085 4763 3243 4818 hodie
3289 4778 3395 4818 non
3432 4776 3550 4821 erat

1978 4850 2066 4919 qui
2098 4850 2343 4915 timeret,
2388 4860 2443 4905 et
2483 4850 2603 4905 ideo
2643 4852 2696 4904 in
2742 4851 2844 4905 fide
2883 4851 3079 4905 Christi
3130 4862 3269 4907 totus
3316 4855 3548 4909 mundus

1981 4954 2118 4992 unus
2146 4947 2228 4993 est
2258 4940 2404 4994 locus
2428 4957 2441 4991 :
2468 4940 2601 4994 adeo
2631 4939 2729 4994 hoc
2772 4955 2961 4994 nomen
2994 4955 3086 5008 per
3129 4950 3298 4995 terras
3326 4943 3544 5013 volavit,

1981 5031 2245 5098 navigavit
2274 5046 2366 5099 per
2410 5031 2600 5097 undas,
2629 5030 2749 5099 quia
2798 5029 3014 5097 spiritus
3061 5044 3164 5085 non
3216 5030 3375 5086 habet
3422 5032 3554 5099 iter,

1980 5137 2077 5176 nec
2107 5122 2238 5176 ﬁdes
2282 5123 2567 5189 aliquando
2611 5124 2802 5191 quaerit
2847 5131 3133 5177 vectorem.
3160 5120 3296 5189 Quid
3339 5122 3550 5178 dictura

1980 5224 2060 5270 est
2084 5214 2266 5269 Judzea
2306 5216 2565 5268 adversus
2613 5213 2893 5268 Dominum
2926 5212 3213 5277 Christum,
3245 5226 3407 5281 quem
3448 5229 3546 5267 na-

1985 5315 2094 5359 ttttu
2127 5307 2280 5359 stella
2320 5304 2644 5373 Ilammigera
2671 5304 3071 5368 demonstravit,
3098 5312 3152 5359 et
3180 5318 3388 5372 passum
3419 5304 3547 5360 solis

1981 5396 2189 5450 caecitas
2220 5394 2541 5449 declaravit?
2572 5393 2686 5447 Jam
2715 5393 2941 5463 perdidit
2960 5395 3366 5449 aestimationem
3395 5407 3549 5450 suam

1977 5486 2208 5543 humana
2257 5486 2536 5554 superbia,
2584 5484 2705 5554 quia
2755 5496 2935 5539 uatum
2985 5482 3263 5538 Dominum
3311 5484 3547 5551 audivit,

1980 5593 2190 5648 passum
2219 5578 2371 5633 vidit.
2414 5578 2636 5646 Expavit
2681 5577 2901 5646 populus
2943 5584 3058 5644 post
3104 5576 3549 5632 resurrectionem

1982 5668 2211 5726 videndo
2240 5683 2464 5736 novum,
2492 5676 2612 5737 post
2650 5666 2847 5724 inferos
2884 5679 3101 5731 sanum,
3129 5673 3184 5722 et
3224 5672 3343 5737 post
3369 5666 3549 5725 clavos
