3972 6340
584 288 710 361 1351

1438 308 1640 376 pauiu
1685 310 1955 381 DIACONI
1995 324 2145 380 om).
2180 306 2364 409 rans
2404 326 2468 387 ιι.
2505 356 2577 371 -
2616 300 2965 385 ASCETICA.

3587 345 3681 404 1332

564 434 618 480 et
651 434 875 497 mortem
915 427 1085 499 ipsum
1128 430 1318 489 iterum
1350 436 1414 491 ad
1459 436 1669 493 Patrem
1717 441 1962 496 vehiculo
2007 442 2140 497 lucis
2165 416 2217 483 Α
2244 414 2477 478 "“S‘r'mi
2544 416 3017 480 Ῡθδηντδευοηθὼο
3072 416 3277 491 Μίδην
3331 426 3495 497 ίηαίηίν
3532 442 3609 489 ⁷⁸⁸⁸
3646 455 3683 496 πι

563 531 733 586 usque
773 519 841 574 ad
885 522 1050 577 caelos
1097 526 1342 593 evolare,
1386 530 1608 597 populus
1657 534 1861 599 supinis
1908 535 2139 590 vultibus

559 608 819 665 adorabat
845 630 858 665 :
889 621 942 668 et
968 629 1035 669 ne
1064 625 1205 669 totus
1232 618 1424 683 abiret,
1460 632 1552 689 per
1595 635 1988 680 sacramentum
2017 644 2139 681 cor-

559 699 707 770 poris
739 700 790 754 in
821 701 1016 757 nostris
1042 705 1295 760 cordibus
1331 722 1390 762 se
1430 709 1632 765 divisit.
1668 712 1798 767 Dum
1831 730 1952 770 eum
2002 717 2134 769 intra

556 791 939 849 conscientiam
968 807 1203 852 nostram
1232 814 1327 867 per
1359 801 1517 856 ﬁdem
1552 814 1846 871 portamus,
1878 809 2132 879 martyrio

557 897 656 951 per
699 886 1037 953 sanguinem,
1085 889 1358 957 virginitas
1409 907 1502 961 per
1544 894 1821 962 pudorem,
1869 897 2136 966 totiusque

557 975 678 1046 (sic)
726 977 910 1045 populi
941 978 1256 1048 adorabant,
1287 1000 1391 1039 non
1437 986 1645 1052 ﬁentes,
1677 990 1771 1045 sed
1819 991 2130 1061 gaudentes,

557 1081 716 1135 quam
740 1070 976 1125 ostendit
1004 1073 1157 1127 nobis
1184 1076 1283 1130 iter
1303 1076 1369 1131 ad
1400 1078 1565 1134 caelos
1592 1079 1845 1135 Dominus
1867 1082 2130 1147 Christus,

554 1157 639 1227 qui
666 1158 792 1215 vivit
818 1169 871 1217 et
888 1163 1238 1231 regnatDeus
1266 1165 1319 1220 in
1347 1170 1547 1224 smcula
1572 1173 1907 1228 saeculorum.
1935 1174 2127 1229 Amen.

1043 1276 1320 1335 HOMILIA
1359 1281 1597 1338 CXXIX.

961 1363 1013 1403 IN
1044 1362 1202 1407 ΡΕΙΠΔ
1230 1366 1440 1415 ρυΑιιτΑ
1476 1370 1712 1411 Ρλεοιιιε.

864 1438 963 1511 (Es
995 1442 1132 1512 Opp.
1156 1444 1299 1499 beati
1323 1444 1567 1517 Gregorii
1600 1450 1798 1519 papae.)

613 1525 682 1582 In
723 1528 814 1585 illo
843 1539 1067 1601 tempore
1110 1536 1446 1605 mauifestavit
1476 1556 1527 1593 se
1557 1541 1738 1595 iterum
1772 1541 1925 1599 Iesus
1968 1546 2125 1601 disci-

548 1620 683 1688 pulis
708 1623 814 1677 suis
842 1626 912 1677 ad
938 1642 1079 1680 mare
1105 1626 1146 1680 Τ
1148 1628 1410 1685 iberiadis.
1440 1631 1789 1703 Manifestavit
1818 1645 1988 1692 autem
2027 1640 2122 1705 sic,

553 1719 658 1790 etc.
692 1711 872 1780 (Joau.
901 1715 1037 1785 ut.)

2244 510 2505 568 dexteram
2532 510 2749 583 partem.
2788 508 3057 570 Discretus
3086 524 3165 571 est
3194 532 3310 587 ergo
3334 522 3538 579 duimeriit
3558 540 3683 587 eorum

2240 598 2328 674 qui
2376 606 2441 659 ad
2489 598 2762 661 dexteram
2812 606 3048 662 stabunt.
3092 606 3379 665 Meministis
3406 614 3519 668 enim
3558 618 3682 675 Domi.

2240 712 2364 752 num
2422 690 2657 766 “dixisse,
2701 702 2981 755 venturum
3013 717 3069 757 se
3098 717 3211 756 esse
3252 714 3358 759 cum
3404 706 3685 777 ahgblitsuit:

2240 780 2309 843 Et
2346 792 2792 863 congregdbuutur
2820 798 2938 847 ante
2970 808 3083 847 eum
3124 804 3284 848 Omnes
3316 802 3476 866 gentes,
3500 808 3536 853 ei
3563 802 3688 859 diridu

2237 894 2324 935 eas
2364 878 2492 935 sicut
2520 890 2694 954 pastor
2735 885 2918 938 dividit
2947 901 3057 939 oves
3083 885 3141 939 αὖ
3180 886 3347 941 Inedia.
3376 887 3491 943 Dies
3514 898 3630 959 ponet
3648 899 3687 953 ad

2237 971 2534 1041 dexteritm,
2567 970 2750 1032 haedos
2783 977 2848 1031 ad
2878 976 3169 1032 sinistram.
3198 978 3379 1034 Ovibtis
3404 976 3590 1038 dicturus
3611 996 3689 1044 est:

2237 1064 2447 1133 Venite,
2488 1068 2745 1137 percipite
2777 1066 3032 1137 regnum;
3067 1066 3232 1124 hiedis
3260 1066 3470 1126 dicturus
3492 1080 3569 1139 est,
3592 1078 3691 1134 itein

2233 1155 2407 1223 ignetn
2454 1167 2710 1214 aeternum
2764 1152 2981 1230 (Matth.
3013 1156 3160 1229 xxv).
3205 1154 3379 1216 Mittite
3416 1162 3460 1217 iri
3492 1169 3690 1224 desieram.

2232 1244 2505 1317 Tanquam
2555 1248 2757 1305 diceret
2784 1265 2796 1303 :
2823 1249 2940 1306 tam
2973 1253 3199 1317 surrexi,
3231 1244 3491 1315 Ecclesium
3527 1256 3618 1311 vuln
3647 1276 3693 1311 5‘-

2231 1338 2505 1406 gniiicarc,
2535 1356 2653 1408 qua:
2680 1342 2782 1399 erit
2812 1344 2863 1398 iii
2896 1336 3279 1401 resurrectiohe
3304 1336 3596 1402 mortuorum.
3616 1346 3693 1403 ilit~

2231 1430 2322 1485 tite
2367 1424 2419 1486 in
2460 1430 2738 1491 dexteram.
2767 1430 2925 1491 Missa
2973 1432 3096 1492 suni
3139 1422 3263 1493 reiia
3308 1440 3354 1495 iit
3379 1426 3695 1509 desieramuiec

2229 1532 2478 1594 poterant
2507 1544 2567 1581 ea
2603 1526 2783 1585 levare
2828 1522 2939 1600 'prte
2990 1524 3321 1587 multitudine
3361 1536 3562 1602 piscium,
3586 1549 3621 1590 et
3653 1538 3696 1593 illi

2230 1616 2373 1673 dicta
2418 1631 2501 1675 est
2531 1620 2839 1688 multitudo,
2881 1622 2974 1678 sed
3020 1628 3197 1678 certus
3240 1618 3483 1694 numerus,
3511 1639 3547 1681 rt
3582 1630 3699 1682 multi-

2231 1712 2379 1774 tudo,
2420 1719 2476 1767 et
2527 1710 2871 1783 magnitudo?
2923 1708 2993 1770 ibi
3045 1725 3223 1771 autem
3270 1726 3466 1771 nonest
3506 1728 3696 1776 numerus

614 1778 797 1861 ῂεέιίο
822 1809 992 1864 sane“
1016 1778 1308 1881 ’θνδηεεηλ
1337 1830 1458 1884 qua,
1490 1818 1650 1873 modo
1678 1820 1734 1874 in
1763 1822 1984 1877 auribus
2026 1839 2123 1879 γε,
2155 1778 2203 1841 Β
2238 1798 2391 1859 Modo
2422 1815 2595 1860 autem
2643 1818 2925 1877 antequam
2958 1808 3137 1863 veniat
3182 1812 3498 1878 resurrectio,
3523 1824 3564 1866 et
3594 1829 3697 1880 sepa-

542 1899 668 1955 stris
696 1899 829 1955 lecta
860 1910 941 1956 est
960 1942 974 1966 ,
1007 1903 1197 1961 fratres
1227 1909 1363 1975 mei,
1388 1918 1494 1965 etc.
1527 1909 1746 1982 Reliqua
1774 1916 1956 1971 videsis
1981 1925 2123 1988 apud

538 2002 770 2047 sanctum
792 1992 1114 2066 Gregorium,
1146 1999 1369 2069 Operum
1394 2006 1504 2071 ejus
1531 2011 1669 2061 tomo
1692 2003 1780 2076 II,
1811 2007 2124 2083 Patrologia

539 2082 687 2140 LXX
707 2084 801 2153 VI,
828 2089 927 2141 col.
961 2090 977 2141 ι
998 2088 1117 2145 tat.

1072 2181 1349 2237 HOMILIA
1379 2181 1589 2241 CXXX.

952 2286 1005 2327 ιτς
1034 2288 1192 2327 FEBIA
1222 2288 1434 2336 QUARTA
1464 2291 1703 2334 PASCBE.

992 2362 1092 2432 (Ex
1121 2373 1306 2419 sancto
1336 2365 1676 2437 Maximino.)

611 2451 942 2506 Liberatoris
988 2454 1157 2508 nostri
1223 2456 1448 2522 piscatio
1495 2467 1676 2513 nostra
1722 2470 1805 2516 est
1852 2461 2118 2522 liberatio.

537 2542 678 2598 Duas
702 2551 880 2599 autem
911 2543 1240 2601 advertimus
1271 2546 1323 2600 in
1361 2559 1548 2604 sancto
1585 2551 1879 2621 Evangelio
1911 2555 2122 2613 Domini

532 2636 875 2706 piscationes.
911 2636 961 2691 id
991 2646 1092 2703 est,
1121 2640 1335 2707 quando
1379 2641 1445 2695 ad
1478 2643 1702 2721 verbum
1734 2646 1898 2713 ipsius
1950 2651 2119 2705 missa

533 2737 659 2784 sunt
705 2729 861 2784 retia.
891 2728 1059 2784 Unam
1092 2732 1236 2799 prius
1277 2731 1492 2801 quando
1533 2734 1826 2806 discipulos
1852 2740 2033 2810 elegit,
2068 2752 2117 2797 et

532 2821 673 2876 hanc
712 2823 934 2877 alterum
977 2824 1193 2892 quando
1220 2840 1248 2877 a
1280 2828 1505 2882 mortuis
1549 2831 1866 2889 resurrexit.
1899 2833 1990 2887 illa
2039 2834 2120 2902 pi-

530 2915 697 2969 scatio
721 2916 983 2985 signiﬁcat
1004 2917 1297 2973 Ecclesiam
1326 2920 1499 2988 qnalis
1523 2930 1609 2976 est
1642 2924 1824 2988 modo,
1860 2925 1957 2978 ista
1992 2940 2120 2981 vero

530 3016 652 3077 post
695 3012 1141 3065 resurrectionem
1210 3010 1421 3068 Domini
1486 3015 1754 3082 signiﬁcat
1821 3018 2116 3074 Ecclesiam

528 3102 701 3171 qualis
749 3102 928 3157 futura
974 3103 1075 3158 erit
1123 3102 1176 3157 in
1230 3103 1336 3160 ﬁne
1377 3106 1582 3161 szeculi.
1632 3108 1871 3177 Denique
1922 3110 1975 3164 in
2024 3112 2153 3177 illa;

529 3192 710 3261 priore
737 3192 1031 3261 piscatione
1073 3194 1233 3262 jussit
1276 3197 1412 3251 mitti
1446 3199 1600 3264 retia,
1635 3211 1690 3254 et
1740 3217 1843 3256 non
1875 3202 2017 3259 dixit
2060 3207 2113 3263 in

528 3298 686 3353 quam
729 3293 957 3354 partem,
988 3285 1083 3342 sed
1108 3290 1478 3343 tantummodo
1507 3299 1564 3344 ιιι
1592 3291 1932 3348 mitterentur
1978 3311 2116 3363 prte-

528 3378 691 3445 cepit.
725 3376 986 3432 Miserunt
1013 3379 1281 3451 discipuli,
1331 3398 1435 3436 non
1467 3380 1664 3438 dictum
1715 3393 1827 3450 est,
1882 3387 1935 3440 in
1983 3388 2114 3445 des-

527 3477 708 3523 tram:
743 3486 845 3525 non
876 3470 1073 3526 dictum
1099 3483 1198 3537 est,
1225 3475 1277 3527 in
1308 3475 1604 3530 sinistram.
1638 3476 1820 3532 Pisces
1840 3480 1989 3551 enim
2018 3480 2115 3535 bo-

532 3560 707 3615 mines
732 3560 1120 3630 signiﬁcabant.
1154 3563 1209 3618 Si
1242 3580 1370 3633 ergo
1395 3567 1686 3636 diceretur,
1718 3570 1771 3622 in
1801 3569 2108 3642 dexteram,

525 3656 624 3710 soli
670 3656 793 3713 boni
837 3657 995 3710 futuri
1040 3670 1254 3724 essent;
1287 3660 1332 3713 si
1377 3660 1665 3724 diceretur,
1699 3662 1752 3716 in
1804 3662 2107 3731 sinistram,

527 3747 628 3804 soli
659 3748 807 3802 mali.
834 3748 966 3814 Quia
1007 3764 1135 3805 vero
1167 3750 1403 3819 permisti
1450 3752 1607 3807 iuturi
1637 3761 1790 3807 erant
1832 3754 1884 3808 in
1916 3754 2107 3812 Eccle-

525 3839 604 3894 sia
636 3846 692 3894 et
716 3839 840 3895 boni
873 3852 925 3894 et
952 3843 1097 3908 moli,
1131 3844 1244 3897 sine
1272 3842 1571 3898 diﬁerentia
1605 3845 1767 3899 missa
1797 3856 1922 3901 sunt
1949 3846 2105 3912 retia,

528 3942 589 3989 ut
623 3944 941 4003 caperentur
987 3939 1158 4003 pisces
1202 3938 1564 4007 signiﬁcantes
1613 3940 1890 3994 misturam
1937 3940 2105 3996 bono-

522 4042 640 4082 rum
670 4038 724 4083 et
767 4028 1053 4084 malorum.
1088 4029 1290 4083 Deinde
1319 4039 1375 4085 et
1419 4030 1521 4084 hoc
1563 4031 1634 4084 ibi
1679 4031 1941 4100 scriptum
1988 4044 2100 4104 est,

522 4118 647 4187 quia
675 4128 874 4173 tantum
906 4120 1129 4187 piscium
1155 4130 1435 4189 ceperunt,
1459 4128 1516 4175 ut
1537 4123 1656 4174 duo:
1685 4122 1939 4178 navicula)
1964 4139 2097 4180 mer-

523 4219 794 4278 gerentur,
848 4211 948 4266 hoc
994 4221 1109 4278 est,
1158 4220 1218 4265 ut
1277 4213 1652 4268 submersione
1712 4220 2100 4283 premerentur.

522 4301 635 4353 Non
662 4304 804 4355 enim
835 4302 1128 4357 submersa:
1161 4312 1285 4358 sunt
1314 4305 1432 4358 dua:
1461 4305 1567 4359 illia
1592 4306 1870 4373 naviculae,
1895 4307 1989 4362 sed
2012 4324 2103 4377 pe-

517 4392 787 4446 riclitante
823 4393 1161 4450 multitudine
1202 4397 1449 4463 piscium.
1472 4397 1840 4466 Signiﬁcatum
1865 4411 1946 4454 est
1973 4399 2100 4455 hinc

2230 1904 2416 1951 rentur
2460 1898 2584 1953 boni
2625 1896 2654 1953 a
2696 1890 2871 1967 malis,
2906 1902 3032 1956 illud
3084 1902 3330 1972 impletur
3368 1904 3488 1972 quod
3527 1908 3581 1960 ait
3615 1923 3699 1981 pro:

2229 1986 2386 2061 pheta
2416 2010 2426 2044 :
2454 1988 2764 2046 Annuutiavi
2789 1984 2837 2048 et
2862 1996 3059 2049 locutus
3086 2011 3221 2067 sum,
3247 2000 3370 2051 retia
3398 1998 3519 2065 misi,
3538 2007 3578 2053 et
3596 1999 3700 2068 quid?

2231 2080 2562 2153 Multiplicati
2604 2094 2719 2139 sunt
2770 2088 2921 2156 super
2967 2080 3233 2141 numerum
3274 2078 3701 2161 (Psai.nxu).Nu-

2229 2190 2409 2231 merus
2454 2178 2518 2231 ad
2560 2188 2774 2234 sanctos
2807 2179 3055 2249 pertinet,
3085 2181 3176 2251 qui
3222 2190 3342 2236 sunt
3382 2176 3700 2253 regnaturicum

2228 2266 2466 2322 Christo.
2492 2267 2667 2335 Super
2696 2274 2977 2325 numerum
3007 2272 3171 2327 modo
3202 2272 3253 2327 in
3286 2273 3543 2329 Ecclesiam
3565 2274 3699 2327 intrare

2230 2371 2477 2429 possunt,
2514 2363 2564 2415 in
2616 2374 2842 2429 regnum
2890 2374 2996 2418 non
3048 2375 3292 2434 possunt.
3324 2367 3483 2432 Quare
3520 2366 3701 2420 admoneo

2229 2463 2286 2507 ut
2315 2453 2559 2521 eripiatis
2590 2468 2685 2507 vos
2714 2454 2782 2509 de
2812 2457 3060 2523 praesenti
3092 2459 3294 2512 saeculo
3323 2460 3480 2522 malo;
3505 2458 3702 2527 quarcad-

2229 2544 2454 2597 moneoi
2484 2550 2539 2598 ut
2584 2546 2672 2613 qui
2718 2546 2878 2600 vultis
2924 2549 3126 2614 vivere,
3160 2565 3267 2603 non
3307 2549 3556 2605 imitemini
3593 2550 3703 2603 malos

2227 2633 2583 2691 Christianos.
2619 2638 2734 2691 Non
2785 2640 2974 2694 dicatis
2999 2657 3014 2695 :
3038 2640 3219 2708 Quare
3248 2641 3337 2696 ille
3366 2642 3517 2695 ﬁdelis
3541 2656 3618 2693 non
3639 2650 3703 2704 est,

2227 2739 2280 2783 et
2322 2729 2646 2801 inebriatur?
2673 2731 2847 2797 Quare
2878 2732 2969 2787 ille
3010 2746 3113 2788 non
3150 2734 3320 2788 ﬁdelis
3345 2742 3437 2799 est,
3466 2745 3513 2789 et
3534 2733 3704 2788 concubi-

2226 2802 2325 2874 nas
2369 2818 2562 2876 habet?
2604 2824 2777 2889 Quare
2824 2825 2912 2879 ille
2959 2840 3063 2880 non
3112 2828 3291 2882 ﬁdelis
3338 2837 3433 2895 est,
3463 2837 3508 2881 et
3546 2825 3704 2895 quotidie

2225 2914 2441 2969 frandes
2464 2915 2621 2970 facit?
2645 2918 2821 2984 Quare
2851 2919 2941 2973 ille
2967 2935 3075 2974 non
3102 2921 3281 2979 ﬁdelis
3303 2932 3400 2991 est,
3425 2934 3468 2979 et
3498 2922 3704 2977 mathema-

2226 3008 2359 3062 ticos
2390 3008 2656 3062 coiisulit?
2684 3010 2841 3064 Modo
2870 3014 3011 3066 enim
3035 3013 3125 3083 qui
3159 3010 3433 3070 volueritis
3458 3014 3557 3070 eis!
3576 3016 3700 3084 grins,

2174 3112 2352 3168 ',tunc
2402 3102 2745 3157 invenieinini
2789 3104 2841 3159 in
2890 3120 3084 3161 massa.
3136 3110 3241 3175 Qui
3286 3118 3454 3163 autem
3501 3106 3700 3160 volueritis

2226 3205 2345 3247 esse
2377 3195 2546 3261 palea,
2578 3194 2920 3253 inveniemini
2950 3199 3003 3253 in
3030 3214 3230 3269 magno
3252 3216 3454 3267 acervo,
3475 3202 3551 3255 scd
3577 3214 3703 3267 inagna

2223 3286 2343 3355 igne
2373 3287 2724 3344 incendendo.
2754 3289 2853 3357 Qui
2881 3306 3008 3360 ergo
3040 3293 3402 3358 adduxerunt,
3437 3296 3592 3364 inquit,
3616 3290 3703 3346 retia

2220 3379 2286 3434 ad
2316 3380 2501 3434 littus?
2530 3382 2715 3438 Petrus
2746 3383 2964 3438 adduxit
3013 3387 3145 3440 retia
3181 3390 3249 3442 ad
3290 3390 3451 3445 littus.
3481 3388 3699 3443 lilodocum

2217 3474 2550 3541 evangelium
2601 3473 2889 3544 legeretur,
2916 3477 3177 3547 audistis;
3226 3479 3317 3535 ubi
3357 3480 3555 3534 audistis
3591 3479 3704 3537 littus,

2216 3561 2494 3634 iutelligite
2526 3566 2684 3621 ﬁnem
2717 3570 2906 3635 maris;
2940 3570 3028 3623 ubi
3056 3572 3291 3629 audistis
3319 3574 3469 3629 ﬁnem
3493 3574 3634 3635 mariS.
3654 3570 3705 3622 in-

2217 3652 2437 3721 telligite
2468 3654 2628 3710 ﬁnem
2659 3658 2861 3713 saeculi.
2885 3657 2943 3731 in
2974 3661 3062 3715 illa
3094 3663 3391 3732 piscatione
3417 3681 3507 3718 non
3533 3665 3582 3718 ad
3606 3664 3702 3715 littus

2213 3750 2434 3798 attracta
2475 3755 2598 3799 sunt
2630 3749 2787 3814 retia,
2816 3748 2910 3821 sed
2941 3749 3040 3819 ipsi
3076 3754 3257 3821 pisces
3297 3756 3383 3825 qui
3423 3756 3541 3822 capti
3565 3756 3702 3807 suntin

2211 3837 2467 3892 naviculis
2498 3839 2596 3894 fusi
2636 3852 2786 3898 sunt.
2819 3841 2914 3899 Hic
2962 3856 3145 3901 autent
3202 3859 3472 3905 traxerunt
3510 3849 3562 3903 ad
3594 3849 3705 3901 littus.

2208 3926 2377 4000 Spera
2409 3932 2569 3987 ﬁnem
2608 3934 2811 3999 saeculi,
2841 3945 3094 3993 venturus
3120 3950 3209 3995 est
3238 3940 3358 3997 linis
3387 3942 3538 3996 bonus
3558 3941 3705 3993 dextri»

2208 4037 2357 4089 rum;
2402 4023 2572 4079 malus
2615 4026 2975 4082 sinistrarum.
3023 4030 3086 4085 Et
3130 4033 3264 4101 quid
3316 4033 3513 4106 pisces?
3538 4037 3707 4087 Attrare-

2207 4123 2364 4181 runt,
2411 4115 2613 4185 inquit,
2662 4119 2796 4172 retia
2845 4119 3090 4176 habentia
3144 4127 3326 4193 pisces
3376 4136 3562 4182 centum
3608 4124 3708 4193 quiu-

2203 4207 2454 4275 quagiuta
2505 4215 2632 4263 tres.
2664 4209 2732 4264 Et
2775 4211 2970 4281 adjecit
3013 4219 3345 4287 evangelista
3379 4235 3483 4274 rem
3526 4230 3705 4272 necessa-

2205 4298 2337 4351 riam
2364 4316 2376 4351 :
2411 4298 2474 4352 Et
2505 4316 2617 4354 cum
2647 4303 2798 4367 tanti,
2840 4304 2892 4359 id
2922 4314 3031 4372 est,
3075 4318 3183 4363 tam
3233 4313 3410 4381 magni
3451 4321 3606 4375 essent,
3639 4323 3703 4360 nos

2204 4399 2279 4443 est
2301 4393 2513 4445 scissum
2536 4404 2656 4448 rete.
2684 4395 2854 4464 Magni
2884 4409 3058 4464 erunt,
3086 4403 3183 4457 sed
3220 4404 3454 4459 haereses
3476 4419 3563 4457 non
3584 4407 3705 4459 eruul.

517 4485 636 4551 quia
671 4485 721 4537 in
768 4486 1103 4540 multitudine
1130 4502 1288 4556 quam
1334 4488 1622 4542 collectura
1666 4502 1783 4545 erat
1830 4490 2092 4559 Ecclesia,
2126 4500 2181 4568 Ῑ)
2204 4494 2254 4536 Gl
2283 4483 2402 4538 ideo
2433 4488 2598 4553 magis
2630 4489 2859 4557 “33mm
2890 4507 2991 4545 ηοω
3021 4508 3205 4560 erum.
3240 4500 3371 4566 quin
3407 4500 3559 4567 magni
3585 4503 3704 4548 θτυίιι

517 4572 879 4641 periclitatura
911 4570 1084 4626 fuerat
1110 4574 1413 4642 disciplina.
1448 4574 1511 4629 Et
1539 4576 1641 4631 hoc
1671 4576 1981 4647 adjunctum
2011 4590 2096 4635 est

517 4658 571 4718 in
603 4660 688 4716 illa
721 4661 1034 4730 piscatione.
1063 4673 1221 4730 atque
1271 4677 1537 4732 narratur,
1565 4668 1687 4737 quia
1719 4679 1771 4723 et
1820 4673 1952 4725 retia
1984 4688 2094 4739 prae

515 4752 856 4809 multitudine
886 4751 1108 4820 piscium
1133 4754 1343 4823 dirupta
1373 4766 1518 4810 sunt.
1552 4756 1770 4825 Dirupta
1801 4761 1933 4813 retia
1965 4762 2092 4828 quid

513 4844 974 4913 signiﬁcaverunt,
1028 4845 1130 4900 nisi
1180 4846 1355 4899 futura
1415 4848 1747 4902 schismata?
1800 4849 1923 4903 Tria
1962 4866 2090 4920 ergo

513 4940 611 4990 ista
651 4932 700 4988 iu
733 4936 819 4989 illa
870 4937 1164 5004 piscatione
1193 4936 1488 5006 signiﬁcata
1534 4947 1691 5003 sunt,
1734 4939 1954 4992 utistura
1997 4942 2089 4995 bo-

512 5034 701 5082 norum
748 5037 801 5082 et
855 5028 1147 5095 malorum,
1199 5044 1445 5097 pressura
1509 5032 1817 5093 turbarum,
1861 5045 2086 5099 separa-

510 5118 681 5171 tiones
728 5117 1118 5173 ha-reticorum.
1164 5118 1383 5174 Mistura
1415 5120 1676 5174 bonorum
1715 5122 2084 5189 etmalorum,

508 5210 629 5278 quia
658 5223 756 5265 nec
782 5211 835 5265 iu
877 5211 1151 5266 dexteram
1194 5204 1292 5268 nec
1342 5215 1396 5267 in
1432 5214 1711 5267 sinistram
1751 5214 1914 5270 missa
1956 5227 2087 5272 sunt

506 5302 658 5354 retia.
695 5302 951 5357 Pressura
1002 5306 1295 5371 turbarum,
1328 5307 1449 5375 quia
1502 5315 1707 5360 tantum
1738 5318 1950 5376 captum
1981 5322 2082 5377 est,

505 5396 564 5444 ut
594 5393 854 5447 navicula:
877 5406 1264 5461 premerentur.
1283 5396 1663 5466 Separationes
1688 5400 2080 5471 haereticorum,

504 5481 624 5548 quia
676 5490 821 5537 tanta
868 5482 1045 5540 fuerat
1088 5488 1396 5552 multitudo,
1431 5499 1486 5543 ut
1516 5492 1647 5544 retia
1686 5504 2081 5559 rumperentur.

506 5571 771 5639 Respicite
801 5588 941 5631 nunc
970 5577 1036 5631 ad
1086 5579 1243 5630 istam
1275 5579 1621 5647 piscationem
1661 5598 1780 5651 quae
1811 5585 1969 5640 hodie
1997 5602 2081 5641 re-

2205 4574 2302 4641 Qni
2335 4585 2458 4629 sunt
2490 4581 2699 4648 magni?
2734 4581 2872 4651 Lege
2900 4587 3060 4642 verba
3092 4588 3267 4658 ipsius
3297 4593 3495 4647 Demini
3523 4594 3565 4645 in
3589 4590 3705 4642 lit-au-

2200 4665 2357 4734 gelio,
2387 4678 2439 4723 et
2469 4671 2710 4729 invenies
2737 4691 2977 4746 magnos.
2999 4679 3087 4734 Ait
3114 4684 3264 4738 enim
3295 4686 3347 4740 in
3372 4686 3576 4754 quodam
3603 4685 3705 4735 loro:

2203 4760 2325 4817 Non
2361 4765 2470 4817 veni
2519 4767 2676 4835 Iegem
2714 4772 2924 4839 solvere,
2959 4776 3047 4828 sed
3087 4778 3396 4846 adimplere.
3430 4782 3571 4833 Aures
3608 4777 3705 4831 enim

2198 4852 2313 4908 dico
2336 4855 2493 4917 vobis,
2523 4860 2773 4924 quoniam
2801 4863 3103 4931 quicunque
3126 4869 3340 4924 solverit
3368 4887 3513 4924 unum
3537 4872 3588 4922 de
3604 4882 3703 4919 uian-

2194 4944 2330 4999 datis
2357 4945 2467 5000 istis
2496 4948 2738 5015 minimis,
2770 4960 2818 5006 et
2855 4954 3085 5011 docuerit
3112 4960 3187 5013 sic
3218 4962 3357 5015 bona
3389 4962 3607 5021 dicendo,
3630 4958 3703 5010 sol-

2193 5034 2329 5088 verit
2366 5038 2503 5092 male
2544 5041 2787 5113 vivendo,
2823 5047 3062 5105 minimus
3092 5053 3361 5108 vocabitur
3390 5057 3442 5109 its
3480 5068 3612 5124 regno
3637 5062 3703 5101 ce-

2193 5122 2360 5179 lorum
2410 5126 2728 5200 (Martiuv).
2770 5131 2875 5189 Sed
2924 5139 2978 5192 in
3023 5155 3128 5209 quo
3172 5160 3344 5215 regno
3395 5122 3705 5200 cmloiuiailu

2192 5218 2427 5274 Ecclesia
2469 5239 2588 5291 qute
2634 5226 2793 5283 modo
2847 5241 2961 5297 est,
2992 5235 3114 5303 quia
3163 5248 3219 5292 et
3272 5240 3385 5308 ipsa
3436 5248 3619 5294 vocatur
3648 5245 3706 5285 η-

2189 5327 2352 5381 gnum
2383 5317 2660 5374 caelorum.
2694 5322 2822 5376 Nam
2854 5325 2899 5379 si
2947 5343 3055 5383 non
3084 5342 3374 5387 vocaretur
3417 5346 3610 5403 regnata
3631 5339 3706 5382 ωι

2191 5403 2361 5460 lorum
2390 5415 2445 5462 et
2474 5408 2573 5462 ista
2626 5411 2860 5468 Ecclesia
2892 5430 3010 5485 qua
3040 5421 3245 5490 colligit
3276 5427 3444 5479 malos
3473 5435 3521 5480 et
3568 5424 3704 5477 bonos

2188 5512 2293 5552 non
2320 5499 2524 5556 diceret
2554 5504 2667 5570 ipse
2717 5505 2974 5565 Dominus
3001 5513 3054 5567 in
3090 5517 3346 5582 parabola
3390 5519 3621 5585 loquens:
3647 5510 3704 5563 Si-

2184 5594 2305 5646 mile
2343 5605 2416 5647 est
2446 5612 2660 5667 regnum
2703 5600 2946 5657 calorum
2988 5622 3191 5675 regem:
3227 5612 3403 5663 missa
3441 5612 3490 5662 in
3518 5622 3647 5661 utare.
3674 5614 3704 5653 at

2182 5700 2467 5755 congregat
2506 5690 2682 5745 omnia
2712 5707 2909 5761 genera
2958 5698 3178 5766 piscium
3233 5702 3453 5769 (Mattio.
3483 5700 3603 5766 sui).
3629 5694 3700 5748 Sed

2183 5792 2309 5833 ecce
2338 5780 2463 5848 quid
2503 5784 2784 5851 sequitur:
2815 5785 3000 5843 Simile
3036 5803 3108 5845 est
3147 5808 3364 5865 regnum
3404 5794 3615 5848 culorum
3643 5804 3703 5839 sa-

503 5662 793 5730 citatadest.
828 5666 987 5721 Facta
1016 5674 1100 5723 est
1128 5670 1270 5723 enim
1322 5678 1443 5739 post
1490 5676 1940 5732 resurrectionem
1969 5678 2077 5733 Do-

503 5755 654 5816 mini,
685 5767 735 5808 ut
775 5758 1094 5825 signiﬁcaret
1134 5761 1291 5817 talem
1339 5762 1569 5820 futuram
1617 5765 1914 5823 Ecclesiam
1960 5781 2079 5841 post
