3972 6340
277 448 414 506 1553

1258 439 1715 500 HOMILIARIUS.
1755 466 1824 478 --
1861 433 2024 491 ΗΟΜ.
2068 432 2153 487 DE
2196 430 2535 490 TEMPORE.

3377 437 3514 498 1534

271 556 419 639 genae
457 564 627 618 missa:
664 562 716 615 in
762 577 919 615 mare.
950 560 1153 629 Sagena
1203 561 1339 615 retia
1380 569 1522 625 sunt,
1554 565 1839 628 congregat
1866 556 1920 615 Α
1946 549 2127 603 volunt
2168 548 2352 602 decem
2376 557 2429 602 et
2459 559 2693 617 septem;
2723 528 2795 605 ibi
2818 558 2900 605 est
2936 552 3079 607 enim
3103 552 3510 614 fundamentum

272 654 451 725 omnia
495 670 686 718 genera
717 654 958 721 piscium.
988 653 1092 715 Sed
1129 651 1289 722 quid?
1330 652 1613 707 Attrahunt
1644 651 1732 704 illa
1766 651 1832 705 ad

271 744 438 799 littus.
485 744 597 798 Hoc
628 743 677 796 in
710 744 963 811 parabola
1008 743 1265 797 Dominus
1294 744 1439 797 dicit.
1472 744 1539 797 Et
1566 760 1686 798 cum
1731 755 1836 798 tra-

273 822 455 890 ierint
476 834 540 888 ad
572 836 735 899 littus,
764 833 952 887 sedent
977 843 1031 887 et
1058 834 1309 902 colligunt
1335 834 1501 888 bonos
1527 837 1578 888 in
1602 836 1834 899 vascula,

270 916 441 979 malos
470 933 646 976 autem
680 922 993 1003 projiciunt.
1018 924 1082 976 Et
1108 923 1349 991 exposuit
1375 923 1513 992 quod
1543 924 1834 992 proposuit,

269 1013 397 1082 quid
428 1013 566 1089 enim
613 1012 726 1066 ait?
767 1010 857 1066 Sic
905 1008 1003 1065 erit
1037 1012 1088 1065 in
1135 1012 1586 1066 consummatione
1635 1012 1834 1066 surculi.

270 1100 609 1161 intellexistis
660 1090 837 1175 littus?
874 1104 1113 1168 Venient,
1147 1105 1332 1173 inquit,
1380 1102 1550 1172 angeli
1592 1115 1645 1158 et
1690 1105 1839 1157 colli-

268 1209 394 1267 geut
425 1197 588 1250 malos
615 1197 680 1249 de
712 1182 884 1249 medio
913 1194 1197 1265 justorum,
1224 1205 1280 1249 et
1310 1193 1517 1248 mittent
1544 1209 1635 1247 eos
1666 1195 1716 1247 in
1749 1209 1837 1248 ca-

268 1282 468 1341 minum
503 1286 634 1355 igtiis
681 1274 945 1350 ardentis;
977 1268 1046 1338 ibi
1085 1286 1180 1337 erit
1208 1272 1377 1353 ﬂetus,
1407 1293 1453 1338 et
1491 1284 1678 1337 stridor
1707 1268 1833 1336 tien-

268 1380 413 1431 tium.
446 1372 648 1431 Tamen
692 1382 912 1445 regnum
945 1377 1199 1429 caelorum
1230 1374 1461 1443 appellat
1503 1374 1835 1430 Ecclesiam:

266 1478 322 1522 et
351 1464 471 1538 quia
505 1474 656 1519 antea
686 1462 735 1521 in
769 1460 898 1519 mari
930 1454 1083 1519 habet
1116 1466 1286 1534 pisces
1327 1466 1482 1519 simul
1513 1474 1759 1519 natantes
1788 1476 1841 1519 et

266 1562 437 1615 huius
481 1567 533 1612 et
564 1538 832 1622 tnalos,.in
884 1546 987 1611 isto
1024 1573 1187 1625 regno
1234 1556 1515 1621 caelorum,
1563 1555 1613 1610 id
1660 1566 1742 1610 est
1785 1555 1840 1610 in

271 1648 509 1704 Ecclesia
560 1650 715 1716 hujus
758 1647 1025 1716 temporis,
1060 1646 1308 1700 minimus
1354 1650 1573 1700 vocatur
1617 1646 1705 1701 ille
1750 1647 1841 1714 qui

269 1736 425 1792 ducet
461 1734 596 1791 bona
624 1746 676 1791 et
722 1737 828 1805 agit
860 1722 1016 1801 mala,
1049 1737 1170 1805 quia
1221 1734 1289 1788 ibi
1323 1742 1405 1789 est
1447 1742 1500 1788 et
1546 1732 1680 1803 ipse.
1725 1734 1837 1789 Non

266 1830 409 1883 enim
454 1842 558 1881 non
586 1836 666 1881 est
711 1824 807 1893 ibi,
836 1826 928 1879 sed
976 1823 1044 1879 ibi
1073 1833 1155 1879 est
1196 1822 1249 1878 in
1280 1838 1446 1892 regno
1473 1822 1753 1888 caelorum,
1786 1825 1838 1879 id

1944 648 2158 707 centum
2185 641 2563 710 quinquaginta
2594 640 2928 711 trium.Quid
2954 643 3054 698 sibi
3082 644 3267 700 volunt
3287 646 3511 705 decem?

1941 731 2007 785 Et
2050 733 2099 783 in
2144 730 2260 799 lege
2304 746 2532 799 agnosce
2575 729 2782 786 decem.
2829 731 3024 786 Decem
3073 743 3343 804 praecepta
3390 736 3514 791 data

1940 829 2087 876 sunt.
2136 820 2312 903 Primo
2374 820 2663 889 decalogus
2709 822 2902 876 dicitur
2949 823 3178 891 scriptus
3222 825 3276 880 in
3321 827 3517 882 tabulis

1939 912 2102 980 digito
2158 911 2271 965 Dei.
2331 911 2386 966 In
2444 910 2631 981 decem
2670 928 2899 985 agnosce
2942 912 3147 984 legem},
3204 916 3259 971 in
3313 928 3519 986 septem

1937 1019 2167 1073 agnosce
2198 1004 2448 1073 Spiritum
2478 1014 2740 1059 sanctum.
2790 1005 3100 1075 Septenaria
3126 1007 3266 1062 enim
3298 1024 3518 1063 numero

1939 1094 2345 1159 commendatur
2383 1096 2613 1165 Spiritus
2637 1104 2872 1161 sanctus,
2906 1097 3027 1152 ideo
3057 1113 3160 1152 non
3211 1101 3514 1154 nominatur

1939 1184 1994 1236 in
2042 1182 2157 1251 lege
2208 1184 2581 1249 sanctificatio,
2615 1184 2716 1239 nisi
2763 1186 2988 1256 septimo
3038 1188 3145 1242 die.
3179 1188 3329 1243 Fecit
3378 1188 3517 1244 Deus

1940 1271 2131 1337 lucem,
2179 1288 2283 1326 non
2317 1273 2515 1328 dietutn
2555 1284 2670 1340 est,
2700 1278 3154 1331 consanctilicavit
3196 1293 3334 1333 eam.
3372 1280 3520 1336 Fecit

1941 1366 2495 1447 ﬁrmamentum,_non
2543 1362 2744 1423 dictum
2792 1382 2894 1438 est,
2928 1370 3279 1447 sanctificatrit
3326 1376 3515 1430 firma-

1942 1470 2198 1513 mentum.
2233 1444 2397 1513 Jussit
2437 1461 2739 1529 germinare
2780 1468 2998 1517 terram.
3030 1444 3287 1520 Discrevit
3313 1482 3458 1522 mare
3487 1484 3516 1521 a

1940 1557 2103 1612 terra,
2136 1564 2242 1602 non
2275 1548 2472 1601 dictum
2504 1557 2604 1614 est,
2638 1532 3010 1607 sanctilicavit.
3056 1552 3203 1608 Fecit
3249 1558 3429 1623 lunam
3461 1567 3516 1612 et

1940 1638 2138 1705 sidera,
2169 1636 2271 1693 nori
2294 1637 2490 1692 dictum
2510 1632 2611 1707 est,
2643 1628 3011 1695 saitctilicavit.
3034 1636 3199 1697 Iussit
3228 1632 3512 1699 aititnantia

1939 1722 2230 1798 procedere
2255 1722 2320 1782 de
2348 1722 2498 1798 aquis
2540 1718 2776 1783 natantia
2810 1737 2862 1783 et
2892 1722 3142 1797 t'olatitia,
3178 1750 3280 1787 non
3313 1724 3508 1789 dictum

1947 1828 2051 1884 est,
2082 1819 2447 1873 sanetiftcavit.
2478 1820 2640 1875 Jussit
2674 1819 2740 1874 de
2770 1826 2909 1874 terra
2937 1822 3082 1877 exire
3109 1816 3355 1879 animalia
3387 1818 3516 1896 qua-

266 1928 349 1972 est
382 1919 432 1971 in
463 1916 686 1970 ecclesia
719 1914 876 1984 hujus
910 1906 1180 1982 temporis,
1215 1914 1465 1968 minimus
1496 1912 1714 1969 vocatur
1743 1906 1830 1970 ille
1864 1912 1910 1971 B
1938 1900 2194 1979 drupedia
2226 1914 2282 1965 et
2323 1902 2501 1965 omnia
2544 1909 2769 1978 reptilia,
2803 1910 2908 1965 'non
2950 1898 3148 1968 dictum
3180 1927 3291 1982 est,
3323 1919 3518 1972 sancti-

265 2009 355 2077 qui
388 2000 541 2061 d'ocet
572 2010 707 2061 bona
735 2015 787 2060 et
826 2005 931 2074 agit
960 2004 1116 2070 mala,
1146 1994 1269 2074 quia
1301 2002 1372 2058 lbi
1394 2014 1474 2059 est
1494 2013 1546 2058 et
1568 2005 1702 2072 ipse.
1727 2004 1843 2060 Nan

266 2096 413 2154 enim
445 2100 550 2151 non
596 2098 677 2153 est
702 2096 795 2161 ibi,
829 2096 922 2150 sed
949 2094 1018 2150 ibi
1051 2104 1135 2151 est
1166 2095 1219 2149 in
1268 2110 1432 2166 regno
1479 2098 1758 2165 enatorum,
1792 2096 1843 2151 id

264 2192 382 2253 est,
415 2188 466 2243 in
498 2180 755 2251 Ecclesia,
794 2182 966 2257 qualis
996 2186 1077 2243 est
1125 2186 1177 2241 in
1225 2186 1317 2240 illo
1367 2193 1628 2251 tempore.
1681 2186 1843 2242 Docet

265 2279 431 2343 bona,
457 2276 565 2347 agit
596 2276 753 2329 'mala.
779 2274 1118 2330 Necessarius
1145 2283 1225 2330 est
1251 2274 1631 2329 mercenarius.
1658 2277 1839 2341 Amen,

264 2369 382 2423 dico
418 2366 575 2431 vobis,
608 2369 708 2435 ait,
740 2372 1085 2436 perceperunt
1128 2366 1407 2419 mercedem
1436 2370 1580 2418 suam
1622 2360 1838 2435 (Matth.

264 2462 369 2530 rt).
408 2460 630 2513 Prodest
659 2459 877 2528 aliquid.
922 2457 1049 2511 Natu
1097 2458 1143 2511 si
1184 2456 1315 2510 nihil
1360 2455 1675 2524 prodessent
1719 2456 1838 2524 quia

268 2553 409 2606 bona
439 2551 636 2604 docent
665 2554 718 2603 et
745 2548 883 2603 male
912 2549 1118 2615 vivunt,
1154 2556 1257 2601 non
1286 2548 1485 2602 diceret
1517 2548 1634 2617 ipse
1664 2547 1840 2601 Domi-

264 2658 370 2698 nus
416 2643 607 2712 popqu
657 2648 754 2695 suo
786 2638 1034 2695 :Scribte
1075 2648 1130 2695 et
1181 2638 1433 2694 Pharisazi
1480 2632 1532 2692 in
1590 2639 1839 2693 cathedra

266 2733 435 2803 Moysi
483 2733 705 2797 sedent;
737 2742 857 2801 quae
900 2732 1085 2786 dicunt
1132 2731 1328 2785 facite:
1362 2742 1482 2799 quae
1531 2722 1710 2784 autem
1760 2729 1840 2782 ra-

265 2828 445 2890 ciunt;
495 2823 667 2879 facere
716 2824 879 2877 nolite
934 2823 1147 2893 (Matth.
1175 2823 1346 2892 nm).
1400 2822 1611 2889 Quare?
1652 2822 1841 2876 Dicunt

264 2915 431 2979 enim,
462 2923 514 2968 et
544 2928 647 2967 non
681 2913 896 2966 faciunt.
927 2914 1170 2967 intendat
1198 2926 1325 2982 ergo
1362 2910 1595 2966 charitas
1637 2919 1835 2974 vestra,

266 3005 393 3058 volo
420 3004 561 3056 enim
591 3016 861 3072 exponere
889 3002 976 3072 qui
1008 3012 1132 3056 sunt
1177 3005 1346 3071 pisces
1375 3003 1571 3071 magni.
1599 3002 1697 3069 Qui
1727 2999 1838 3054 sot-

265 3096 394 3148 oerit
425 3096 638 3164 (inquit)
676 3108 831 3147 unum
858 3094 920 3148 de
957 3094 1211 3148 mandatis
1249 3096 1360 3148 istis
1396 3094 1645 3157 minimis,
1688 3086 1840 3145 mini-

1943 1982 2141 2056 ftcavit.
2175 2002 2323 2057 Fecit
2352 2010 2403 2056 et
2453 1998 2622 2071 ipsum
2670 1992 2967 2068 hominem,
2999 1994 3106 2059 non
3153 2006 3351 2062 dictum
3402 2020 3513 2073 cst,

1941 2096 2312 2149 sanctifiCaVit.
2360 2094 2589 2148 Ventum
2639 2104 2718 2147 est
2765 2097 2830 2148 ad
2877 2098 3159 2165 septimum
3207 2099 3380 2164 diem,
3429 2090 3515 2154 ubi

1940 2186 2220 2255 requievit,
2252 2194 2306 2241 et
2332 2176 2503 2256 ipsum
2550 2186 2919 2242 sanetilicavit.
2954 2190 3051 2245 Pct‘
3094 2191 3336 2259 requiem
3367 2207 3516 2245 suam

1943 2277 2082 2332 Deus
2128 2268 2479 2332 sanctilicavit
2528 2278 2765 2348 requiem
2816 2288 3072 2335 nostram.
3118 2282 3195 2337 lbi
3246 2298 3372 2351 ergo
3418 2286 3523 2338 erit

1940 2369 2295 2424 sanctificatio
2346 2377 2528 2423 nostra
2579 2368 2765 2437 plena,
2816 2370 2902 2423 ubi
2946 2386 3069 2427 cum
3121 2373 3213 2426 illo
3255 2375 3369 2427 sine
3417 2374 3518 2429 [ine

1940 2461 2353 2529 requiescamus.
2399 2461 2529 2514 Nam
2574 2474 2737 2531 quare
2780 2460 2920 2529 Deus
2969 2463 3365 2533 requiesceret?
3397 2465 3514 2520 Non

1939 2553 2081 2606 enim
2112 2554 2379 2621 operando
2408 2544 2655 2623 fatigatus
2684 2562 2788 2608 est.
2822 2554 2901 2608 Tu
2932 2555 2976 2608 si
3007 2557 3172 2611 verbo
3216 2555 3381 2610 facias
3411 2572 3515 2633 non

1939 2640 2213 2712 tangeris?
2251 2643 2307 2700 Si
2348 2646 2524 2713 jubes,
2572 2655 2626 2702 et
2665 2652 2919 2704 continuo
2962 2648 3083 2714 fiat,
3131 2657 3265 2716 stas,
3311 2651 3518 2723 integer

1924 2749 2145 2825 inanes.
2195 2735 2371 2789 Pauca
2402 2737 2564 2825 verba
2611 2738 2770 2802 dixit,
2807 2737 2945 2793 unde
2976 2745 3145 2791 totum
3179 2738 3324 2804 fecit,
3352 2747 3406 2792 et
3434 2755 3519 2793 su-

1940 2810 2053 2877 bito
2098 2820 2323 2878 lassatus
2372 2835 2474 2879 est.
2525 2810 2663 2896 Ergo
2711 2842 2938 2897 agnosce
2985 2826 3154 2896 legem
3213 2829 3264 2880 in
3307 2828 3522 2895 decem,

1942 2906 2195 2986 Spiritum
2226 2929 2467 2972 sanctum
2500 2934 2731 2989 agnosce
2772 2919 2823 2973 in
2869 2927 3092 2987 septem.
3124 2919 3384 2987 Jungatur
3411 2918 3519 2989 spi-

1939 3008 2076 3062 ritus
2118 3008 2249 3076 legi,
2283 3008 2406 3076 quia
2444 3010 2490 3064 si
2537 3010 2808 3079 acceperis
2852 3009 3044 3078 legem,
3073 3000 3124 3064 et
3156 2994 3383 3063 defuerit
3427 3010 3519 3065 tibi

1945 3100 2269 3168 adjutorium
2301 3098 2544 3169 spiritus,
2570 3088 2676 3156 non
2710 3102 2894 3187 imples
2918 3102 3218 3187 quodlegis
3246 3120 3257 3153 :
3283 3118 3388 3155 non
3420 3102 3517 3155 im-

266 3196 380 3241 um
401 3188 658 3241 vocabitur
678 3186 731 3240 in
752 3198 907 3257 regno
928 3188 1170 3245 cartorum
1191 3202 1208 3240 :
1231 3187 1302 3241 ibi
1324 3186 1444 3249 erit,
1468 3186 1563 3241 sed
1592 3185 1857 3239 minimus
1944 3190 2058 3259 ples
2103 3191 2244 3258 quod
2270 3189 2490 3261 jubctur
2536 3192 2653 3260 tibi,
2683 3184 2776 3247 sed
2811 3184 2970 3246 homo
3000 3184 3097 3246 sub
3144 3192 3257 3260 lege
3300 3193 3518 3261 insuper

263 3281 392 3335 erit.
426 3278 523 3343 Qui
564 3286 730 3331 autem
760 3278 938 3347 fecerit
978 3285 1022 3329 et
1052 3276 1277 3330 docuerit
1314 3278 1412 3343 sic,
1445 3288 1661 3347 magnus
1689 3285 1841 3332 voca-
1871 3271 1916 3333 C
1948 3266 2321 3353 praevaricator
2365 3274 2596 3338 tenetur.
2641 3278 2875 3338 Accedat
2921 3281 3156 3352 spiritus,
3190 3282 3437 3357 adjuvet,
3466 3294 3519 3338 et

267 3373 407 3426 bitur
432 3373 487 3424 in
513 3376 668 3440 regno
700 3371 940 3424 caelorum
981 3368 1194 3439 (Matth.
1220 3371 1296 3440 v).
1335 3372 1397 3423 Et
1425 3378 1571 3434 ecce;
1599 3371 1686 3424 isti
1716 3383 1840 3428 sunt

267 3465 349 3519 illi
395 3464 564 3532 pisces
594 3464 767 3530 magni
810 3465 874 3516 ad
906 3468 1179 3517 dexteram
1212 3460 1373 3529 capti.
1406 3462 1505 3527 Qui
1554 3460 1741 3517 fecerit
1787 3466 1841 3519 et

268 3554 354 3609 sic
383 3554 646 3619 docuerit;
678 3555 813 3607 bona
860 3552 1123 3618 docuerit,
1154 3567 1263 3608 non
1293 3556 1392 3609 sibi
1425 3556 1659 3625 loquenti
1703 3556 1841 3611 male

266 3648 502 3703 vivendo
548 3648 947 3711 cantradltterit,
978 3660 1098 3700 cum
1147 3644 1300 3699 malae
1344 3647 1466 3700 vita
1513 3655 1702 3701 testem
1748 3648 1842 3701 ba-

270 3741 403 3797 beat
444 3740 676 3809 linguam
717 3741 929 3793 bonam.
958 3740 1055 3806 Qui
1086 3750 1213 3808 ergo
1242 3740 1424 3793 fecerit
1449 3746 1505 3792 et
1542 3740 1618 3793 sic
1648 3740 1843 3795 docue-

266 3833 369 3897 rit,
399 3845 619 3899 magnus
659 3831 933 3885 vocabitur
963 3833 1014 3885 in
1046 3843 1209 3899 regno
1239 3830 1516 3887 cmiorum.
1551 3832 1617 3884 Et
1659 3833 1843 3899 senui-

265 3928 403 3980 tur:
429 3921 558 3976 Dico
584 3921 725 3977 enim
770 3922 944 3987 vobis,
974 3921 1095 3990 quia
1128 3922 1227 3975 nisi
1256 3920 1604 3976 abundaverit
1644 3921 1845 3991 justitia

266 4022 454 4067 vestra
481 4018 638 4079 super
681 4011 973 4065 scribarum
1001 4020 1055 4065 et
1085 4011 1494 4075 Pharisaeorum
1535 4026 1640 4065 non
1678 4013 1845 4065 intra-

270 4100 409 4159 bitis
435 4101 489 4156 in
517 4114 738 4172 regnum
770 4102 1049 4157 cmlorum.
1077 4101 1233 4157 Modo
1261 4103 1529 4171 quomodo
1558 4101 1846 4170 int‘eliigitis

263 4205 498 4263 regnum
522 4195 815 4251 «ciorum?
843 4194 990 4259 Illud,
1012 4194 1154 4249 unde
1176 4193 1363 4248 dicitur
1383 4192 1615 4247 dextris:
1644 4191 1844 4257 Venite,

266 4288 523 4342 benedicti
556 4287 734 4343 Patris
768 4289 886 4355 mei,
912 4289 1158 4357 percipite
1202 4298 1414 4357 regnum
1455 4286 1668 4356 (Matth.
1696 4286 1844 4353 lxv).

263 4378 390 4435 Nisi
416 4378 762 4433 abundaverit
785 4378 987 4447 justitia
1027 4387 1201 4433 vostra
1247 4379 1521 4447 plusquam
1554 4378 1846 4435 scribarum

264 4477 333 4524 et
374 4468 786 4535 Pharisaeorum,
817 4477 921 4523 non
951 4470 1212 4523 intrabitis
1238 4469 1290 4523 in
1322 4481 1543 4537 regnum
1567 4472 1843 4526 ctelorum.

264 4559 543 4628 Respicite
585 4563 788 4617 scribas
819 4561 937 4617 illos
960 4570 1012 4617 ct
1038 4562 1332 4617 Pharisaeos
1362 4564 1453 4631 qui
1499 4564 1547 4617 in
1592 4565 1847 4620 cathedra
1882 4610 1893 4619 .

1944 3370 2004 3427 iit
2032 3373 2170 3442 quod
2200 3364 2435 3442 jubetur.
2469 3368 2521 3428 Si
2553 3366 2692 3428 desit
2729 3373 2966 3443 spiritus,
3012 3370 3183 3426 littera
3213 3371 3410 3426 occidit
3444 3382 3515 3425 te.

1942 3456 2116 3535 Quare
2150 3460 2325 3521 littera
2363 3466 2557 3521 occidit
2591 3469 2673 3521 te?
2705 3444 2837 3532 Quia
2873 3450 3332 3534 praevaricatorem
3363 3450 3413 3519 te
3442 3458 3522 3549 fa?

1916 3544 2068 3624 'ciet,
2100 3550 2199 3612 nec
2245 3558 2395 3627 petes
2443 3558 2691 3613 excusari
2734 3556 2799 3612 de
2848 3556 3182 3627 ignorantia:
3216 3556 3305 3625 qui
3352 3544 3521 3624 legem

1943 3650 2223 3718 accepisti,
2272 3649 2399 3718 quid
2441 3649 2551 3718 jam
2596 3650 2800 3703 faceres
2842 3647 3097 3702 didicisti.
3128 3646 3423 3715 Ignorantia
3469 3657 3520 3699 te

1943 3736 2051 3795 noxi
2094 3736 2341 3805 excusat,
2370 3726 2587 3811 spiritus
2617 3750 2668 3794 te
2715 3756 2821 3795 non
2854 3740 3086 3815 adjuvat,
3120 3756 3246 3809 ergo
3290 3740 3514 3809 periisti.

1942 3829 2047 3884 Sed
2078 3824 2199 3897 quid
2229 3816 2304 3882 ait
2343 3830 2617 3897 apostdlus
2648 3822 2879 3907 Paulus?
2907 3822 3099 3883 Littera
3130 3820 3335 3891 omittit,
3366 3822 3524 3900 spiri-

1946 3930 2026 3976 tus
2055 3932 2225 3976 autem
2249 3924 2463 3992 viviﬁcat
2482 3923 2565 3995 (II
2585 3922 2703 3978 Cor.
2730 3922 2831 3993 ιιι).
2866 3922 2991 3978 ln‘de
3017 3918 3234 3994 spiritus
3275 3914 3518 3992 vivificatt,

1946 4014 2070 4083 quia
2104 4014 2227 4067 facit
2256 4014 2464 4083 impleri
2488 4004 2718 4069 litteram
2743 4014 2809 4069 ne
2836 4013 3062 4069 occidat.
3091 4015 3179 4067 isti
3204 4023 3327 4068 sunt
3352 4017 3521 4069 sancti

1947 4103 2039 4173 qui
2087 4104 2286 4158 faciunt
2327 4104 2497 4174 legem
2527 4109 2587 4157 ex
2623 4100 2764 4159 dono
2796 4092 2903 4159 Dei.
2939 4100 3046 4159 Lex
3092 4104 3279 4175 jubere
3314 4113 3518 4173 potest,

1945 4194 2130 4263 juvare
2175 4210 2278 4249 non
2329 4203 2522 4265 potest.
2569 4184 2787 4251 Accedit
2829 4196 3038 4267 adjutor
3084 4198 3322 4266 Spiritus,
3366 4206 3419 4251 et
3467 4199 3521 4253 fit

1945 4285 2151 4356 iussum
2206 4280 2300 4341 Dei
2351 4276 2469 4341 editi
2520 4278 2738 4357 gaudio,
2784 4282 2905 4341 cum
2960 4270 3335 4342 delectatione.
3386 4270 3520 4341 Nam

1951 4372 2100 4431 multi
2146 4376 2346 4431 tactam
2386 4376 2418 4431 ι
2458 4372 2672 4443 timore,
2717 4374 2809 4432 seu
2859 4378 2948 4447 qtti
3000 4368 3199 4431 facititil
3244 4366 3415 4449 legent
3449 4362 3518 4432 it-

1951 4467 2146 4522 mendo
2193 4462 2427 4537 pthdahi,
2462 4460 2681 4525 mallent
2728 4470 2834 4522 litin
2878 4477 2996 4522 esse
3038 4458 3179 4537 quod
3232 4454 3518 4535 timebant:

1950 4559 2040 4628 qui
2078 4569 2256 4613 autem
2304 4558 2503 4613 faciunt
2545 4558 2773 4613 amando
2817 4560 3107 4627 justitiam,
3152 4560 3385 4630 gaudent
3429 4560 3525 4628 ibi,

263 4648 447 4719 Moysi
474 4650 683 4718 sedent,
712 4651 780 4706 de
823 4652 1021 4719 quibus
1052 4651 1249 4708 dictum
1277 4663 1380 4717 est,
1411 4668 1530 4721 qua;
1559 4654 1739 4709 dicunt
1771 4658 1845 4710 ra-
1874 4639 1929 4701 Ι)
1950 4650 2073 4720 quia
2103 4664 2206 4705 non
2232 4650 2427 4705 habent
2452 4649 2740 4706 inimicam.
2769 4644 2891 4707 ideo
2918 4653 3047 4707 dicit
3075 4653 3328 4708 Dominus
3355 4672 3366 4707 :
3392 4648 3526 4710 Con~

263 4742 380 4797 cite
406 4756 420 4793 :
448 4755 565 4808 quae
593 4751 767 4797 autem
798 4743 998 4798 faciunt
1046 4744 1222 4801 facere
1251 4745 1431 4811 nolite,
1465 4746 1648 4801 dicunt
1678 4749 1841 4813 enim,

261 4839 330 4888 et
348 4847 454 4886 non
485 4832 705 4889 faciunt.
731 4836 870 4903 Ergo
898 4836 1101 4903 justitia
1126 4835 1511 4891 Pharisaeorum
1538 4844 1625 4892 est
1643 4837 1843 4899 dicere,

262 4930 331 4977 et
360 4936 464 4975 non
496 4922 690 4978 facere.
725 4924 973 4979 Abundet
996 4926 1199 4993 justitia
1236 4935 1411 4983 vestra
1456 4940 1613 4995 super
1641 4928 1843 4982 scriba-

264 5030 395 5069 rum
426 5026 479 5070 et
509 5015 920 5082 Pharisaeorum,
954 5028 1010 5072 ut
1038 5018 1174 5072 bona
1203 5019 1413 5082 dicatis,
1444 5028 1494 5074 et
1536 5022 1669 5076 bene
1695 5022 1847 5075 viva~

263 5103 366 5158 tis.
400 5104 549 5161 Nunc
592 5122 718 5176 ergo
746 5108 813 5162 de
862 5123 1085 5165 numero
1129 5119 1339 5165 centum
1380 5110 1760 5179 quinquaginta
1790 5122 1843 5167 et

268 5193 439 5247 trium
475 5195 695 5264 piscium
725 5196 849 5265 quid
879 5212 1011 5267 Opus
1038 5208 1121 5253 est
1146 5199 1332 5253 eadem
1362 5201 1637 5254 retexere?
1667 5201 1844 5257 Nostis

265 5284 387 5350 illa,
415 5300 444 5337 a
473 5285 655 5341 decem
687 5295 743 5341 et
767 5297 968 5358 septem
1011 5290 1245 5344 nascitur
1291 5305 1543 5343 numerus
1571 5305 1844 5347 crescens.

265 5373 454 5444 Incipe
479 5377 544 5432 ab
574 5392 701 5444 uno,
735 5379 950 5445 perveni
976 5380 1039 5433 ad
1080 5383 1265 5435 decem
1295 5390 1348 5434 et
1376 5390 1600 5450 septem,
1631 5392 1687 5435 ιιι
1729 5397 1847 5438 om-

267 5478 377 5519 nes
399 5466 584 5532 addas,
614 5467 664 5520 id
691 5477 791 5536 est,
819 5484 980 5524 unum
1004 5470 1166 5535 addas
1189 5471 1254 5525 ad
1281 5471 1437 5536 duos,
1465 5481 1519 5533 et
1544 5474 1674 5526 fiunt
1698 5482 1842 5529 tres:

266 5553 444 5608 addas
466 5565 592 5623 tres,
607 5558 908 5612 etﬁuntsex
930 5576 943 5613 :
963 5560 1123 5614 addas
1141 5571 1387 5629 quatuor,
1407 5570 1461 5616 et
1478 5563 1607 5617 fiunt
1631 5563 1845 5618 decem.

265 5642 368 5701 Sic
399 5660 585 5701 omnes
612 5648 745 5703 adde
776 5664 941 5720 usque
968 5651 1034 5704 ad
1065 5651 1245 5705 decem
1279 5659 1334 5705 et
1363 5663 1591 5723 septem,
1622 5663 1674 5707 et
1724 5669 1847 5724 per-

268 5736 429 5792 venis
458 5754 623 5808 usque
659 5739 725 5795 ad
767 5754 980 5795 centum
1027 5754 1079 5797 et
1123 5743 1500 5813 quinquaginta
1553 5755 1681 5800 tres.
1715 5745 1849 5800 Tota

269 5845 411 5899 ergo
452 5830 677 5888 intentio
712 5845 893 5890 nostra
938 5850 1059 5891 esse
1087 5851 1191 5891 non
1232 5836 1409 5905 debet,
1439 5838 1539 5894 nisi
1568 5839 1695 5908 quid
1742 5839 1848 5897 sibi

1952 4740 2112 4797 cdrda
2158 4744 2277 4796 cuin
2321 4724 2630 4798 adversario
2662 4754 2753 4798 tuo
2785 4740 2890 4799 cltd
2923 4744 3048 4798 dum
3096 4758 3154 4799 es
3196 4732 3315 4799 cdni
3354 4736 3441 4799 illo
3470 4746 3523 4800 in

1950 4834 2033 4888 via
2066 4833 2279 4903 (Matth.
2308 4835 2383 4904 ν).
2408 4836 2536 4900 Quis
2562 4845 2645 4890 est
2690 4824 3029 4891 adversarius
3058 4828 3213 4893 titus?
3242 4828 3418 4891 sermo
3447 4830 3525 4891 le-

1948 4925 2051 4991 gis.
2082 4926 2208 4991 Quae
2237 4933 2320 4978 est
2350 4925 2471 4980 via!
2497 4927 2601 4981 vita
2640 4925 2761 4981 ista.
2788 4924 3066 4993 Quomodo
3096 4934 3180 4981 est
3209 4927 3298 4980 ille
3333 4925 3523 4980 adver-

1950 5019 2159 5073 sarius?
2193 5018 2327 5073 Dicit
2361 5020 2484 5085 tibi,
2516 5018 2639 5073 Non
2687 5020 3037 5083 mmo/laberis;
3076 5026 3132 5072 et
3179 5028 3233 5071 tu
3272 5016 3350 5072 vis
3390 5032 3523 5069 mm-

1951 5108 2134 5164 cltari?
2165 5108 2321 5174 Dicit,
2354 5108 2479 5165 Non
2515 5110 2841 5179 concupiscet
2867 5125 2971 5163 rem
2998 5109 3221 5177 proximi
3249 5109 3354 5175 tui,
3384 5115 3438 5162 et
3468 5115 3520 5160 tu

1953 5200 2035 5253 vis
2056 5214 2243 5268 rapere
2274 5216 2361 5255 res
2387 5200 2621 5255 alienas?
2650 5200 2815 5263 Dicit,
2845 5199 3068 5255 Honora
3098 5208 3294 5269 putrem
3319 5209 3367 5253 et
3406 5215 3522 5253 ma-

1949 5298 2093 5355 trem,
2124 5298 2179 5344 et
2208 5300 2261 5343 tu
2302 5291 2719 5345 contumeliosus
2744 5304 2805 5345 es
2852 5289 2906 5344 in
2935 5290 3219 5359 parentes?
3247 5289 3381 5344 Dicit
3412 5290 3519 5354 lex,

1951 5377 2078 5432 Noli
2125 5380 2289 5433 dicere
2334 5381 2522 5449 falsum
2564 5380 2943 5445 testimonium,
2974 5388 3028 5435 et
3066 5388 3123 5435 tu
3164 5394 3194 5433 a
3246 5379 3524 5436 mendacio

1954 5482 2063 5523 non
2110 5468 2348 5523 recedis?
2393 5466 2614 5534 Quando
2655 5468 2821 5534 vides,
2861 5468 2982 5538 quia
3028 5467 3115 5523 ille
3158 5482 3336 5525 sermo
3379 5468 3525 5523 aliud

1952 5560 2120 5629 jubet,
2151 5569 2207 5613 et
2245 5567 2302 5613 tu
2330 5558 2475 5613 aliud
2522 5558 2673 5624 facis,
2704 5574 2811 5613 non
2855 5567 2939 5616 est
2980 5556 3323 5618 adversarius
3366 5561 3523 5617 tuus?

1956 5654 2329 5709 Adversarium
2360 5652 2526 5706 habes
2555 5651 2775 5718 malum,
2805 5668 2912 5708 non
2945 5664 3113 5709 tecum
3156 5656 3314 5708 intret
3339 5667 3522 5710 secre-

1956 5746 2147 5800 tarium
2180 5754 2347 5810 tuum,
2380 5758 2641 5813 compone
2662 5745 2785 5798 dum
2809 5760 2867 5799 es
2891 5760 3013 5800 cum
3028 5745 3127 5811 illo
3149 5744 3201 5798 in
3230 5743 3334 5799 via.
3357 5744 3527 5801 Adest

1954 5837 2209 5895 Dominus
2229 5838 2317 5906 qui
2349 5850 2445 5893 nos
2465 5838 2775 5895 concordet.
2798 5839 3077 5907 Quomodo
3107 5854 3207 5898 nos
3227 5838 3525 5897 concordat
