3972 6340
610 327 741 385 I555

1455 330 1655 386 PAULI
1700 288 2164 384 DIACONI'OPP.
2208 324 2385 384 ΡΑιιε
2426 326 2488 385 ιι.
2529 359 2602 374 -
2641 329 2997 390 ascerrca.

3619 357 3709 415 l356

606 444 775 500 Deus?
806 444 1063 499 [intrando
1111 455 1347 512 peccata,
1378 454 1434 500 et
1475 445 1784 513 inspirarido
1809 443 2093 514 justitiam,
2125 450 2184 495 ut
2212 442 2265 502 Δ
2291 443 2532 515 Nunquid
2563 463 2687 503 casu
2743 458 2950 519 gestum
2982 451 3193 506 creditis
3221 463 3273 507 ut
3304 456 3475 514 electus
3508 464 3580 521 ille
3602 470 3712 529 disci-

604 538 731 590 tiant
758 552 921 605 opera
955 538 1114 593 bona.
1140 538 1274 592 Cum
1321 553 1451 605 ergo
1494 538 1904 593 concordaveris
1934 552 2052 592 cum
2086 537 2182 592 ad-

605 632 837 683 versario
868 640 979 696 tuo,
1010 630 1061 683 id
1091 640 1169 684 est
1201 645 1321 683 cum
1366 630 1625 701 decalogo
1654 631 1786 700 legis
1817 646 1910 698 per
1935 629 2182 699 spiritum

601 733 868 787 sanctum,
903 724 1192 791 pertinebis
1217 724 1280 775 ad
1313 722 1497 777 decem
1521 733 1576 780 et
1606 732 1831 793 septem.
1859 726 1990 778 Cum
2024 726 2187 791 perti-

602 816 787 869 nueris
830 816 892 867 ad
942 814 1127 867 decem
1159 826 1211 869 et
1250 822 1489 882 septem,
1527 818 1635 883 jam
1685 816 1878 872 exinde
1916 816 2184 871 excrescit

604 922 859 961 numerus
903 909 968 960 ad
1018 916 1232 961 centum
1272 914 1327 962 et
1375 907 1755 976 quinquaginta
1805 919 1934 972 tres,
1970 906 2077 960 eris
2116 908 2181 959 ad

600 998 843 1053 dextram
916 997 1291 1059 coronandus,
1342 1012 1410 1051 ne
1459 1011 1736 1051 remaneas
1786 996 1877 1061 ad,
1912 995 2183 1049 sinistram

600 1091 901 1143 damnatus.
937 1090 1055 1159 Ipso
1098 1090 1387 1158 adjuvante
1419 1091 1509 1158 qui
1547 1090 1677 1143 vivit
1701 1100 1756 1144 et
1786 1097 1973 1157 regnat
2000 1087 2053 1143 iu
2082 1101 2183 1143 saa-

598 1180 717 1233 cula
747 1180 1088 1234 seculorum.
1118 1184 1306 1233 Amen.

1114 1295 1387 1350 HOMIle
1428 1293 1664 1348 CXXXI.

1029 1404 1077 1442 IN
1109 1404 1260 1441 FERIA
1295 1404 1489 1449 QUINTA
1519 1401 1732 1441 PASCBE

914 1483 1014 1548 (Ex
1045 1481 1181 1548 Opp.
1208 1481 1352 1535 beati
1384 1479 1628 1548 GregOrii
1663 1493 1862 1547 pap:e.,

672 1575 734 1627 In
763 1574 853 1628 illo
882 1584 1103 1642 tempore
1135 1572 1307 1626 Maria
1336 1571 1503 1625 stabat
1532 1571 1599 1623 ad
1645 1582 2021 1624 monumentum
2051 1570 2181 1638 foris

598 1667 827 1734 plorans.
869 1664 999 1717 Dum
1025 1681 1146 1733 ergo
1172 1666 1340 1733 ﬂeret,
1370 1663 1633 1716 inclinavit
1662 1677 1735 1725 se,
1763 1671 1812 1715 et
1837 1661 2099 1731 prospexit
2128 1664 2182 1716 in

599 1764 1002 1819 monumentum,
1028 1768 1133 1807 etc.
1168 1753 1349 1823 (Joau.
1380 1755 1500 1818 xx.)

671 1845 835 1898 Maria
883 1844 1209 1911 Magdaleue,
1236 1853 1338 1899 etc.
1380 1841 1592 1912 Reliqua
1627 1843 1741 1897 vide
1774 1842 1913 1900 apud
1950 1850 2186 1896 sanctum

601 1934 928 2003 Gregorium,
956 1934 1175 2006 Operam
1201 1951 1312 2005 ejus
1335 1943 1471 1989 tomo
1488 1932 1517 1986 Ι
1525 1932 1574 2000 1,
1594 1932 1906 2004 Patrologite
1926 1933 2075 1987 LXX
2091 1932 2185 2003 Vl,

599 2029 699 2080 col.
732 2028 885 2083 I189.

1105 2094 1381 2151 iIOMILIA
1411 2094 1671 2151 CXXXII.

1025 2205 1076 2244 IN
1118 2204 1275 2243 FBRIA
1315 2202 1484 2241 SEXTA
1533 2203 1771 2242 ΡΑεοιω.

906 2285 1008 2351 (Ex
1038 2282 1173 2350 Opp.
1206 2298 1329 2333 ven.
1362 2281 1517 2333 Beda:
1550 2281 1895 2350 presbyteri.)

705 2390 738 2427 π
768 2376 858 2429 illo
888 2386 1111 2437 tempore
1146 2374 1385 2425 undecim
1421 2373 1664 2441 discipuli
1699 2372 1934 2426 abierunt
1964 2375 2014 2426 in
2034 2372 2156 2428 Gali
2167 2406 2182 2417 -

600 2465 772 2527 leam,
797 2465 848 2516 in
874 2473 1089 2517 montem
1106 2463 1190 2515 ubi
1212 2464 1537 2516 constituerat
1564 2465 1669 2518 illis
1685 2463 1873 2516 Jesus:
1902 2473 1948 2515 et
1968 2466 2189 2520 videntes

599 2571 717 2607 eum
765 2556 1139 2620 udoraverunt,
1180 2558 1391 2625 quidam
1438 2567 1609 2610 autem
1656 2556 2039 2622 dubitaverunt,
2078 2568 2183 2614 etc.

602 2646 821 2716 (Mardi.
880 2647 1091 2717 xxvm.)

674 2739 989 2806 Evangelica
1022 2740 1202 2805 lectio,
1237 2739 1432 2795 fratres
1461 2740 1762 2796 charissuni
1786 2782 1800 2806 ,
1827 2750 1932 2796 etc.
1968 2741 2188 2811 Reliqua

595 2832 708 2884 vide
736 2834 872 2902 apud
910 2849 1019 2886 ven.
1055 2832 1248 2887 Bedam
1270 2874 1284 2897 ,
1321 2832 1547 2901 Operam
1587 2836 1703 2904 ejus
1734 2843 1870 2888 torno
1906 2833 1971 2902 Υ,
2001 2833 2188 2890 Patro-

595 2924 745 2994 Iogiw
771 2924 943 2977 LXXI
967 2924 1025 2991 γ,
1058 2927 1157 2979 col.
1186 2924 1305 2978 ML

1083 3014 1367 3071 IIOMILIA
1405 3015 1694 3073 CXXXIII.

950 3147 959 3154 ο
1024 3125 1076 3164 ΙΝ
1115 3126 1347 3165 ΒΛΒΒΛΤΟ
1393 3127 1520 3166 POST
1560 3127 1783 3167 PASCHA.

883 3202 1155 3283 (I‘Zx‘Opp.
1212 3205 1350 3259 beati
1406 3205 1648 3277 Gregorii
1698 3208 1894 3277 papae.)

669 3292 735 3349 In
765 3296 856 3348 illo
884 3305 1139 3364 tempore,
1176 3312 1279 3349 una
1310 3297 1507 3351 sabbati
1553 3296 1727 3352 Maria
1764 3298 2071 3369 Magdalene
2096 3315 2183 3353 ue-

597 3387 671 3439 nit
691 3402 857 3452 mane,
892 3402 1006 3437 cum
1035 3389 1203 3439 adhuc
1227 3390 1441 3442 tenebrte
1467 3398 1653 3455 essent,
1684 3392 1750 3441 ad
1778 3400 2184 3458 monumentum,

597 3489 643 3529 et
673 3478 795 3531 uidit
850 3479 1071 3547 lapidem
1105 3476 1423 3534 sublatuma
1477 3490 1824 3548 monumento,
1863 3490 1970 3537 etc.
2004 3482 2183 3553 (Joan.

597 3571 715 3638 xx.)

671 3660 892 3716 Fructus
929 3663 1080 3733 longa
1129 3663 1375 3720 molestia
1426 3664 1772 3727 stomachus.
1820 3674 1925 3719 etc.
1965 3665 2186 3735 Reliqua

597 3755 711 3809 vide
737 3759 876 3822 apud
906 3769 1142 3811 sanctum
1173 3757 1502 3828 Gregorium,
1529 3758 1753 3827 Operum
1781 3759 1894 3829 ejus
1934 3768 2071 3813 tonio
2096 3758 2185 3827 Il,

598 3847 912 3919 Patroiogim
938 3849 1200 3919 LXXVI,
1227 3850 1325 3905 col.
1354 3848 1514 3904 1174.

1079 3942 1361 3997 IIOMILIA
1405 3940 1688 3997 CXXXIV.

1118 4050 1169 4089 ΙΝ
1186 4050 1401 4113 ,οετΑνΔ
1424 4050 1662 4092 PASGILE.

1211 4126 1315 4191 (Ex
1341 4128 1584 4198 eodem.)

666 4222 734 4277 In
761 4222 851 4278 illo
881 4231 1107 4286 tempore
1128 4262 1143 4286 ,
1176 4236 1289 4273 cum
1317 4233 1444 4276 esset
1492 4237 1607 4277 sero
1634 4223 1718 4278 die
1740 4224 1833 4279 illa
1858 4240 1962 4279 una
1998 4225 2187 4279 sabba-

596 4326 785 4387 torum,
814 4327 863 4369 et
901 4318 1039 4387 {ores
1065 4327 1232 4371 essent
1262 4317 1453 4372 clausa:
1501 4318 1587 4371 ubi
1616 4327 1763 4372 erant
1792 4318 2037 4386 discipuli
2063 4335 2187 4373 cou-

597 4410 793 4479 gregati
826 4422 1031 4477 prapter
1084 4419 1273 4466 metum
1306 4406 1634 4475 Judworum,
1688 4414 1823 4465 venit
1848 4408 2023 4476 Jesus,
2077 4422 2182 4468 etc.

599 4498 779 4570 (Joan.
816 4500 931 4568 xx).

674 4593 846 4644 Prima
891 4591 1134 4646 lectionis
1194 4593 1350 4661 hujus
1405 4593 1725 4663 evangelica:
1764 4593 2019 4661 quazstio,
2079 4604 2182 4652 etc.

606 4684 821 4749 Reliqua
859 4683 988 4738 Vide
1009 4687 1150 4752 apud
1199 4686 1428 4741 eumdem
1454 4694 1687 4742 sanctum
1728 4686 2057 4759 Gregorium,
2102 4698 2183 4745 to-

599 4793 677 4831 mo
701 4788 753 4831 ut
778 4792 955 4850 supra,
986 4777 1084 4831 col.
1121 4777 1276 4831 H97.

1098 4891 1383 4947 HOMILIA
1418 4891 1682 4948 CXXXV.

1052 5002 1103 5041 IN
1144 5002 1229 5041 ωε
1268 5001 1454 5041 SANC‘I'I
1505 5001 1726 5043 1⁵110118.

670 5084 889 5137 Thomas
919 5093 1091 5139 autem
1120 5100 1254 5138 unus
1281 5100 1343 5138 ea:
1394 5085 1663 5139 duodecim
1692 5084 1779 5152 qui
1806 5084 1993 5139 dicitur
2021 5083 2189 5157 Didy-

600 5197 729 5243 mus,
764 5195 864 5232 non
893 5187 1003 5231 erat
1035 5194 1151 5231 cum
1183 5179 1253 5232 eis
1277 5180 1482 5247 quando
1513 5180 1647 5232 venit
1675 5177 1827 5233 Jesus
1855 5178 2039 5251 (loan.
2071 5177 2189 5250 xx).

674 5276 774 5327 Iste
805 5286 942 5324 unus
968 5270 1262 5337 discipulus
1290 5272 1457 5327 defuit
1489 5288 1501 5325 :
1537 5287 1788 5327 reversus
1812 5273 1952 5341 quod
1977 5278 2187 5342 gestum

602 5374 681 5418 est
711 5363 929 5423 audivit,
959 5361 1149 5415 audita-
1167 5366 1385 5419 credere
1425 5365 1618 5418 renuit.
1650 5363 1808 5418 Venit
1851 5375 2045 5417 iterum
2077 5362 2187 5419 Do-

604 5454 800 5519 minus,
851 5463 905 5508 et
934 5469 1038 5507 non
1095 5456 1334 5509 credenti
1369 5454 1629 5522 discipulo
1684 5453 1822 5506 latus
1865 5452 2184 5521 palpandum

606 5550 850 5617 prmbtlil,
879 5565 1069 5603 manus
1091 5551 1343 5613 ostendit,
1369 5559 1421 5603 et
1442 5558 1655 5602 ostensa
1687 5562 1909 5600 suorum
1938 5547 2187 5603 cicatrice

609 5644 887 5695 vulnerum
915 5683 929 5707 ,
972 5641 1303 5697 inﬁdelitatis
1336 5641 1475 5695 illius
1510 5641 1701 5694 vulnus
1750 5641 1977 5694 sanavit.
2026 5640 2185 5707 Quid,

610 5733 799 5790 fratres
829 5735 1152 5808 charissimi,
1205 5736 1333 5802 quid
1362 5735 1500 5791 inter
1550 5736 1664 5791 hac
1717 5734 2187 5792 animadvertitis?

2288 539 2445 606 pulus
2473 548 2599 594 tunc
2637 540 2873 609 deesset,
2906 554 3024 611 post
3066 556 3234 600 autem
3264 552 3453 606 veniens
3470 559 3639 629 audiret,
3655 581 3713 621 au-

2286 632 2441 686 diens
2469 633 3019 701 dubitaret,dubitans
3047 638 3295 706 palparet,
3327 647 3509 713 palpans
3532 654 3713 713 crederet.

2288 724 2401 779 Non
2432 727 2534 781 hoc
2560 743 2684 782 casu
2702 770 2716 793 ,
2750 729 2844 783 sed
2874 728 3053 784 divina
3081 731 3445 797 disnensatione
3469 752 3624 806 gestum
3650 760 3714 805 est.

2290 818 2408 887 Egit
2439 835 2665 887 namque
2697 823 2832 875 miro
2867 823 3024 877 modo
3053 838 3272 891 superna
3287 829 3716 898 clementis,utdisci-

2288 913 2442 981 pulus
2473 914 2723 970 dubitans
2743 957 2755 979 .
2787 916 2911 970 dum
2946 917 2998 971 in
3031 918 3277 988 magistro
3304 935 3390 974 suo
3415 925 3586 979 vulnera
3604 930 3718 998 palpa-

2287 1017 2370 1064 rct
2415 1012 2626 1074 carnis,
2675 1011 2727 1065 in
2779 1011 2934 1065 nobis
2994 1013 3208 1066 vulnera
3247 1024 3435 1071 sanaret
3476 1016 3719 1078 inﬁdelitatis.

2288 1103 2413 1157 Plus
2441 1104 2581 1157 enim
2617 1103 2770 1156 nobis
2799 1103 3019 1157 Thomas
3062 1103 3333 1159 inﬁdelitas
3370 1106 3427 1159 ad
3467 1109 3590 1163 fidem
3621 1127 3718 1181 quam

2288 1193 2419 1248 lides
2470 1194 2802 1249 credentium
2852 1194 3230 1264 discipulorum
3286 1198 3487 1265 profuit,
3527 1203 3615 1267 quia
3645 1204 3720 1256 dum

2285 1285 2375 1343 ille
2405 1286 2469 1339 ad
2504 1288 2657 1343 ﬁdem
2693 1288 2955 1357 palpando
2988 1289 3287 1355 reducitur,
3319 1301 3474 1345 nostra
3497 1309 3611 1348 mens
3632 1298 3720 1347 omni

2285 1380 2615 1435 dubitatione
2662 1380 2954 1450 postposita
2985 1383 3035 1436 in
3070 1382 3174 1437 ﬁde
3221 1384 3468 1439 solidatur.
3509 1386 3575 1439 Sic
3603 1388 3725 1455 quippe

2284 1472 2602 1541 discipulum
2636 1484 2753 1541 post
2784 1475 3230 1529 resurrectionem
3262 1490 3399 1529 suam
3426 1478 3618 1531 dubitare
3653 1494 3725 1545 per-

2286 1564 2453 1630 misit,
2486 1581 2585 1620 nec
2615 1576 2789 1621 tamen
2819 1567 2871 1622 in
2907 1566 3236 1622 dubitatione
3260 1568 3471 1621 deseruit
3523 1570 3625 1623 sicut
3652 1578 3727 1623 ante

2286 1658 2618 1712 nativitatem
2666 1672 2816 1712 suam
2872 1657 3069 1712 habere
3110 1658 3319 1712 Mariam
3358 1672 3569 1725 sponsum
3610 1661 3727 1724 voluit,

2292 1749 2380 1816 qui
2413 1757 2592 1803 tamen
2645 1749 2710 1802 ad
2754 1747 2872 1817 ejus
2920 1747 3131 1813 nuptias
3181 1764 3280 1801 non
3326 1750 3543 1816 pervenit.
3580 1748 3668 1802 Nam
3688 1750 3729 1802 ita

2292 1838 2463 1893 factus
2502 1848 2585 1893 est
2616 1837 2906 1907 discipulus
2935 1837 3188 1893 dubitans
3214 1848 3264 1893 et
3285 1840 3497 1908 palpans,
3513 1840 3624 1894 testis
3646 1855 3731 1894 vere

2294 1930 2732 1997 resurrectionis,
2754 1931 2890 1984 sicut
2923 1944 3150 1998 sponsus
3174 1932 3352 1984 matris
3381 1931 3525 1985 fuerat
3547 1941 3672 1985 custos
3686 1931 3731 1984 in.

2294 2025 2594 2094 tcgerrimze
2616 2024 2953 2095 virginitatis.
2974 2021 3215 2091 Palpavit
3240 2033 3406 2079 autem
3431 2034 3477 2078 et
3493 2024 3733 2078 exclamavit:

2295 2118 2544 2172 Dominus
2565 2134 2706 2172 meus
2718 2129 2764 2173 et
2784 2117 2920 2172 Deus
2947 2133 3110 2171 meus.
3132 2117 3269 2171 Dicit
3284 2117 3474 2171 eiJesus
3490 2132 3506 2171 :
3520 2118 3621 2184 Quia
3633 2116 3733 2168 vidisti

2290 2228 2391 2280 me,
2423 2212 2703 2267 credidisti.
2719 2208 2850 2265 Cum
2872 2210 3067 2263 Paulus
3084 2210 3353 2281 apostolus
3367 2210 3492 2264 dicat
3513 2226 3524 2262 :
3549 2208 3615 2262 Est
3630 2219 3734 2260 autem

2292 2306 2418 2374 ﬁdes
2438 2305 2807 2376 sperandarum
2840 2304 3125 2359 substantia
3165 2320 3349 2368 rerum,
3380 2312 3661 2373 argumentum
3676 2318 3733 2352 non

2292 2396 2651 2467 apparentium
2706 2394 2897 2466 (Hebr.
2938 2396 3036 2465 χι),
3082 2397 3324 2465 profecto
3360 2393 3500 2463 liquet
3541 2395 3630 2463 quia
3660 2392 3738 2445 ﬁdes

2294 2488 2502 2542 illarum
2544 2504 2724 2543 rerum
2765 2498 3137 2557 argumentum
3194 2499 3405 2557 estquae
3443 2501 3639 2556 apparere
3673 2500 3735 2538 non

2293 2589 2537 2649 possunt.
2586 2580 2717 2647 Quae
2745 2581 2942 2635 etenim
2998 2589 3279 2651 apparent,
3304 2580 3405 2649 jam
3444 2580 3571 2633 [idem
3592 2594 3663 2632 non
3685 2577 3739 2629 lia-

2292 2674 2440 2740 bent,
2469 2673 2565 2728 sed
2596 2675 2948 2743 agnitionem.
3000 2675 3131 2729 Dum
3164 2689 3292 2743 ergo
3313 2673 3433 2728 vidit
3456 2673 3650 2733 Thomas,
3664 2670 3736 2723 dun

2292 2766 2544 2836 palpavit.
2561 2781 2658 2821 cur
2671 2766 2720 2821 ei
2743 2767 2954 2831 dicitur,
2972 2767 3093 2839 quia
3114 2767 3289 2821 vidisti
3315 2781 3409 2830 me,
3434 2763 3661 2820 credidisti?
3677 2762 3738 2815 Sed

2293 2859 2437 2915 aliud
2470 2860 2632 2929 vidit,
2660 2860 2803 2915 aliud
2826 2860 3071 2916 credidit.
3103 2861 3148 2915 Α
3191 2860 3396 2915 mortali
3423 2859 3584 2929 quippe
3604 2857 3737 2909 homine

2292 2951 2544 3007 divinitas
2576 2952 2746 3007 videri
2780 2967 2885 3007 non
2916 2952 3107 3022 potuit.
3138 2949 3417 3006 Hominem
3454 2950 3582 3019 igitur
3600 2945 3741 3006 viditet

2294 3041 2462 3097 Deum
2502 3042 2782 3099 confessus
2813 3053 2915 3108 est,
2951 3043 3133 3099 dicens
3172 3064 3185 3097 :
3224 3043 3456 3097 Dominus
3481 3037 3740 3095 malim

2211 3148 2264 3216 ε
2295 3150 2456 3190 meus.
2513 3134 2750 3190 Videndo
2806 3134 2962 3205 igitur
3015 3136 3290 3201 credidit,
3342 3137 3425 3206 qui
3474 3129 3743 3190 considerando

2291 3242 2479 3283 verum
2511 3227 2802 3294 hominem,
2834 3227 2974 3283 hunc
3018 3229 3188 3283 Deum
3216 3244 3373 3297 quem
3406 3226 3561 3283 videre
3596 3238 3669 3277 nou
3687 3236 3742 3288 ptio

2291 3328 2450 3383 terat,
2500 3319 2841 3374 exclamavit.
2894 3319 3157 3375 Laetiﬁcat
3205 3320 3358 3375 valde
3402 3319 3523 3390 quod
3562 3314 3741 3384 sequitur:

2290 3410 2439 3466 Beati
2466 3414 2553 3482 qui
2582 3429 2685 3466 non
2726 3413 2981 3479 viderunt,
3014 3422 3063 3467 et
3102 3413 3445 3467 crediderunt.
3486 3410 3533 3465 In
3553 3423 3627 3477 qua
3647 3403 3742 3458 nimi-

2291 3517 2408 3558 rum
2440 3504 2701 3558 senteutia
2734 3518 2833 3560 nos
2854 3504 3160 3573 specialiter
3183 3504 3373 3575 signati
3397 3515 3571 3568 sumus,
3594 3497 3655 3568 qui
3673 3510 3743 3550 eum

2291 3611 2447 3665 quem
2479 3596 2533 3651 in
2579 3611 2739 3652 carne
2766 3612 2871 3651 non
2902 3597 3168 3663 vidimus,
3201 3607 3379 3655 mente
3419 3599 3661 3652 retinemus.
3683 3588 3743 3641 Nos

2290 3687 2485 3755 signati
2516 3702 2735 3755 sumus,
2786 3689 2879 3743 sed
2911 3688 2958 3743 si
2989 3687 3146 3744 tidem
3178 3702 3412 3744 nostram
3441 3684 3639 3757 operibus
3654 3691 3744 3753 loli“

2291 3782 2485 3853 rando]
2517 3783 2810 3852 sequimur.
2840 3781 2935 3839 Ille
2959 3786 3161 3839 etenim
3193 3800 3321 3840 vere
3343 3784 3498 3839 credit
3520 3780 3589 3848 qui
3611 3778 3743 3829 excreti

2291 3874 2567 3943 operando
2595 3874 2743 3944 quod
2764 3875 2959 3931 credit.
2992 3876 3144 3943 Quod
3169 3886 3357 3931 contra
3384 3878 3447 3930 de
3474 3872 3543 3926 his
3564 3868 3631 3937 qui
3649 3862 3744 3918 iidem

2292 3972 2510 4023 nomine
2536 3976 2690 4024 tenus
2736 3969 2997 4036 retinent,
3029 3969 3226 4027 Paulus
3265 3969 3393 4025 dicit
3420 3988 3434 4023 :
3464 3964 3696 4030 Conﬁtentur
3716 3968 3746 4005 te

2290 4076 2440 4117 nosse
2463 4060 2649 4129 Deum,
2672 4061 2820 4131 factis
2840 4070 3011 4116 autem
3031 4071 3223 4133 negant
3242 4060 3371 4132 (Tit.
3396 4060 3452 4131 ι).
3473 4057 3583 4113 Hine
3600 4047 3744 4108 iactith

2290 4154 2367 4210 ait
2396 4172 2410 4209 :
2442 4152 2602 4209 Fides
2626 4156 2736 4209 sine
2766 4155 3004 4223 operibus
3055 4165 3265 4209 mortua
3306 4164 3378 4209 est
3401 4150 3578 4223 (Iacob.
3602 4149 3647 4212 ι).
3670 4140 3745 4193 Βία

2292 4249 2360 4303 ad
2386 4249 2601 4303 beatum
2632 4248 2733 4303 Job
2760 4248 2827 4302 de
2851 4250 3071 4316 antiquo
3095 4250 3254 4303 hoste
3279 4246 3482 4319 generis
3504 4235 3666 4296 humani
3685 4231 3745 4284 υιν

2292 4344 2467 4398 minus
2497 4341 2631 4396 dicit
2663 4357 2677 4394 :
2709 4340 3008 4395 Absorbebit
3032 4341 3249 4409 ﬂuuium
3278 4383 3293 4407 ,
3338 4347 3387 4393 et
3433 4352 3523 4391 non
3560 4327 3748 4383 mirubitm

2293 4442 2337 4487 et
2368 4433 2615 4503 ﬁduciam
2664 4432 2814 4486 habet
2856 4433 2992 4499 quod
3024 4434 3213 4503 inﬂuat
3260 4430 3499 4485 Iordanis
3535 4426 3578 4478 in
3618 4437 3657 4474 οε
3689 4416 3752 4479 ei”

2213 4525 2269 4588 Ῑ)
2294 4525 2438 4597 (δοίη
2471 4526 2585 4597 ιι).
2627 4526 2756 4592 Quis
2785 4524 2927 4580 enim
2971 4541 3066 4595 per
3105 4525 3329 4579 ﬂuvium
3378 4522 3663 4590 designatur,
3695 4504 3751 4558 nisi

2296 4618 2511 4672 humani
2538 4619 2749 4687 generis
2779 4617 2980 4672 ﬂuxus.
3021 4616 3176 4683 Quod
3198 4616 3443 4671 videlicet
3461 4623 3602 4684 genus
3624 4605 3751 4659 abortu

2295 4713 2359 4767 ad
2386 4713 2544 4765 linem
2575 4709 2777 4775 deﬂuit,
2809 4720 2861 4765 et
2889 4710 3036 4780 quasi
3067 4724 3221 4778 aquae
3251 4722 3418 4775 more,
3449 4696 3753 4789 usqueadttt't':

2295 4816 2565 4876 petentem
2595 4808 2877 4860 terminum
2906 4777 2972 4859 ex
2995 4777 3172 4857 carnis
3198 4802 3407 4869 liquore
3427 4788 3659 4868 percurrit.
3674 4777 3753 4876 Quid

2298 4868 2391 4969 per
2416 4898 2699 4954 Jordanem
2725 4939 2741 4964 ,
2796 4897 2897 4951 nisi
2942 4895 3335 4964 baptizatorum
3368 4891 3525 4947 forma
3566 4868 3755 4951 signatur?

2295 4992 2428 5060 Quia
2477 4991 2618 5046 enim
2660 4991 2712 5043 iu
2751 4988 2985 5042 aordane
3030 4986 3252 5042 ﬂumine
3284 4989 3398 5055 ipse
3438 4989 3596 5037 auctor
3619 4969 3755 5065 ruitur

2293 5081 2493 5151 ptionis
2523 5090 2719 5137 nostra:
2760 5079 3020 5148 baptizari
3048 5081 3301 5149 dignatus
3332 5088 3429 5141 est,
3456 5082 3581 5129 recte
3598 5062 3758 5121 iouia!“s

2295 5176 2510 5230 nomine
2531 5190 2714 5230 eorum
2748 5174 3028 5228 multitudo
3058 5175 3384 5242 exprimitur
3410 5170 3493 5239 qui
3517 5168 3626 5222 intra
3649 5166 3760 5211 μεθ’

2294 5280 2532 5324 arentum
2590 5269 2923 5338 baptismatis
2983 5268 3352 5323 continentur.
3414 5266 3638 5330 Antiquus
3844 5268 3845 5323 ι

2294 5360 2463 5416 Ιιοειίε
2482 5334 2694 5429 generis
2718 5359 2933 5415 humani
2962 5358 3174 5416 ﬂuvium
3195 5359 3500 5422 absorbuit,
3518 5353 3631 5424 quia
3648 5334 3762 5399 mundi

2290 5453 2497 5522 origine
2532 5467 2699 5521 usque
2727 5452 2793 5507 ad
2823 5454 3180 5521 redemptoris
3203 5452 3509 5509 adventum,
3540 5446 3609 5497 vix
3649 5430 3761 5503 paucis
3844 5438 3845 5471 1

2292 5544 2475 5602 electis
2504 5546 2849 5600 evadentibus
2873 5586 2886 5610 ,
2923 5546 2975 5599 in
3006 5557 3244 5601 ventrem
3296 5561 3405 5600 suae
3440 5540 3623 5598 malitis)
3666 5535 3763 5623 geniti

2294 5639 2582 5694 humanum
2628 5641 2805 5693 traxit.
2854 5639 2931 5696 De
2971 5654 3078 5710 quo
3120 5650 3267 5695 recte
3306 5641 3492 5694 dicitur
3523 5653 3534 5687 :
3564 5620 3761 5685 Attoniti“

2285 5733 2530 5799 ﬂuvium,
2574 5742 2623 5787 et
2652 5748 2753 5787 non
2785 5735 3055 5788 mirabitur
3077 5775 3093 5803 ,
3124 5733 3243 5805 quia
3280 5747 3376 5802 pro
3414 5742 3587 5802 magno
3608 5733 3685 5778 non
3706 5714 3758 5765 ω·
