3972 6340
246 349 381 406 1557

1219 346 1682 403 HOMILIARIUS.
1725 375 1793 386 —-
1832 346 1994 402 HOM.
2041 347 2126 401 Diti
2164 346 2487 405 TEMPORI

3370 344 3507 404 1⁵558

246 482 338 535 bet
365 493 485 533 cum
527 475 771 532 inﬁdeles
815 475 976 545 rapit.
1005 475 1111 532 Sed
1146 491 1311 546 grave
1340 488 1423 533 est
1474 478 1629 533 valde
1685 480 1827 549 quod
1858 468 1906 525 Α
1936 498 2036 536 uus
2065 491 2151 536 est
2180 483 2287 537 Deo
2332 498 2584 552 reparare
2600 483 2742 555 quod
2772 483 2869 539 fuit
2894 522 2910 549 ,
2938 496 3097 553 quam
3134 496 3345 539 creasse
3366 480 3508 553 quod

245 574 533 627 subditur:
567 571 633 623 Et
660 570 813 624 habet
843 570 1089 638 fiduciam
1118 572 1253 641 quod
1291 573 1477 643 inﬂuat
1504 571 1752 626 Iordanis
1777 574 1829 625 iu

244 679 303 716 os
334 666 466 733 ejus,
495 662 614 729 quia
661 671 938 731 postquam
987 661 1231 717 infideles
1273 678 1513 732 quosque
1556 678 1586 717 a
1640 663 1825 718 mundi

244 756 453 821 origine
484 752 677 818 rapuit,
724 752 895 806 adhuc
922 766 982 807 se
1012 767 1168 821 posse
1209 754 1459 816 decipere
1486 755 1643 808 etiam
1701 753 1831 807 iide-

242 842 323 899 les
352 841 643 911 praesumit.
695 841 826 896 Nam
877 857 972 897 ore
1006 843 1273 911 pestiferae
1324 846 1688 912 persuasionis
1737 860 1830 899 eos

244 934 484 1003 quotidie
513 935 770 997 devorat,
802 934 854 988 in
904 935 1100 1001 quibus
1127 951 1155 989 a
1185 936 1522 993 confessione
1575 937 1695 991 fidei
1746 951 1831 992 re-

248 1029 412 1097 proba
446 1028 545 1082 vita
576 1028 861 1083 discordat.
916 1030 1025 1084 Hoc
1055 1044 1212 1099 ergo,
1265 1027 1460 1081 fratres
1508 1028 1827 1095 charissimi,

245 1127 358 1172 tota
419 1118 716 1172 intentione
767 1120 1147 1187 pertimescite,
1180 1119 1280 1173 hoc
1308 1119 1448 1186 apud
1475 1133 1570 1172 vos
1599 1119 1830 1175 sollicita

196 1242 209 1251 κ
245 1222 427 1265 mente
476 1213 723 1279 cogitate.
783 1211 919 1265 Ecce
976 1210 1248 1281 paschalia
1288 1210 1548 1264 solemnia
1596 1212 1823 1279 agimus.

242 1301 348 1357 Sed
388 1303 455 1355 ita
494 1302 782 1355 videndum
816 1302 970 1356 nobis
998 1312 1099 1369 est,
1123 1312 1181 1355 ut
1212 1302 1490 1369 pervenire
1528 1301 1592 1355 ad
1627 1314 1824 1356 aeterna

246 1396 381 1448 festa
412 1407 732 1449 mereamur.
775 1393 1079 1449 Transeunt
1100 1404 1289 1448 cuncta
1322 1408 1437 1463 quae
1461 1392 1824 1461 tempuraliter

236 1483 432 1565 rfestita
473 1483 829 1538 celebrantur.
853 1483 1047 1539 Curate
1068 1485 1155 1553 qui
1188 1484 1269 1538 his
1289 1484 1712 1538 solemnitatibus
1738 1484 1823 1536 in-

244 1577 479 1639 terestis,
513 1591 578 1630 ne
602 1578 668 1631 ah
706 1586 902 1632 aeterna
948 1576 1282 1633 solemnitate
1314 1577 1658 1645 separcmini.
1694 1575 1830 1641 Quid

244 1668 467 1736 prodest
505 1669 764 1723 interesse
811 1668 957 1722 festis
988 1667 1282 1733 hominum,
1310 1670 1355 1722 si
1398 1668 1587 1723 deesse
1617 1667 1831 1720 coutin-

242 1774 329 1829 gat
362 1760 511 1814 festis
563 1759 911 1826 angelorum?
944 1760 1139 1814 Umbra
1190 1768 1427 1811 venturae
1474 1755 1829 1813 solemuitatis

1933 588 2037 627 non
2065 572 2180 627 fuit.
2212 574 2317 627 Aut
2344 575 2468 643 quid
2497 576 2688 629 mirum
2716 575 2759 629 si
2792 574 3058 631 hominem
3084 589 3149 628 ex
3180 575 3398 643 pulvere
3423 588 3509 629 re-

1932 663 2062 727 ﬁcit,
2094 664 2366 732 quistmul
2414 666 2593 719 omnia
2639 680 2704 720 ex
2734 665 2901 719 nihilo
2933 664 3175 718 creavit?
3220 664 3509 720 Mirabilins

1930 769 2162 824 namque
2211 765 2297 810 est
2323 757 2516 811 ctelum
2545 767 2598 811 et
2624 765 2820 810 terrain
2850 771 2916 810 ex
2964 754 3125 810 nullis
3154 756 3510 809 existentibus

1930 847 2257 913 condidisse,
2286 864 2444 914 quam
2467 850 2638 916 ipsum
2673 848 2941 902 hominem
2967 862 3035 901 ex
3063 855 3201 901 terra
3232 862 3507 916 reparare.

1934 938 2041 993 Sed
2073 938 2210 992 cinis
2241 939 2553 1004 attenditur,
2583 949 2638 993 et
2685 940 2735 991 in
2782 952 2995 992 carnem
3033 937 3209 991 redire
3236 952 3392 1004 posse
3419 938 3510 990 de-

1929 1038 2195 1097 speratur,
2228 1038 2282 1083 et
2328 1029 2519 1084 divina:
2560 1029 2886 1098 operationis
2937 1030 3103 1081 virtus
3132 1026 3510 1095 comprehendi

1939 1120 2089 1189 quasi
2128 1135 2194 1175 ex
2235 1119 2441 1174 ratione
2472 1121 2874 1189 qureriturdlui
2905 1118 3109 1174 scilicet
3150 1120 3263 1173 haec
3314 1120 3513 1173 idcirco

1931 1210 1985 1264 in
2033 1213 2146 1265 suis
2198 1209 2608 1289 cogitationibus
2647 1211 2851 1277 dicunt,
2900 1210 3025 1279 quia
3073 1211 3152 1264 eis
3209 1210 3512 1279 quotidiana

1937 1302 2031 1357 Dei
2076 1303 2334 1355 miracula
2367 1320 2432 1356 ex
2462 1303 2772 1357 assiduitate
2805 1302 3091 1355 viluerunt.
3125 1302 3254 1355 Nam
3304 1317 3429 1355 ecce
3463 1303 3512 1355 in

1932 1411 2039 1450 tino
2064 1412 2230 1466 grano
2252 1398 2549 1466 parvissimi
2576 1398 2797 1452 seminis
2826 1399 2956 1454 latet
2984 1407 3089 1452 tota
3110 1414 3228 1467 qua:
3251 1400 3512 1451 nascitnra

1932 1498 2016 1543 est
2049 1490 2259 1545 arboris
2281 1491 2478 1545 moles.
2504 1490 2901 1555 Constituamus
2929 1506 3159 1560 namque
3188 1501 3309 1543 ante
3337 1490 3514 1543 oculos

1931 1579 2220 1649 cujuslibet
2270 1580 2479 1634 arboris
2508 1581 2697 1635 miram
2750 1581 3192 1650 magnitudinem,
3225 1582 3515 1649 cogitemus

1935 1671 2077 1725 unde
2106 1671 2337 1727 oriende
2366 1674 2532 1739 coepit
2555 1689 2672 1739 qua:
2696 1674 2759 1726 ad
2780 1685 2975 1727 tantam
3001 1675 3196 1729 molem
3226 1673 3516 1728 crescendo

1934 1760 2198 1830 pervenit.
2250 1762 2588 1818 inveniemus
2647 1765 2833 1831 procul
2875 1765 3036 1819 dubio
3092 1765 3209 1832 ejus
3257 1764 3514 1833 originem

243 1862 331 1906 est
353 1850 667 1905 solemnitas
700 1864 961 1919 przrsens.
998 1849 1205 1903 Idcirco
1228 1849 1363 1901 hanc
1391 1849 1601 1914 agimus
1627 1859 1827 1910 annue,

1937 1855 2310 1924 parvissimnm
2340 1870 2545 1911 semen.
2584 1857 3001 1912 Consideremus
3026 1871 3168 1912 nunc
3204 1856 3293 1910 ubi
3340 1858 3391 1910 in
3426 1858 3516 1911 illo

242 1952 303 1995 ut
348 1942 411 1993 ad
453 1942 595 1994 illam
625 1956 742 2010 qua:
762 1956 867 1993 non
896 1950 973 1994 est
997 1953 1193 2004 annua,
1218 1938 1310 1993 sed
1333 1939 1605 1999 continua,
1640 1937 1833 2005 perdu-

240 2047 449 2087 camur.
484 2033 613 2086 Cum
646 2032 762 2087 haec
796 2041 997 2085 statuto
1028 2040 1268 2099 tempore
1317 2030 1541 2101 geritur,
1574 2030 1640 2083 ad
1688 2029 1833 2085 illius

241 2126 569 2181 desiderium
615 2126 874 2180 memoria
919 2133 1098 2179 nostra
1148 2123 1451 2178 refricatur.
1498 2121 1829 2190 Frequenta-

245 2221 397 2275 tione
450 2233 577 2289 ergo
632 2217 811 2289 gaudii
871 2216 1206 2285 temporalis,
1266 2216 1332 2269 ad
1389 2225 1588 2269 aeterna
1639 2212 1833 2283 gaudia

243 2327 400 2366 uicus
431 2310 722 2365 incalescat
774 2318 825 2361 et
872 2308 1113 2374 ferveat,
1155 2316 1211 2361 ut
1250 2321 1315 2362 ex
1365 2306 1591 2360 veritate
1635 2304 1834 2359 laetitia:

241 2404 553 2476 perfruatur
582 2405 633 2457 in
666 2403 857 2473 patria,
898 2402 1038 2471 quod
1069 2401 1139 2455 de
1170 2401 1355 2455 umbra
1401 2398 1579 2469 gaudii
1604 2399 1832 2452 medita-

244 2505 334 2549 tur
358 2496 408 2549 iu
439 2495 540 2549 via.
588 2493 762 2549 Vitam
789 2495 950 2564 igitur
979 2500 1244 2559 vestram,
1294 2492 1511 2557 fratres,
1551 2505 1835 2561 moresque

241 2588 575 2657 componite.
625 2588 671 2642 Is
698 2588 786 2656 qui
835 2588 980 2642 mitis
1022 2584 1315 2640 resurrexit
1342 2598 1404 2638 ex
1455 2591 1648 2648 morte,
1676 2597 1833 2650 quam

248 2684 526 2738 districtus
573 2682 625 2736 in
673 2680 877 2752 judicio
904 2678 1103 2747 veniat,
1134 2677 1445 2748 praevidete.
1473 2674 1635 2729 Certe
1674 2674 1727 2728 in
1749 2673 1835 2729 die

242 2776 515 2833 tremendi
570 2775 834 2830 examinis
864 2773 945 2828 sui
978 2788 1097 2827 cum
1128 2770 1334 2842 angelis
1377 2775 1433 2823 et
1478 2766 1832 2837 archangelis,

240 2884 370 2924 cum
415 2868 621 2922 thronis
671 2873 723 2920 et
749 2862 1201 2919 dominationibus
1229 2902 1244 2926 ,
1276 2875 1397 2915 cum
1446 2857 1837 2928 principatibus

240 2970 303 3014 et
332 2958 683 3027 potestatibus
710 2955 1023 3025 apparebit,
1056 2951 1205 3007 cmlis
1234 2966 1296 3004 ac
1328 2949 1481 3004 terris
1506 2948 1834 3012 ardentibus,

241 3051 459 3106 cunctis
504 3049 750 3103 videlicet
800 3046 1085 3102 elementis
1134 3046 1186 3100 in
1235 3042 1315 3098 sui
1362 3041 1604 3111 obsequii
1636 3048 1839 3095 terrore

240 3142 557 3199 commetis.
605 3141 753 3195 Hunc
800 3154 930 3208 ergo
974 3140 1102 3193 tanti
1157 3136 1364 3205 pavoris
1410 3134 1645 3203 jndicem
1710 3142 1836 3187 ante

242 3237 440 3290 oculos
479 3234 682 3304 ponite,
726 3232 865 3287 hunc
898 3241 1177 3286 venturum
1203 3230 1407 3291 timete,
1439 3235 1498 3281 ut
1531 3227 1668 3279 hunc
1709 3240 1829 3279 cum

245 3326 490 3391 venerit,
528 3340 631 3378 non
668 3325 857 3390 timidi,
885 3324 979 3377 sed
1030 3322 1201 3376 securi
1252 3319 1497 3373 videatis.
1540 3317 1834 3373 Timendus

244 3434 382 3488 ergo
400 3429 499 3481 est,
530 3432 596 3471 ne
627 3417 897 3470 timeatur.
918 3415 1113 3469 Terror
1139 3412 1253 3482 ejus
1285 3425 1381 3464 nos
1406 3410 1470 3464 ad
1502 3424 1654 3463 usum
1682 3409 1834 3462 bonae

244 3510 582 3579 operationis
613 3516 887 3573 exerceat,
931 3516 1103 3560 metus
1146 3503 1281 3558 illius
1330 3503 1492 3557 vitam
1538 3512 1772 3555 nostram
1803 3515 1833 3554 a

244 3604 519 3675 pravitate
573 3609 892 3668 compescat.
955 3598 1105 3663 Mihi,
1166 3597 1378 3661 fratres,
1433 3596 1658 3659 credite,
1710 3592 1833 3662 quia

247 3703 406 3749 tanto
449 3700 574 3746 tunc
603 3692 801 3746 erimus
847 3688 1018 3744 securi
1058 3688 1126 3743 de
1153 3689 1267 3757 ejus
1296 3687 1583 3749 sententia,
1637 3692 1835 3752 quanto

249 3798 404 3840 nunc
450 3797 570 3837 esse
596 3782 888 3852 satagimus
917 3779 1149 3848 suspecti
1176 3779 1243 3833 de
1270 3778 1443 3846 culpa.
1477 3774 1635 3831 Certe
1659 3776 1703 3828 si
1733 3775 1834 3828 ali-

248 3878 381 3948 quis
408 3884 639 3931 vestrum
672 3890 790 3928 cum
840 3888 938 3928 suo
981 3872 1290 3927 adversario
1319 3885 1534 3925 causam
1568 3870 1830 3934 dicturus,

248 3970 311 4026 in
344 3985 464 4024 meo
485 3966 685 4038 judicio
729 3967 817 4021 die
841 3966 1072 4019 crastina
1103 3973 1248 4019 esset
1283 3960 1633 4027 exhibendas,
1669 3969 1834 4016 totam

249 4063 488 4118 fortasse
534 4069 742 4115 noctem
796 4060 1093 4113 insomnem
1136 4056 1388 4121 duceret,
1421 4054 1545 4124 quid
1590 4054 1689 4107 sibi
1731 4054 1835 4108 dici

252 4162 462 4224 posset,
482 4152 606 4222 quid
637 4150 1021 4219 objectionihus
1068 4146 1436 4216 responderet,
1467 4158 1647 4200 secum
1680 4144 1834 4198 solli-

250 4247 368 4302 cita
400 4254 453 4300 et
506 4242 750 4298 aestuanti
794 4249 973 4296 mente
1000 4249 1235 4294 versaret
1272 4254 1286 4291 :
1331 4252 1396 4291 ne
1452 4252 1535 4290 me
1576 4234 1837 4289 inveniret

254 4350 547 4407 asperum,
580 4333 933 4390 vehementer
959 4336 1220 4385 metueret
1252 4344 1265 4379 :
1300 4342 1367 4380 ne
1404 4325 1543 4393 apud
1571 4338 1654 4376 me
1674 4336 1837 4392 appa-

252 4438 415 4489 reret
434 4430 646 4495 noxius,
673 4425 1008 4482 formidaret.
1051 4423 1117 4476 Et
1150 4421 1266 4489 quis
1285 4435 1404 4490 ego,
1427 4429 1518 4471 aut
1546 4416 1666 4486 quid
1698 4415 1835 4484 ego?

1935 1959 2102 2012 parvo
2129 1946 2352 2000 seminis
2397 1961 2567 2016 grano
2595 1948 2724 2003 latet
2763 1946 3020 2003 fortitudo
3074 1949 3223 2018 ligni,
3258 1952 3517 2016 asperitas

1932 2036 2171 2103 corticis,
2203 2040 2412 2105 saporis
2439 2038 2730 2110 odorisque
2760 2040 3087 2109 magnitudo,
3122 2041 3337 2094 ubertas
3375 2041 3515 2094 fruc-

1933 2135 2109 2193 tuum,
2144 2128 2383 2182 viriditas
2431 2129 2695 2186 foliorum.
2747 2131 3140 2186 Coutrectatnm
3173 2146 3400 2200 namque
3430 2147 3515 2185 se-

1933 2220 2094 2274 minis
2118 2236 2344 2289 granum
2377 2236 2481 2275 non
2504 2232 2588 2277 est
2606 2223 2861 2289 validum,
2893 2223 3035 2277 unde
3076 2238 3204 2293 ergo
3252 2223 3515 2292 processit

1934 2312 2060 2382 ligni
2082 2311 2277 2366 duritia
2303 2310 2325 2363 ?
2350 2311 2462 2368 Non
2492 2322 2575 2368 est
2603 2328 2871 2381 asperum,
2898 2314 3038 2368 unde
3057 2315 3318 2382 asperitas
3346 2314 3511 2367 corti-

1933 2408 2014 2464 cis
2065 2408 2280 2476 erupit?
2310 2407 2422 2462 Non
2449 2417 2533 2462 est
2560 2421 2808 2474 saporum
2843 2406 3222 2479 [saporosunt],
3250 2406 3393 2463 unde
3420 2421 3514 2461 sa-

1936 2512 2035 2568 por
2056 2498 2108 2553 in
2142 2499 2443 2553 fructibus?
2467 2496 2731 2553 Olfactum
2755 2497 2825 2552 nil
2856 2497 3099 2565 redolet,
3127 2498 3270 2551 unde
3298 2496 3432 2551 odor
3459 2497 3515 2551 in

1935 2588 2196 2645 fructibus
2227 2588 2459 2657 fragrat?
2485 2588 2567 2643 Nil
2597 2590 2652 2641 in
2684 2603 2744 2642 se
2772 2588 2943 2642 viride
2979 2587 3233 2655 ostendit,
3266 2586 3407 2642 unde
3436 2586 3517 2640 fo-

1938 2681 2129 2735 liorum
2158 2679 2402 2736 viriditas
2433 2679 2637 2735 exivit?
2665 2679 2863 2733 Cuncta
2892 2692 3020 2748 ergo
3047 2678 3099 2731 in
3128 2680 3335 2733 semine
3358 2678 3515 2731 simul

1937 2772 2133 2836 latent,
2165 2786 2284 2840 quae
2323 2779 2500 2825 tamen
2551 2784 2655 2823 non
2700 2769 2858 2823 simul
2894 2784 2958 2822 ex
2988 2768 3194 2823 semine
3234 2767 3515 2835 prodeunt.

1938 2863 2019 2919 Ex
2043 2862 2250 2917 semine
2278 2864 2474 2931 quippe
2506 2861 2812 2929 producitur
2837 2858 2984 2914 radix
3009 2898 3025 2923 ,
3076 2874 3141 2913 ex
3173 2857 3351 2912 radice
3398 2872 3516 2921 pro-

1939 2951 2018 3007 dit
2055 2952 2363 3020 virgultum,
2412 2965 2479 3006 ex
2511 2951 2737 3016 virgulto
2774 2949 2945 3003 oritur
2975 2949 3173 3003 fructus
3199 2988 3213 3013 ,
3258 2946 3310 2999 in
3346 2945 3515 2999 fructu

1941 3046 2099 3100 etiam
2152 3044 2458 3113 producitur
2486 3058 2691 3099 semen.
2736 3042 3011 3098 Addamus
3042 3053 3169 3109 ergo
3194 3039 3317 3108 quia
3344 3048 3394 3093 et
3435 3052 3515 3093 se-

1945 3150 2065 3191 men
2089 3136 2217 3190 latet
2245 3134 2299 3189 in
2329 3134 2553 3191 semine.
2582 3135 2717 3201 Quid
2747 3149 2876 3203 ergo
2908 3133 3097 3186 mirum
3121 3132 3166 3185 si
3209 3144 3353 3192 ossa,
3389 3146 3513 3183 ner-

1938 3244 2058 3295 vos,
2104 3244 2318 3284 carnem
2368 3228 2695 3299 capillosque
2743 3229 2962 3283 reducat
3016 3241 3085 3280 ex
3135 3226 3371 3295 pulvere,
3427 3222 3517 3294 qui

1940 3326 2167 3395 lignum,
2196 3322 2423 3387 fructus,
2458 3324 2583 3378 folia
2615 3323 2669 3376 in
2699 3334 2886 3392 magna
2910 3319 3052 3375 mole
3070 3319 3276 3373 arboris
3307 3333 3370 3371 ex
3396 3332 3519 3385 par-

1935 3434 2004 3474 vo
2041 3420 2278 3489 quotidie
2324 3417 2532 3473 semine
2561 3413 2854 3469 restaurat?
2901 3412 3032 3466 Cum
3082 3425 3210 3480 ergo
3258 3408 3508 3463 dubitans

1936 3514 2143 3567 animus
2184 3511 2251 3567 de
2303 3506 2709 3565 resurrectionis
2749 3503 2981 3574 potentia
3013 3503 3267 3555 rationem
3300 3500 3510 3569 quaerit,

1937 3621 2120 3663 earum
2149 3619 2326 3659 rerum
2356 3602 2408 3658 ei
2457 3602 2780 3670 quaestiones
2822 3596 3113 3652 inferendae
3152 3605 3277 3650 sunt
3317 3610 3432 3665 qua:
3460 3602 3515 3649 et

1937 3697 2270 3752 incessanter
2298 3694 2431 3748 fiunt
2458 3701 2513 3747 et
2553 3703 2726 3746 tamen
2746 3688 2951 3745 ratione
2981 3686 3362 3755 comprehendi
3407 3701 3510 3739 nc-

1936 3803 2200 3858 quaquam
2241 3795 2486 3854 possunt,
2539 3791 2600 3839 ut
2626 3784 2753 3839 dum
2785 3799 2889 3837 non
2920 3782 3064 3836 valet
3102 3796 3163 3834 ex
3207 3779 3409 3834 visione
3438 3779 3511 3833 rei

1938 3884 2221 3948 penetrare
2261 3875 2400 3946 quod
2432 3876 2691 3944 conspicit
2715 3914 2731 3940 ,
2767 3875 2837 3929 de
2878 3871 3295 3941 repromissione
3322 3870 3515 3925 divinze

1940 3967 2185 4037 potentia:
2219 3968 2401 4021 credat
2430 3965 2571 4035 quod
2595 3964 2763 4019 audit.
2794 3964 2883 4019 Illa
2907 3976 3034 4031 ergo
3063 3961 3365 4023 vobiscum,
3399 3959 3509 4012 fra-

1939 4066 2051 4113 tres
2080 4057 2406 4122 charissimi,
2436 4057 2715 4126 praemissa
2737 4058 2985 4125 cogitate,
3020 4068 3136 4121 qua!
3178 4060 3514 4118 permanent,

1937 4168 2054 4222 qua:
2087 4168 2212 4208 vero
2258 4166 2378 4205 cum
2408 4161 2646 4219 tempore
2670 4155 2947 4202 transeunt
2980 4147 3122 4201 velut
3162 4145 3270 4213 jam
3297 4143 3514 4198 dimissa

1938 4245 2219 4314 despicite.
2247 4244 2326 4298 Ad
2358 4241 2513 4312 hujus
2542 4241 2952 4296 resurrectionis
2990 4238 3210 4307 gloriam
3232 4280 3247 4301 ,
3280 4250 3436 4305 quam
3461 4236 3512 4288 in

1938 4352 1996 4392 se
2028 4339 2226 4392 veritas
2249 4337 2501 4401 ostendit,
2530 4345 2635 4389 tota
2659 4334 2956 4389 intentione
2977 4331 3223 4386 festinate
3254 4347 3269 4382 :
3299 4339 3515 4384 terrena

1938 4431 2199 4486 desideria
2252 4444 2371 4499 qua
2419 4429 2486 4482 ab
2537 4435 2754 4481 auctore
2805 4434 3093 4491 separant,
3146 4421 3311 4491 fugite
3348 4438 3362 4474 :
3394 4421 3516 4488 quia

251 4524 526 4582 Nimirum
570 4537 674 4576 non
708 4520 864 4588 longe
894 4524 1013 4587 post
1040 4515 1250 4569 futurus
1273 4521 1389 4582 post
1413 4511 1679 4564 hominem
1718 4522 1831 4563 ver-

1942 4532 2089 4579 tanto
2111 4524 2269 4576 altius
2299 4522 2365 4576 ad
2405 4530 2749 4589 conspectum
2797 4519 2890 4574 Dei
2917 4515 3299 4585 omnipotentis
3324 4513 3521 4583 pertin-

254 4617 401 4681 mis,
433 4624 589 4685 atque
632 4622 754 4683 post
786 4624 1018 4685 vermem
1049 4606 1239 4677 pulvis.
1282 4604 1337 4659 Si
1368 4618 1493 4671 ergo
1537 4610 1677 4656 tanta
1710 4616 1833 4655 cura

255 4708 661 4782 pertimescitur
687 4684 945 4774 iudiciuin
979 4700 1234 4769 pulveris,
1279 4712 1379 4766 qua
1426 4694 1719 4749 intentione
1750 4707 1841 4744 co-

252 4801 536 4874 gitandum
588 4808 710 4863 est,
757 4811 861 4865 qua
914 4793 1193 4849 formidine
1239 4786 1623 4859 providendum
1674 4792 1837 4837 tanta:

252 4894 520 4970 judicium
543 4888 868 4959 majestatis?
893 4886 995 4942 Sed
1018 4884 1135 4954 quia
1158 4889 1285 4935 sunt
1308 4877 1542 4934 nonnulli
1560 4875 1646 4943 qui
1668 4875 1736 4928 de
1760 4890 1848 4929 re-

255 4967 600 5046 surrectione
627 4984 803 5040 carnis
833 4981 1018 5036 incerti
1049 4986 1205 5041 sunt,
1239 4984 1291 5030 et
1322 4973 1460 5027 hanc
1491 4982 1615 5023 tunc
1643 4967 1842 5023 rectius

256 5083 547 5145 docemus,
571 5078 616 5133 si
645 5078 804 5133 etiam
853 5072 1090 5130 cordium
1138 5077 1439 5122 vestrorum
1465 5059 1844 5132 qumstionibus

257 5172 493 5227 occultis
546 5171 900 5231 occurrimus,
932 5178 1095 5233 pauca
1138 5160 1292 5215 nobis
1323 5159 1391 5213 de
1420 5159 1530 5225 ipsa
1575 5167 1846 5208 resurrec-

266 5263 434 5320 tiunis
463 5262 567 5317 fide
606 5259 866 5329 loquenda
901 5266 1043 5310 sunt.
1069 5252 1216 5308 Multi
1248 5252 1469 5313 etenim,
1504 5249 1641 5302 sicut
1670 5254 1723 5299 et
1750 5261 1847 5298 nos

262 5352 554 5423 aliquando
585 5352 799 5415 fuimus,
829 5348 954 5401 dum
979 5358 1192 5400 carnem
1224 5343 1275 5396 in
1310 5338 1669 5409 putredinem,
1701 5350 1852 5390 ossa-

264 5465 378 5520 que
402 5447 452 5501 itt
483 5446 754 5515 pulverem
780 5441 942 5508 redigi
972 5453 1063 5507 per
1088 5438 1329 5504 sepulcra
1374 5430 1731 5498 conSpiciunt,
1763 5441 1852 5482 re-

268 5541 447 5611 parari
478 5556 539 5593 ex
575 5540 790 5607 pulvere
831 5549 1044 5589 carnem
1067 5541 1120 5585 et
1175 5544 1294 5583 ossa
1336 5527 1622 5589 dil‘lidnnt,
1674 5522 1853 5589 sicque

267 5635 413 5708 apud
460 5649 519 5687 se
563 5630 712 5701 quasi
760 5630 1137 5685 ratiocinantes
1178 5623 1362 5677 dicunt
1396 5637 1409 5675 :
1440 5618 1662 5687 Quando
1693 5617 1855 5669 homo

268 5745 339 5784 ex
369 5728 588 5795 pulvere
621 5723 935 5780 reducitur?
964 5720 1186 5789 Quando
1208 5714 1382 5787 agitur’
1402 5723 1459 5769 ut
1490 5712 1625 5769 cinis
1654 5708 1861 5765 anime-

275 5820 400 5877 tur?
429 5818 633 5888 Quibus
677 5817 907 5875 breviter
938 5812 1323 5883 respondemus
1345 5849 1362 5877 ,
1394 5807 1516 5877 quia
1554 5805 1710 5874 longe
1752 5799 1857 5856 mi-

1939 4613 2083 4683 gitis,
2108 4621 2307 4681 quanto
2335 4610 2682 4665 mediatorem
2704 4610 2796 4664 Dei
2824 4616 2879 4663 et
2906 4608 3178 4662 hominum
3200 4602 3521 4675 singularius

1943 4707 2156 4772 amatis,
2182 4705 2273 4773 qui
2314 4690 2440 4757 vivit
2469 4713 2522 4758 et
2549 4710 2761 4771 regnat,
2790 4712 2893 4756 etc.

2427 4814 2704 4871 HOMILIA
2749 4813 3033 4870 CXXXVI.

2193 4950 2259 4989 DE
2301 4948 2479 4989 EADEII
2519 4946 2789 4988 DOMINICA.
2842 4946 2909 4984 AD
2947 4940 3265 4982 NEOPHYTOS.

2338 5052 2443 5123 (Ex
2468 5051 2604 5120 Opp.
2636 5045 2777 5103 beati
2807 5042 3139 5113 Augustini.)

2021 5170 2298 5225 Paschalis
2336 5164 2668 5230 solemnitas,
2708 5170 2812 5217 etc.
2868 5159 3083 5227 Reliqua
3111 5154 3223 5207 vide
3249 5150 3387 5223 apud
3417 5166 3531 5203 sau-

1950 5277 2089 5320 ctum
2114 5263 2476 5335 Augustinum,
2511 5258 2738 5325 Uperum
2776 5256 2889 5325 ejus
2917 5254 2971 5307 in
2994 5260 3128 5306 torno
3192 5246 3255 5316 V,
3282 5244 3530 5299 Patrolo-

1952 5364 2048 5426 qia:
2068 5354 2335 5419 XXX-IX,
2363 5355 2463 5410 cal.
2488 5350 2649 5406 2075.

2431 5464 2709 5522 HOMILIA
2741 5460 3051 5518 CXXXVII.

2241 5599 2291 5640 IN
2325 5593 2577 5636 DOIINICA
2605 5592 2841 5632 SECUNDA
2868 5587 2998 5628 Ροετ
3026 5583 3243 5625 ΡΑεοιιΑ.

2279 5698 2378 5770 (Ex
2408 5696 2544 5766 Opp.
2581 5693 2719 5749 beati
2743 5688 2990 5759 Gregorii
3017 5682 3211 5755 papae.)

2033 5790 2231 5859 lupillo
2280 5767 2503 5858 tempore
2553 5784 2683 5839 dixit
2731 5783 2884 5838 Iesus
2938 5774 3209 5849 discipulis
3250 5767 3501 5841 καίπερ

2634 5958 2660 5978 ο
