3972 6340
196 354 345 420 1841

765 468 1041 533 HOMILIA
1092 477 1200 535 CL;

505 584 560 625 1N
603 584 759 627 FERIA
799 588 1031 630 SECUNDA
1073 580 1463 631 rssrscosrss.

189 665 310 738 (Ex
341 666 482 722 beati
511 666 789 737 Augustini
823 671 873 724 in
904 668 1249 741 Evangelium
1282 672 1500 726 Joannis
1544 676 1775 727 tractatu

680 740 1019 808 duodecimo,
1052 740 1262 813 passim.
1283 743 1301 812 )

262 830 332 887 In
364 832 456 887 illo
483 839 704 900 tempore
726 832 859 885 dixit
879 832 1032 888 Iesus
1060 834 1327 903 discipulis
1354 836 1493 890 suis:
1518 834 1607 892 Sic
1637 833 1777 889 Deus

187 924 371 979 dilexit
404 923 648 976 mundum
677 933 730 975 ut
763 920 960 977 Filium
986 940 1137 978 suum
1166 927 1483 995 unigenitum
1515 926 1657 979 daret
1677 966 1693 991 ,
1726 934 1777 978 ut

184 1016 357 1070 omnis
384 1014 469 1081 qui
494 1013 655 1067 credit
685 1013 739 1066 in
794 1014 908 1082 ipso
938 1030 1039 1068 non
1069 1024 1264 1084 pereat,
1295 1016 1383 1069 sed
1414 1015 1594 1069 habeat
1625 1016 1778 1069 vitam

180 1112 456 1184 reternam,
487 1112 593 1159 etc.
624 1099 804 1171 (loan.
834 1102 941 1171 tu.)
1736 1164 1737 1167 η

258 1195 390 1249 Tota
414 1194 592 1250 cordis
613 1196 779 1252 nostri
802 1196 1050 1263 intentio,
1070 1197 1281 1263 fratres,
1304 1206 1409 1252 etc.
1434 1198 1651 1268 Reliqua
1666 1200 1778 1253 vide

176 1286 330 1353 apud
372 1296 599 1340 sanctum
643 1286 1017 1356 Augustinum,
1053 1287 1279 1358 Operam
1320 1293 1428 1360 ejus
1470 1300 1604 1345 tomo
1634 1290 1732 1345 ΙΙΙ
1759 1333 1774 1359 ,

150 1373 501 1446 _Patrologia:
526 1375 683 1431 XXX
698 1376 763 1443 V,
791 1380 890 1431 col.
924 1376 1095 1445 1484,
1129 1379 1221 1433 lin.
1258 1378 1348 1434 δὲ.

755 1468 1039 1527 HOMILIA
1068 1472 1201 1529 CLI.

540 1576 593 1616 IN
622 1578 780 1619 FEBIA
805 1580 1003 1619 TERTIA
1034 1580 1422 1624 PBNTECOSTES.

171 1656 195 1724 (
224 1653 305 1707 Ex
330 1655 499 1710 sancti
526 1654 808 1729 Augustini
838 1656 889 1710 in
918 1657 1139 1713 Joannis
1169 1659 1515 1729 Evangelium
1549 1667 1774 1715 tractatu

640 1728 1050 1807 quadragesimo
1080 1728 1323 1798 quinto.)

231 1811 303 1868 In
319 1814 410 1867 illo
426 1824 648 1903 tempore
662 1817 790 1870 dixit
803 1815 834 1870 J
841 1834 955 1872 esus
970 1819 1235 1890 discipulis
1245 1821 1354 1874 suis
1371 1837 1389 1875 :
1405 1820 1586 1888 Amen,
1602 1840 1767 1891 amen,
1800 1848 1849 1918 Β

166 1905 294 1957 dico
320 1905 477 1970 vobis,
498 1896 587 1974 qui
613 1924 712 1961 non
741 1908 897 1981 intrat
922 1926 1012 1979 per
1032 1914 1216 1965 ostium
1244 1913 1294 1965 in
1319 1914 1447 1981 ovile
1471 1916 1658 1981 ovium,
1682 1916 1770 1969 sed

165 1999 405 2051 ascendit
428 2000 667 2067 aliunde,
694 2000 783 2055 ille
808 2006 894 2072 [ur
921 2010 995 2055 est
1026 2011 1071 2079 et
1101 2002 1259 2081 latro,
1290 1988 1393 2059 etc.
1426 2005 1608 2077 (Joan.
1646 2010 1725 2075 χ.)

248 2086 325 2141 De
356 2084 653 2145 iiiuminato
682 2090 803 2159 illo,
823 2083 941 2148 etc.
977 2093 1197 2164 Reliqua
1227 2096 1342 2149 vide
1371 2098 1512 2169 apud
1543 2100 1770 2165 eumdem

162 2188 409 2233 sanctum
438 2180 819 2261 Augustinum,
857 2178 989 2237 tomo
1018 2194 1073 2237 ut
1106 2202 1293 2267 supra,
1325 2187 1425 2241 col.
1466 2187 1621 2243 i719.

736 2258 1197 2332 NOMuJAcLu.

523 2380 575 2420 IN
604 2383 765 2422 FERIA
797 2354 1006 2433 QUARTA
1040 2384 1423 2425 PENTECOSTES.

160 2448 281 2522 (Ex
303 2450 475 2511 sancti
504 2448 783 2526 Augustini
826 2442 1128 2531 ianoannis
1161 2450 1508 2531 Eyangeiium
1539 2440 1768 2515 tractatu

726 2526 987 2599 vigesimo
1017 2538 1188 2585 seno.
1214 2526 1232 2599 )
1317 2526 1337 2531 ⁷
1700 2536 1705 2537 ⁷

242 2616 313 2671 In
341 2619 430 2673 illo
457 2626 679 2690 tempore
704 2620 835 2675 dixit
860 2619 1015 2676 'Je'sus
1043 2618 1313 2691 diacipuiis
1342 2614 1450 2678 suis
1473 2639 1491 2678 :
1518 2618 1627 2692 Ego
1657 2632 1766 2677 sum

154 2714 324 2787 panis
351 2715 490 2769 vivus
516 2714 603 2786 qui
632 2717 693 2770 de
720 2716 845 2771 εωΙο
875 2710 1129 2771 descendi.
1162 2708 1223 2772 Si
1246 2719 1357 2787 quis
1385 2706 1766 2771 manducauerit

153 2816 234 2861 ea:
258 2807 355 2860 ltoc
376 2824 530 2876 pane,
560 2809 686 2863 vivet
708 2810 758 2863 in
782 2806 1029 2863 wtei‘num
1047 2850 1063 2875 ,
1090 2814 1195 2864 etc.
1226 2798 1406 2881 (ἰωὴ.
1432 2810 1531 2881 vi.)

240 2901 376 2957 Cum
422 2896 676 2959 Dominus
701 2912 881 2961 noster
921 2898 1075 2962 Jesus
1105 2900 1378 2974 Christus,
1410 2894 1515 2961 hic.
1554 2894 1767 2978 Reliqua

151 2999 282 3054 uide
310 3008 447 3053 tomo
476 3010 530 3053 ut
557 3008 717 3070 supra
737 3042 751 3066 ,
784 2999 883 3054 col.
918 2992 1073 3055 1606.

711 3084 991 3149 lIOMILIA
1048 3080 1228 3147 CLIII.

519 3202 570 3240 ικ
602 3194 759 3240 rents
789 3190 984 3249 ocimi.
1016 3192 1404 3240 rsnrccosrss.

281 3272 403 3347 (Ex
433 3270 573 3332 beati
606 3268 914 3347 Hieronymi
945 3274 997 3328 in
1034 3274 1380 3347 Evangelium
1411 3264 1651 3329 Matthaéi

635 3345 998 3417 expositmne,
1032 3347 1246 3416 passim.
1272 3345 1293 3414 )

240 3439 307 3495 In
324 3440 417 3495 illo
438 3450 679 3509 tenipore,
704 3442 993 3494 convocatis
1016 3441 1167 3494 Iesus
1195 3438 1466 3494 duodecim
1489 3441 1757 3508 apostolis,

148 3535 312 3589 dedit
352 3533 457 3586 illis
498 3533 729 3586 virtutem
773 3542 821 3586 et
861 3541 1160 3603 potestatem
1190 3544 1341 3601 super
1370 3531 1542 3585 omnia
1570 3532 1764 3586 dieme-

90 3608 95 3615 ’
146 3627 286 3691 nia,
321 3634 368 3678 et
395 3634 448 3678 ut
479 3625 750 3696 languores
781 3634 1052 3689 curarent,
1083 3632 1192 3680 etc.
1224 3626 1244 3695 (
1269 3623 1397 3677 Luc.
1425 3632 1501 3680 lx.
1528 3625 1548 3695 )

242 3717 685 3774 Praecedentibus
713 3718 881 3771 sancti
916 3716 1077 3787 hujus
1108 3715 1384 3783 Evangelii
1417 3716 1548 3770 locis
1583 3725 1764 3770 narrat

148 3814 365 3868 beatus
395 3809 583 3878 Lucas,
618 3811 739 3878 quia
769 3810 819 3862 in
854 3808 957 3862 illis
985 3808 1173 3863 diebus
1198 3807 1323 3860 exiit
1350 3805 1505 3861 Jesus
1532 3807 1585 3859 in
1617 3818 1763 3861 mou-

148 3917 273 3960 tem
320 3918 499 3969 orare,
549 3912 597 3956 et
644 3911 752 3955 erat
800 3903 888 3955 diu
938 3896 1241 3971 pernoctant
1287 3901 1340 3954 iit
1393 3901 1620 3955 oratione
1665 3897 1764 3954 Dei

146 4000 171 4069 (
206 3994 345 4049 Luc.
380 4008 431 4047 νι
454 3996 492 4064 ).
541 3992 609 4047 Et
637 4010 753 4048 cum
780 3997 917 4060 dies;
950 3993 1157 4064 inquit,
1191 3995 1358 4065 factus
1384 4001 1535 4059 esset,
1570 3995 1762 4048 vocavit

149 4087 459 4157 discipulos
500 4103 654 4151 suos,
687 4097 730 4141 et
770 4088 925 4159 elegit
966 4088 1233 4141 duodecim
1273 4100 1335 4141 ea:
1374 4087 1521 4156 ipsis.
1565 4086 1762 4141 Forma

146 4181 339 4251 igitur
378 4178 765 4247 praescribitur,
812 4194 844 4233 ο
885 4183 1079 4249 homo,
1111 4188 1269 4249 quam
1302 4174 1466 4234 debes
1496 4180 1759 4235 amuiari.

144 4269 309 4342 Quid
342 4269 485 4324 enim
520 4281 570 4324 te
602 4282 698 4337 pro
728 4271 904 4325 saluto
938 4280 1025 4325 tua
1054 4272 1233 4327 facere
1263 4270 1512 4341 oportet,
1545 4275 1758 4342 quando

146 4379 271 4439 pro
298 4374 351 4419 te
377 4364 620 4419 Christus
646 4366 695 4418 in
724 4366 969 4421 oratione
995 4367 1309 4436 pernoctat‘i
1340 4366 1477 4434 Quid
1505 4376 1559 4424 te
1584 4367 1763 4422 facere

140 4460 455 4520 convenit,
497 4470 618 4511 cum
649 4458 730 4512 vis
756 4459 971 4529 aliquod
1003 4460 1236 4513 oilicium
1270 4459 1481 4528 pietatis
1504 4460 1718 4515 adoriri
1743 4501 1757 4526 ,

140 4552 388 4626 quando
417 4552 667 4606 Christus
699 4553 959 4607 missurus
988 4555 1263 4621 apostolos
1302 4554 1449 4623 prius
1478 4564 1635 4609 orare
1664 4562 1759 4609 cu-

140 4646 355 4704 ravit?
385 4645 498 4700 Non
530 4654 709 4700 autem
740 4649 916 4701 omnis
963 4647 1056 4716 qui
1096 4655 1216 4701 orat
1255 4647 1498 4702 ascendit
1532 4648 1584 4701 in
1615 4656 1765 4703 mon-

140 4754 304 4799 tem.
339 4741 436 4796 Est
461 4743 604 4796 enim
647 4742 822 4794 oratio
864 4752 983 4809 quae
1023 4750 1300 4810 peccatum
1347 4741 1492 4795 facit.
1526 4741 1631 4797 Sed
1674 4742 1763 4809 qoi

142 4844 312 4894 bene
342 4843 495 4903 orat,
528 4836 618 4906 qui
652 4835 821 4890 Deum
854 4835 1060 4891 orando
1090 4836 1283 4905 quierit
1308 4878 1322 4900 ,
1357 4836 1442 4890 hic
1475 4840 1501 4888 it
1536 4837 1763 4891 terrenis

138 4934 230 4988 ad
274 4931 553 4997 superiora
582 4929 932 4999 progrediens
952 4971 966 4996 ,
998 4932 1254 4986 verticem
1286 4931 1449 4985 curiae
1482 4931 1766 4986 sublimio-

137 5027 243 5083 τίς
291 5022 554 5077 ascendit.
586 5022 686 5090 Qui
716 5022 845 5076 vero
873 5021 941 5075 de
970 5022 1201 5088 divitiis,
1237 5034 1325 5077 aut
1356 5022 1560 5078 honore
1589 5032 1763 5078 saecu-

140 5116 274 5175 lari
296 5151 315 5179 ,
357 5122 447 5169 aut
474 5122 626 5169 certe
655 5114 725 5169 de
754 5113 959 5169 inimici
992 5104 1162 5169 morte
1190 5114 1451 5170 sollicitus
1481 5116 1764 5180 obsecrat,

141 5210 296 5279 ipse
323 5205 377 5259 in
409 5205 607 5258 intimis
634 5204 821 5273 iacens
842 5242 858 5269 ,
890 5204 1024 5259 vites
1054 5205 1118 5258 ad
1150 5204 1317 5259 Deum
1354 5216 1542 5273 preces
1583 5207 1768 5260 mittit.

138 5304 311 5361 Orat
336 5305 517 5353 autem
544 5299 802 5353 Dominus
819 5338 835 5365 ,
864 5312 969 5353 non
994 5308 1053 5352 ut
1080 5310 1179 5368 pro
1202 5314 1260 5353 se
1284 5298 1561 5364 obsecret,
1589 5300 1683 5354 sed
1715 5306 1774 5353 tit

138 5408 281 5469 pro
308 5406 398 5447 me
426 5392 700 5460 impetret.
731 5390 863 5444 Nam
895 5397 948 5444 et
978 5390 1021 5444 si
1052 5391 1229 5444 omnia
1262 5390 1499 5459 pusuerit
1531 5391 1686 5445 Pater
1717 5382 1772 5445 in

138 5491 451 5560 potestate
477 5481 632 5550 Filii,
662 5480 827 5537 Filius
857 5490 1035 5536 tamen
1065 5491 1122 5535 ut
1149 5483 1377 5537 formam
1411 5482 1644 5537 hominis
1675 5484 1774 5537 im-

136 5582 389 5653 pleret,
431 5576 824 5631 ohsecrandum
866 5572 1077 5629 Patrem
1123 5584 1269 5642 putat
1310 5586 1404 5642 pro
1435 5575 1588 5629 nobis
1619 5590 1770 5641 esse,

135 5672 304 5747 quia
335 5669 630 5723 advocatus
660 5674 848 5723 noster
876 5676 979 5723 est.
1024 5665 1333 5720 Advocatum
1371 5667 1534 5733 enim,
1566 5668 1767 5736 inquit,

132 5765 422 5824 habemus
447 5762 590 5830 apud
622 5758 832 5814 Patrem
854 5800 868 5823 ,
896 5759 1077 5813 Iesum
1107 5758 1362 5813 Christum
1395 5758 1413 5827 (
1430 5756 1455 5810 l
1482 5758 1641 5813 Joan.
1676 5759 1767 5831 tt).

132 5858 235 5920 si
268 5855 564 5911 advocatus
589 5861 710 5921 est,
742 5852 903 5911 debet
932 5868 1031 5923 pro
1058 5854 1192 5910 meis
1223 5853 1551 5910 intervenire
1579 5866 1769 5926 pecca-

1178 353 1636 423 ﬂOMiLlARIUS.
1678 368 1748 408 '-‘-
1786 358 1943 425 HOHI.
1989 360 2076 423 DE
2117 362 2463 427 TEIPDRE.

1791 4594 1847 4667 1)

3324 370 3463 440 ista

1799 488 1849 545 Α
1879 486 1963 539 tis.
2011 486 2125 541 Non
2168 498 2296 557 ergo
2337 491 2487 557 quasi
2526 488 2800 556 iniit-mus,
2835 492 2931 547 sed
2960 490 3111 560 quasi
3144 498 3265 563 plus
3298 497 3458 553 obsc-

1878 584 2011 631 crat.
2047 578 2136 633 Vis
2182 578 2323 634 scire
2366 579 2488 648 quia
2539 580 2713 635 omnia
2758 588 2877 651 quae
2926 585 3089 639 vellet
3135 588 3359 655 posset!
3393 590 3458 644 Et

1878 670 2168 724 advocatus
2194 678 2247 726 et
2267 671 2429 740 iudex
2459 682 2558 726 cst.
2586 674 2638 727 lu
2664 675 2834 729 altero
2858 676 3074 743 pietatis
3103 679 3336 735 ol‘ilcium
3359 724 3372 748 ,
3404 678 3456 737 lu

1878 763 2046 817 altero
2088 764 2293 833 insigne
2319 774 2401 819 est
2449 768 2750 833 potestatis.
2789 768 2877 822 Vis
2904 778 3116 839 quoque
3154 768 3293 826 suis
3336 776 3455 842 Quia

1882 857 2011 910 mihi
2045 868 2148 910 non
2181 858 2280 912 sibi
2314 860 2593 914 oraverit?
2626 860 2690 913 Et
2720 852 2833 913 eum
2866 862 2971 916 dies
2993 905 3008 929 ,
3055 864 3257 933 inquit;
3293 868 3459 933 foetus

1879 958 2004 1004 esset
2050 953 2247 1005 vocavit
2292 954 2570 1023 discipulos
2617 960 2757 1017 suos,
2791 962 2838 1009 et
2880 958 3030 1027 elegit
3080 960 3350 1013 duodecim
3398 974 3462 1015 ex

1880 1042 2004 1111 ipsis
2045 1042 2216 1111 (Luc.
2264 1046 2369 1111 tit).
2408 1046 2506 1100 Ubi
2545 1048 2871 1113 notandum,
2904 1051 3044 1119 quod
3075 1044 3378 1119 euangelica
3408 1065 3461 1107 et

1882 1135 2179 1202 apostolica
2208 1135 2484 1203 Scriptura
2530 1148 2633 1193 non
2677 1140 2846 1193 solum
2892 1141 3012 1195 illos
3050 1142 3328 1196 duodecim
3371 1158 3461 1207 ap-

1881 1227 2042 1294 pellat
2071 1227 2363 1295 discipulos
2392 1228 2589 1283 Chiistl
2612 1276 2625 1296 ,
2662 1222 2751 1283 'scd
2785 1236 2837 1286 et
2866 1222 3053 1287 omnes
3086 1234 3136 1287 in
3169 1234 3290 1288 eum
3339 1249 3458 1289 cre-

1880 1318 2097 1381 dentes,
2152 1320 2240 1387 (ιυί
2290 1320 2408 1388 ejus
2462 1322 2760 1376 ministerio
2807 1322 2873 1377 ad
2925 1322 3146 1393 regnum
3201 1326 3458 1381 ciblorum

1878 1409 2281 1465 erudieitantur.
2329 1410 2585 1481 Discipuli
2629 1408 2824 1483 quippe
2856 1424 2884 1470 α
2917 1405 3173 1472 discendo
3203 1420 3328 1473 sunt
3361 1428 3456 1471 ro-

1877 1503 2013 1568 Cati,
2044 1503 2111 1557 de
2144 1516 2369 1570 quorum
2400 1505 2739 1563 tuultititdiiic
2767 1514 2902 1579 quos
2930 1510 3044 1578 ipse
3070 1511 3236 1565 voluit
3266 1512 3457 1580 elegit,

1877 1610 2015 1665 quos
2046 1602 2094 1651 et
2138 1602 2413 1667 apostolos
2455 1601 2772 1655 nominavit.
2822 1603 3065 1672 Apustio"
3106 1600 3327 1668 Graece,
3364 1604 3461 1656 La-

1881 1688 1991 1741 tino
2042 1690 2193 1744 missi
2242 1691 2515 1747 dicdntur.
2570 1692 2735 1761 Cujus
2784 1700 3177 1748 sacramemum
3230 1696 3457 1750 nominis

1878 1788 2153 1848 etponens
2182 1782 2513 1853 evangelista
2546 1783 2781 1848 Marcus,
2816 1785 2887 1837 ait
2918 1801 2931 1837 :
2968 1783 3036 1837 Et
3068 1785 3185 1852 fecit
3214 1793 3268 1838 ut
3298 1792 3457 1839 essent

1876 1870 2145 1924 duodecim
2176 1882 2289 1926 cum
2319 1875 2409 1927 illo
2435 1918 2449 1942 ,
2484 1884 2532 1927 et
2561 1885 2615 1929 ut
2643 1870 2863 1930 mitteret
2892 1882 2975 1932 eos
3006 1872 3286 1945 pi‘wdicare
3310 1888 3460 1932 evan-

1874 1966 2058 2032 gelium
2102 1965 2311 2035 (Mare.
2344 1969 2465 2037 Ill).
2511 1968 2577 2023 Et
2624 1970 2737 2039 ipse
2793 1971 3047 2027 Dominus
3098 1972 3267 2027 dicit:
3312 1971 3459 2028 Sicut

1874 2052 2009 2113 misit
2042 2076 2118 2114 me
2144 2059 2321 2127 Pater,
2355 2071 2399 2116 et
2432 2074 2525 2133 ego
2554 2064 2697 2117 mitto
2725 2072 2811 2117 vos
2844 2062 3022 2132 (latin.
3052 2066 3163 2132 rt).
3192 2064 3293 2131 Qui
3326 2066 3460 2119 bene

1873 2152 2156 2206 duodecim
2204 2163 2326 2208 sunt
2368 2155 2522 2209 electi
2548 2196 2565 2221 ,
2608 2164 2664 2209 ut
2708 2156 2959 2211 videlicet
3003 2155 3186 2210 mundi
3228 2156 3456 2210 salutem

1872 2258 2036 2311 quam
2072 2246 2238 2299 verbo
2269 2246 2653 2314 praedicarent,
2688 2260 2787 2302 suo
2830 2262 3043 2318 quoque
3084 2258 3306 2304 numero
3345 2262 3461 2320 my-

1872 2337 2007 2391 stice
2052 2336 2517 2393 commendarent.
2552 2338 2659 2392 Ter
2698 2332 2838 2393 enim
2885 2341 3130 2408 quaterni
3182 2342 3341 2397 decas
3380 2342 3459 2395 di-

1872 2429 2153 2498 spondius.
2192 2431 2325 2485 Hinc
2357 2441 2438 2485 est
2469 2431 2628 2497 illud,
2665 2433 2786 2501 quia
2814 2446 2934 2487 cum
2966 2434 3019 2487 in
3050 2438 3176 2503 typo
3206 2434 3461 2490 Ecclesiae

1872 2521 2127 2576 Salomon
2168 2518 2393 2577 Domino
2423 2525 2677 2593 templum
2724 2525 3005 2591 conderet,
3056 2518 3182 2581 fecit
3221 2537 3276 2582 et
3315 2542 3462 2583 mare

1873 2624 2116 2677 euentu,
2151 2615 2201 2667 in
2234 2612 2342 2682 qito
2371 2615 2683 2670 saterdotes
2716 2617 3019 2671 lavarentur
3047 2616 3140 2688 (ll
3176 2608 3303 2672 Par.
3335 2628 3391 2673 tv
3416 2616 3460 2690 ).

1873 2704 2269 2775 Duodecimque
2299 2709 2399 2761 hoc
2430 2708 2586 2761 boum
2616 2708 2866 2764 clunibus
2896 2710 3184 2779 imposuit,
3227 2714 3454 2779 auorum

1872 2798 1983 2852 tres
2012 2797 2314 2865 aquilonem
2337 2841 2351 2864 ,
2387 2808 2495 2852 tres
2526 2800 2891 2867 occidentem,
2923 2808 3032 2856 tres
3062 2802 3337 2856 meridiem
3361 2842 3376 2867 ,
3406 2810 3461 2858 et

1873 2899 1981 2945 tres
2009 2891 2310 2959 aspicerent
2335 2892 2596 2946 orientem
2631 2909 2644 2946 :
2679 2893 2970 2963 ﬁguraliter
3001 2894 3300 2962 insinuans,
3333 2900 3460 2965 quti-

1872 2983 2013 3036 niam
2044 2984 2274 3052 apostoli
2315 2984 2790 3054 apostolornmttue
2830 2986 3207 3054 successores,
3241 2996 3461 3043 cunctas

1869 3076 2016 3133 urbis
2046 3078 2291 3142 Quadrati
2321 3079 2501 3148 plagas
2530 3081 2632 3135 title
2661 3088 2715 3135 et
2742 3080 3085 3136 eotifessione
3111 3084 3312 3136 satictm
3338 3082 3457 3137 Tri-

1871 3168 2054 3223 nitatis
2080 3178 2318 3225 essenta
2348 3180 2687 3240 peccatorum
2719 3171 2837 3226 labe
2870 3173 3160 3239 purgatnri.
3191 3172 3290 3240 Qui
3322 3173 3459 3230 bene

1872 3262 2037 3316 etiam
2068 3262 2120 3316 in
2151 3271 2333 3317 monte
2358 3264 2647 3332 eliguntur.
2678 3265 2833 3319 Mons
2860 3265 2951 3319 ille
2979 3266 3031 3319 ih
3061 3266 3165 3335 quo
3192 3265 3460 3335 apdswlos

1872 3353 2033 3423 elegit
2079 3355 2374 3421 Dominus;
2407 3352 2744 3410 aitituditieni
2787 3356 3030 3425 designat
3067 3356 3284 3425 instillat
3312 3400 3325 3421 ,
3358 3344 3459 3426 qua

1871 3446 2184 3503 instituendi
2226 3454 2413 3513 erant,
2446 3454 2502 3503 et
2541 3454 2701 3516 quam
2747 3447 3082 3516 pradicaturi
3129 3444 3457 3504 hoiniuilins.

1871 3540 2002 3595 Nam
2034 3532 2155 3606 quia
2190 3540 2453 3595 missurus
2483 3544 2597 3594 erat
2624 3550 2719 3594 eos
2760 3539 2825 3593 ad
2868 3538 3265 3607 praedicandum
3297 3554 3459 3594 evan-

1854 3632 2071 3702 gelium
2106 3633 2254 3701 regni
2288 3632 2557 3697 calcatis,
2593 3632 2785 3686 merito
2813 3636 2911 3701 per
2938 3631 3323 3685 sublimitatem
3357 3631 3458 3685 loci

1868 3724 1924 3779 in
1955 3738 2060 3793 quo
2090 3723 2247 3778 electi
2284 3728 2446 3787 sunt,
2479 3723 2771 3776 admonere
2803 3715 2969 3774 voluit
3000 3724 3091 3775 eos
3114 3764 3128 3788 ,
3162 3716 3266 3805 non
3298 3722 3350 3775 i'n
3378 3720 3458 3773 in-

1872 3814 2012 3871 fimis
2043 3815 2330 3870 desideriis
2361 3814 2601 3868 animum
2634 3804 2970 3878 dissolvere;
3003 3812 3096 3867 sed
3131 3804 3194 3865 ad
3226 3828 3455 3881 superna

1870 3909 2218 3965 desideranda
2247 3915 2300 3961 et
2329 3906 2618 3977 quiereuda
2649 3908 2864 3973 semper
2890 3906 3097 3974 erigere
3125 3904 3338 3959 debere.
3369 3903 3460 3958 Sic

1870 4005 2029 4061 etiam
2080 4003 2252 4072 legem
2302 3990 2523 4056 daturus
2572 4000 2736 4069 priori
2787 3988 2995 4067 populo
3030 4004 3159 4060 suo,
3192 3992 3243 4049 iii
3278 3998 3461 4049 monte

1869 4095 2151 4167 apparuit,
2178 4095 2244 4149 de
2273 4098 2456 4146 monte
2483 4094 2602 4161 qua:
2629 4089 2833 4160 agenda
2862 4092 3041 4143 essent
3067 4086 3315 4141 inuoluit.
3352 4085 3454 4140 Ve-

1860 4200 1987 4245 rum
2020 4176 2141 4256 quia
2172 4184 2399 4241 necdum
2433 4193 2547 4239 erat
2589 4186 2799 4251 tempds
2841 4190 2898 4235 ut
2940 4180 3211 4235 diceretur
3240 4195 3254 4233 :
3287 4176 3459 4231 Pleni-

1870 4280 2077 4335 tentiarn
2110 4278 2277 4347 agite,
2321 4274 2751 4346 appropinqaaivit
2790 4274 2925 4326 enim
2965 4274 3176 4342 regnum
3217 4271 3455 4324 calorum

1872 4370 2098 4441 (Matth.
2131 4366 2226 4439 nt)
2249 4408 2263 4434 ,
2298 4367 2391 4422 sed
2426 4370 2630 4420 tantum
2658 4362 2934 4417 dicebatur
2961 4370 2971 4413 ε
3011 4361 3229 4414 tionem
3258 4362 3454 4429 pati-em

1870 4466 2010 4515 luunt
2042 4469 2087 4515 et
2117 4456 2329 4513 matrem
2348 4502 2360 4526 ,
2394 4467 2446 4510 ut
2473 4459 2543 4511 sie
2574 4456 2834 4527 lbngtet'us
2862 4458 3016 4519 super
3054 4458 3271 4519 terram,
3305 4442 3459 4520 quam

1872 4555 2126 4609 Domitius
2169 4553 2306 4608 Deus
2348 4560 2464 4606 titus
2505 4552 2643 4604 dabit
2676 4540 2763 4604 lilii
2794 4548 3002 4622 (Exod.
3037 4558 3106 4603 xx
3129 4550 3168 4617 ).
3201 4546 3459 4615 Quamvis

1872 4649 1989 4704 hinc
2039 4648 2225 4704 eadem
2270 4647 2432 4701 Verba
2481 4644 2657 4716 typice
2711 4644 2933 4714 regtitlm'
2991 4641 3143 4698 nobis
3195 4644 3453 4696 aeternum

1869 4741 2012 4809 quod
2062 4746 2142 4794 est
2192 4741 2245 4793 in
2294 4744 2432 4793 terra
2482 4734 2808 4800 virentium,
2862 4732 3213 4803 promittant,
3261 4748 3461 4801 nequa-

1868 4836 2031 4905 uuam
2066 4831 2572 4901 pOpulus‘loquenti
2607 4831 2657 4883 in
2691 4829 2873 4884 monte
2907 4822 3131 4883 Domino
3173 4827 3458 4896 appropin-

1871 4934 2039 4997 quare
2072 4926 2255 4991 valuit,
2281 4923 2346 4979 de
2376 4922 2715 4977 iui’tsriorihus
2748 4928 2866 4990 oua:
2896 4916 3206 4974 diceremur
3228 4917 3453 4981 ‘ahdivit,

1870 5020 1993 5091 ‘quia
2024 5018 2249 5074 necdum
2284 5022 2464 5072 mente
2494 5014 2676 5083 capaci
2707 5013 2771 5068 ad
2816 5002 3158 5080 intelligentia
3208 5009 3457 5079 mysteria

1876 5120 1993 5181 quae
2035 5111 2353 5167 dicebantur
2397 5108 2689 5163 astendere
2736 5106 2996 5165 noverat:
3028 5092 3281 5169 solusque
3311 5098 3459 5166 Moy-

1877 5214 1965 5259 Ses
1985 5246 1999 5270 ,
2034 5203 2156 5272 quia
2187 5203 2355 5270 legem
2389 5188 2742 5268 spirituaiiter
2770 5192 2958 5248 audire
2987 5191 3277 5273 didicerat,
3311 5204 3461 5241 mon-

1878 5298 1946 5351 tis
1975 5297 2028 5351 ih
2054 5310 2159 5365 quo
2186 5300 2300 5349 erat
2325 5293 2602 5355 Doutitiits,
2633 5290 2887 5343 Verticem
2918 5284 3230 5341 conscendit
3261 5281 3458 5353 (Exod.

1881 5389 2012 5459 χιχ).
2047 5388 2188 5442 Βρηθ
2214 5388 2391 5440 autem
2421 5380 2631 5451 dicitur,
2660 5368 2782 5453 quid
2814 5380 3108 5435 ascendeiis
3141 5378 3193 5432 in
3224 5381 3461 5431 ntotttem

1883 5482 2142 5536 Dominus
2165 5522 2177 5545 ,
2214 5478 2425 5532 vocavit
2452 5474 2518 5530 ad
2549 5484 2610 5529 se
2641 5480 2775 5541 quos
2807 5472 2972 5527 voluit
3003 5471 3139 5538 ipse:
3178 5469 3291 5523 Non
3322 5466 3462 5521 cuitu

1882 5575 2091 5628 illorum
2124 5571 2405 5627 electionis
2445 5576 2507 5622 ac
2536 5567 2729 5633 studii,
2759 5565 2853 5621 sed
2885 5564 3081 5619 divitia!
3121 5568 3236 5616 erat
3274 5560 3462 5627 dignit-

1880 5667 2039 5722 tionis
2070 5674 2121 5720 et
2147 5664 2354 5733 gratiae,
2388 5666 2443 5716 ut
2467 5663 2521 5716 in
2550 5658 2906 5729 apoStoiaIUm
2937 5660 3280 5709 Vorarettltir.
3314 5638 3466 5707 Unde

1875 5769 1928 5814 et
1954 5761 2032 5813 eis
2060 5758 2183 5812 alibi
2210 5755 2340 5811 dicit
2367 5770 2380 5809 :
2425 5751 2548 5808 Non
2587 5766 2676 5807 vos
2703 5768 2782 5806 me
2811 5749 3068 5821 elegistis,
3097 5746 3185 5801 sed
3216 5760 3307 5816 ego
3338 5742 3465 5837 elegi

1876 5870 1964 5910 vos
2003 5851 2197 5920 (Joan.
2228 5850 2359 5921 xv).
2400 5846 2560 5906 Modo
2597 5852 2775 5904 autem
2812 5844 3043 5913 fratres,
3073 5850 3195 5898 cum
3235 5830 3453 5909 estith-

3969 436 3972 575 i
