  <div class='ocr_page' id='page_1' title='image "/cluster/home/n/w/nwhite01/storage/ocr_20150623/95/hvd.32044010719722/701.png"; bbox 0 0 3972 6340; ppageno 0'>
   <div class='ocr_carea' id='block_1_1' title="bbox 621 300 762 362">
    <p class='ocr_par' dir='ltr' id='par_1_1' title="bbox 621 300 762 362">
     <span class='ocr_line' id='line_1_1' title="bbox 621 300 762 362; baseline 0.043 -7"><span class='ocrx_word' id='word_1_1' title='bbox 621 300 762 362; x_wconf 63' lang='grc'><strong>1545</strong></span> 
     </span>
    </p>
   </div>
   <div class='ocr_carea' id='block_1_2' title="bbox 1489 297 3727 375">
    <p class='ocr_par' dir='ltr' id='par_1_2' title="bbox 1489 297 3727 375">
     <span class='ocr_line' id='line_1_2' title="bbox 1489 297 3727 375; baseline -0.006 -14"><span class='ocrx_word' id='word_1_2' title='bbox 1489 304 1693 362; x_wconf 83' lang='lat' dir='ltr'><strong>PAULI</strong></span> <span class='ocrx_word' id='word_1_3' title='bbox 1732 302 2003 360; x_wconf 78' lang='lat' dir='ltr'><strong>DIACONI</strong></span> <span class='ocrx_word' id='word_1_4' title='bbox 2040 302 2194 359; x_wconf 89' lang='lat' dir='ltr'><strong>OPP.</strong></span> <span class='ocrx_word' id='word_1_5' title='bbox 2234 300 2413 357; x_wconf 81' lang='lat' dir='ltr'><strong>PARS</strong></span> <span class='ocrx_word' id='word_1_6' title='bbox 2453 298 2518 354; x_wconf 93' lang='lat' dir='ltr'><strong>ll.</strong></span> <span class='ocrx_word' id='word_1_7' title='bbox 2557 326 2627 340; x_wconf 92' lang='grc'><strong>--</strong></span> <span class='ocrx_word' id='word_1_8' title='bbox 2664 297 3022 355; x_wconf 82' lang='lat' dir='ltr'><strong>ASCETICA.</strong></span> <span class='ocrx_word' id='word_1_9' title='bbox 3644 318 3727 375; x_wconf 60' lang='grc' dir='ltr'><strong>ιω</strong></span> 
     </span>
    </p>
   </div>
   <div class='ocr_carea' id='block_1_3' title="bbox 588 413 3727 503">
    <p class='ocr_par' dir='ltr' id='par_1_3' title="bbox 588 413 3727 503">
     <span class='ocr_line' id='line_1_3' title="bbox 588 413 3727 503; baseline 0.002 -26"><span class='ocrx_word' id='word_1_10' title='bbox 588 416 747 477; x_wconf 81' lang='grc' dir='ltr'>Ἰἰιιιη</span> <span class='ocrx_word' id='word_1_11' title='bbox 797 423 1083 492; x_wconf 74' lang='lat' dir='ltr'><strong>legeretur,</strong></span> <span class='ocrx_word' id='word_1_12' title='bbox 1129 420 1428 476; x_wconf 92' lang='lat' dir='ltr'><strong>audivimus</strong></span> <span class='ocrx_word' id='word_1_13' title='bbox 1448 464 1463 487; x_wconf 95' lang='lat'><strong>,</strong></span> <span class='ocrx_word' id='word_1_14' title='bbox 1513 424 1634 489; x_wconf 83' lang='lat' dir='ltr'><strong>quia</strong></span> <span class='ocrx_word' id='word_1_15' title='bbox 1683 420 2001 477; x_wconf 72' lang='lat' dir='ltr'><strong>convocatis</strong></span> <span class='ocrx_word' id='word_1_16' title='bbox 2046 419 2201 475; x_wconf 89' lang='lat' dir='ltr'><strong>.lesns</strong></span> <span class='ocrx_word' id='word_1_17' title='bbox 2230 420 2281 480; x_wconf 79' lang='grc' dir='ltr'>Α</span> <span class='ocrx_word' id='word_1_18' title='bbox 2306 428 2467 484; x_wconf 83' lang='lat' dir='ltr'><strong>gnum</strong></span> <span class='ocrx_word' id='word_1_19' title='bbox 2494 423 2621 469; x_wconf 89' lang='lat' dir='ltr'><strong>sunt</strong></span> <span class='ocrx_word' id='word_1_20' title='bbox 2645 429 2751 467; x_wconf 91' lang='lat' dir='ltr'><strong>non</strong></span> <span class='ocrx_word' id='word_1_21' title='bbox 2782 413 3051 478; x_wconf 88' lang='lat' dir='ltr'><strong>ﬁdelibus,</strong></span> <span class='ocrx_word' id='word_1_22' title='bbox 3080 413 3170 468; x_wconf 86' lang='lat' dir='ltr'><strong>sed</strong></span> <span class='ocrx_word' id='word_1_23' title='bbox 3196 414 3464 475; x_wconf 72' lang='lat' dir='ltr'><strong>iaﬁdelibus</strong></span> <span class='ocrx_word' id='word_1_24' title='bbox 3487 422 3727 503; x_wconf 68' lang='lat' dir='ltr'><strong>(ICOMIV‘),</strong></span> 
     </span>
    </p>
   </div>
   <div class='ocr_carea' id='block_1_4' title="bbox 618 509 2211 584">
    <p class='ocr_par' dir='ltr' id='par_1_4' title="bbox 618 509 2211 584">
     <span class='ocr_line' id='line_1_4' title="bbox 618 509 2211 584; baseline -0.004 -14"><span class='ocrx_word' id='word_1_25' title='bbox 618 515 901 570; x_wconf 80' lang='lat' dir='ltr'><strong>duodecim</strong></span> <span class='ocrx_word' id='word_1_26' title='bbox 935 515 1227 582; x_wconf 80' lang='lat' dir='ltr'><strong>apostolis,</strong></span> <span class='ocrx_word' id='word_1_27' title='bbox 1259 514 1408 568; x_wconf 87' lang='lat' dir='ltr'><strong>dedit</strong></span> <span class='ocrx_word' id='word_1_28' title='bbox 1437 515 1541 568; x_wconf 88' lang='lat' dir='ltr'><strong>illis</strong></span> <span class='ocrx_word' id='word_1_29' title='bbox 1592 523 1910 584; x_wconf 87' lang='lat' dir='ltr'><strong>potestatem</strong></span> <span class='ocrx_word' id='word_1_30' title='bbox 1954 522 2007 566; x_wconf 90' lang='lat' dir='ltr'><strong>et</strong></span> <span class='ocrx_word' id='word_1_31' title='bbox 2042 509 2211 565; x_wconf 86' lang='lat' dir='ltr'><strong>virtu-</strong></span> 
     </span>
    </p>
   </div>
   <div class='ocr_carea' id='block_1_5' title="bbox 619 607 2215 675">
    <p class='ocr_par' dir='ltr' id='par_1_5' title="bbox 619 607 2215 675">
     <span class='ocr_line' id='line_1_5' title="bbox 619 607 2215 675; baseline -0.004 -13"><span class='ocrx_word' id='word_1_32' title='bbox 619 614 731 662; x_wconf 87' lang='lat' dir='ltr'><strong>tem</strong></span> <span class='ocrx_word' id='word_1_33' title='bbox 760 622 927 675; x_wconf 83' lang='lat' dir='ltr'><strong>super</strong></span> <span class='ocrx_word' id='word_1_34' title='bbox 954 607 1131 660; x_wconf 87' lang='lat' dir='ltr'><strong>omnia</strong></span> <span class='ocrx_word' id='word_1_35' title='bbox 1174 607 1472 670; x_wconf 70' lang='lat' dir='ltr'><strong>daemonia,</strong></span> <span class='ocrx_word' id='word_1_36' title='bbox 1524 617 1576 660; x_wconf 89' lang='lat' dir='ltr'><strong>et</strong></span> <span class='ocrx_word' id='word_1_37' title='bbox 1625 617 1681 659; x_wconf 89' lang='lat' dir='ltr'><strong>ut</strong></span> <span class='ocrx_word' id='word_1_38' title='bbox 1726 607 2010 675; x_wconf 88' lang='lat' dir='ltr'><strong>languores</strong></span> <span class='ocrx_word' id='word_1_39' title='bbox 2055 618 2215 659; x_wconf 89' lang='lat' dir='ltr'><strong>cura-</strong></span> 
     </span>
    </p>
   </div>
   <div class='ocr_carea' id='block_1_6' title="bbox 619 698 2211 767">
    <p class='ocr_par' dir='ltr' id='par_1_6' title="bbox 619 698 2211 767">
     <span class='ocr_line' id='line_1_6' title="bbox 619 698 2211 767; baseline -0.006 -11"><span class='ocrx_word' id='word_1_40' title='bbox 619 709 758 756; x_wconf 89' lang='lat' dir='ltr'><strong>rent.</strong></span> <span class='ocrx_word' id='word_1_41' title='bbox 787 699 1054 767; x_wconf 86' lang='lat' dir='ltr'><strong>Benignus</strong></span> <span class='ocrx_word' id='word_1_42' title='bbox 1084 710 1135 751; x_wconf 91' lang='lat' dir='ltr'><strong>et</strong></span> <span class='ocrx_word' id='word_1_43' title='bbox 1165 700 1403 754; x_wconf 90' lang='lat' dir='ltr'><strong>clemens</strong></span> <span class='ocrx_word' id='word_1_44' title='bbox 1438 698 1689 751; x_wconf 89' lang='lat' dir='ltr'><strong>Dominus</strong></span> <span class='ocrx_word' id='word_1_45' title='bbox 1718 713 1781 751; x_wconf 89' lang='lat' dir='ltr'><strong>ac</strong></span> <span class='ocrx_word' id='word_1_46' title='bbox 1823 698 2075 765; x_wconf 78' lang='lat' dir='ltr'><strong>magister</strong></span> <span class='ocrx_word' id='word_1_47' title='bbox 2108 709 2211 748; x_wconf 91' lang='lat' dir='ltr'><strong>non</strong></span> 
     </span>
    </p>
   </div>
   <div class='ocr_carea' id='block_1_7' title="bbox 619 791 2214 859">
    <p class='ocr_par' dir='ltr' id='par_1_7' title="bbox 619 791 2214 859">
     <span class='ocr_line' id='line_1_7' title="bbox 619 791 2214 859; baseline -0.003 -12"><span class='ocrx_word' id='word_1_48' title='bbox 619 792 824 847; x_wconf 83' lang='lat' dir='ltr'><strong>invidet</strong></span> <span class='ocrx_word' id='word_1_49' title='bbox 864 793 1039 845; x_wconf 82' lang='lat' dir='ltr'><strong>servis</strong></span> <span class='ocrx_word' id='word_1_50' title='bbox 1088 801 1248 859; x_wconf 89' lang='lat' dir='ltr'><strong>atque</strong></span> <span class='ocrx_word' id='word_1_51' title='bbox 1297 791 1578 859; x_wconf 87' lang='lat' dir='ltr'><strong>discipulis</strong></span> <span class='ocrx_word' id='word_1_52' title='bbox 1622 792 1847 844; x_wconf 83' lang='lat' dir='ltr'><strong>virtutes</strong></span> <span class='ocrx_word' id='word_1_53' title='bbox 1887 804 2011 843; x_wconf 89' lang='lat' dir='ltr'><strong>suas</strong></span> <span class='ocrx_word' id='word_1_54' title='bbox 2055 803 2214 844; x_wconf 72' lang='lat' dir='ltr'><strong>exer-</strong></span> 
     </span>
    </p>
   </div>
   <div class='ocr_carea' id='block_1_8' title="bbox 619 884 2215 953">
    <p class='ocr_par' dir='ltr' id='par_1_8' title="bbox 619 884 2215 953">
     <span class='ocr_line' id='line_1_8' title="bbox 619 884 2215 953; baseline -0.004 -13"><span class='ocrx_word' id='word_1_55' title='bbox 619 901 765 940; x_wconf 90' lang='lat' dir='ltr'><strong>cere.</strong></span> <span class='ocrx_word' id='word_1_56' title='bbox 802 885 869 938; x_wconf 86' lang='lat' dir='ltr'><strong>Et</strong></span> <span class='ocrx_word' id='word_1_57' title='bbox 898 886 1037 939; x_wconf 78' lang='lat' dir='ltr'><strong>sicut</strong></span> <span class='ocrx_word' id='word_1_58' title='bbox 1070 885 1185 953; x_wconf 89' lang='lat' dir='ltr'><strong>ipse</strong></span> <span class='ocrx_word' id='word_1_59' title='bbox 1217 893 1505 939; x_wconf 83' lang='lat' dir='ltr'><strong>curaverat</strong></span> <span class='ocrx_word' id='word_1_60' title='bbox 1533 898 1749 937; x_wconf 90' lang='lat' dir='ltr'><strong>omnem</strong></span> <span class='ocrx_word' id='word_1_61' title='bbox 1781 884 2089 951; x_wconf 82' lang='lat' dir='ltr'><strong>languorem</strong></span> <span class='ocrx_word' id='word_1_62' title='bbox 2113 921 2127 943; x_wconf 85' lang='lat'><strong><em>.</em></strong></span> <span class='ocrx_word' id='word_1_63' title='bbox 2161 890 2215 936; x_wconf 91' lang='lat' dir='ltr'><strong>et</strong></span> 
     </span>
    </p>
   </div>
   <div class='ocr_carea' id='block_1_9' title="bbox 620 970 2211 1045">
    <p class='ocr_par' dir='ltr' id='par_1_9' title="bbox 620 970 2211 1045">
     <span class='ocr_line' id='line_1_9' title="bbox 620 970 2211 1045; baseline -0.002 -13"><span class='ocrx_word' id='word_1_64' title='bbox 620 994 836 1033; x_wconf 89' lang='lat' dir='ltr'><strong>omnem</strong></span> <span class='ocrx_word' id='word_1_65' title='bbox 882 970 1285 1040; x_wconf 74' lang='lat' dir='ltr'><strong>infirmitatem,</strong></span> <span class='ocrx_word' id='word_1_66' title='bbox 1318 978 1577 1045; x_wconf 84' lang='lat' dir='ltr'><strong>apostolis</strong></span> <span class='ocrx_word' id='word_1_67' title='bbox 1620 990 1832 1045; x_wconf 89' lang='lat' dir='ltr'><strong>quoque</strong></span> <span class='ocrx_word' id='word_1_68' title='bbox 1873 977 1983 1029; x_wconf 83' lang='lat' dir='ltr'><strong>suis</strong></span> <span class='ocrx_word' id='word_1_69' title='bbox 2027 975 2211 1029; x_wconf 82' lang='lat' dir='ltr'><strong>tribuit</strong></span> 
     </span>
    </p>
   </div>
   <div class='ocr_carea' id='block_1_10' title="bbox 623 1071 2206 1139">
    <p class='ocr_par' dir='ltr' id='par_1_10' title="bbox 623 1071 2206 1139">
     <span class='ocr_line' id='line_1_10' title="bbox 623 1071 2206 1139; baseline -0.003 -14"><span class='ocrx_word' id='word_1_70' title='bbox 623 1080 939 1139; x_wconf 80' lang='lat' dir='ltr'><strong>pctestatem</strong></span> <span class='ocrx_word' id='word_1_71' title='bbox 959 1112 973 1133; x_wconf 91' lang='lat'><strong>,</strong></span> <span class='ocrx_word' id='word_1_72' title='bbox 1006 1079 1063 1124; x_wconf 92' lang='lat' dir='ltr'><strong>ut</strong></span> <span class='ocrx_word' id='word_1_73' title='bbox 1090 1079 1346 1124; x_wconf 92' lang='lat' dir='ltr'><strong>curarent</strong></span> <span class='ocrx_word' id='word_1_74' title='bbox 1371 1085 1585 1123; x_wconf 86' lang='lat' dir='ltr'><strong>omnem</strong></span> <span class='ocrx_word' id='word_1_75' title='bbox 1616 1071 1925 1138; x_wconf 84' lang='lat' dir='ltr'><strong>languorem</strong></span> <span class='ocrx_word' id='word_1_76' title='bbox 1949 1113 1963 1135; x_wconf 91' lang='lat'><strong>,</strong></span> <span class='ocrx_word' id='word_1_77' title='bbox 1994 1084 2206 1122; x_wconf 88' lang='lat' dir='ltr'><strong>omnem</strong></span> 
     </span>
    </p>
   </div>
   <div class='ocr_carea' id='block_1_11' title="bbox 622 1160 2213 1216">
    <p class='ocr_par' dir='ltr' id='par_1_11' title="bbox 622 1160 2213 1216">
     <span class='ocr_line' id='line_1_11' title="bbox 622 1160 2213 1216; baseline 0 0"><span class='ocrx_word' id='word_1_78' title='bbox 622 1162 1011 1216; x_wconf 87' lang='lat' dir='ltr'><strong>inﬁrmitatem.</strong></span> <span class='ocrx_word' id='word_1_79' title='bbox 1037 1160 1144 1216; x_wconf 87' lang='lat' dir='ltr'><strong>Sed</strong></span> <span class='ocrx_word' id='word_1_80' title='bbox 1176 1161 1340 1213; x_wconf 88' lang='lat' dir='ltr'><strong>tnulta</strong></span> <span class='ocrx_word' id='word_1_81' title='bbox 1368 1161 1616 1215; x_wconf 84' lang='lat' dir='ltr'><strong>distantia</strong></span> <span class='ocrx_word' id='word_1_82' title='bbox 1645 1171 1726 1216; x_wconf 86' lang='lat' dir='ltr'><strong>est</strong></span> <span class='ocrx_word' id='word_1_83' title='bbox 1761 1162 1899 1215; x_wconf 89' lang='lat' dir='ltr'><strong>inter</strong></span> <span class='ocrx_word' id='word_1_84' title='bbox 1931 1161 2128 1215; x_wconf 85' lang='lat' dir='ltr'><strong>habere</strong></span> <span class='ocrx_word' id='word_1_85' title='bbox 2159 1170 2213 1216; x_wconf 88' lang='lat' dir='ltr'><strong>et</strong></span> 
     </span>
    </p>
   </div>
   <div class='ocr_carea' id='block_1_12' title="bbox 625 1251 2207 1321">
    <p class='ocr_par' dir='ltr' id='par_1_12' title="bbox 625 1251 2207 1321">
     <span class='ocr_line' id='line_1_12' title="bbox 625 1251 2207 1321; baseline -0.001 -15"><span class='ocrx_word' id='word_1_86' title='bbox 625 1254 883 1316; x_wconf 79' lang='lat' dir='ltr'><strong>tribuere,</strong></span> <span class='ocrx_word' id='word_1_87' title='bbox 916 1254 1117 1307; x_wconf 88' lang='lat' dir='ltr'><strong>donare</strong></span> <span class='ocrx_word' id='word_1_88' title='bbox 1147 1261 1202 1306; x_wconf 91' lang='lat' dir='ltr'><strong>et</strong></span> <span class='ocrx_word' id='word_1_89' title='bbox 1231 1251 1493 1319; x_wconf 88' lang='lat' dir='ltr'><strong>accipere.</strong></span> <span class='ocrx_word' id='word_1_90' title='bbox 1547 1253 1649 1307; x_wconf 91' lang='lat' dir='ltr'><strong>lste</strong></span> <span class='ocrx_word' id='word_1_91' title='bbox 1677 1253 2032 1321; x_wconf 78' lang='lat' dir='ltr'><strong>quodcunque</strong></span> <span class='ocrx_word' id='word_1_92' title='bbox 2063 1252 2207 1321; x_wconf 87' lang='lat' dir='ltr'><strong>agit,</strong></span> 
     </span>
    </p>
   </div>
   <div class='ocr_carea' id='block_1_13' title="bbox 621 1343 2209 1417">
    <p class='ocr_par' dir='ltr' id='par_1_13' title="bbox 621 1343 2209 1417">
     <span class='ocr_line' id='line_1_13' title="bbox 621 1343 2209 1417; baseline 0 -19"><span class='ocrx_word' id='word_1_93' title='bbox 621 1354 879 1413; x_wconf 82' lang='lat' dir='ltr'><strong>potestate</strong></span> <span class='ocrx_word' id='word_1_94' title='bbox 926 1343 1138 1401; x_wconf 88' lang='lat' dir='ltr'><strong>Domini</strong></span> <span class='ocrx_word' id='word_1_95' title='bbox 1172 1348 1298 1417; x_wconf 83' lang='lat' dir='ltr'><strong>agit.</strong></span> <span class='ocrx_word' id='word_1_96' title='bbox 1349 1347 1426 1399; x_wconf 91' lang='lat' dir='ltr'><strong>Illi</strong></span> <span class='ocrx_word' id='word_1_97' title='bbox 1476 1345 1731 1414; x_wconf 85' lang='lat' dir='ltr'><strong>quidquid</strong></span> <span class='ocrx_word' id='word_1_98' title='bbox 1776 1344 2010 1409; x_wconf 84' lang='lat' dir='ltr'><strong>faciunt,</strong></span> <span class='ocrx_word' id='word_1_99' title='bbox 2046 1343 2209 1398; x_wconf 84' lang='lat' dir='ltr'><strong>imbe-</strong></span> 
     </span>
    </p>
   </div>
   <div class='ocr_carea' id='block_1_14' title="bbox 619 1435 2211 1503">
    <p class='ocr_par' dir='ltr' id='par_1_14' title="bbox 619 1435 2211 1503">
     <span class='ocr_line' id='line_1_14' title="bbox 619 1435 2211 1503; baseline -0.001 -12"><span class='ocrx_word' id='word_1_100' title='bbox 619 1438 900 1492; x_wconf 89' lang='lat' dir='ltr'><strong>cillitatem</strong></span> <span class='ocrx_word' id='word_1_101' title='bbox 931 1454 1083 1492; x_wconf 90' lang='lat' dir='ltr'><strong>suam</strong></span> <span class='ocrx_word' id='word_1_102' title='bbox 1108 1481 1123 1503; x_wconf 86' lang='lat'><strong>,</strong></span> <span class='ocrx_word' id='word_1_103' title='bbox 1153 1450 1208 1494; x_wconf 90' lang='lat' dir='ltr'><strong>et</strong></span> <span class='ocrx_word' id='word_1_104' title='bbox 1232 1441 1481 1494; x_wconf 87' lang='lat' dir='ltr'><strong>virtutem</strong></span> <span class='ocrx_word' id='word_1_105' title='bbox 1519 1438 1725 1491; x_wconf 87' lang='lat' dir='ltr'><strong>Domini</strong></span> <span class='ocrx_word' id='word_1_106' title='bbox 1757 1435 2097 1498; x_wconf 81' lang='lat' dir='ltr'><strong>conﬁtentur,</strong></span> <span class='ocrx_word' id='word_1_107' title='bbox 2131 1435 2211 1489; x_wconf 86' lang='lat' dir='ltr'><strong>di-</strong></span> 
     </span>
    </p>
   </div>
   <div class='ocr_carea' id='block_1_15' title="bbox 618 1527 2209 1600">
    <p class='ocr_par' dir='ltr' id='par_1_15' title="bbox 618 1527 2209 1600">
     <span class='ocr_line' id='line_1_15' title="bbox 618 1527 2209 1600; baseline -0.005 -14"><span class='ocrx_word' id='word_1_108' title='bbox 618 1539 844 1586; x_wconf 80' lang='lat' dir='ltr'><strong>centes:</strong></span> <span class='ocrx_word' id='word_1_109' title='bbox 888 1528 954 1584; x_wconf 83' lang='lat' dir='ltr'><strong>In</strong></span> <span class='ocrx_word' id='word_1_110' title='bbox 996 1532 1202 1584; x_wconf 86' lang='lat' dir='ltr'><strong>nomine</strong></span> <span class='ocrx_word' id='word_1_111' title='bbox 1231 1530 1359 1584; x_wconf 85' lang='lat' dir='ltr'><strong>Jesu</strong></span> <span class='ocrx_word' id='word_1_112' title='bbox 1388 1546 1540 1600; x_wconf 82' lang='lat' dir='ltr'><strong>surge</strong></span> <span class='ocrx_word' id='word_1_113' title='bbox 1578 1540 1625 1582; x_wconf 84' lang='lat' dir='ltr'><strong>et</strong></span> <span class='ocrx_word' id='word_1_114' title='bbox 1665 1527 1870 1580; x_wconf 86' lang='lat' dir='ltr'><strong>ambula</strong></span> <span class='ocrx_word' id='word_1_115' title='bbox 1912 1527 2059 1595; x_wconf 82' lang='lat' dir='ltr'><strong>(Act.</strong></span> <span class='ocrx_word' id='word_1_116' title='bbox 2090 1527 2209 1595; x_wconf 88' lang='lat' dir='ltr'><strong>Ill).</strong></span> 
     </span>
    </p>
   </div>
   <div class='ocr_carea' id='block_1_16' title="bbox 620 1619 2208 1692">
    <p class='ocr_par' dir='ltr' id='par_1_16' title="bbox 620 1619 2208 1692">
     <span class='ocr_line' id='line_1_16' title="bbox 620 1619 2208 1692; baseline -0.003 -14"><span class='ocrx_word' id='word_1_117' title='bbox 620 1620 927 1678; x_wconf 81' lang='lat' dir='ltr'><strong>Notandum</strong></span> <span class='ocrx_word' id='word_1_118' title='bbox 959 1633 1175 1689; x_wconf 91' lang='lat' dir='ltr'><strong>autem,</strong></span> <span class='ocrx_word' id='word_1_119' title='bbox 1205 1624 1345 1692; x_wconf 91' lang='lat' dir='ltr'><strong>quod</strong></span> <span class='ocrx_word' id='word_1_120' title='bbox 1389 1624 1440 1676; x_wconf 92' lang='lat' dir='ltr'><strong>in</strong></span> <span class='ocrx_word' id='word_1_121' title='bbox 1483 1621 1804 1675; x_wconf 85' lang='lat' dir='ltr'><strong>duodecimo</strong></span> <span class='ocrx_word' id='word_1_122' title='bbox 1847 1619 1968 1673; x_wconf 92' lang='lat' dir='ltr'><strong>loco</strong></span> <span class='ocrx_word' id='word_1_123' title='bbox 2013 1634 2208 1673; x_wconf 76' lang='lat' dir='ltr'><strong>secun-</strong></span> 
     </span>
    </p>
   </div>
   <div class='ocr_carea' id='block_1_17' title="bbox 620 1712 2209 1782">
    <p class='ocr_par' dir='ltr' id='par_1_17' title="bbox 620 1712 2209 1782">
     <span class='ocr_line' id='line_1_17' title="bbox 620 1712 2209 1782; baseline -0.001 -14"><span class='ocrx_word' id='word_1_124' title='bbox 620 1715 748 1769; x_wconf 92' lang='lat' dir='ltr'><strong>dum</strong></span> <span class='ocrx_word' id='word_1_125' title='bbox 786 1714 1091 1770; x_wconf 73' lang='lat' dir='ltr'><strong>Matthteum</strong></span> <span class='ocrx_word' id='word_1_126' title='bbox 1125 1716 1295 1781; x_wconf 87' lang='lat' dir='ltr'><strong>prima</strong></span> <span class='ocrx_word' id='word_1_127' title='bbox 1348 1725 1586 1782; x_wconf 85' lang='lat' dir='ltr'><strong>potestas</strong></span> <span class='ocrx_word' id='word_1_128' title='bbox 1628 1715 1905 1782; x_wconf 90' lang='lat' dir='ltr'><strong>signorum</strong></span> <span class='ocrx_word' id='word_1_129' title='bbox 1952 1712 2209 1779; x_wconf 82' lang='lat' dir='ltr'><strong>apostolis</strong></span> 
     </span>
    </p>
   </div>
   <div class='ocr_carea' id='block_1_18' title="bbox 2319 505 3729 587">
    <p class='ocr_par' dir='ltr' id='par_1_18' title="bbox 2319 505 3729 587">
     <span class='ocr_line' id='line_1_18' title="bbox 2319 505 3729 587; baseline 0.012 -29"><span class='ocrx_word' id='word_1_130' title='bbox 2319 506 2518 562; x_wconf 87' lang='lat' dir='ltr'><strong>Verum</strong></span> <span class='ocrx_word' id='word_1_131' title='bbox 2566 505 2717 574; x_wconf 88' lang='lat' dir='ltr'><strong>signa</strong></span> <span class='ocrx_word' id='word_1_132' title='bbox 2758 519 2881 573; x_wconf 65' lang='lat' dir='ltr'><strong>quae</strong></span> <span class='ocrx_word' id='word_1_133' title='bbox 2922 514 3047 557; x_wconf 90' lang='lat' dir='ltr'><strong>tunc</strong></span> <span class='ocrx_word' id='word_1_134' title='bbox 3091 520 3181 574; x_wconf 89' lang='lat' dir='ltr'><strong>per</strong></span> <span class='ocrx_word' id='word_1_135' title='bbox 3219 511 3456 573; x_wconf 84' lang='lat' dir='ltr'><strong>apostolos</strong></span> <span class='ocrx_word' id='word_1_136' title='bbox 3492 524 3729 587; x_wconf 66' lang='lat' dir='ltr'><strong>carpet-alite;</strong></span> 
     </span>
    </p>
   </div>
   <div class='ocr_carea' id='block_1_19' title="bbox 2314 601 3729 678">
    <p class='ocr_par' dir='ltr' id='par_1_19' title="bbox 2314 601 3729 678">
     <span class='ocr_line' id='line_1_19' title="bbox 2314 601 3729 678; baseline 0.013 -24"><span class='ocrx_word' id='word_1_137' title='bbox 2314 601 2550 663; x_wconf 82' lang='lat' dir='ltr'><strong>ﬁebant,</strong></span> <span class='ocrx_word' id='word_1_138' title='bbox 2603 602 2843 671; x_wconf 88' lang='lat' dir='ltr'><strong>quotidie</strong></span> <span class='ocrx_word' id='word_1_139' title='bbox 2900 602 2951 654; x_wconf 91' lang='lat' dir='ltr'><strong>in</strong></span> <span class='ocrx_word' id='word_1_140' title='bbox 3007 611 3186 656; x_wconf 86' lang='lat' dir='ltr'><strong>sancta</strong></span> <span class='ocrx_word' id='word_1_141' title='bbox 3236 604 3439 660; x_wconf 85' lang='lat' dir='ltr'><strong>Ecclesia</strong></span> <span class='ocrx_word' id='word_1_142' title='bbox 3481 626 3552 678; x_wconf 85' lang='lat' dir='ltr'><strong>per</strong></span> <span class='ocrx_word' id='word_1_143' title='bbox 3594 632 3729 677; x_wconf 79' lang='lat' dir='ltr'><strong>sanctos</strong></span> 
     </span>
    </p>
   </div>
   <div class='ocr_carea' id='block_1_20' title="bbox 2318 694 3729 781">
    <p class='ocr_par' dir='ltr' id='par_1_20' title="bbox 2318 694 3729 781">
     <span class='ocr_line' id='line_1_20' title="bbox 2318 694 3729 781; baseline 0.009 -33"><span class='ocrx_word' id='word_1_144' title='bbox 2318 695 2698 764; x_wconf 73' lang='lat' dir='ltr'><strong>prmdicatores</strong></span> <span class='ocrx_word' id='word_1_145' title='bbox 2748 694 3097 763; x_wconf 89' lang='lat' dir='ltr'><strong>spiritualiter</strong></span> <span class='ocrx_word' id='word_1_146' title='bbox 3145 695 3302 763; x_wconf 88' lang='lat' dir='ltr'><strong>ﬁunt,</strong></span> <span class='ocrx_word' id='word_1_147' title='bbox 3342 714 3443 755; x_wconf 89' lang='lat' dir='ltr'><strong>cum</strong></span> <span class='ocrx_word' id='word_1_148' title='bbox 3482 705 3521 758; x_wconf 89' lang='lat' dir='ltr'><strong>itt</strong></span> <span class='ocrx_word' id='word_1_149' title='bbox 3560 708 3633 763; x_wconf 83' lang='lat' dir='ltr'><strong>fide</strong></span> <span class='ocrx_word' id='word_1_150' title='bbox 3660 716 3729 781; x_wconf 70' lang='lat' dir='ltr'><strong>quis</strong></span> 
     </span>
    </p>
   </div>
   <div class='ocr_carea' id='block_1_21' title="bbox 2319 785 3729 866">
    <p class='ocr_par' dir='ltr' id='par_1_21' title="bbox 2319 785 3729 866">
     <span class='ocr_line' id='line_1_21' title="bbox 2319 785 3729 866; baseline 0.011 -27"><span class='ocrx_word' id='word_1_151' title='bbox 2319 786 2564 840; x_wconf 86' lang='lat' dir='ltr'><strong>inﬁrmus</strong></span> <span class='ocrx_word' id='word_1_152' title='bbox 2584 824 2600 850; x_wconf 95' lang='lat'><strong>,</strong></span> <span class='ocrx_word' id='word_1_153' title='bbox 2633 799 2820 839; x_wconf 89' lang='lat' dir='ltr'><strong>eorum</strong></span> <span class='ocrx_word' id='word_1_154' title='bbox 2862 785 3236 854; x_wconf 62' lang='lat' dir='ltr'><strong>praedicatione</strong></span> <span class='ocrx_word' id='word_1_155' title='bbox 3272 791 3510 846; x_wconf 85' lang='lat' dir='ltr'><strong>roboratur</strong></span> <span class='ocrx_word' id='word_1_156' title='bbox 3532 799 3579 849; x_wconf 83' lang='lat' dir='ltr'><strong>ad</strong></span> <span class='ocrx_word' id='word_1_157' title='bbox 3604 802 3729 866; x_wconf 82' lang='lat' dir='ltr'><strong>Iidem;</strong></span> 
     </span>
    </p>
   </div>
   <div class='ocr_carea' id='block_1_22' title="bbox 2314 882 3733 952">
    <p class='ocr_par' dir='ltr' id='par_1_22' title="bbox 2314 882 3733 952">
     <span class='ocr_line' id='line_1_22' title="bbox 2314 882 3733 952; baseline 0.008 -16"><span class='ocrx_word' id='word_1_158' title='bbox 2314 896 2435 937; x_wconf 92' lang='lat' dir='ltr'><strong>cum</strong></span> <span class='ocrx_word' id='word_1_159' title='bbox 2474 890 2717 935; x_wconf 90' lang='lat' dir='ltr'><strong>mortuus</strong></span> <span class='ocrx_word' id='word_1_160' title='bbox 2748 883 2867 949; x_wconf 81' lang='lat' dir='ltr'><strong>quis</strong></span> <span class='ocrx_word' id='word_1_161' title='bbox 2895 882 2948 935; x_wconf 93' lang='lat' dir='ltr'><strong>in</strong></span> <span class='ocrx_word' id='word_1_162' title='bbox 2982 884 3225 949; x_wconf 83' lang='lat' dir='ltr'><strong>peccatis,</strong></span> <span class='ocrx_word' id='word_1_163' title='bbox 3249 886 3399 952; x_wconf 83' lang='lat' dir='ltr'><strong>gratia</strong></span> <span class='ocrx_word' id='word_1_164' title='bbox 3423 897 3464 940; x_wconf 88' lang='lat' dir='ltr'><strong>et</strong></span> <span class='ocrx_word' id='word_1_165' title='bbox 3488 889 3733 947; x_wconf 77' lang='lat' dir='ltr'><strong>miserimrdu</strong></span> 
     </span>
    </p>
   </div>
   <div class='ocr_carea' id='block_1_23' title="bbox 2322 973 3733 1041">
    <p class='ocr_par' dir='ltr' id='par_1_23' title="bbox 2322 973 3733 1041">
     <span class='ocr_line' id='line_1_23' title="bbox 2322 973 3733 1041; baseline 0.006 -14"><span class='ocrx_word' id='word_1_166' title='bbox 2322 973 2415 1027; x_wconf 89' lang='lat' dir='ltr'><strong>Dei</strong></span> <span class='ocrx_word' id='word_1_167' title='bbox 2453 983 2836 1041; x_wconf 82' lang='lat' dir='ltr'><strong>compunctus,</strong></span> <span class='ocrx_word' id='word_1_168' title='bbox 2869 988 2962 1038; x_wconf 89' lang='lat' dir='ltr'><strong>per</strong></span> <span class='ocrx_word' id='word_1_169' title='bbox 2991 988 3177 1027; x_wconf 90' lang='lat' dir='ltr'><strong>eorum</strong></span> <span class='ocrx_word' id='word_1_170' title='bbox 3215 976 3520 1032; x_wconf 86' lang='lat' dir='ltr'><strong>eruditionem</strong></span> <span class='ocrx_word' id='word_1_171' title='bbox 3553 988 3733 1036; x_wconf 67' lang='lat' dir='ltr'><strong>resuscita-</strong></span> 
     </span>
    </p>
   </div>
   <div class='ocr_carea' id='block_1_24' title="bbox 2317 1067 3735 1141">
    <p class='ocr_par' dir='ltr' id='par_1_24' title="bbox 2317 1067 3735 1141">
     <span class='ocr_line' id='line_1_24' title="bbox 2317 1067 3735 1141; baseline 0.006 -21"><span class='ocrx_word' id='word_1_172' title='bbox 2317 1076 2403 1121; x_wconf 90' lang='lat' dir='ltr'><strong>tur</strong></span> <span class='ocrx_word' id='word_1_173' title='bbox 2460 1067 2524 1120; x_wconf 92' lang='lat' dir='ltr'><strong>ad</strong></span> <span class='ocrx_word' id='word_1_174' title='bbox 2579 1068 2951 1135; x_wconf 61' lang='lat' dir='ltr'><strong>paenitentiam</strong></span> <span class='ocrx_word' id='word_1_175' title='bbox 3005 1078 3055 1122; x_wconf 91' lang='lat' dir='ltr'><strong>et</strong></span> <span class='ocrx_word' id='word_1_176' title='bbox 3109 1067 3469 1125; x_wconf 79' lang='lat' dir='ltr'><strong>confessionem</strong></span> <span class='ocrx_word' id='word_1_177' title='bbox 3513 1086 3735 1141; x_wconf 70' lang='lat' dir='ltr'><strong>peccatorum</strong></span> 
     </span>
    </p>
   </div>
   <div class='ocr_carea' id='block_1_25' title="bbox 2316 1159 3737 1230">
    <p class='ocr_par' dir='ltr' id='par_1_25' title="bbox 2316 1159 3737 1230">
     <span class='ocr_line' id='line_1_25' title="bbox 2316 1159 3737 1230; baseline 0.006 -17"><span class='ocrx_word' id='word_1_178' title='bbox 2316 1173 2583 1225; x_wconf 89' lang='lat' dir='ltr'><strong>suorum,</strong></span> <span class='ocrx_word' id='word_1_179' title='bbox 2620 1159 2894 1230; x_wconf 88' lang='lat' dir='ltr'><strong>dignaque</strong></span> <span class='ocrx_word' id='word_1_180' title='bbox 2952 1161 3318 1217; x_wconf 87' lang='lat' dir='ltr'><strong>emendatione</strong></span> <span class='ocrx_word' id='word_1_181' title='bbox 3366 1166 3504 1218; x_wconf 80' lang='lat' dir='ltr'><strong>vitam</strong></span> <span class='ocrx_word' id='word_1_182' title='bbox 3553 1171 3737 1222; x_wconf 81' lang='lat' dir='ltr'><strong>ntereltitnr</strong></span> 
     </span>
    </p>
   </div>
   <div class='ocr_carea' id='block_1_26' title="bbox 2316 1237 3837 1323">
    <p class='ocr_par' dir='ltr' id='par_1_26' title="bbox 2316 1237 3837 1323">
     <span class='ocr_line' id='line_1_26' title="bbox 2316 1237 3837 1323; baseline 0.006 -18"><span class='ocrx_word' id='word_1_183' title='bbox 2316 1250 2722 1318; x_wconf 84' lang='lat' dir='ltr'><strong>sempiternam.</strong></span> <span class='ocrx_word' id='word_1_184' title='bbox 2756 1251 3024 1306; x_wconf 89' lang='lat' dir='ltr'><strong>Seductus</strong></span> <span class='ocrx_word' id='word_1_185' title='bbox 3074 1256 3190 1323; x_wconf 88' lang='lat' dir='ltr'><strong>quis</strong></span> <span class='ocrx_word' id='word_1_186' title='bbox 3235 1270 3263 1308; x_wconf 91' lang='lat' dir='ltr'><strong>a</strong></span> <span class='ocrx_word' id='word_1_187' title='bbox 3298 1237 3487 1311; x_wconf 75' lang='lat' dir='ltr'><strong>diabolo</strong></span> <span class='ocrx_word' id='word_1_188' title='bbox 3523 1260 3563 1313; x_wconf 90' lang='lat' dir='ltr'><strong>in</strong></span> <span class='ocrx_word' id='word_1_189' title='bbox 3598 1262 3741 1316; x_wconf 72' lang='lat' dir='ltr'><strong>lornim-</strong></span> <span class='ocrx_word' id='word_1_190' title='bbox 3836 1258 3837 1323; x_wconf 57' lang='grc' dir='ltr'>Ε</span> 
     </span>
    </p>
   </div>
   <div class='ocr_carea' id='block_1_27' title="bbox 2316 1342 3740 1416">
    <p class='ocr_par' dir='ltr' id='par_1_27' title="bbox 2316 1342 3740 1416">
     <span class='ocr_line' id='line_1_27' title="bbox 2316 1342 3740 1416; baseline 0.005 -21"><span class='ocrx_word' id='word_1_191' title='bbox 2316 1342 2495 1407; x_wconf 87' lang='lat' dir='ltr'><strong>tione,</strong></span> <span class='ocrx_word' id='word_1_192' title='bbox 2532 1353 2622 1395; x_wconf 88' lang='lat' dir='ltr'><strong>attt</strong></span> <span class='ocrx_word' id='word_1_193' title='bbox 2660 1344 2883 1398; x_wconf 89' lang='lat' dir='ltr'><strong>avaritia</strong></span> <span class='ocrx_word' id='word_1_194' title='bbox 2922 1361 3041 1414; x_wconf 75' lang='lat' dir='ltr'><strong>qua:</strong></span> <span class='ocrx_word' id='word_1_195' title='bbox 3080 1355 3163 1399; x_wconf 91' lang='lat' dir='ltr'><strong>est</strong></span> <span class='ocrx_word' id='word_1_196' title='bbox 3201 1346 3441 1401; x_wconf 89' lang='lat' dir='ltr'><strong>idolorum</strong></span> <span class='ocrx_word' id='word_1_197' title='bbox 3473 1353 3664 1416; x_wconf 81' lang='lat' dir='ltr'><strong>servitus,</strong></span> <span class='ocrx_word' id='word_1_198' title='bbox 3691 1368 3740 1403; x_wconf 80' lang='lat' dir='ltr'><strong>aut</strong></span> 
     </span>
    </p>
   </div>
   <div class='ocr_carea' id='block_1_28' title="bbox 2315 1434 3744 1513">
    <p class='ocr_par' dir='ltr' id='par_1_28' title="bbox 2315 1434 3744 1513">
     <span class='ocr_line' id='line_1_28' title="bbox 2315 1434 3744 1513; baseline 0.006 -25"><span class='ocrx_word' id='word_1_199' title='bbox 2315 1434 2479 1488; x_wconf 88' lang='lat' dir='ltr'><strong>etiam</strong></span> <span class='ocrx_word' id='word_1_200' title='bbox 2543 1435 2894 1503; x_wconf 89' lang='lat' dir='ltr'><strong>quorumdattt</strong></span> <span class='ocrx_word' id='word_1_201' title='bbox 2945 1439 3248 1507; x_wconf 82' lang='lat' dir='ltr'><strong>capitalium</strong></span> <span class='ocrx_word' id='word_1_202' title='bbox 3310 1440 3549 1494; x_wconf 88' lang='lat' dir='ltr'><strong>criminum</strong></span> <span class='ocrx_word' id='word_1_203' title='bbox 3587 1446 3744 1513; x_wconf 70' lang='lat' dir='ltr'><strong>deceptis</strong></span> 
     </span>
    </p>
   </div>
   <div class='ocr_carea' id='block_1_29' title="bbox 2316 1528 3744 1601">
    <p class='ocr_par' dir='ltr' id='par_1_29' title="bbox 2316 1528 3744 1601">
     <span class='ocr_line' id='line_1_29' title="bbox 2316 1528 3744 1601; baseline 0.004 -22"><span class='ocrx_word' id='word_1_204' title='bbox 2316 1540 2521 1589; x_wconf 91' lang='lat' dir='ltr'><strong>errore,</strong></span> <span class='ocrx_word' id='word_1_205' title='bbox 2548 1541 2668 1596; x_wconf 68' lang='lat' dir='ltr'><strong>qua:</strong></span> <span class='ocrx_word' id='word_1_206' title='bbox 2695 1528 2872 1580; x_wconf 88' lang='lat' dir='ltr'><strong>omnia</strong></span> <span class='ocrx_word' id='word_1_207' title='bbox 2901 1542 3023 1582; x_wconf 89' lang='lat' dir='ltr'><strong>esse</strong></span> <span class='ocrx_word' id='word_1_208' title='bbox 3053 1529 3199 1597; x_wconf 90' lang='lat' dir='ltr'><strong>lepra</strong></span> <span class='ocrx_word' id='word_1_209' title='bbox 3231 1531 3405 1583; x_wconf 64' lang='lat' dir='ltr'><strong>anima:</strong></span> <span class='ocrx_word' id='word_1_210' title='bbox 3427 1534 3669 1597; x_wconf 81' lang='lat' dir='ltr'><strong>judicanlnr,</strong></span> <span class='ocrx_word' id='word_1_211' title='bbox 3691 1552 3744 1601; x_wconf 82' lang='lat' dir='ltr'><strong>per</strong></span> 
     </span>
    </p>
   </div>
   <div class='ocr_carea' id='block_1_30' title="bbox 2316 1617 3837 1691">
    <p class='ocr_par' dir='ltr' id='par_1_30' title="bbox 2316 1617 3837 1691">
     <span class='ocr_line' id='line_1_30' title="bbox 2316 1617 3837 1691; baseline 0.007 -22"><span class='ocrx_word' id='word_1_212' title='bbox 2316 1629 2410 1669; x_wconf 89' lang='lat' dir='ltr'><strong>ora</strong></span> <span class='ocrx_word' id='word_1_213' title='bbox 2457 1617 2773 1681; x_wconf 90' lang='lat' dir='ltr'><strong>doctorum,</strong></span> <span class='ocrx_word' id='word_1_214' title='bbox 2823 1618 2906 1671; x_wconf 88' lang='lat' dir='ltr'><strong>vel</strong></span> <span class='ocrx_word' id='word_1_215' title='bbox 2953 1617 3117 1672; x_wconf 90' lang='lat' dir='ltr'><strong>etiam</strong></span> <span class='ocrx_word' id='word_1_216' title='bbox 3171 1635 3261 1685; x_wconf 91' lang='lat' dir='ltr'><strong>per</strong></span> <span class='ocrx_word' id='word_1_217' title='bbox 3307 1624 3518 1691; x_wconf 79' lang='lat' dir='ltr'><strong>exempla</strong></span> <span class='ocrx_word' id='word_1_218' title='bbox 3558 1629 3746 1679; x_wconf 72' lang='lat' dir='ltr'><strong>sanctitatis</strong></span> <span class='ocrx_word' id='word_1_219' title='bbox 3836 1617 3837 1691; x_wconf 52' lang='grc' dir='ltr'>ξ</span> 
     </span>
    </p>
   </div>
   <div class='ocr_carea' id='block_1_31' title="bbox 2319 1708 3744 1777">
    <p class='ocr_par' dir='ltr' id='par_1_31' title="bbox 2319 1708 3744 1777">
     <span class='ocr_line' id='line_1_31' title="bbox 2319 1708 3744 1777; baseline 0.006 -18"><span class='ocrx_word' id='word_1_220' title='bbox 2319 1708 2668 1775; x_wconf 91' lang='lat' dir='ltr'><strong>compuncti,</strong></span> <span class='ocrx_word' id='word_1_221' title='bbox 2730 1708 2957 1763; x_wconf 91' lang='lat' dir='ltr'><strong>redeunt</strong></span> <span class='ocrx_word' id='word_1_222' title='bbox 3014 1709 3080 1763; x_wconf 91' lang='lat' dir='ltr'><strong>ad</strong></span> <span class='ocrx_word' id='word_1_223' title='bbox 3143 1711 3313 1764; x_wconf 90' lang='lat' dir='ltr'><strong>sinum</strong></span> <span class='ocrx_word' id='word_1_224' title='bbox 3366 1714 3522 1766; x_wconf 88' lang='lat' dir='ltr'><strong>matris</strong></span> <span class='ocrx_word' id='word_1_225' title='bbox 3566 1715 3744 1777; x_wconf 72' lang='lat' dir='ltr'><strong>Ecclesia,</strong></span> 
     </span>
    </p>
   </div>
   <div class='ocr_carea' id='block_1_32' title="bbox 619 1783 3748 1879">
    <p class='ocr_par' dir='ltr' id='par_1_32' title="bbox 619 1783 3748 1879">
     <span class='ocr_line' id='line_1_32' title="bbox 619 1783 3748 1879; baseline 0.004 -34"><span class='ocrx_word' id='word_1_226' title='bbox 619 1808 1163 1878; x_wconf 45' lang='lat' dir='ltr'><strong>concedimqmauh.</strong></span> <span class='ocrx_word' id='word_1_227' title='bbox 1194 1810 1274 1876; x_wconf 71' lang='grc' dir='ltr'><strong>χ),</strong></span> <span class='ocrx_word' id='word_1_228' title='bbox 1305 1809 1413 1862; x_wconf 73' lang='lat' dir='ltr'><strong>Nec</strong></span> <span class='ocrx_word' id='word_1_229' title='bbox 1445 1810 1545 1863; x_wconf 73' lang='lat' dir='ltr'><strong>hoc</strong></span> <span class='ocrx_word' id='word_1_230' title='bbox 1573 1809 1827 1879; x_wconf 58' lang='lat' dir='ltr'><strong>mysterio</strong></span> <span class='ocrx_word' id='word_1_231' title='bbox 1854 1817 2031 1869; x_wconf 52' lang='lat' dir='ltr'><strong>cal-ei,</strong></span> <span class='ocrx_word' id='word_1_232' title='bbox 2065 1808 2207 1875; x_wconf 73' lang='lat' dir='ltr'><strong>quod</strong></span> <span class='ocrx_word' id='word_1_233' title='bbox 2240 1783 2287 1844; x_wconf 78' lang='grc' dir='ltr'><strong><em>Β</em></strong></span> <span class='ocrx_word' id='word_1_234' title='bbox 2319 1798 2643 1853; x_wconf 90' lang='lat' dir='ltr'><strong>conﬁtentes</strong></span> <span class='ocrx_word' id='word_1_235' title='bbox 2694 1814 2754 1854; x_wconf 92' lang='lat' dir='ltr'><strong>se</strong></span> <span class='ocrx_word' id='word_1_236' title='bbox 2810 1800 3011 1871; x_wconf 84' lang='lat' dir='ltr'><strong>jugiter</strong></span> <span class='ocrx_word' id='word_1_237' title='bbox 3061 1802 3115 1856; x_wconf 91' lang='lat' dir='ltr'><strong>in</strong></span> <span class='ocrx_word' id='word_1_238' title='bbox 3174 1802 3406 1857; x_wconf 81' lang='lat' dir='ltr'><strong>maximis</strong></span> <span class='ocrx_word' id='word_1_239' title='bbox 3450 1804 3691 1875; x_wconf 65' lang='lat' dir='ltr'><strong>deliquisse,</strong></span> <span class='ocrx_word' id='word_1_240' title='bbox 3719 1818 3748 1859; x_wconf 81' lang='lat' dir='ltr'><strong>et</strong></span> 
     </span>
    </p>
   </div>
   <div class='ocr_carea' id='block_1_33' title="bbox 619 1897 2206 1968">
    <p class='ocr_par' dir='ltr' id='par_1_33' title="bbox 619 1897 2206 1968">
     <span class='ocr_line' id='line_1_33' title="bbox 619 1897 2206 1968; baseline 0.001 -16"><span class='ocrx_word' id='word_1_241' title='bbox 619 1897 958 1953; x_wconf 86' lang='lat' dir='ltr'><strong>duodeuario</strong></span> <span class='ocrx_word' id='word_1_242' title='bbox 1001 1915 1225 1954; x_wconf 84' lang='lat' dir='ltr'><strong>numero</strong></span> <span class='ocrx_word' id='word_1_243' title='bbox 1254 1899 1452 1954; x_wconf 90' lang='lat' dir='ltr'><strong>chorus</strong></span> <span class='ocrx_word' id='word_1_244' title='bbox 1483 1900 1809 1968; x_wconf 80' lang='lat' dir='ltr'><strong>aposwlicus</strong></span> <span class='ocrx_word' id='word_1_245' title='bbox 1839 1899 2206 1966; x_wconf 83' lang='lat' dir='ltr'><strong>concluditur,</strong></span> 
     </span>
    </p>
   </div>
   <div class='ocr_carea' id='block_1_34' title="bbox 621 1991 2209 2061">
    <p class='ocr_par' dir='ltr' id='par_1_34' title="bbox 621 1991 2209 2061">
     <span class='ocr_line' id='line_1_34' title="bbox 621 1991 2209 2061; baseline 0 -16"><span class='ocrx_word' id='word_1_246' title='bbox 621 1999 679 2045; x_wconf 91' lang='lat' dir='ltr'><strong>ut</strong></span> <span class='ocrx_word' id='word_1_247' title='bbox 708 1992 922 2046; x_wconf 86' lang='lat' dir='ltr'><strong>scilicet</strong></span> <span class='ocrx_word' id='word_1_248' title='bbox 952 1992 1136 2046; x_wconf 93' lang='lat' dir='ltr'><strong>mundi</strong></span> <span class='ocrx_word' id='word_1_249' title='bbox 1168 1993 1312 2047; x_wconf 89' lang='lat' dir='ltr'><strong>salus</strong></span> <span class='ocrx_word' id='word_1_250' title='bbox 1339 2008 1461 2060; x_wconf 77' lang='lat' dir='ltr'><strong>qua:</strong></span> <span class='ocrx_word' id='word_1_251' title='bbox 1506 1992 1672 2046; x_wconf 90' lang='lat' dir='ltr'><strong>verbo</strong></span> <span class='ocrx_word' id='word_1_252' title='bbox 1713 1992 1780 2045; x_wconf 92' lang='lat' dir='ltr'><strong>ab</strong></span> <span class='ocrx_word' id='word_1_253' title='bbox 1823 1993 1903 2045; x_wconf 90' lang='lat' dir='ltr'><strong>eis</strong></span> <span class='ocrx_word' id='word_1_254' title='bbox 1947 1991 2209 2061; x_wconf 70' lang='lat' dir='ltr'><strong>praadica-</strong></span> 
     </span>
    </p>
   </div>
   <div class='ocr_carea' id='block_1_35' title="bbox 621 2084 2207 2147">
    <p class='ocr_par' dir='ltr' id='par_1_35' title="bbox 621 2084 2207 2147">
     <span class='ocr_line' id='line_1_35' title="bbox 621 2084 2207 2147; baseline 0.001 -11"><span class='ocrx_word' id='word_1_255' title='bbox 621 2092 792 2147; x_wconf 90' lang='lat' dir='ltr'><strong>retur,</strong></span> <span class='ocrx_word' id='word_1_256' title='bbox 835 2099 932 2138; x_wconf 82' lang='lat' dir='ltr'><strong>suo</strong></span> <span class='ocrx_word' id='word_1_257' title='bbox 971 2086 1132 2139; x_wconf 87' lang='lat' dir='ltr'><strong>etiam</strong></span> <span class='ocrx_word' id='word_1_258' title='bbox 1176 2100 1398 2140; x_wconf 87' lang='lat' dir='ltr'><strong>numero</strong></span> <span class='ocrx_word' id='word_1_259' title='bbox 1441 2084 1926 2139; x_wconf 84' lang='lat' dir='ltr'><strong>commendaretur.</strong></span> <span class='ocrx_word' id='word_1_260' title='bbox 1979 2085 2085 2138; x_wconf 87' lang='lat' dir='ltr'><strong>Ter</strong></span> <span class='ocrx_word' id='word_1_261' title='bbox 2123 2095 2207 2140; x_wconf 88' lang='lat' dir='ltr'><strong>et-</strong></span> 
     </span>
    </p>
   </div>
   <div class='ocr_carea' id='block_1_36' title="bbox 619 2176 2208 2247">
    <p class='ocr_par' dir='ltr' id='par_1_36' title="bbox 619 2176 2208 2247">
     <span class='ocr_line' id='line_1_36' title="bbox 619 2176 2208 2247; baseline 0.003 -18"><span class='ocrx_word' id='word_1_262' title='bbox 619 2176 763 2230; x_wconf 86' lang='lat' dir='ltr'><strong>enim</strong></span> <span class='ocrx_word' id='word_1_263' title='bbox 795 2179 1073 2243; x_wconf 87' lang='lat' dir='ltr'><strong>quaterni,</strong></span> <span class='ocrx_word' id='word_1_264' title='bbox 1106 2179 1386 2233; x_wconf 88' lang='lat' dir='ltr'><strong>duodecim</strong></span> <span class='ocrx_word' id='word_1_265' title='bbox 1416 2179 1635 2235; x_wconf 84' lang='lat' dir='ltr'><strong>faciunt.</strong></span> <span class='ocrx_word' id='word_1_266' title='bbox 1667 2178 1732 2233; x_wconf 86' lang='lat' dir='ltr'><strong>Et</strong></span> <span class='ocrx_word' id='word_1_267' title='bbox 1759 2187 1840 2232; x_wconf 87' lang='lat' dir='ltr'><strong>ter</strong></span> <span class='ocrx_word' id='word_1_268' title='bbox 1867 2180 2110 2247; x_wconf 89' lang='lat' dir='ltr'><strong>quaterni</strong></span> <span class='ocrx_word' id='word_1_269' title='bbox 2141 2181 2208 2234; x_wconf 89' lang='lat' dir='ltr'><strong>ad</strong></span> 
     </span>
    </p>
   </div>
   <div class='ocr_carea' id='block_1_37' title="bbox 618 2270 2209 2341">
    <p class='ocr_par' dir='ltr' id='par_1_37' title="bbox 618 2270 2209 2341">
     <span class='ocr_line' id='line_1_37' title="bbox 618 2270 2209 2341; baseline 0.002 -18"><span class='ocrx_word' id='word_1_270' title='bbox 618 2270 1016 2338; x_wconf 76' lang='lat' dir='ltr'><strong>przedicandum</strong></span> <span class='ocrx_word' id='word_1_271' title='bbox 1051 2281 1175 2325; x_wconf 87' lang='lat' dir='ltr'><strong>sunt</strong></span> <span class='ocrx_word' id='word_1_272' title='bbox 1206 2273 1357 2326; x_wconf 87' lang='lat' dir='ltr'><strong>missi</strong></span> <span class='ocrx_word' id='word_1_273' title='bbox 1392 2271 1659 2341; x_wconf 87' lang='lat' dir='ltr'><strong>apostoli,</strong></span> <span class='ocrx_word' id='word_1_274' title='bbox 1692 2280 1749 2326; x_wconf 92' lang='lat' dir='ltr'><strong>ut</strong></span> <span class='ocrx_word' id='word_1_275' title='bbox 1790 2287 1886 2339; x_wconf 88' lang='lat' dir='ltr'><strong>per</strong></span> <span class='ocrx_word' id='word_1_276' title='bbox 1927 2273 2209 2326; x_wconf 86' lang='lat' dir='ltr'><strong>universas</strong></span> 
     </span>
    </p>
   </div>
   <div class='ocr_carea' id='block_1_38' title="bbox 619 2363 2210 2434">
    <p class='ocr_par' dir='ltr' id='par_1_38' title="bbox 619 2363 2210 2434">
     <span class='ocr_line' id='line_1_38' title="bbox 619 2363 2210 2434; baseline 0.003 -19"><span class='ocrx_word' id='word_1_277' title='bbox 619 2363 866 2430; x_wconf 87' lang='lat' dir='ltr'><strong>quadrati</strong></span> <span class='ocrx_word' id='word_1_278' title='bbox 900 2365 1051 2416; x_wconf 88' lang='lat' dir='ltr'><strong>orbis</strong></span> <span class='ocrx_word' id='word_1_279' title='bbox 1082 2364 1264 2432; x_wconf 69' lang='lat' dir='ltr'><strong>plagas</strong></span> <span class='ocrx_word' id='word_1_280' title='bbox 1293 2366 1630 2434; x_wconf 80' lang='lat' dir='ltr'><strong>baptizarent</strong></span> <span class='ocrx_word' id='word_1_281' title='bbox 1658 2375 1846 2433; x_wconf 86' lang='lat' dir='ltr'><strong>gentes</strong></span> <span class='ocrx_word' id='word_1_282' title='bbox 1893 2366 1945 2419; x_wconf 93' lang='lat' dir='ltr'><strong>in</strong></span> <span class='ocrx_word' id='word_1_283' title='bbox 1992 2366 2210 2420; x_wconf 90' lang='lat' dir='ltr'><strong>nomine</strong></span> 
     </span>
    </p>
   </div>
   <div class='ocr_carea' id='block_1_39' title="bbox 620 2452 2210 2523">
    <p class='ocr_par' dir='ltr' id='par_1_39' title="bbox 620 2452 2210 2523">
     <span class='ocr_line' id='line_1_39' title="bbox 620 2452 2210 2523; baseline 0.006 -17"><span class='ocrx_word' id='word_1_284' title='bbox 620 2452 791 2507; x_wconf 86' lang='lat' dir='ltr'><strong>Patris</strong></span> <span class='ocrx_word' id='word_1_285' title='bbox 820 2463 875 2509; x_wconf 90' lang='lat' dir='ltr'><strong>et</strong></span> <span class='ocrx_word' id='word_1_286' title='bbox 905 2453 1024 2509; x_wconf 85' lang='lat' dir='ltr'><strong>Filii</strong></span> <span class='ocrx_word' id='word_1_287' title='bbox 1056 2466 1108 2510; x_wconf 92' lang='lat' dir='ltr'><strong>et</strong></span> <span class='ocrx_word' id='word_1_288' title='bbox 1133 2457 1366 2523; x_wconf 84' lang='lat' dir='ltr'><strong>Spiritus</strong></span> <span class='ocrx_word' id='word_1_289' title='bbox 1395 2458 1591 2512; x_wconf 88' lang='lat' dir='ltr'><strong>sancti.</strong></span> <span class='ocrx_word' id='word_1_290' title='bbox 1636 2457 1791 2513; x_wconf 88' lang='lat' dir='ltr'><strong>Unde</strong></span> <span class='ocrx_word' id='word_1_291' title='bbox 1818 2471 1871 2513; x_wconf 92' lang='lat' dir='ltr'><strong>et</strong></span> <span class='ocrx_word' id='word_1_292' title='bbox 1897 2460 1963 2513; x_wconf 88' lang='lat' dir='ltr'><strong>de</strong></span> <span class='ocrx_word' id='word_1_293' title='bbox 1991 2461 2210 2516; x_wconf 87' lang='lat' dir='ltr'><strong>civitate</strong></span> 
     </span>
    </p>
   </div>
   <div class='ocr_carea' id='block_1_40' title="bbox 621 2546 2209 2616">
    <p class='ocr_par' dir='ltr' id='par_1_40' title="bbox 621 2546 2209 2616">
     <span class='ocr_line' id='line_1_40' title="bbox 621 2546 2209 2616; baseline 0.005 -18"><span class='ocrx_word' id='word_1_294' title='bbox 621 2554 804 2598; x_wconf 87' lang='lat' dir='ltr'><strong>sancta</strong></span> <span class='ocrx_word' id='word_1_295' title='bbox 838 2546 1173 2601; x_wconf 89' lang='lat' dir='ltr'><strong>Hierusalem</strong></span> <span class='ocrx_word' id='word_1_296' title='bbox 1204 2548 1566 2603; x_wconf 89' lang='lat' dir='ltr'><strong>descendente</strong></span> <span class='ocrx_word' id='word_1_297' title='bbox 1595 2550 1661 2604; x_wconf 88' lang='lat' dir='ltr'><strong>de</strong></span> <span class='ocrx_word' id='word_1_298' title='bbox 1690 2551 1827 2605; x_wconf 69' lang='lat' dir='ltr'><strong>cwlo</strong></span> <span class='ocrx_word' id='word_1_299' title='bbox 1859 2566 1887 2603; x_wconf 90' lang='lat' dir='ltr'><strong>a</strong></span> <span class='ocrx_word' id='word_1_300' title='bbox 1921 2550 2050 2616; x_wconf 87' lang='lat' dir='ltr'><strong>Deo,</strong></span> <span class='ocrx_word' id='word_1_301' title='bbox 2079 2554 2209 2606; x_wconf 68' lang='lat' dir='ltr'><strong>scri«</strong></span> 
     </span>
    </p>
   </div>
   <div class='ocr_carea' id='block_1_41' title="bbox 620 2639 2212 2711">
    <p class='ocr_par' dir='ltr' id='par_1_41' title="bbox 620 2639 2212 2711">
     <span class='ocr_line' id='line_1_41' title="bbox 620 2639 2212 2711; baseline 0.008 -24"><span class='ocrx_word' id='word_1_302' title='bbox 620 2644 767 2703; x_wconf 86' lang='lat' dir='ltr'><strong>ptum</strong></span> <span class='ocrx_word' id='word_1_303' title='bbox 796 2646 912 2704; x_wconf 90' lang='lat' dir='ltr'><strong>est,</strong></span> <span class='ocrx_word' id='word_1_304' title='bbox 940 2639 1061 2706; x_wconf 89' lang='lat' dir='ltr'><strong>quia</strong></span> <span class='ocrx_word' id='word_1_305' title='bbox 1095 2648 1248 2693; x_wconf 89' lang='lat' dir='ltr'><strong>erant</strong></span> <span class='ocrx_word' id='word_1_306' title='bbox 1276 2640 1325 2693; x_wconf 93' lang='lat' dir='ltr'><strong>ei</strong></span> <span class='ocrx_word' id='word_1_307' title='bbox 1357 2641 1425 2694; x_wconf 88' lang='lat' dir='ltr'><strong>ab</strong></span> <span class='ocrx_word' id='word_1_308' title='bbox 1454 2642 1661 2696; x_wconf 87' lang='lat' dir='ltr'><strong>oriente</strong></span> <span class='ocrx_word' id='word_1_309' title='bbox 1692 2651 1858 2708; x_wconf 69' lang='lat' dir='ltr'><strong>portae</strong></span> <span class='ocrx_word' id='word_1_310' title='bbox 1892 2653 2029 2711; x_wconf 89' lang='lat' dir='ltr'><strong>tres,</strong></span> <span class='ocrx_word' id='word_1_311' title='bbox 2062 2652 2118 2698; x_wconf 90' lang='lat' dir='ltr'><strong>et</strong></span> <span class='ocrx_word' id='word_1_312' title='bbox 2145 2646 2212 2700; x_wconf 88' lang='lat' dir='ltr'><strong>ab</strong></span> 
     </span>
    </p>
   </div>
   <div class='ocr_carea' id='block_1_42' title="bbox 620 2727 2211 2804">
    <p class='ocr_par' dir='ltr' id='par_1_42' title="bbox 620 2727 2211 2804">
     <span class='ocr_line' id='line_1_42' title="bbox 620 2727 2211 2804; baseline 0.006 -22"><span class='ocrx_word' id='word_1_313' title='bbox 620 2727 870 2798; x_wconf 88' lang='lat' dir='ltr'><strong>aquilone</strong></span> <span class='ocrx_word' id='word_1_314' title='bbox 912 2739 1077 2797; x_wconf 71' lang='lat' dir='ltr'><strong>portae</strong></span> <span class='ocrx_word' id='word_1_315' title='bbox 1121 2741 1259 2794; x_wconf 88' lang='lat' dir='ltr'><strong>tres,</strong></span> <span class='ocrx_word' id='word_1_316' title='bbox 1291 2743 1346 2787; x_wconf 91' lang='lat' dir='ltr'><strong>et</strong></span> <span class='ocrx_word' id='word_1_317' title='bbox 1375 2735 1443 2788; x_wconf 87' lang='lat' dir='ltr'><strong>ab</strong></span> <span class='ocrx_word' id='word_1_318' title='bbox 1471 2745 1654 2789; x_wconf 89' lang='lat' dir='ltr'><strong>austro</strong></span> <span class='ocrx_word' id='word_1_319' title='bbox 1684 2745 1852 2804; x_wconf 66' lang='lat' dir='ltr'><strong>porta:</strong></span> <span class='ocrx_word' id='word_1_320' title='bbox 1884 2745 2025 2801; x_wconf 89' lang='lat' dir='ltr'><strong>tres,</strong></span> <span class='ocrx_word' id='word_1_321' title='bbox 2060 2748 2113 2791; x_wconf 88' lang='lat' dir='ltr'><strong>et</strong></span> <span class='ocrx_word' id='word_1_322' title='bbox 2143 2736 2211 2792; x_wconf 90' lang='lat' dir='ltr'><strong>ab</strong></span> 
     </span>
    </p>
   </div>
   <div class='ocr_carea' id='block_1_43' title="bbox 618 2827 2212 2897">
    <p class='ocr_par' dir='ltr' id='par_1_43' title="bbox 618 2827 2212 2897">
     <span class='ocr_line' id='line_1_43' title="bbox 618 2827 2212 2897; baseline 0.008 -22"><span class='ocrx_word' id='word_1_323' title='bbox 618 2835 812 2876; x_wconf 86' lang='lat' dir='ltr'><strong>occasu</strong></span> <span class='ocrx_word' id='word_1_324' title='bbox 848 2833 1016 2890; x_wconf 58' lang='lat' dir='ltr'><strong>portas</strong></span> <span class='ocrx_word' id='word_1_325' title='bbox 1045 2833 1153 2879; x_wconf 88' lang='lat' dir='ltr'><strong>tres</strong></span> <span class='ocrx_word' id='word_1_326' title='bbox 1181 2827 1367 2894; x_wconf 85' lang='lat' dir='ltr'><strong>(Apoc.</strong></span> <span class='ocrx_word' id='word_1_327' title='bbox 1400 2828 1541 2895; x_wconf 80' lang='lat' dir='ltr'><strong>xxi).</strong></span> <span class='ocrx_word' id='word_1_328' title='bbox 1578 2828 1677 2884; x_wconf 90' lang='lat' dir='ltr'><strong>Ubi</strong></span> <span class='ocrx_word' id='word_1_329' title='bbox 1704 2829 2000 2897; x_wconf 83' lang='lat' dir='ltr'><strong>ﬁguraliter</strong></span> <span class='ocrx_word' id='word_1_330' title='bbox 2032 2842 2212 2886; x_wconf 87' lang='lat' dir='ltr'><strong>osten-</strong></span> 
     </span>
    </p>
   </div>
   <div class='ocr_carea' id='block_1_44' title="bbox 617 2915 2211 2992">
    <p class='ocr_par' dir='ltr' id='par_1_44' title="bbox 617 2915 2211 2992">
     <span class='ocr_line' id='line_1_44' title="bbox 617 2915 2211 2992; baseline 0.004 -21"><span class='ocrx_word' id='word_1_331' title='bbox 617 2915 870 2986; x_wconf 87' lang='lat' dir='ltr'><strong>debatur,</strong></span> <span class='ocrx_word' id='word_1_332' title='bbox 904 2918 1026 2986; x_wconf 92' lang='lat' dir='ltr'><strong>quia</strong></span> <span class='ocrx_word' id='word_1_333' title='bbox 1058 2920 1477 2987; x_wconf 68' lang='lat' dir='ltr'><strong>praedicantibus</strong></span> <span class='ocrx_word' id='word_1_334' title='bbox 1505 2923 1786 2991; x_wconf 76' lang='lat' dir='ltr'><strong>apostolis,</strong></span> <span class='ocrx_word' id='word_1_335' title='bbox 1816 2926 2211 2992; x_wconf 82' lang='lat' dir='ltr'><strong>apostolorum-</strong></span> 
     </span>
    </p>
   </div>
   <div class='ocr_carea' id='block_1_45' title="bbox 620 3011 2210 3083">
    <p class='ocr_par' dir='ltr' id='par_1_45' title="bbox 620 3011 2210 3083">
     <span class='ocr_line' id='line_1_45' title="bbox 620 3011 2210 3083; baseline 0.005 -20"><span class='ocrx_word' id='word_1_336' title='bbox 620 3023 727 3077; x_wconf 89' lang='lat' dir='ltr'><strong>que</strong></span> <span class='ocrx_word' id='word_1_337' title='bbox 753 3011 1176 3077; x_wconf 83' lang='lat' dir='ltr'><strong>successoribus,</strong></span> <span class='ocrx_word' id='word_1_338' title='bbox 1201 3025 1408 3067; x_wconf 77' lang='lat' dir='ltr'><strong>cuncta:</strong></span> <span class='ocrx_word' id='word_1_339' title='bbox 1431 3028 1523 3083; x_wconf 89' lang='lat' dir='ltr'><strong>per</strong></span> <span class='ocrx_word' id='word_1_340' title='bbox 1546 3014 1729 3071; x_wconf 90' lang='lat' dir='ltr'><strong>orbem</strong></span> <span class='ocrx_word' id='word_1_341' title='bbox 1757 3016 2003 3072; x_wconf 86' lang='lat' dir='ltr'><strong>nationes</strong></span> <span class='ocrx_word' id='word_1_342' title='bbox 2028 3017 2078 3070; x_wconf 93' lang='lat' dir='ltr'><strong>in</strong></span> <span class='ocrx_word' id='word_1_343' title='bbox 2106 3014 2210 3071; x_wconf 89' lang='lat' dir='ltr'><strong>ﬁde</strong></span> 
     </span>
    </p>
   </div>
   <div class='ocr_carea' id='block_1_46' title="bbox 618 3102 2206 3175">
    <p class='ocr_par' dir='ltr' id='par_1_46' title="bbox 618 3102 2206 3175">
     <span class='ocr_line' id='line_1_46' title="bbox 618 3102 2206 3175; baseline 0.002 -18"><span class='ocrx_word' id='word_1_344' title='bbox 618 3112 823 3157; x_wconf 70' lang='lat' dir='ltr'><strong>sancta:</strong></span> <span class='ocrx_word' id='word_1_345' title='bbox 863 3102 1142 3156; x_wconf 81' lang='lat' dir='ltr'><strong>Trinitatis</strong></span> <span class='ocrx_word' id='word_1_346' title='bbox 1187 3103 1481 3160; x_wconf 85' lang='lat' dir='ltr'><strong>Ecclesiam</strong></span> <span class='ocrx_word' id='word_1_347' title='bbox 1530 3115 1715 3161; x_wconf 79' lang='lat' dir='ltr'><strong>essent</strong></span> <span class='ocrx_word' id='word_1_348' title='bbox 1769 3109 2107 3175; x_wconf 69' lang='lat' dir='ltr'><strong>ingressum.</strong></span> <span class='ocrx_word' id='word_1_349' title='bbox 2151 3108 2206 3161; x_wconf 88' lang='lat' dir='ltr'><strong>lu</strong></span> 
     </span>
    </p>
   </div>
   <div class='ocr_carea' id='block_1_47' title="bbox 618 3186 2211 3265">
    <p class='ocr_par' dir='ltr' id='par_1_47' title="bbox 618 3186 2211 3265">
     <span class='ocr_line' id='line_1_47' title="bbox 618 3186 2211 3265; baseline 0.006 -21"><span class='ocrx_word' id='word_1_350' title='bbox 618 3205 728 3260; x_wconf 90' lang='lat' dir='ltr'><strong>quo</strong></span> <span class='ocrx_word' id='word_1_351' title='bbox 757 3191 919 3247; x_wconf 88' lang='lat' dir='ltr'><strong>etiam</strong></span> <span class='ocrx_word' id='word_1_352' title='bbox 948 3204 1285 3248; x_wconf 86' lang='lat' dir='ltr'><strong>sacramento</strong></span> <span class='ocrx_word' id='word_1_353' title='bbox 1331 3197 1398 3249; x_wconf 88' lang='lat' dir='ltr'><strong>ita</strong></span> <span class='ocrx_word' id='word_1_354' title='bbox 1438 3197 1709 3265; x_wconf 90' lang='lat' dir='ltr'><strong>quondam</strong></span> <span class='ocrx_word' id='word_1_355' title='bbox 1759 3198 1849 3252; x_wconf 91' lang='lat' dir='ltr'><strong>ﬁlii</strong></span> <span class='ocrx_word' id='word_1_356' title='bbox 1883 3186 2041 3253; x_wconf 82' lang='lat' dir='ltr'><strong>Israel</strong></span> <span class='ocrx_word' id='word_1_357' title='bbox 2069 3201 2211 3254; x_wconf 88' lang='lat' dir='ltr'><strong>circa</strong></span> 
     </span>
    </p>
   </div>
   <div class='ocr_carea' id='block_1_48' title="bbox 621 3282 2213 3361">
    <p class='ocr_par' dir='ltr' id='par_1_48' title="bbox 621 3282 2213 3361">
     <span class='ocr_line' id='line_1_48' title="bbox 621 3282 2213 3361; baseline 0.006 -24"><span class='ocrx_word' id='word_1_358' title='bbox 621 3282 1024 3339; x_wconf 84' lang='lat' dir='ltr'><strong>tabernaculum</strong></span> <span class='ocrx_word' id='word_1_359' title='bbox 1052 3295 1228 3340; x_wconf 91' lang='lat' dir='ltr'><strong>castra</strong></span> <span class='ocrx_word' id='word_1_360' title='bbox 1262 3288 1617 3353; x_wconf 87' lang='lat' dir='ltr'><strong>tnetabantur,</strong></span> <span class='ocrx_word' id='word_1_361' title='bbox 1667 3299 1727 3344; x_wconf 89' lang='lat' dir='ltr'><strong>ut</strong></span> <span class='ocrx_word' id='word_1_362' title='bbox 1775 3306 1841 3345; x_wconf 81' lang='lat' dir='ltr'><strong>ex</strong></span> <span class='ocrx_word' id='word_1_363' title='bbox 1884 3293 2029 3345; x_wconf 90' lang='lat' dir='ltr'><strong>omni</strong></span> <span class='ocrx_word' id='word_1_364' title='bbox 2063 3302 2213 3361; x_wconf 89' lang='lat' dir='ltr'><strong>parte</strong></span> 
     </span>
    </p>
   </div>
   <div class='ocr_carea' id='block_1_49' title="bbox 624 3374 2209 3449">
    <p class='ocr_par' dir='ltr' id='par_1_49' title="bbox 624 3374 2209 3449">
     <span class='ocr_line' id='line_1_49' title="bbox 624 3374 2209 3449; baseline 0.006 -22"><span class='ocrx_word' id='word_1_365' title='bbox 624 3374 921 3443; x_wconf 90' lang='lat' dir='ltr'><strong>quadrum,</strong></span> <span class='ocrx_word' id='word_1_366' title='bbox 973 3385 1137 3431; x_wconf 68' lang='lat' dir='ltr'><strong>ternae</strong></span> <span class='ocrx_word' id='word_1_367' title='bbox 1184 3377 1359 3433; x_wconf 93' lang='lat' dir='ltr'><strong>tribus</strong></span> <span class='ocrx_word' id='word_1_368' title='bbox 1407 3389 1712 3435; x_wconf 90' lang='lat' dir='ltr'><strong>manerent.</strong></span> <span class='ocrx_word' id='word_1_369' title='bbox 1761 3381 1896 3448; x_wconf 85' lang='lat' dir='ltr'><strong>Quia</strong></span> <span class='ocrx_word' id='word_1_370' title='bbox 1943 3382 2209 3449; x_wconf 87' lang='lat' dir='ltr'><strong>primitiva</strong></span> 
     </span>
    </p>
   </div>
   <div class='ocr_carea' id='block_1_50' title="bbox 624 3464 2213 3544">
    <p class='ocr_par' dir='ltr' id='par_1_50' title="bbox 624 3464 2213 3544">
     <span class='ocr_line' id='line_1_50' title="bbox 624 3464 2213 3544; baseline 0.006 -26"><span class='ocrx_word' id='word_1_371' title='bbox 624 3464 881 3520; x_wconf 91' lang='lat' dir='ltr'><strong>nimirum</strong></span> <span class='ocrx_word' id='word_1_372' title='bbox 913 3466 1152 3522; x_wconf 82' lang='lat' dir='ltr'><strong>Ecclesia</strong></span> <span class='ocrx_word' id='word_1_373' title='bbox 1173 3508 1189 3532; x_wconf 94' lang='lat'><strong>,</strong></span> <span class='ocrx_word' id='word_1_374' title='bbox 1221 3484 1338 3535; x_wconf 69' lang='lat' dir='ltr'><strong>quae</strong></span> <span class='ocrx_word' id='word_1_375' title='bbox 1365 3480 1481 3524; x_wconf 90' lang='lat' dir='ltr'><strong>erat</strong></span> <span class='ocrx_word' id='word_1_376' title='bbox 1512 3471 1563 3524; x_wconf 92' lang='lat' dir='ltr'><strong>in</strong></span> <span class='ocrx_word' id='word_1_377' title='bbox 1594 3470 1776 3525; x_wconf 72' lang='lat' dir='ltr'><strong>Judaea</strong></span> <span class='ocrx_word' id='word_1_378' title='bbox 1801 3511 1816 3534; x_wconf 85' lang='lat'><strong>,</strong></span> <span class='ocrx_word' id='word_1_379' title='bbox 1852 3473 2086 3543; x_wconf 89' lang='lat' dir='ltr'><strong>undique</strong></span> <span class='ocrx_word' id='word_1_380' title='bbox 2115 3490 2213 3544; x_wconf 90' lang='lat' dir='ltr'><strong>per</strong></span> 
     </span>
    </p>
   </div>
   <div class='ocr_carea' id='block_1_51' title="bbox 622 3556 2212 3634">
    <p class='ocr_par' dir='ltr' id='par_1_51' title="bbox 622 3556 2212 3634">
     <span class='ocr_line' id='line_1_51' title="bbox 622 3556 2212 3634; baseline 0.006 -22"><span class='ocrx_word' id='word_1_381' title='bbox 622 3556 909 3612; x_wconf 86' lang='lat' dir='ltr'><strong>circuitum</strong></span> <span class='ocrx_word' id='word_1_382' title='bbox 938 3559 1020 3613; x_wconf 89' lang='lat' dir='ltr'><strong>sui</strong></span> <span class='ocrx_word' id='word_1_383' title='bbox 1049 3560 1423 3624; x_wconf 89' lang='lat' dir='ltr'><strong>credentibus,</strong></span> <span class='ocrx_word' id='word_1_384' title='bbox 1450 3571 1562 3615; x_wconf 90' lang='lat' dir='ltr'><strong>toto</strong></span> <span class='ocrx_word' id='word_1_385' title='bbox 1588 3564 1717 3617; x_wconf 82' lang='lat' dir='ltr'><strong>orbe</strong></span> <span class='ocrx_word' id='word_1_386' title='bbox 1748 3564 2070 3631; x_wconf 83' lang='lat' dir='ltr'><strong>nationibus,</strong></span> <span class='ocrx_word' id='word_1_387' title='bbox 2099 3567 2212 3634; x_wconf 87' lang='lat' dir='ltr'><strong>spi-</strong></span> 
     </span>
    </p>
   </div>
   <div class='ocr_carea' id='block_1_52' title="bbox 619 3644 2211 3711">
    <p class='ocr_par' dir='ltr' id='par_1_52' title="bbox 619 3644 2211 3711">
     <span class='ocr_line' id='line_1_52' title="bbox 619 3644 2211 3711; baseline 0.006 -9"><span class='ocrx_word' id='word_1_388' title='bbox 619 3644 838 3702; x_wconf 88' lang='lat' dir='ltr'><strong>ritualia</strong></span> <span class='ocrx_word' id='word_1_389' title='bbox 872 3648 982 3704; x_wconf 91' lang='lat' dir='ltr'><strong>Deo</strong></span> <span class='ocrx_word' id='word_1_390' title='bbox 1007 3660 1182 3706; x_wconf 86' lang='lat' dir='ltr'><strong>castra</strong></span> <span class='ocrx_word' id='word_1_391' title='bbox 1209 3660 1327 3706; x_wconf 88' lang='lat' dir='ltr'><strong>erat</strong></span> <span class='ocrx_word' id='word_1_392' title='bbox 1357 3653 1408 3706; x_wconf 93' lang='lat' dir='ltr'><strong>in</strong></span> <span class='ocrx_word' id='word_1_393' title='bbox 1436 3653 1538 3708; x_wconf 89' lang='lat' dir='ltr'><strong>ﬁde</strong></span> <span class='ocrx_word' id='word_1_394' title='bbox 1561 3663 1615 3708; x_wconf 89' lang='lat' dir='ltr'><strong>et</strong></span> <span class='ocrx_word' id='word_1_395' title='bbox 1642 3654 1983 3709; x_wconf 82' lang='lat' dir='ltr'><strong>confessione</strong></span> <span class='ocrx_word' id='word_1_396' title='bbox 2009 3666 2211 3711; x_wconf 68' lang='lat' dir='ltr'><strong>sanctae</strong></span> 
     </span>
    </p>
   </div>
   <div class='ocr_carea' id='block_1_53' title="bbox 624 3736 2207 3817">
    <p class='ocr_par' dir='ltr' id='par_1_53' title="bbox 624 3736 2207 3817">
     <span class='ocr_line' id='line_1_53' title="bbox 624 3736 2207 3817; baseline 0.006 -25"><span class='ocrx_word' id='word_1_397' title='bbox 624 3736 906 3795; x_wconf 83' lang='lat' dir='ltr'><strong>Trinitatis</strong></span> <span class='ocrx_word' id='word_1_398' title='bbox 936 3741 1123 3797; x_wconf 83' lang='lat' dir='ltr'><strong>ﬁxura.</strong></span> <span class='ocrx_word' id='word_1_399' title='bbox 1160 3742 1340 3807; x_wconf 84' lang='lat' dir='ltr'><strong>Dedit,</strong></span> <span class='ocrx_word' id='word_1_400' title='bbox 1373 3744 1578 3814; x_wconf 88' lang='lat' dir='ltr'><strong>inquit,</strong></span> <span class='ocrx_word' id='word_1_401' title='bbox 1608 3745 1717 3799; x_wconf 89' lang='lat' dir='ltr'><strong>illis</strong></span> <span class='ocrx_word' id='word_1_402' title='bbox 1750 3748 1982 3799; x_wconf 76' lang='lat' dir='ltr'><strong>virtutem</strong></span> <span class='ocrx_word' id='word_1_403' title='bbox 2021 3754 2067 3799; x_wconf 81' lang='lat' dir='ltr'><strong>et</strong></span> <span class='ocrx_word' id='word_1_404' title='bbox 2112 3762 2207 3817; x_wconf 80' lang='lat' dir='ltr'><strong>po-</strong></span> 
     </span>
    </p>
   </div>
   <div class='ocr_carea' id='block_1_54' title="bbox 621 3834 2203 3908">
    <p class='ocr_par' dir='ltr' id='par_1_54' title="bbox 621 3834 2203 3908">
     <span class='ocr_line' id='line_1_54' title="bbox 621 3834 2203 3908; baseline 0.006 -26"><span class='ocrx_word' id='word_1_405' title='bbox 621 3834 859 3885; x_wconf 78' lang='lat' dir='ltr'><strong>testatem</strong></span> <span class='ocrx_word' id='word_1_406' title='bbox 885 3847 1037 3900; x_wconf 80' lang='lat' dir='ltr'><strong>super</strong></span> <span class='ocrx_word' id='word_1_407' title='bbox 1062 3834 1238 3887; x_wconf 83' lang='lat' dir='ltr'><strong>omnia</strong></span> <span class='ocrx_word' id='word_1_408' title='bbox 1266 3835 1554 3900; x_wconf 76' lang='lat' dir='ltr'><strong>dwmonia,</strong></span> <span class='ocrx_word' id='word_1_409' title='bbox 1586 3850 1633 3891; x_wconf 80' lang='lat' dir='ltr'><strong>et</strong></span> <span class='ocrx_word' id='word_1_410' title='bbox 1664 3846 1718 3889; x_wconf 85' lang='lat' dir='ltr'><strong>ut</strong></span> <span class='ocrx_word' id='word_1_411' title='bbox 1750 3837 2023 3908; x_wconf 83' lang='lat' dir='ltr'><strong>lauguores</strong></span> <span class='ocrx_word' id='word_1_412' title='bbox 2054 3855 2203 3892; x_wconf 84' lang='lat' dir='ltr'><strong>cura-</strong></span> 
     </span>
    </p>
   </div>
   <div class='ocr_carea' id='block_1_55' title="bbox 620 3924 2209 4001">
    <p class='ocr_par' dir='ltr' id='par_1_55' title="bbox 620 3924 2209 4001">
     <span class='ocr_line' id='line_1_55' title="bbox 620 3924 2209 4001; baseline 0.007 -25"><span class='ocrx_word' id='word_1_413' title='bbox 620 3933 756 3977; x_wconf 84' lang='lat' dir='ltr'><strong>rent.</strong></span> <span class='ocrx_word' id='word_1_414' title='bbox 789 3924 1078 3994; x_wconf 86' lang='lat' dir='ltr'><strong>Postquam</strong></span> <span class='ocrx_word' id='word_1_415' title='bbox 1112 3928 1372 3983; x_wconf 88' lang='lat' dir='ltr'><strong>Dominus</strong></span> <span class='ocrx_word' id='word_1_416' title='bbox 1402 3930 1662 3986; x_wconf 79' lang='lat' dir='ltr'><strong>nefandos</strong></span> <span class='ocrx_word' id='word_1_417' title='bbox 1706 3932 1927 4000; x_wconf 85' lang='lat' dir='ltr'><strong>spiritus</strong></span> <span class='ocrx_word' id='word_1_418' title='bbox 1969 3946 2030 3987; x_wconf 88' lang='lat' dir='ltr'><strong>se</strong></span> <span class='ocrx_word' id='word_1_419' title='bbox 2070 3948 2209 4001; x_wconf 79' lang='lat' dir='ltr'><strong>prte-</strong></span> 
     </span>
    </p>
   </div>
   <div class='ocr_carea' id='block_1_56' title="bbox 619 4014 2207 4089">
    <p class='ocr_par' dir='ltr' id='par_1_56' title="bbox 619 4014 2207 4089">
     <span class='ocr_line' id='line_1_56' title="bbox 619 4014 2207 4089; baseline 0.008 -22"><span class='ocrx_word' id='word_1_420' title='bbox 619 4014 797 4069; x_wconf 88' lang='lat' dir='ltr'><strong>dicare</strong></span> <span class='ocrx_word' id='word_1_421' title='bbox 829 4016 1134 4083; x_wconf 88' lang='lat' dir='ltr'><strong>perhibuit,</strong></span> <span class='ocrx_word' id='word_1_422' title='bbox 1163 4017 1327 4089; x_wconf 81' lang='lat' dir='ltr'><strong>elegit</strong></span> <span class='ocrx_word' id='word_1_423' title='bbox 1371 4030 1620 4087; x_wconf 88' lang='lat' dir='ltr'><strong>sanctos,</strong></span> <span class='ocrx_word' id='word_1_424' title='bbox 1664 4022 1753 4089; x_wconf 87' lang='lat' dir='ltr'><strong>qui</strong></span> <span class='ocrx_word' id='word_1_425' title='bbox 1799 4032 1852 4076; x_wconf 90' lang='lat' dir='ltr'><strong>et</strong></span> <span class='ocrx_word' id='word_1_426' title='bbox 1896 4022 2207 4079; x_wconf 87' lang='lat' dir='ltr'><strong>immundos</strong></span> 
     </span>
    </p>
   </div>
   <div class='ocr_carea' id='block_1_57' title="bbox 620 4106 2207 4183">
    <p class='ocr_par' dir='ltr' id='par_1_57' title="bbox 620 4106 2207 4183">
     <span class='ocr_line' id='line_1_57' title="bbox 620 4106 2207 4183; baseline 0.008 -24"><span class='ocrx_word' id='word_1_427' title='bbox 620 4106 842 4174; x_wconf 86' lang='lat' dir='ltr'><strong>spiritus</strong></span> <span class='ocrx_word' id='word_1_428' title='bbox 872 4109 1133 4177; x_wconf 89' lang='lat' dir='ltr'><strong>ejicerent</strong></span> <span class='ocrx_word' id='word_1_429' title='bbox 1155 4152 1171 4176; x_wconf 93' lang='lat'><strong>,</strong></span> <span class='ocrx_word' id='word_1_430' title='bbox 1203 4120 1259 4166; x_wconf 89' lang='lat' dir='ltr'><strong>et</strong></span> <span class='ocrx_word' id='word_1_431' title='bbox 1286 4112 1390 4181; x_wconf 90' lang='lat' dir='ltr'><strong>ipsi</strong></span> <span class='ocrx_word' id='word_1_432' title='bbox 1420 4114 1758 4183; x_wconf 84' lang='lat' dir='ltr'><strong>evangelium</strong></span> <span class='ocrx_word' id='word_1_433' title='bbox 1799 4116 1995 4170; x_wconf 88' lang='lat' dir='ltr'><strong>munda</strong></span> <span class='ocrx_word' id='word_1_434' title='bbox 2028 4127 2207 4172; x_wconf 91' lang='lat' dir='ltr'><strong>mente</strong></span> 
     </span>
    </p>
   </div>
   <div class='ocr_carea' id='block_1_58' title="bbox 618 4199 2205 4274">
    <p class='ocr_par' dir='ltr' id='par_1_58' title="bbox 618 4199 2205 4274">
     <span class='ocr_line' id='line_1_58' title="bbox 618 4199 2205 4274; baseline 0.009 -22"><span class='ocrx_word' id='word_1_435' title='bbox 618 4213 683 4253; x_wconf 91' lang='lat' dir='ltr'><strong>ac</strong></span> <span class='ocrx_word' id='word_1_436' title='bbox 715 4199 890 4269; x_wconf 89' lang='lat' dir='ltr'><strong>lingua</strong></span> <span class='ocrx_word' id='word_1_437' title='bbox 924 4201 1329 4271; x_wconf 54' lang='lat' dir='ltr'><strong>praedicarent;</strong></span> <span class='ocrx_word' id='word_1_438' title='bbox 1360 4208 1555 4274; x_wconf 84' lang='lat' dir='ltr'><strong>quibus</strong></span> <span class='ocrx_word' id='word_1_439' title='bbox 1583 4209 1743 4263; x_wconf 87' lang='lat' dir='ltr'><strong>etiam</strong></span> <span class='ocrx_word' id='word_1_440' title='bbox 1787 4219 2011 4265; x_wconf 82' lang='lat' dir='ltr'><strong>caeteras</strong></span> <span class='ocrx_word' id='word_1_441' title='bbox 2050 4210 2205 4265; x_wconf 89' lang='lat' dir='ltr'><strong>inﬁr-</strong></span> 
     </span>
    </p>
   </div>
   <div class='ocr_carea' id='block_1_59' title="bbox 619 4291 2207 4376">
    <p class='ocr_par' dir='ltr' id='par_1_59' title="bbox 619 4291 2207 4376">
     <span class='ocr_line' id='line_1_59' title="bbox 619 4291 2207 4376; baseline 0.009 -32"><span class='ocrx_word' id='word_1_442' title='bbox 619 4291 832 4347; x_wconf 88' lang='lat' dir='ltr'><strong>mitates</strong></span> <span class='ocrx_word' id='word_1_443' title='bbox 875 4294 1132 4361; x_wconf 90' lang='lat' dir='ltr'><strong>curandi,</strong></span> <span class='ocrx_word' id='word_1_444' title='bbox 1164 4311 1373 4353; x_wconf 89' lang='lat' dir='ltr'><strong>necnon</strong></span> <span class='ocrx_word' id='word_1_445' title='bbox 1402 4309 1456 4354; x_wconf 89' lang='lat' dir='ltr'><strong>et</strong></span> <span class='ocrx_word' id='word_1_446' title='bbox 1486 4311 1727 4357; x_wconf 87' lang='lat' dir='ltr'><strong>mortuos</strong></span> <span class='ocrx_word' id='word_1_447' title='bbox 1769 4304 2061 4359; x_wconf 88' lang='lat' dir='ltr'><strong>suscitandi</strong></span> <span class='ocrx_word' id='word_1_448' title='bbox 2106 4307 2207 4376; x_wconf 93' lang='lat' dir='ltr'><strong>(ut</strong></span> 
     </span>
    </p>
   </div>
   <div class='ocr_carea' id='block_1_60' title="bbox 617 4379 2204 4462">
    <p class='ocr_par' dir='ltr' id='par_1_60' title="bbox 617 4379 2204 4462">
     <span class='ocr_line' id='line_1_60' title="bbox 617 4379 2204 4462; baseline 0.009 -26"><span class='ocrx_word' id='word_1_449' title='bbox 617 4379 898 4437; x_wconf 70' lang='lat' dir='ltr'><strong>Matthaeus</strong></span> <span class='ocrx_word' id='word_1_450' title='bbox 948 4387 1276 4456; x_wconf 81' lang='lat' dir='ltr'><strong>evangelista</strong></span> <span class='ocrx_word' id='word_1_451' title='bbox 1340 4390 1573 4462; x_wconf 90' lang='lat' dir='ltr'><strong>scribit)</strong></span> <span class='ocrx_word' id='word_1_452' title='bbox 1623 4392 1853 4448; x_wconf 91' lang='lat' dir='ltr'><strong>contulit</strong></span> <span class='ocrx_word' id='word_1_453' title='bbox 1898 4394 2204 4450; x_wconf 77' lang='lat' dir='ltr'><strong>facultatem</strong></span> 
     </span>
    </p>
   </div>
   <div class='ocr_carea' id='block_1_61' title="bbox 619 4470 2206 4557">
    <p class='ocr_par' dir='ltr' id='par_1_61' title="bbox 619 4470 2206 4557">
     <span class='ocr_line' id='line_1_61' title="bbox 619 4470 2206 4557; baseline 0.012 -34"><span class='ocrx_word' id='word_1_454' title='bbox 619 4471 641 4541; x_wconf 91' lang='lat'><strong>(</strong></span> <span class='ocrx_word' id='word_1_455' title='bbox 667 4470 860 4530; x_wconf 82' lang='lat' dir='ltr'><strong>Matth.</strong></span> <span class='ocrx_word' id='word_1_456' title='bbox 890 4491 922 4528; x_wconf 81' lang='lat' dir='ltr'><strong>x</strong></span> <span class='ocrx_word' id='word_1_457' title='bbox 944 4476 984 4543; x_wconf 96' lang='lat'><strong>).</strong></span> <span class='ocrx_word' id='word_1_458' title='bbox 1031 4475 1098 4529; x_wconf 86' lang='lat' dir='ltr'><strong>Et</strong></span> <span class='ocrx_word' id='word_1_459' title='bbox 1124 4480 1260 4532; x_wconf 80' lang='lat' dir='ltr'><strong>misit</strong></span> <span class='ocrx_word' id='word_1_460' title='bbox 1286 4481 1405 4535; x_wconf 86' lang='lat' dir='ltr'><strong>illos</strong></span> <span class='ocrx_word' id='word_1_461' title='bbox 1442 4484 1730 4553; x_wconf 65' lang='lat' dir='ltr'><strong>praedicare</strong></span> <span class='ocrx_word' id='word_1_462' title='bbox 1758 4502 1971 4557; x_wconf 85' lang='lat' dir='ltr'><strong>regnum</strong></span> <span class='ocrx_word' id='word_1_463' title='bbox 2000 4483 2132 4549; x_wconf 87' lang='lat' dir='ltr'><strong>Dei,</strong></span> <span class='ocrx_word' id='word_1_464' title='bbox 2160 4497 2206 4542; x_wconf 86' lang='lat' dir='ltr'><strong>et</strong></span> 
     </span>
    </p>
   </div>
   <div class='ocr_carea' id='block_1_62' title="bbox 617 4565 2201 4633">
    <p class='ocr_par' dir='ltr' id='par_1_62' title="bbox 617 4565 2201 4633">
     <span class='ocr_line' id='line_1_62' title="bbox 617 4565 2201 4633; baseline 0.011 -17"><span class='ocrx_word' id='word_1_465' title='bbox 617 4579 799 4617; x_wconf 81' lang='lat' dir='ltr'><strong>sanare</strong></span> <span class='ocrx_word' id='word_1_466' title='bbox 826 4565 1079 4632; x_wconf 76' lang='lat' dir='ltr'><strong>inﬁrmos.</strong></span> <span class='ocrx_word' id='word_1_467' title='bbox 1115 4568 1367 4627; x_wconf 88' lang='lat' dir='ltr'><strong>Fortasse</strong></span> <span class='ocrx_word' id='word_1_468' title='bbox 1393 4574 1537 4628; x_wconf 92' lang='lat' dir='ltr'><strong>enim</strong></span> <span class='ocrx_word' id='word_1_469' title='bbox 1564 4590 1725 4631; x_wconf 92' lang='lat' dir='ltr'><strong>nemo</strong></span> <span class='ocrx_word' id='word_1_470' title='bbox 1750 4578 1997 4632; x_wconf 91' lang='lat' dir='ltr'><strong>crederet</strong></span> <span class='ocrx_word' id='word_1_471' title='bbox 2027 4578 2201 4633; x_wconf 89' lang='lat' dir='ltr'><strong>homi-</strong></span> 
     </span>
    </p>
   </div>
   <div class='ocr_carea' id='block_1_63' title="bbox 618 4655 2200 4735">
    <p class='ocr_par' dir='ltr' id='par_1_63' title="bbox 618 4655 2200 4735">
     <span class='ocr_line' id='line_1_63' title="bbox 618 4655 2200 4735; baseline 0.012 -29"><span class='ocrx_word' id='word_1_472' title='bbox 618 4655 772 4708; x_wconf 91' lang='lat' dir='ltr'><strong>nibus</strong></span> <span class='ocrx_word' id='word_1_473' title='bbox 798 4655 1084 4713; x_wconf 89' lang='lat' dir='ltr'><strong>illitteratis</strong></span> <span class='ocrx_word' id='word_1_474' title='bbox 1108 4660 1541 4727; x_wconf 88' lang='lat' dir='ltr'><strong>promittentibus</strong></span> <span class='ocrx_word' id='word_1_475' title='bbox 1564 4682 1725 4735; x_wconf 79' lang='lat' dir='ltr'><strong>regna</strong></span> <span class='ocrx_word' id='word_1_476' title='bbox 1747 4669 2010 4725; x_wconf 74' lang='lat' dir='ltr'><strong>ctelorum</strong></span> <span class='ocrx_word' id='word_1_477' title='bbox 2034 4710 2049 4734; x_wconf 93' lang='lat'><strong>,</strong></span> <span class='ocrx_word' id='word_1_478' title='bbox 2079 4670 2200 4725; x_wconf 80' lang='lat' dir='ltr'><strong>ideo</strong></span> 
     </span>
    </p>
   </div>
   <div class='ocr_carea' id='block_1_64' title="bbox 619 4749 2203 4830">
    <p class='ocr_par' dir='ltr' id='par_1_64' title="bbox 619 4749 2203 4830">
     <span class='ocr_line' id='line_1_64' title="bbox 619 4749 2203 4830; baseline 0.011 -29"><span class='ocrx_word' id='word_1_479' title='bbox 619 4749 886 4803; x_wconf 91' lang='lat' dir='ltr'><strong>concessit</strong></span> <span class='ocrx_word' id='word_1_480' title='bbox 911 4750 1013 4805; x_wconf 90' lang='lat' dir='ltr'><strong>illis</strong></span> <span class='ocrx_word' id='word_1_481' title='bbox 1044 4753 1271 4826; x_wconf 79' lang='lat' dir='ltr'><strong>primum</strong></span> <span class='ocrx_word' id='word_1_482' title='bbox 1301 4767 1620 4825; x_wconf 89' lang='lat' dir='ltr'><strong>p0testatem</strong></span> <span class='ocrx_word' id='word_1_483' title='bbox 1652 4760 1955 4830; x_wconf 88' lang='lat' dir='ltr'><strong>signorum,</strong></span> <span class='ocrx_word' id='word_1_484' title='bbox 1990 4771 2044 4815; x_wconf 89' lang='lat' dir='ltr'><strong>et</strong></span> <span class='ocrx_word' id='word_1_485' title='bbox 2076 4771 2203 4818; x_wconf 79' lang='lat' dir='ltr'><strong>tunc</strong></span> 
     </span>
    </p>
   </div>
   <div class='ocr_carea' id='block_1_65' title="bbox 616 4839 2202 4922">
    <p class='ocr_par' dir='ltr' id='par_1_65' title="bbox 616 4839 2202 4922">
     <span class='ocr_line' id='line_1_65' title="bbox 616 4839 2202 4922; baseline 0.011 -32"><span class='ocrx_word' id='word_1_486' title='bbox 616 4839 761 4892; x_wconf 90' lang='lat' dir='ltr'><strong>misit</strong></span> <span class='ocrx_word' id='word_1_487' title='bbox 784 4840 1076 4907; x_wconf 65' lang='lat' dir='ltr'><strong>praedicare</strong></span> <span class='ocrx_word' id='word_1_488' title='bbox 1101 4861 1322 4914; x_wconf 91' lang='lat' dir='ltr'><strong>regnum</strong></span> <span class='ocrx_word' id='word_1_489' title='bbox 1352 4848 1476 4913; x_wconf 88' lang='lat' dir='ltr'><strong>Dei,</strong></span> <span class='ocrx_word' id='word_1_490' title='bbox 1508 4859 1563 4903; x_wconf 90' lang='lat' dir='ltr'><strong>ut</strong></span> <span class='ocrx_word' id='word_1_491' title='bbox 1588 4852 1971 4919; x_wconf 86' lang='lat' dir='ltr'><strong>promissorum</strong></span> <span class='ocrx_word' id='word_1_492' title='bbox 1999 4853 2202 4922; x_wconf 83' lang='lat' dir='ltr'><strong>magni-</strong></span> 
     </span>
    </p>
   </div>
   <div class='ocr_carea' id='block_1_66' title="bbox 616 4930 2202 5010">
    <p class='ocr_par' dir='ltr' id='par_1_66' title="bbox 616 4930 2202 5010">
     <span class='ocr_line' id='line_1_66' title="bbox 616 4930 2202 5010; baseline 0.011 -29"><span class='ocrx_word' id='word_1_493' title='bbox 616 4930 783 4984; x_wconf 88' lang='lat' dir='ltr'><strong>tudini</strong></span> <span class='ocrx_word' id='word_1_494' title='bbox 811 4940 1156 4989; x_wconf 82' lang='lat' dir='ltr'><strong>attestaretur</strong></span> <span class='ocrx_word' id='word_1_495' title='bbox 1176 4937 1339 4990; x_wconf 90' lang='lat' dir='ltr'><strong>etiam</strong></span> <span class='ocrx_word' id='word_1_496' title='bbox 1364 4942 1674 5008; x_wconf 88' lang='lat' dir='ltr'><strong>magnitudo</strong></span> <span class='ocrx_word' id='word_1_497' title='bbox 1698 4940 1956 4996; x_wconf 83' lang='lat' dir='ltr'><strong>facturum</strong></span> <span class='ocrx_word' id='word_1_498' title='bbox 1975 4986 1990 5010; x_wconf 87' lang='lat'><strong>,</strong></span> <span class='ocrx_word' id='word_1_499' title='bbox 2014 4945 2202 4999; x_wconf 89' lang='lat' dir='ltr'><strong>ﬁdem-</strong></span> 
     </span>
    </p>
   </div>
   <div class='ocr_carea' id='block_1_67' title="bbox 616 5027 2200 5109">
    <p class='ocr_par' dir='ltr' id='par_1_67' title="bbox 616 5027 2200 5109">
     <span class='ocr_line' id='line_1_67' title="bbox 616 5027 2200 5109; baseline 0.012 -33"><span class='ocrx_word' id='word_1_500' title='bbox 616 5040 721 5093; x_wconf 88' lang='lat' dir='ltr'><strong>que</strong></span> <span class='ocrx_word' id='word_1_501' title='bbox 749 5027 899 5080; x_wconf 90' lang='lat' dir='ltr'><strong>daret</strong></span> <span class='ocrx_word' id='word_1_502' title='bbox 924 5029 1105 5083; x_wconf 90' lang='lat' dir='ltr'><strong>verbis</strong></span> <span class='ocrx_word' id='word_1_503' title='bbox 1125 5031 1297 5085; x_wconf 88' lang='lat' dir='ltr'><strong>virtus</strong></span> <span class='ocrx_word' id='word_1_504' title='bbox 1316 5043 1557 5102; x_wconf 85' lang='lat' dir='ltr'><strong>ostensa,</strong></span> <span class='ocrx_word' id='word_1_505' title='bbox 1581 5045 1636 5090; x_wconf 91' lang='lat' dir='ltr'><strong>et</strong></span> <span class='ocrx_word' id='word_1_506' title='bbox 1657 5051 1793 5090; x_wconf 87' lang='lat' dir='ltr'><strong>nova</strong></span> <span class='ocrx_word' id='word_1_507' title='bbox 1820 5037 2054 5093; x_wconf 81' lang='lat' dir='ltr'><strong>lacerent</strong></span> <span class='ocrx_word' id='word_1_508' title='bbox 2072 5081 2088 5105; x_wconf 92' lang='lat'><strong>,</strong></span> <span class='ocrx_word' id='word_1_509' title='bbox 2113 5043 2200 5109; x_wconf 88' lang='lat' dir='ltr'><strong>qui</strong></span> 
     </span>
    </p>
   </div>
   <div class='ocr_carea' id='block_1_68' title="bbox 616 5117 2197 5190">
    <p class='ocr_par' dir='ltr' id='par_1_68' title="bbox 616 5117 2197 5190">
     <span class='ocr_line' id='line_1_68' title="bbox 616 5117 2197 5190; baseline 0.014 -25"><span class='ocrx_word' id='word_1_510' title='bbox 616 5129 747 5165; x_wconf 82' lang='lat' dir='ltr'><strong>nova</strong></span> <span class='ocrx_word' id='word_1_511' title='bbox 778 5117 1166 5185; x_wconf 66' lang='lat' dir='ltr'><strong>praedicarent;</strong></span> <span class='ocrx_word' id='word_1_512' title='bbox 1192 5131 1354 5190; x_wconf 91' lang='lat' dir='ltr'><strong>atque</strong></span> <span class='ocrx_word' id='word_1_513' title='bbox 1375 5123 1440 5178; x_wconf 84' lang='lat' dir='ltr'><strong>ad</strong></span> <span class='ocrx_word' id='word_1_514' title='bbox 1468 5124 1570 5181; x_wconf 92' lang='lat' dir='ltr'><strong>hoc</strong></span> <span class='ocrx_word' id='word_1_515' title='bbox 1598 5126 1825 5181; x_wconf 91' lang='lat' dir='ltr'><strong>visibilia</strong></span> <span class='ocrx_word' id='word_1_516' title='bbox 1852 5130 2111 5185; x_wconf 84' lang='lat' dir='ltr'><strong>miracula</strong></span> <span class='ocrx_word' id='word_1_517' title='bbox 2144 5132 2197 5187; x_wconf 89' lang='lat' dir='ltr'><strong>in</strong></span> 
     </span>
    </p>
   </div>
   <div class='ocr_carea' id='block_1_69' title="bbox 615 5206 2197 5286">
    <p class='ocr_par' dir='ltr' id='par_1_69' title="bbox 615 5206 2197 5286">
     <span class='ocr_line' id='line_1_69' title="bbox 615 5206 2197 5286; baseline 0.015 -29"><span class='ocrx_word' id='word_1_518' title='bbox 615 5206 867 5262; x_wconf 82' lang='lat' dir='ltr'><strong>sanandis</strong></span> <span class='ocrx_word' id='word_1_519' title='bbox 893 5209 1296 5269; x_wconf 87' lang='lat' dir='ltr'><strong>inﬁrmitatibus</strong></span> <span class='ocrx_word' id='word_1_520' title='bbox 1320 5216 1638 5274; x_wconf 81' lang='lat' dir='ltr'><strong>exhiberem</strong></span> <span class='ocrx_word' id='word_1_521' title='bbox 1655 5260 1672 5286; x_wconf 94' lang='lat'><strong>,</strong></span> <span class='ocrx_word' id='word_1_522' title='bbox 1698 5230 1754 5275; x_wconf 89' lang='lat' dir='ltr'><strong>ut</strong></span> <span class='ocrx_word' id='word_1_523' title='bbox 1777 5224 1942 5278; x_wconf 89' lang='lat' dir='ltr'><strong>corda</strong></span> <span class='ocrx_word' id='word_1_524' title='bbox 1965 5224 2197 5280; x_wconf 86' lang='lat' dir='ltr'><strong>audien-</strong></span> 
     </span>
    </p>
   </div>
   <div class='ocr_carea' id='block_1_70' title="bbox 617 5296 2193 5380">
    <p class='ocr_par' dir='ltr' id='par_1_70' title="bbox 617 5296 2193 5380">
     <span class='ocr_line' id='line_1_70' title="bbox 617 5296 2193 5380; baseline 0.015 -30"><span class='ocrx_word' id='word_1_525' title='bbox 617 5296 744 5352; x_wconf 84' lang='lat' dir='ltr'><strong>tium</strong></span> <span class='ocrx_word' id='word_1_526' title='bbox 776 5300 841 5355; x_wconf 89' lang='lat' dir='ltr'><strong>ad</strong></span> <span class='ocrx_word' id='word_1_527' title='bbox 872 5300 1030 5357; x_wconf 77' lang='lat' dir='ltr'><strong>ﬁdem</strong></span> <span class='ocrx_word' id='word_1_528' title='bbox 1063 5306 1405 5364; x_wconf 87' lang='lat' dir='ltr'><strong>invisibilium</strong></span> <span class='ocrx_word' id='word_1_529' title='bbox 1438 5313 1835 5380; x_wconf 89' lang='lat' dir='ltr'><strong>pertraherent.</strong></span> <span class='ocrx_word' id='word_1_530' title='bbox 1870 5315 2020 5371; x_wconf 90' lang='lat' dir='ltr'><strong>Unde</strong></span> <span class='ocrx_word' id='word_1_531' title='bbox 2050 5334 2193 5374; x_wconf 91' lang='lat' dir='ltr'><strong>nunc</strong></span> 
     </span>
    </p>
   </div>
   <div class='ocr_carea' id='block_1_71' title="bbox 614 5398 2201 5471">
    <p class='ocr_par' dir='ltr' id='par_1_71' title="bbox 614 5398 2201 5471">
     <span class='ocr_line' id='line_1_71' title="bbox 614 5398 2201 5471; baseline 0.015 -27"><span class='ocrx_word' id='word_1_532' title='bbox 614 5405 829 5462; x_wconf 89' lang='lat' dir='ltr'><strong>quoque</strong></span> <span class='ocrx_word' id='word_1_533' title='bbox 851 5410 970 5452; x_wconf 92' lang='lat' dir='ltr'><strong>cum</strong></span> <span class='ocrx_word' id='word_1_534' title='bbox 997 5398 1232 5456; x_wconf 90' lang='lat' dir='ltr'><strong>lidelium</strong></span> <span class='ocrx_word' id='word_1_535' title='bbox 1259 5406 1619 5461; x_wconf 89' lang='lat' dir='ltr'><strong>numerositas</strong></span> <span class='ocrx_word' id='word_1_536' title='bbox 1638 5410 1897 5471; x_wconf 80' lang='lat' dir='ltr'><strong>excrevit,</strong></span> <span class='ocrx_word' id='word_1_537' title='bbox 1918 5411 2053 5465; x_wconf 88' lang='lat' dir='ltr'><strong>intra</strong></span> <span class='ocrx_word' id='word_1_538' title='bbox 2076 5428 2201 5467; x_wconf 89' lang='lat' dir='ltr'><strong>san-</strong></span> 
     </span>
    </p>
   </div>
   <div class='ocr_carea' id='block_1_72' title="bbox 616 5488 2195 5571">
    <p class='ocr_par' dir='ltr' id='par_1_72' title="bbox 616 5488 2195 5571">
     <span class='ocr_line' id='line_1_72' title="bbox 616 5488 2195 5571; baseline 0.015 -32"><span class='ocrx_word' id='word_1_539' title='bbox 616 5492 754 5540; x_wconf 90' lang='lat' dir='ltr'><strong>ctam</strong></span> <span class='ocrx_word' id='word_1_540' title='bbox 768 5488 1061 5546; x_wconf 82' lang='lat' dir='ltr'><strong>Ecclesiam</strong></span> <span class='ocrx_word' id='word_1_541' title='bbox 1086 5495 1234 5549; x_wconf 91' lang='lat' dir='ltr'><strong>multi</strong></span> <span class='ocrx_word' id='word_1_542' title='bbox 1258 5509 1404 5564; x_wconf 90' lang='lat' dir='ltr'><strong>sunt,</strong></span> <span class='ocrx_word' id='word_1_543' title='bbox 1425 5499 1515 5567; x_wconf 92' lang='lat' dir='ltr'><strong>qui</strong></span> <span class='ocrx_word' id='word_1_544' title='bbox 1536 5499 1694 5554; x_wconf 86' lang='lat' dir='ltr'><strong>vitam</strong></span> <span class='ocrx_word' id='word_1_545' title='bbox 1711 5501 1964 5555; x_wconf 90' lang='lat' dir='ltr'><strong>virtutum</strong></span> <span class='ocrx_word' id='word_1_546' title='bbox 1992 5513 2195 5571; x_wconf 87' lang='lat' dir='ltr'><strong>tenent,</strong></span> 
     </span>
    </p>
   </div>
   <div class='ocr_carea' id='block_1_73' title="bbox 615 5578 2197 5658">
    <p class='ocr_par' dir='ltr' id='par_1_73' title="bbox 615 5578 2197 5658">
     <span class='ocr_line' id='line_1_73' title="bbox 615 5578 2197 5658; baseline 0.013 -27"><span class='ocrx_word' id='word_1_547' title='bbox 615 5585 674 5632; x_wconf 88' lang='lat' dir='ltr'><strong>et</strong></span> <span class='ocrx_word' id='word_1_548' title='bbox 701 5578 848 5646; x_wconf 89' lang='lat' dir='ltr'><strong>slgua</strong></span> <span class='ocrx_word' id='word_1_549' title='bbox 882 5582 1135 5639; x_wconf 87' lang='lat' dir='ltr'><strong>virtutum</strong></span> <span class='ocrx_word' id='word_1_550' title='bbox 1170 5602 1274 5641; x_wconf 92' lang='lat' dir='ltr'><strong>non</strong></span> <span class='ocrx_word' id='word_1_551' title='bbox 1308 5588 1545 5655; x_wconf 88' lang='lat' dir='ltr'><strong>habent,</strong></span> <span class='ocrx_word' id='word_1_552' title='bbox 1578 5591 1701 5658; x_wconf 90' lang='lat' dir='ltr'><strong>quia</strong></span> <span class='ocrx_word' id='word_1_553' title='bbox 1739 5589 1933 5647; x_wconf 77' lang='lat' dir='ltr'><strong>itustra</strong></span> <span class='ocrx_word' id='word_1_554' title='bbox 1967 5598 2197 5651; x_wconf 85' lang='lat' dir='ltr'><strong>miracu-</strong></span> 
     </span>
    </p>
   </div>
   <div class='ocr_carea' id='block_1_74' title="bbox 618 5666 2193 5759">
    <p class='ocr_par' dir='ltr' id='par_1_74' title="bbox 618 5666 2193 5759">
     <span class='ocr_line' id='line_1_74' title="bbox 618 5666 2193 5759; baseline 0.016 -37"><span class='ocrx_word' id='word_1_555' title='bbox 618 5666 725 5759; x_wconf 66' lang='lat' dir='ltr'><strong>lum</strong></span> <span class='ocrx_word' id='word_1_556' title='bbox 761 5672 886 5728; x_wconf 79' lang='lat' dir='ltr'><strong>foris</strong></span> <span class='ocrx_word' id='word_1_557' title='bbox 915 5679 1233 5745; x_wconf 86' lang='lat' dir='ltr'><strong>ostenditur,</strong></span> <span class='ocrx_word' id='word_1_558' title='bbox 1271 5683 1313 5735; x_wconf 91' lang='lat' dir='ltr'><strong>si</strong></span> <span class='ocrx_word' id='word_1_559' title='bbox 1357 5682 1509 5736; x_wconf 84' lang='lat' dir='ltr'><strong>deest</strong></span> <span class='ocrx_word' id='word_1_560' title='bbox 1553 5684 1694 5752; x_wconf 91' lang='lat' dir='ltr'><strong>quod</strong></span> <span class='ocrx_word' id='word_1_561' title='bbox 1740 5686 1879 5741; x_wconf 87' lang='lat' dir='ltr'><strong>intus</strong></span> <span class='ocrx_word' id='word_1_562' title='bbox 1921 5701 2193 5759; x_wconf 89' lang='lat' dir='ltr'><strong>operetur.</strong></span> 
     </span>
    </p>
   </div>
   <div class='ocr_carea' id='block_1_75' title="bbox 618 5752 2197 5850">
    <p class='ocr_par' dir='ltr' id='par_1_75' title="bbox 618 5752 2197 5850">
     <span class='ocr_line' id='line_1_75' title="bbox 618 5752 2197 5850; baseline 0.016 -35"><span class='ocrx_word' id='word_1_563' title='bbox 618 5752 755 5815; x_wconf 77' lang='lat' dir='ltr'><strong>Nam</strong></span> <span class='ocrx_word' id='word_1_564' title='bbox 778 5762 931 5830; x_wconf 73' lang='lat' dir='ltr'><strong>juxta</strong></span> <span class='ocrx_word' id='word_1_565' title='bbox 962 5768 1198 5837; x_wconf 81' lang='lat' dir='ltr'><strong>magistri</strong></span> <span class='ocrx_word' id='word_1_566' title='bbox 1237 5770 1472 5838; x_wconf 80' lang='lat' dir='ltr'><strong>gentium</strong></span> <span class='ocrx_word' id='word_1_567' title='bbox 1517 5788 1740 5845; x_wconf 83' lang='lat' dir='ltr'><strong>vocem,</strong></span> <span class='ocrx_word' id='word_1_568' title='bbox 1785 5752 1981 5850; x_wconf 56' lang='lat' dir='ltr'><strong>linguae</strong></span> <span class='ocrx_word' id='word_1_569' title='bbox 2028 5783 2082 5838; x_wconf 92' lang='lat' dir='ltr'><strong>in</strong></span> <span class='ocrx_word' id='word_1_570' title='bbox 2123 5786 2197 5841; x_wconf 81' lang='lat' dir='ltr'><strong>si-</strong></span> 
     </span>
    </p>
   </div>
   <div class='ocr_carea' id='block_1_76' title="bbox 2316 1890 3747 1959">
    <p class='ocr_par' dir='ltr' id='par_1_76' title="bbox 2316 1890 3747 1959">
     <span class='ocr_line' id='line_1_76' title="bbox 2316 1890 3747 1959; baseline 0.005 -17"><span class='ocrx_word' id='word_1_571' title='bbox 2316 1890 2576 1959; x_wconf 88' lang='lat' dir='ltr'><strong>gemitum</strong></span> <span class='ocrx_word' id='word_1_572' title='bbox 2620 1901 2962 1959; x_wconf 89' lang='lat' dir='ltr'><strong>peccatorum</strong></span> <span class='ocrx_word' id='word_1_573' title='bbox 3002 1907 3222 1948; x_wconf 90' lang='lat' dir='ltr'><strong>suorum</strong></span> <span class='ocrx_word' id='word_1_574' title='bbox 3276 1896 3607 1949; x_wconf 85' lang='lat' dir='ltr'><strong>incessabiliter</strong></span> <span class='ocrx_word' id='word_1_575' title='bbox 3642 1908 3747 1949; x_wconf 74' lang='lat' dir='ltr'><strong>osten-</strong></span> 
     </span>
    </p>
   </div>
   <div class='ocr_carea' id='block_1_77' title="bbox 2317 1976 3837 2060">
    <p class='ocr_par' dir='ltr' id='par_1_77' title="bbox 2317 1976 3837 2060">
     <span class='ocr_line' id='line_1_77' title="bbox 2317 1976 3837 2060; baseline 0.004 -23"><span class='ocrx_word' id='word_1_576' title='bbox 2317 1983 2539 2049; x_wconf 86' lang='lat' dir='ltr'><strong>dentes,</strong></span> <span class='ocrx_word' id='word_1_577' title='bbox 2574 1986 2761 2052; x_wconf 90' lang='lat' dir='ltr'><strong>culpas</strong></span> <span class='ocrx_word' id='word_1_578' title='bbox 2791 2001 2916 2040; x_wconf 89' lang='lat' dir='ltr'><strong>suas</strong></span> <span class='ocrx_word' id='word_1_579' title='bbox 2948 1989 3340 2060; x_wconf 86' lang='lat' dir='ltr'><strong>eleemosynis,</strong></span> <span class='ocrx_word' id='word_1_580' title='bbox 3372 1991 3625 2058; x_wconf 60' lang='lat' dir='ltr'><strong>ceterisque</strong></span> <span class='ocrx_word' id='word_1_581' title='bbox 3648 1994 3748 2057; x_wconf 77' lang='lat' dir='ltr'><strong>Operi-</strong></span> <span class='ocrx_word' id='word_1_582' title='bbox 3836 1976 3837 1981; x_wconf 33' lang='grc'><em>“</em></span> 
     </span>
    </p>
   </div>
   <div class='ocr_carea' id='block_1_78' title="bbox 2314 2074 3748 2145">
    <p class='ocr_par' dir='ltr' id='par_1_78' title="bbox 2314 2074 3748 2145">
     <span class='ocr_line' id='line_1_78' title="bbox 2314 2074 3748 2145; baseline 0.002 -15"><span class='ocrx_word' id='word_1_583' title='bbox 2314 2074 2417 2130; x_wconf 90' lang='lat' dir='ltr'><strong>bus</strong></span> <span class='ocrx_word' id='word_1_584' title='bbox 2464 2075 2854 2132; x_wconf 61' lang='lat' dir='ltr'><strong>misericordiae</strong></span> <span class='ocrx_word' id='word_1_585' title='bbox 2902 2079 3208 2145; x_wconf 90' lang='lat' dir='ltr'><strong>redimunt,</strong></span> <span class='ocrx_word' id='word_1_586' title='bbox 3258 2080 3417 2135; x_wconf 87' lang='lat' dir='ltr'><strong>donec</strong></span> <span class='ocrx_word' id='word_1_587' title='bbox 3458 2082 3748 2135; x_wconf 77' lang='lat' dir='ltr'><strong>emendationem</strong></span> 
     </span>
    </p>
   </div>
   <div class='ocr_carea' id='block_1_79' title="bbox 2314 2166 3751 2242">
    <p class='ocr_par' dir='ltr' id='par_1_79' title="bbox 2314 2166 3751 2242">
     <span class='ocr_line' id='line_1_79' title="bbox 2314 2166 3751 2242; baseline 0.003 -22"><span class='ocrx_word' id='word_1_588' title='bbox 2314 2166 2571 2221; x_wconf 86' lang='lat' dir='ltr'><strong>vitiorum</strong></span> <span class='ocrx_word' id='word_1_589' title='bbox 2622 2167 2818 2237; x_wconf 87' lang='lat' dir='ltr'><strong>quibus</strong></span> <span class='ocrx_word' id='word_1_590' title='bbox 2870 2171 3127 2239; x_wconf 89' lang='lat' dir='ltr'><strong>implicati</strong></span> <span class='ocrx_word' id='word_1_591' title='bbox 3187 2170 3424 2240; x_wconf 81' lang='lat' dir='ltr'><strong>fuerant,</strong></span> <span class='ocrx_word' id='word_1_592' title='bbox 3470 2174 3515 2226; x_wconf 90' lang='lat' dir='ltr'><strong>in</strong></span> <span class='ocrx_word' id='word_1_593' title='bbox 3551 2173 3751 2242; x_wconf 72' lang='lat' dir='ltr'><strong>ptenilenlit</strong></span> 
     </span>
    </p>
   </div>
   <div class='ocr_carea' id='block_1_80' title="bbox 2321 2263 3751 2335">
    <p class='ocr_par' dir='ltr' id='par_1_80' title="bbox 2321 2263 3751 2335">
     <span class='ocr_line' id='line_1_80' title="bbox 2321 2263 3751 2335; baseline 0.003 -23"><span class='ocrx_word' id='word_1_594' title='bbox 2321 2269 2704 2328; x_wconf 86' lang='lat' dir='ltr'><strong>permanentes</strong></span> <span class='ocrx_word' id='word_1_595' title='bbox 2736 2263 3034 2330; x_wconf 90' lang='lat' dir='ltr'><strong>percipiant</strong></span> <span class='ocrx_word' id='word_1_596' title='bbox 3058 2281 3074 2317; x_wconf 92' lang='lat'>:</span> <span class='ocrx_word' id='word_1_597' title='bbox 3105 2281 3285 2320; x_wconf 91' lang='lat' dir='ltr'><strong>nonne</strong></span> <span class='ocrx_word' id='word_1_598' title='bbox 3313 2266 3362 2319; x_wconf 89' lang='lat' dir='ltr'><strong>bi</strong></span> <span class='ocrx_word' id='word_1_599' title='bbox 3392 2266 3521 2335; x_wconf 85' lang='lat' dir='ltr'><strong>quasi</strong></span> <span class='ocrx_word' id='word_1_600' title='bbox 3549 2267 3649 2333; x_wconf 83' lang='lat' dir='ltr'><strong>lepra</strong></span> <span class='ocrx_word' id='word_1_601' title='bbox 3670 2283 3751 2318; x_wconf 73' lang='lat' dir='ltr'><strong>mun-</strong></span> 
     </span>
    </p>
   </div>
   <div class='ocr_carea' id='block_1_81' title="bbox 2314 2352 3753 2420">
    <p class='ocr_par' dir='ltr' id='par_1_81' title="bbox 2314 2352 3753 2420">
     <span class='ocr_line' id='line_1_81' title="bbox 2314 2352 3753 2420; baseline 0.003 -13"><span class='ocrx_word' id='word_1_602' title='bbox 2314 2352 2462 2420; x_wconf 87' lang='lat' dir='ltr'><strong>dati,</strong></span> <span class='ocrx_word' id='word_1_603' title='bbox 2503 2354 2731 2410; x_wconf 90' lang='lat' dir='ltr'><strong>salutem</strong></span> <span class='ocrx_word' id='word_1_604' title='bbox 2786 2366 3060 2413; x_wconf 89' lang='lat' dir='ltr'><strong>merentur</strong></span> <span class='ocrx_word' id='word_1_605' title='bbox 3098 2360 3393 2415; x_wconf 66' lang='lat' dir='ltr'><strong>aeternam?</strong></span> <span class='ocrx_word' id='word_1_606' title='bbox 3423 2358 3481 2413; x_wconf 80' lang='lat' dir='ltr'><strong>Et</strong></span> <span class='ocrx_word' id='word_1_607' title='bbox 3513 2361 3569 2413; x_wconf 85' lang='lat' dir='ltr'><strong>nit</strong></span> <span class='ocrx_word' id='word_1_608' title='bbox 3594 2361 3640 2412; x_wconf 81' lang='lat' dir='ltr'><strong>ad</strong></span> <span class='ocrx_word' id='word_1_609' title='bbox 3664 2360 3753 2411; x_wconf 74' lang='lat' dir='ltr'><strong>illis:</strong></span> 
     </span>
    </p>
   </div>
   <div class='ocr_carea' id='block_1_82' title="bbox 2320 2444 3753 2524">
    <p class='ocr_par' dir='ltr' id='par_1_82' title="bbox 2320 2444 3753 2524">
     <span class='ocr_line' id='line_1_82' title="bbox 2320 2444 3753 2524; baseline 0.008 -24"><span class='ocrx_word' id='word_1_610' title='bbox 2320 2444 2477 2500; x_wconf 83' lang='lat' dir='ltr'><strong>Nihil</strong></span> <span class='ocrx_word' id='word_1_611' title='bbox 2523 2446 2744 2501; x_wconf 81' lang='lat' dir='ltr'><strong>tuleritis</strong></span> <span class='ocrx_word' id='word_1_612' title='bbox 2789 2450 2844 2502; x_wconf 88' lang='lat' dir='ltr'><strong>in</strong></span> <span class='ocrx_word' id='word_1_613' title='bbox 2893 2450 3006 2517; x_wconf 85' lang='lat' dir='ltr'><strong>via,</strong></span> <span class='ocrx_word' id='word_1_614' title='bbox 3050 2468 3212 2519; x_wconf 70' lang='lat' dir='ltr'><strong>neque</strong></span> <span class='ocrx_word' id='word_1_615' title='bbox 3247 2454 3455 2524; x_wconf 83' lang='lat' dir='ltr'><strong>virgam,</strong></span> <span class='ocrx_word' id='word_1_616' title='bbox 3487 2469 3607 2520; x_wconf 68' lang='lat' dir='ltr'><strong>neque</strong></span> <span class='ocrx_word' id='word_1_617' title='bbox 3632 2467 3753 2521; x_wconf 69' lang='grc' dir='ltr'>ριωιιν</span> 
     </span>
    </p>
   </div>
   <div class='ocr_carea' id='block_1_83' title="bbox 2315 2545 3754 2614">
    <p class='ocr_par' dir='ltr' id='par_1_83' title="bbox 2315 2545 3754 2614">
     <span class='ocr_line' id='line_1_83' title="bbox 2315 2545 3754 2614; baseline 0.001 -23"><span class='ocrx_word' id='word_1_618' title='bbox 2315 2555 2478 2609; x_wconf 85' lang='lat' dir='ltr'><strong>neque</strong></span> <span class='ocrx_word' id='word_1_619' title='bbox 2525 2556 2740 2609; x_wconf 82' lang='lat' dir='ltr'><strong>panem,</strong></span> <span class='ocrx_word' id='word_1_620' title='bbox 2780 2557 2945 2610; x_wconf 84' lang='lat' dir='ltr'><strong>neque</strong></span> <span class='ocrx_word' id='word_1_621' title='bbox 2991 2545 3296 2613; x_wconf 79' lang='lat' dir='ltr'><strong>pecuniam,</strong></span> <span class='ocrx_word' id='word_1_622' title='bbox 3332 2561 3472 2614; x_wconf 82' lang='lat' dir='ltr'><strong>neque</strong></span> <span class='ocrx_word' id='word_1_623' title='bbox 3509 2547 3607 2597; x_wconf 75' lang='lat' dir='ltr'><strong>duas</strong></span> <span class='ocrx_word' id='word_1_624' title='bbox 3642 2546 3754 2594; x_wconf 58' lang='lat' dir='ltr'><strong>tunica</strong></span> 
     </span>
    </p>
   </div>
   <div class='ocr_carea' id='block_1_84' title="bbox 2318 2630 3837 2703">
    <p class='ocr_par' dir='ltr' id='par_1_84' title="bbox 2318 2630 3837 2703">
     <span class='ocr_line' id='line_1_84' title="bbox 2318 2630 3837 2703; baseline 0.001 -20"><span class='ocrx_word' id='word_1_625' title='bbox 2318 2630 2563 2686; x_wconf 70' lang='lat' dir='ltr'><strong>trabeatis.</strong></span> <span class='ocrx_word' id='word_1_626' title='bbox 2598 2631 2766 2686; x_wconf 87' lang='lat' dir='ltr'><strong>Tanta</strong></span> <span class='ocrx_word' id='word_1_627' title='bbox 2803 2648 2931 2703; x_wconf 86' lang='lat' dir='ltr'><strong>ergo</strong></span> <span class='ocrx_word' id='word_1_628' title='bbox 2962 2637 3339 2692; x_wconf 90' lang='lat' dir='ltr'><strong>sacerdotibus</strong></span> <span class='ocrx_word' id='word_1_629' title='bbox 3367 2637 3505 2692; x_wconf 87' lang='lat' dir='ltr'><strong>debet</strong></span> <span class='ocrx_word' id='word_1_630' title='bbox 3526 2636 3567 2689; x_wconf 88' lang='lat' dir='ltr'><strong>in</strong></span> <span class='ocrx_word' id='word_1_631' title='bbox 3599 2636 3755 2688; x_wconf 65' lang='lat' dir='ltr'><strong>Dent-sse</strong></span> <span class='ocrx_word' id='word_1_632' title='bbox 3836 2684 3837 2703; x_wconf 19' lang='grc' dir='ltr'><strong>ἓ</strong></span> 
     </span>
    </p>
   </div>
   <div class='ocr_carea' id='block_1_85' title="bbox 2317 2723 3756 2797">
    <p class='ocr_par' dir='ltr' id='par_1_85' title="bbox 2317 2723 3756 2797">
     <span class='ocr_line' id='line_1_85' title="bbox 2317 2723 3756 2797; baseline -0.001 -19"><span class='ocrx_word' id='word_1_633' title='bbox 2317 2723 2542 2789; x_wconf 90' lang='lat' dir='ltr'><strong>ﬁducia,</strong></span> <span class='ocrx_word' id='word_1_634' title='bbox 2577 2733 2633 2777; x_wconf 91' lang='lat' dir='ltr'><strong>ut</strong></span> <span class='ocrx_word' id='word_1_635' title='bbox 2664 2739 3001 2795; x_wconf 87' lang='lat' dir='ltr'><strong>nequaquam</strong></span> <span class='ocrx_word' id='word_1_636' title='bbox 3039 2728 3190 2782; x_wconf 91' lang='lat' dir='ltr'><strong>curis</strong></span> <span class='ocrx_word' id='word_1_637' title='bbox 3230 2737 3444 2783; x_wconf 70' lang='lat' dir='ltr'><strong>terrente</strong></span> <span class='ocrx_word' id='word_1_638' title='bbox 3476 2726 3756 2797; x_wconf 78' lang='lat' dir='ltr'><strong>negotiationis,</strong></span> 
     </span>
    </p>
   </div>
   <div class='ocr_carea' id='block_1_86' title="bbox 2315 2815 3757 2890">
    <p class='ocr_par' dir='ltr' id='par_1_86' title="bbox 2315 2815 3757 2890">
     <span class='ocr_line' id='line_1_86' title="bbox 2315 2815 3757 2890; baseline -0.001 -21"><span class='ocrx_word' id='word_1_639' title='bbox 2315 2829 2417 2870; x_wconf 91' lang='lat' dir='ltr'><strong>nec</strong></span> <span class='ocrx_word' id='word_1_640' title='bbox 2446 2815 2730 2871; x_wconf 88' lang='lat' dir='ltr'><strong>desideriis</strong></span> <span class='ocrx_word' id='word_1_641' title='bbox 2764 2818 2950 2871; x_wconf 61' lang='lat' dir='ltr'><strong>saeculi</strong></span> <span class='ocrx_word' id='word_1_642' title='bbox 2990 2819 3353 2886; x_wconf 90' lang='lat' dir='ltr'><strong>implicentur.</strong></span> <span class='ocrx_word' id='word_1_643' title='bbox 3392 2820 3452 2874; x_wconf 88' lang='lat' dir='ltr'><strong>Et</strong></span> <span class='ocrx_word' id='word_1_644' title='bbox 3481 2820 3660 2890; x_wconf 71' lang='lat' dir='ltr'><strong>quamvis</strong></span> <span class='ocrx_word' id='word_1_645' title='bbox 3680 2832 3757 2885; x_wconf 65' lang='lat' dir='ltr'><strong>illi!&quot;</strong></span> 
     </span>
    </p>
   </div>
   <div class='ocr_carea' id='block_1_87' title="bbox 2314 2906 3756 2980">
    <p class='ocr_par' dir='ltr' id='par_1_87' title="bbox 2314 2906 3756 2980">
     <span class='ocr_line' id='line_1_87' title="bbox 2314 2906 3756 2980; baseline -0.001 -18"><span class='ocrx_word' id='word_1_646' title='bbox 2314 2907 2489 2963; x_wconf 87' lang='lat' dir='ltr'><strong>scutis</strong></span> <span class='ocrx_word' id='word_1_647' title='bbox 2521 2909 2642 2962; x_wconf 68' lang='lat' dir='ltr'><strong>vitae</strong></span> <span class='ocrx_word' id='word_1_648' title='bbox 2668 2920 2919 2978; x_wconf 90' lang='lat' dir='ltr'><strong>sumptus</strong></span> <span class='ocrx_word' id='word_1_649' title='bbox 2951 2926 3053 2964; x_wconf 91' lang='lat' dir='ltr'><strong>non</strong></span> <span class='ocrx_word' id='word_1_650' title='bbox 3088 2914 3429 2980; x_wconf 83' lang='lat' dir='ltr'><strong>provideant,</strong></span> <span class='ocrx_word' id='word_1_651' title='bbox 3457 2921 3597 2965; x_wconf 85' lang='lat' dir='ltr'><strong>tamen</strong></span> <span class='ocrx_word' id='word_1_652' title='bbox 3621 2906 3756 2962; x_wconf 73' lang='lat' dir='ltr'><strong>ltosslii</strong></span> 
     </span>
    </p>
   </div>
   <div class='ocr_carea' id='block_1_88' title="bbox 2318 3001 3757 3070">
    <p class='ocr_par' dir='ltr' id='par_1_88' title="bbox 2318 3001 3757 3070">
     <span class='ocr_line' id='line_1_88' title="bbox 2318 3001 3757 3070; baseline -0.002 -14"><span class='ocrx_word' id='word_1_653' title='bbox 2318 3016 2591 3070; x_wconf 84' lang='lat' dir='ltr'><strong>nunquam</strong></span> <span class='ocrx_word' id='word_1_654' title='bbox 2622 3001 2813 3057; x_wconf 90' lang='lat' dir='ltr'><strong>deesse</strong></span> <span class='ocrx_word' id='word_1_655' title='bbox 2854 3004 3158 3058; x_wconf 84' lang='lat' dir='ltr'><strong>certissime</strong></span> <span class='ocrx_word' id='word_1_656' title='bbox 3195 3007 3395 3069; x_wconf 90' lang='lat' dir='ltr'><strong>sciant,</strong></span> <span class='ocrx_word' id='word_1_657' title='bbox 3435 3007 3474 3059; x_wconf 91' lang='lat' dir='ltr'><strong>si</strong></span> <span class='ocrx_word' id='word_1_658' title='bbox 3507 3007 3546 3056; x_wconf 93' lang='lat' dir='ltr'><strong>iu</strong></span> <span class='ocrx_word' id='word_1_659' title='bbox 3574 3016 3684 3070; x_wconf 84' lang='lat' dir='ltr'><strong>opere</strong></span> <span class='ocrx_word' id='word_1_660' title='bbox 3705 3014 3757 3048; x_wconf 77' lang='lat' dir='ltr'><strong>w-</strong></span> 
     </span>
    </p>
   </div>
   <div class='ocr_carea' id='block_1_89' title="bbox 2317 3091 3755 3166">
    <p class='ocr_par' dir='ltr' id='par_1_89' title="bbox 2317 3091 3755 3166">
     <span class='ocr_line' id='line_1_89' title="bbox 2317 3091 3755 3166; baseline -0.003 -20"><span class='ocrx_word' id='word_1_661' title='bbox 2317 3091 2536 3147; x_wconf 87' lang='lat' dir='ltr'><strong>luntatis</strong></span> <span class='ocrx_word' id='word_1_662' title='bbox 2575 3092 2707 3159; x_wconf 90' lang='lat' dir='ltr'><strong>Dei,</strong></span> <span class='ocrx_word' id='word_1_663' title='bbox 2749 3095 2800 3148; x_wconf 92' lang='lat' dir='ltr'><strong>in</strong></span> <span class='ocrx_word' id='word_1_664' title='bbox 2835 3095 3108 3166; x_wconf 86' lang='lat' dir='ltr'><strong>verboque</strong></span> <span class='ocrx_word' id='word_1_665' title='bbox 3139 3098 3517 3164; x_wconf 67' lang='lat' dir='ltr'><strong>praedicationis</strong></span> <span class='ocrx_word' id='word_1_666' title='bbox 3541 3094 3755 3148; x_wconf 74' lang='lat' dir='ltr'><strong>ﬁdeliterii-</strong></span> 
     </span>
    </p>
   </div>
   <div class='ocr_carea' id='block_1_90' title="bbox 2317 3185 3837 3261">
    <p class='ocr_par' dir='ltr' id='par_1_90' title="bbox 2317 3185 3837 3261">
     <span class='ocr_line' id='line_1_90' title="bbox 2317 3185 3837 3261; baseline 0.005 -19"><span class='ocrx_word' id='word_1_667' title='bbox 2317 3185 2541 3254; x_wconf 90' lang='lat' dir='ltr'><strong>borent,</strong></span> <span class='ocrx_word' id='word_1_668' title='bbox 2580 3202 2645 3242; x_wconf 90' lang='lat' dir='ltr'><strong>ne</strong></span> <span class='ocrx_word' id='word_1_669' title='bbox 2671 3187 2798 3241; x_wconf 91' lang='lat' dir='ltr'><strong>dum</strong></span> <span class='ocrx_word' id='word_1_670' title='bbox 2834 3205 2986 3243; x_wconf 88' lang='lat' dir='ltr'><strong>utens</strong></span> <span class='ocrx_word' id='word_1_671' title='bbox 3019 3205 3212 3245; x_wconf 88' lang='lat' dir='ltr'><strong>eorum</strong></span> <span class='ocrx_word' id='word_1_672' title='bbox 3248 3202 3549 3261; x_wconf 86' lang='lat' dir='ltr'><strong>occupantur</strong></span> <span class='ocrx_word' id='word_1_673' title='bbox 3570 3189 3617 3241; x_wconf 83' lang='lat' dir='ltr'><strong>ad</strong></span> <span class='ocrx_word' id='word_1_674' title='bbox 3640 3196 3759 3248; x_wconf 74' lang='grc' dir='ltr'>ιωιῐιθ-</span> <span class='ocrx_word' id='word_1_675' title='bbox 3836 3226 3837 3249; x_wconf 65' lang='lat' dir='ltr'><strong>t</strong></span> 
     </span>
    </p>
   </div>
   <div class='ocr_carea' id='block_1_91' title="bbox 2315 3276 3758 3353">
    <p class='ocr_par' dir='ltr' id='par_1_91' title="bbox 2315 3276 3758 3353">
     <span class='ocr_line' id='line_1_91' title="bbox 2315 3276 3758 3353; baseline -0.003 -20"><span class='ocrx_word' id='word_1_676' title='bbox 2315 3279 2446 3333; x_wconf 90' lang='lat' dir='ltr'><strong>ralia</strong></span> <span class='ocrx_word' id='word_1_677' title='bbox 2472 3321 2485 3345; x_wconf 95' lang='lat'><strong>,</strong></span> <span class='ocrx_word' id='word_1_678' title='bbox 2519 3280 2694 3334; x_wconf 90' lang='lat' dir='ltr'><strong>minus</strong></span> <span class='ocrx_word' id='word_1_679' title='bbox 2726 3281 2827 3336; x_wconf 92' lang='lat' dir='ltr'><strong>sibi</strong></span> <span class='ocrx_word' id='word_1_680' title='bbox 2856 3283 3116 3351; x_wconf 85' lang='lat' dir='ltr'><strong>subjectis</strong></span> <span class='ocrx_word' id='word_1_681' title='bbox 3154 3286 3463 3353; x_wconf 86' lang='lat' dir='ltr'><strong>provideant</strong></span> <span class='ocrx_word' id='word_1_682' title='bbox 3486 3291 3652 3338; x_wconf 67' lang='lat' dir='ltr'><strong>(eterna.</strong></span> <span class='ocrx_word' id='word_1_683' title='bbox 3682 3276 3758 3329; x_wconf 66' lang='lat' dir='ltr'><strong>Pitt-</strong></span> 
     </span>
    </p>
   </div>
   <div class='ocr_carea' id='block_1_92' title="bbox 2317 3372 3759 3441">
    <p class='ocr_par' dir='ltr' id='par_1_92' title="bbox 2317 3372 3759 3441">
     <span class='ocr_line' id='line_1_92' title="bbox 2317 3372 3759 3441; baseline -0.004 -12"><span class='ocrx_word' id='word_1_684' title='bbox 2317 3389 2497 3441; x_wconf 87' lang='lat' dir='ltr'><strong>perem</strong></span> <span class='ocrx_word' id='word_1_685' title='bbox 2561 3373 2819 3430; x_wconf 87' lang='lat' dir='ltr'><strong>videlicet</strong></span> <span class='ocrx_word' id='word_1_686' title='bbox 2877 3377 3041 3430; x_wconf 87' lang='lat' dir='ltr'><strong>vitam</strong></span> <span class='ocrx_word' id='word_1_687' title='bbox 3098 3380 3411 3432; x_wconf 87' lang='lat' dir='ltr'><strong>sacerdotes</strong></span> <span class='ocrx_word' id='word_1_688' title='bbox 3450 3378 3607 3430; x_wconf 81' lang='lat' dir='ltr'><strong>debere</strong></span> <span class='ocrx_word' id='word_1_689' title='bbox 3645 3372 3759 3423; x_wconf 69' lang='lat' dir='ltr'><strong>lubere</strong></span> 
     </span>
    </p>
   </div>
   <div class='ocr_carea' id='block_1_93' title="bbox 2312 3461 3759 3533">
    <p class='ocr_par' dir='ltr' id='par_1_93' title="bbox 2312 3461 3759 3533">
     <span class='ocr_line' id='line_1_93' title="bbox 2312 3461 3759 3533; baseline -0.002 -13"><span class='ocrx_word' id='word_1_690' title='bbox 2312 3464 2694 3528; x_wconf 87' lang='lat' dir='ltr'><strong>demonstrat,</strong></span> <span class='ocrx_word' id='word_1_691' title='bbox 2737 3480 2805 3521; x_wconf 91' lang='lat' dir='ltr'><strong>ne</strong></span> <span class='ocrx_word' id='word_1_692' title='bbox 2846 3464 3163 3521; x_wconf 88' lang='lat' dir='ltr'><strong>viderentur</strong></span> <span class='ocrx_word' id='word_1_693' title='bbox 3204 3484 3362 3523; x_wconf 89' lang='lat' dir='ltr'><strong>causa</strong></span> <span class='ocrx_word' id='word_1_694' title='bbox 3402 3468 3515 3521; x_wconf 89' lang='lat' dir='ltr'><strong>lucri</strong></span> <span class='ocrx_word' id='word_1_695' title='bbox 3549 3461 3759 3533; x_wconf 65' lang='lat' dir='ltr'><strong>pradicas;</strong></span> 
     </span>
    </p>
   </div>
   <div class='ocr_carea' id='block_1_94' title="bbox 2313 3556 3762 3632">
    <p class='ocr_par' dir='ltr' id='par_1_94' title="bbox 2313 3556 3762 3632">
     <span class='ocr_line' id='line_1_94' title="bbox 2313 3556 3762 3632; baseline -0.002 -23"><span class='ocrx_word' id='word_1_696' title='bbox 2313 3557 2433 3626; x_wconf 81' lang='lat' dir='ltr'><strong>quia</strong></span> <span class='ocrx_word' id='word_1_697' title='bbox 2464 3556 2553 3625; x_wconf 91' lang='lat' dir='ltr'><strong>qui</strong></span> <span class='ocrx_word' id='word_1_698' title='bbox 2583 3557 2799 3613; x_wconf 84' lang='lat' dir='ltr'><strong>divitias</strong></span> <span class='ocrx_word' id='word_1_699' title='bbox 2827 3557 3203 3625; x_wconf 88' lang='lat' dir='ltr'><strong>detruncavit,</strong></span> <span class='ocrx_word' id='word_1_700' title='bbox 3234 3560 3578 3632; x_wconf 88' lang='lat' dir='ltr'><strong>propemodum</strong></span> <span class='ocrx_word' id='word_1_701' title='bbox 3601 3565 3639 3611; x_wconf 88' lang='lat' dir='ltr'><strong>et</strong></span> <span class='ocrx_word' id='word_1_702' title='bbox 3657 3564 3762 3607; x_wconf 38' lang='lat' dir='ltr'><strong>neces.</strong></span> 
     </span>
    </p>
   </div>
   <div class='ocr_carea' id='block_1_95' title="bbox 2312 3642 3761 3725">
    <p class='ocr_par' dir='ltr' id='par_1_95' title="bbox 2312 3642 3761 3725">
     <span class='ocr_line' id='line_1_95' title="bbox 2312 3642 3761 3725; baseline -0.001 -21"><span class='ocrx_word' id='word_1_703' title='bbox 2312 3650 2454 3705; x_wconf 88' lang='lat' dir='ltr'><strong>saria</strong></span> <span class='ocrx_word' id='word_1_704' title='bbox 2484 3649 2608 3703; x_wconf 82' lang='lat' dir='ltr'><strong>vitae</strong></span> <span class='ocrx_word' id='word_1_705' title='bbox 2640 3652 2970 3719; x_wconf 88' lang='lat' dir='ltr'><strong>amputavit,</strong></span> <span class='ocrx_word' id='word_1_706' title='bbox 3001 3652 3385 3724; x_wconf 81' lang='lat' dir='ltr'><strong>thesaurisque</strong></span> <span class='ocrx_word' id='word_1_707' title='bbox 3409 3642 3761 3725; x_wconf 69' lang='lat' dir='ltr'><strong>proltibitis,eliam</strong></span> 
     </span>
    </p>
   </div>
   <div class='ocr_carea' id='block_1_96' title="bbox 2312 3735 3762 3816">
    <p class='ocr_par' dir='ltr' id='par_1_96' title="bbox 2312 3735 3762 3816">
     <span class='ocr_line' id='line_1_96' title="bbox 2312 3735 3762 3816; baseline -0.002 -23"><span class='ocrx_word' id='word_1_708' title='bbox 2312 3741 2490 3811; x_wconf 74' lang='lat' dir='ltr'><strong>gulam</strong></span> <span class='ocrx_word' id='word_1_709' title='bbox 2525 3741 2811 3810; x_wconf 87' lang='lat' dir='ltr'><strong>prohibet,</strong></span> <span class='ocrx_word' id='word_1_710' title='bbox 2842 3759 2966 3798; x_wconf 89' lang='lat' dir='ltr'><strong>cum</strong></span> <span class='ocrx_word' id='word_1_711' title='bbox 3003 3760 3199 3813; x_wconf 90' lang='lat' dir='ltr'><strong>panem</strong></span> <span class='ocrx_word' id='word_1_712' title='bbox 3235 3758 3444 3816; x_wconf 84' lang='lat' dir='ltr'><strong>portare</strong></span> <span class='ocrx_word' id='word_1_713' title='bbox 3470 3739 3714 3801; x_wconf 76' lang='lat' dir='ltr'><strong>contradicit</strong></span> <span class='ocrx_word' id='word_1_714' title='bbox 3733 3735 3762 3785; x_wconf 73' lang='lat' dir='ltr'><strong>in</strong></span> 
     </span>
    </p>
   </div>
   <div class='ocr_carea' id='block_1_97' title="bbox 2312 3826 3759 3907">
    <p class='ocr_par' dir='ltr' id='par_1_97' title="bbox 2312 3826 3759 3907">
     <span class='ocr_line' id='line_1_97' title="bbox 2312 3826 3759 3907; baseline -0.003 -18"><span class='ocrx_word' id='word_1_715' title='bbox 2312 3836 2482 3903; x_wconf 74' lang='lat' dir='ltr'><strong>virga:</strong></span> <span class='ocrx_word' id='word_1_716' title='bbox 2526 3835 2888 3902; x_wconf 89' lang='lat' dir='ltr'><strong>prohibitione</strong></span> <span class='ocrx_word' id='word_1_717' title='bbox 2924 3841 3027 3893; x_wconf 88' lang='lat' dir='ltr'><strong>&#39;nos</strong></span> <span class='ocrx_word' id='word_1_718' title='bbox 3066 3840 3360 3907; x_wconf 87' lang='lat' dir='ltr'><strong>admouet,</strong></span> <span class='ocrx_word' id='word_1_719' title='bbox 3403 3855 3499 3894; x_wconf 92' lang='lat' dir='ltr'><strong>non</strong></span> <span class='ocrx_word' id='word_1_720' title='bbox 3534 3834 3682 3890; x_wconf 79' lang='lat' dir='ltr'><strong>aliunde</strong></span> <span class='ocrx_word' id='word_1_721' title='bbox 3708 3826 3759 3881; x_wconf 70' lang='lat' dir='ltr'><strong>nisi</strong></span> 
     </span>
    </p>
   </div>
   <div class='ocr_carea' id='block_1_98' title="bbox 2309 3921 3764 4000">
    <p class='ocr_par' dir='ltr' id='par_1_98' title="bbox 2309 3921 3764 4000">
     <span class='ocr_line' id='line_1_98' title="bbox 2309 3921 3764 4000; baseline -0.007 -19"><span class='ocrx_word' id='word_1_722' title='bbox 2309 3941 2340 3981; x_wconf 90' lang='lat' dir='ltr'><strong>a</strong></span> <span class='ocrx_word' id='word_1_723' title='bbox 2396 3929 2620 3982; x_wconf 90' lang='lat' dir='ltr'><strong>Domino</strong></span> <span class='ocrx_word' id='word_1_724' title='bbox 2670 3927 2924 3982; x_wconf 81' lang='lat' dir='ltr'><strong>auxilium</strong></span> <span class='ocrx_word' id='word_1_725' title='bbox 2976 3946 3256 3999; x_wconf 67' lang='lat' dir='ltr'><strong>quaerere,</strong></span> <span class='ocrx_word' id='word_1_726' title='bbox 3304 3942 3361 3987; x_wconf 92' lang='lat' dir='ltr'><strong>ut</strong></span> <span class='ocrx_word' id='word_1_727' title='bbox 3406 3931 3487 4000; x_wconf 92' lang='lat' dir='ltr'><strong>qui</strong></span> <span class='ocrx_word' id='word_1_728' title='bbox 3532 3923 3682 3982; x_wconf 88' lang='lat' dir='ltr'><strong>Domini</strong></span> <span class='ocrx_word' id='word_1_729' title='bbox 3713 3921 3764 3971; x_wconf 68' lang='lat' dir='ltr'><strong>lit-</strong></span> 
     </span>
    </p>
   </div>
   <div class='ocr_carea' id='block_1_99' title="bbox 2257 4022 3760 4097">
    <p class='ocr_par' dir='ltr' id='par_1_99' title="bbox 2257 4022 3760 4097">
     <span class='ocr_line' id='line_1_99' title="bbox 2257 4022 3760 4097; baseline -0.005 -22"><span class='ocrx_word' id='word_1_730' title='bbox 2257 4082 2271 4097; x_wconf 47' lang='grc'><strong><em>,</em></strong></span> <span class='ocrx_word' id='word_1_731' title='bbox 2313 4022 2501 4077; x_wconf 89' lang='lat' dir='ltr'><strong>bemus</strong></span> <span class='ocrx_word' id='word_1_732' title='bbox 2549 4022 2843 4090; x_wconf 75' lang='lat' dir='ltr'><strong>auxilium,</strong></span> <span class='ocrx_word' id='word_1_733' title='bbox 2899 4025 3071 4079; x_wconf 86' lang='lat' dir='ltr'><strong>baculi</strong></span> <span class='ocrx_word' id='word_1_734' title='bbox 3121 4025 3376 4095; x_wconf 71' lang='lat' dir='ltr'><strong>prmsidia</strong></span> <span class='ocrx_word' id='word_1_735' title='bbox 3419 4040 3513 4079; x_wconf 90' lang='lat' dir='ltr'><strong>non</strong></span> <span class='ocrx_word' id='word_1_736' title='bbox 3554 4024 3760 4090; x_wconf 56' lang='lat' dir='ltr'><strong>quaeramus</strong></span> 
     </span>
    </p>
   </div>
   <div class='ocr_carea' id='block_1_100' title="bbox 2313 4113 3765 4191">
    <p class='ocr_par' dir='ltr' id='par_1_100' title="bbox 2313 4113 3765 4191">
     <span class='ocr_line' id='line_1_100' title="bbox 2313 4113 3765 4191; baseline -0.004 -22"><span class='ocrx_word' id='word_1_737' title='bbox 2313 4113 2464 4170; x_wconf 87' lang='lat' dir='ltr'><strong>Unde</strong></span> <span class='ocrx_word' id='word_1_738' title='bbox 2525 4115 2652 4171; x_wconf 86' lang='lat' dir='ltr'><strong>alibi</strong></span> <span class='ocrx_word' id='word_1_739' title='bbox 2706 4115 2887 4170; x_wconf 84' lang='lat' dir='ltr'><strong>dicit:</strong></span> <span class='ocrx_word' id='word_1_740' title='bbox 2950 4117 3180 4185; x_wconf 77' lang='lat' dir='ltr'><strong>Quam&#39;te</strong></span> <span class='ocrx_word' id='word_1_741' title='bbox 3243 4136 3364 4191; x_wconf 81' lang='lat' dir='ltr'><strong>ergo</strong></span> <span class='ocrx_word' id='word_1_742' title='bbox 3418 4120 3604 4189; x_wconf 78' lang='lat' dir='ltr'><strong>primum</strong></span> <span class='ocrx_word' id='word_1_743' title='bbox 3642 4119 3765 4177; x_wconf 65' lang='lat' dir='ltr'><strong>regni!</strong></span> 
     </span>
    </p>
   </div>
   <div class='ocr_carea' id='block_1_101' title="bbox 2310 4205 3763 4280">
    <p class='ocr_par' dir='ltr' id='par_1_101' title="bbox 2310 4205 3763 4280">
     <span class='ocr_line' id='line_1_101' title="bbox 2310 4205 3763 4280; baseline 0.003 -20"><span class='ocrx_word' id='word_1_744' title='bbox 2310 4206 2408 4260; x_wconf 87' lang='lat' dir='ltr'><strong>Dei</strong></span> <span class='ocrx_word' id='word_1_745' title='bbox 2464 4219 2509 4261; x_wconf 79' lang='lat' dir='ltr'><strong>et</strong></span> <span class='ocrx_word' id='word_1_746' title='bbox 2561 4210 2821 4280; x_wconf 87' lang='lat' dir='ltr'><strong>justitiam</strong></span> <span class='ocrx_word' id='word_1_747' title='bbox 2885 4214 3039 4278; x_wconf 81' lang='lat' dir='ltr'><strong>eius,</strong></span> <span class='ocrx_word' id='word_1_748' title='bbox 3096 4221 3146 4266; x_wconf 81' lang='lat' dir='ltr'><strong>et</strong></span> <span class='ocrx_word' id='word_1_749' title='bbox 3201 4213 3313 4267; x_wconf 73' lang='lat' dir='ltr'><strong>luet:</strong></span> <span class='ocrx_word' id='word_1_750' title='bbox 3368 4213 3526 4265; x_wconf 84' lang='lat' dir='ltr'><strong>omnia</strong></span> <span class='ocrx_word' id='word_1_751' title='bbox 3570 4205 3763 4278; x_wconf 48' lang='lat' dir='ltr'><strong>adjicitur”</strong></span> 
     </span>
    </p>
   </div>
   <div class='ocr_carea' id='block_1_102' title="bbox 2310 4299 3767 4375">
    <p class='ocr_par' dir='ltr' id='par_1_102' title="bbox 2310 4299 3767 4375">
     <span class='ocr_line' id='line_1_102' title="bbox 2310 4299 3767 4375; baseline 0 -24"><span class='ocrx_word' id='word_1_752' title='bbox 2310 4299 2447 4352; x_wconf 81' lang='lat' dir='ltr'><strong>vobis</strong></span> <span class='ocrx_word' id='word_1_753' title='bbox 2496 4300 2661 4368; x_wconf 84' lang='lat' dir='ltr'><strong>(Luc.</strong></span> <span class='ocrx_word' id='word_1_754' title='bbox 2707 4315 2778 4355; x_wconf 77' lang='lat' dir='ltr'><strong>xu</strong></span> <span class='ocrx_word' id='word_1_755' title='bbox 2805 4302 2851 4371; x_wconf 95' lang='lat'><strong>).</strong></span> <span class='ocrx_word' id='word_1_756' title='bbox 2901 4301 3037 4357; x_wconf 89' lang='lat' dir='ltr'><strong>Cum</strong></span> <span class='ocrx_word' id='word_1_757' title='bbox 3080 4313 3283 4372; x_wconf 76' lang='lat' dir='ltr'><strong>peram</strong></span> <span class='ocrx_word' id='word_1_758' title='bbox 3340 4302 3767 4375; x_wconf 63' lang='lat' dir='ltr'><strong>proltibuit,lton0t?5</strong></span> 
     </span>
    </p>
   </div>
   <div class='ocr_carea' id='block_1_103' title="bbox 2310 4385 3767 4462">
    <p class='ocr_par' dir='ltr' id='par_1_103' title="bbox 2310 4385 3767 4462">
     <span class='ocr_line' id='line_1_103' title="bbox 2310 4385 3767 4462; baseline -0.003 -16"><span class='ocrx_word' id='word_1_759' title='bbox 2310 4403 2549 4448; x_wconf 87' lang='lat' dir='ltr'><strong>terrenos</strong></span> <span class='ocrx_word' id='word_1_760' title='bbox 2578 4395 2662 4449; x_wconf 89' lang='lat' dir='ltr'><strong>vel</strong></span> <span class='ocrx_word' id='word_1_761' title='bbox 2700 4398 2860 4449; x_wconf 88' lang='lat' dir='ltr'><strong>etiam</strong></span> <span class='ocrx_word' id='word_1_762' title='bbox 2908 4396 3173 4458; x_wconf 89' lang='lat' dir='ltr'><strong>humanos</strong></span> <span class='ocrx_word' id='word_1_763' title='bbox 3207 4402 3437 4462; x_wconf 78' lang='lat' dir='ltr'><strong>favores,</strong></span> <span class='ocrx_word' id='word_1_764' title='bbox 3468 4410 3635 4452; x_wconf 83' lang='lat' dir='ltr'><strong>necnon</strong></span> <span class='ocrx_word' id='word_1_765' title='bbox 3662 4398 3696 4443; x_wconf 85' lang='lat' dir='ltr'><strong>et</strong></span> <span class='ocrx_word' id='word_1_766' title='bbox 3716 4385 3767 4437; x_wconf 69' lang='grc' dir='ltr'><strong>ὐε-</strong></span> 
     </span>
    </p>
   </div>
   <div class='ocr_carea' id='block_1_104' title="bbox 2222 4482 3769 4585">
    <p class='ocr_par' dir='ltr' id='par_1_104' title="bbox 2222 4482 3769 4585">
     <span class='ocr_line' id='line_1_104' title="bbox 2222 4482 3769 4585; baseline -0.005 -46"><span class='ocrx_word' id='word_1_767' title='bbox 2222 4486 2656 4585; x_wconf 77' lang='lat' dir='ltr'><strong>Dlectationem</strong></span> <span class='ocrx_word' id='word_1_768' title='bbox 2715 4488 2892 4542; x_wconf 84' lang='lat' dir='ltr'><strong>carnis</strong></span> <span class='ocrx_word' id='word_1_769' title='bbox 2950 4491 3281 4546; x_wconf 88' lang='lat' dir='ltr'><strong>omnimodis</strong></span> <span class='ocrx_word' id='word_1_770' title='bbox 3342 4507 3437 4546; x_wconf 87' lang='lat' dir='ltr'><strong>nos</strong></span> <span class='ocrx_word' id='word_1_771' title='bbox 3483 4492 3619 4543; x_wconf 83' lang='lat' dir='ltr'><strong>vitare</strong></span> <span class='ocrx_word' id='word_1_772' title='bbox 3656 4482 3769 4574; x_wconf 62' lang='lat' dir='ltr'><strong>debet:</strong></span> 
     </span>
    </p>
   </div>
   <div class='ocr_carea' id='block_1_105' title="bbox 2315 4570 3767 4649">
    <p class='ocr_par' dir='ltr' id='par_1_105' title="bbox 2315 4570 3767 4649">
     <span class='ocr_line' id='line_1_105' title="bbox 2315 4570 3767 4649; baseline 0 -16"><span class='ocrx_word' id='word_1_773' title='bbox 2315 4587 2601 4634; x_wconf 87' lang='lat' dir='ltr'><strong>monstrat.</strong></span> <span class='ocrx_word' id='word_1_774' title='bbox 2627 4580 2758 4635; x_wconf 83' lang='lat' dir='ltr'><strong>Cum</strong></span> <span class='ocrx_word' id='word_1_775' title='bbox 2791 4596 2981 4649; x_wconf 90' lang='lat' dir='ltr'><strong>panem</strong></span> <span class='ocrx_word' id='word_1_776' title='bbox 3021 4584 3370 4649; x_wconf 76' lang='lat' dir='ltr'><strong>contradicit,</strong></span> <span class='ocrx_word' id='word_1_777' title='bbox 3402 4592 3578 4646; x_wconf 85' lang='lat' dir='ltr'><strong>monet,</strong></span> <span class='ocrx_word' id='word_1_778' title='bbox 3599 4586 3641 4632; x_wconf 87' lang='lat' dir='ltr'><strong>ut</strong></span> <span class='ocrx_word' id='word_1_779' title='bbox 3661 4570 3767 4629; x_wconf 63' lang='lat' dir='ltr'><strong>anili“</strong></span> 
     </span>
    </p>
   </div>
   <div class='ocr_carea' id='block_1_106' title="bbox 2310 4673 3769 4741">
    <p class='ocr_par' dir='ltr' id='par_1_106' title="bbox 2310 4673 3769 4741">
     <span class='ocr_line' id='line_1_106' title="bbox 2310 4673 3769 4741; baseline 0.004 -15"><span class='ocrx_word' id='word_1_780' title='bbox 2310 4673 2529 4741; x_wconf 86' lang='lat' dir='ltr'><strong>crapula</strong></span> <span class='ocrx_word' id='word_1_781' title='bbox 2578 4685 2631 4727; x_wconf 89' lang='lat' dir='ltr'><strong>et</strong></span> <span class='ocrx_word' id='word_1_782' title='bbox 2684 4674 2943 4730; x_wconf 86' lang='lat' dir='ltr'><strong>ebrietate</strong></span> <span class='ocrx_word' id='word_1_783' title='bbox 2987 4678 3055 4730; x_wconf 91' lang='lat' dir='ltr'><strong>sit</strong></span> <span class='ocrx_word' id='word_1_784' title='bbox 3098 4679 3441 4734; x_wconf 80' lang='lat' dir='ltr'><strong>conversatio</strong></span> <span class='ocrx_word' id='word_1_785' title='bbox 3488 4678 3769 4739; x_wconf 47' lang='lat' dir='ltr'><strong>nostratuiul</strong></span> 
     </span>
    </p>
   </div>
   <div class='ocr_carea' id='block_1_107' title="bbox 2307 4768 3837 4843">
    <p class='ocr_par' dir='ltr' id='par_1_107' title="bbox 2307 4768 3837 4843">
     <span class='ocr_line' id='line_1_107' title="bbox 2307 4768 3837 4843; baseline -0.007 -19"><span class='ocrx_word' id='word_1_786' title='bbox 2307 4771 2429 4824; x_wconf 89' lang='lat' dir='ltr'><strong>aliis</strong></span> <span class='ocrx_word' id='word_1_787' title='bbox 2470 4771 2845 4827; x_wconf 85' lang='lat' dir='ltr'><strong>abstinentiam</strong></span> <span class='ocrx_word' id='word_1_788' title='bbox 2899 4774 3255 4842; x_wconf 65' lang='lat' dir='ltr'><strong>praedicamus</strong></span> <span class='ocrx_word' id='word_1_789' title='bbox 3280 4819 3296 4843; x_wconf 94' lang='lat'><strong>,</strong></span> <span class='ocrx_word' id='word_1_790' title='bbox 3332 4791 3429 4831; x_wconf 93' lang='lat' dir='ltr'><strong>nos</strong></span> <span class='ocrx_word' id='word_1_791' title='bbox 3473 4776 3625 4829; x_wconf 83' lang='lat' dir='ltr'><strong>vitium</strong></span> <span class='ocrx_word' id='word_1_792' title='bbox 3659 4768 3769 4838; x_wconf 77' lang='lat' dir='ltr'><strong>gnlrt</strong></span> <span class='ocrx_word' id='word_1_793' title='bbox 3836 4784 3837 4787; x_wconf 52' lang='grc' dir='ltr'><strong>η</strong></span> 
     </span>
    </p>
   </div>
   <div class='ocr_carea' id='block_1_108' title="bbox 2310 4852 3771 4928">
    <p class='ocr_par' dir='ltr' id='par_1_108' title="bbox 2310 4852 3771 4928">
     <span class='ocr_line' id='line_1_108' title="bbox 2310 4852 3771 4928; baseline -0.005 -13"><span class='ocrx_word' id='word_1_794' title='bbox 2310 4862 2465 4916; x_wconf 86' lang='lat' dir='ltr'><strong>nobis</strong></span> <span class='ocrx_word' id='word_1_795' title='bbox 2513 4864 2911 4917; x_wconf 88' lang='lat' dir='ltr'><strong>abscindamus.</strong></span> <span class='ocrx_word' id='word_1_796' title='bbox 2970 4863 3141 4918; x_wconf 89' lang='lat' dir='ltr'><strong>Porro</strong></span> <span class='ocrx_word' id='word_1_797' title='bbox 3193 4867 3409 4921; x_wconf 85' lang='lat' dir='ltr'><strong>Marcus</strong></span> <span class='ocrx_word' id='word_1_798' title='bbox 3455 4865 3584 4928; x_wconf 88' lang='lat' dir='ltr'><strong>dicit,</strong></span> <span class='ocrx_word' id='word_1_799' title='bbox 3619 4852 3771 4914; x_wconf 62' lang='lat' dir='ltr'><strong>sandaliis</strong></span> 
     </span>
    </p>
   </div>
   <div class='ocr_carea' id='block_1_109' title="bbox 2311 4948 3837 5029">
    <p class='ocr_par' dir='ltr' id='par_1_109' title="bbox 2311 4948 3837 5029">
     <span class='ocr_line' id='line_1_109' title="bbox 2311 4948 3837 5029; baseline 0.001 -18"><span class='ocrx_word' id='word_1_800' title='bbox 2311 4970 2403 5011; x_wconf 86' lang='lat' dir='ltr'><strong>eos</strong></span> <span class='ocrx_word' id='word_1_801' title='bbox 2451 4955 2715 5010; x_wconf 83' lang='lat' dir='ltr'><strong>calceatos</strong></span> <span class='ocrx_word' id='word_1_802' title='bbox 2744 4970 2862 5011; x_wconf 88' lang='lat' dir='ltr'><strong>esse</strong></span> <span class='ocrx_word' id='word_1_803' title='bbox 2910 4958 3124 5026; x_wconf 66' lang='lat' dir='ltr'><strong>praecipi</strong></span> <span class='ocrx_word' id='word_1_804' title='bbox 3153 4958 3353 5027; x_wconf 80' lang='lat' dir='ltr'><strong>(Marc.</strong></span> <span class='ocrx_word' id='word_1_805' title='bbox 3386 4960 3483 5029; x_wconf 85' lang='lat' dir='ltr'><strong>vi),</strong></span> <span class='ocrx_word' id='word_1_806' title='bbox 3509 4968 3558 5012; x_wconf 85' lang='lat' dir='ltr'><strong>ut</strong></span> <span class='ocrx_word' id='word_1_807' title='bbox 3588 4954 3770 5020; x_wconf 47' lang='lat' dir='ltr'><strong>nequi“</strong></span> <span class='ocrx_word' id='word_1_808' title='bbox 3836 4948 3837 4955; x_wconf 45' lang='grc'><em>“</em></span> 
     </span>
    </p>
   </div>
   <div class='ocr_carea' id='block_1_110' title="bbox 2310 5042 3837 5120">
    <p class='ocr_par' dir='ltr' id='par_1_110' title="bbox 2310 5042 3837 5120">
     <span class='ocr_line' id='line_1_110' title="bbox 2310 5042 3837 5120; baseline 0.007 -20"><span class='ocrx_word' id='word_1_809' title='bbox 2310 5058 2481 5102; x_wconf 79' lang='lat' dir='ltr'><strong>tet-tus</strong></span> <span class='ocrx_word' id='word_1_810' title='bbox 2507 5049 2597 5111; x_wconf 88' lang='lat' dir='ltr'><strong>sit,</strong></span> <span class='ocrx_word' id='word_1_811' title='bbox 2628 5065 2799 5116; x_wconf 84' lang='lat' dir='ltr'><strong>neque</strong></span> <span class='ocrx_word' id='word_1_812' title='bbox 2830 5051 3002 5103; x_wconf 90' lang='lat' dir='ltr'><strong>nudus</strong></span> <span class='ocrx_word' id='word_1_813' title='bbox 3029 5060 3231 5107; x_wconf 88' lang='lat' dir='ltr'><strong>terram</strong></span> <span class='ocrx_word' id='word_1_814' title='bbox 3267 5063 3464 5120; x_wconf 80' lang='lat' dir='ltr'><strong>tangat,</strong></span> <span class='ocrx_word' id='word_1_815' title='bbox 3488 5052 3532 5105; x_wconf 90' lang='lat' dir='ltr'><strong>id</strong></span> <span class='ocrx_word' id='word_1_816' title='bbox 3556 5058 3635 5110; x_wconf 63' lang='lat' dir='ltr'><strong>est.</strong></span> <span class='ocrx_word' id='word_1_817' title='bbox 3657 5050 3772 5095; x_wconf 63' lang='lat' dir='ltr'><strong>&quot;‘W&#39;</strong></span> 
     </span>
    </p>
   </div>
   <div class='ocr_carea' id='block_1_111' title="bbox 2306 5128 3767 5213">
    <p class='ocr_par' dir='ltr' id='par_1_111' title="bbox 2306 5128 3767 5213">
     <span class='ocr_line' id='line_1_111' title="bbox 2306 5128 3767 5213; baseline -0.001 -20"><span class='ocrx_word' id='word_1_818' title='bbox 2306 5142 2421 5194; x_wconf 89' lang='lat' dir='ltr'><strong>reui</strong></span> <span class='ocrx_word' id='word_1_819' title='bbox 2453 5140 2718 5195; x_wconf 84' lang='lat' dir='ltr'><strong>commodi</strong></span> <span class='ocrx_word' id='word_1_820' title='bbox 2750 5142 2986 5209; x_wconf 88' lang='lat' dir='ltr'><strong>appetitu</strong></span> <span class='ocrx_word' id='word_1_821' title='bbox 3010 5158 3350 5213; x_wconf 85' lang='lat' dir='ltr'><strong>nequaquam</strong></span> <span class='ocrx_word' id='word_1_822' title='bbox 3385 5138 3644 5213; x_wconf 69' lang='lat' dir='ltr'><strong>praedicatio</strong></span> <span class='ocrx_word' id='word_1_823' title='bbox 3662 5128 3767 5186; x_wconf 55' lang='lat' dir='ltr'><strong>om&quot;</strong></span> 
     </span>
    </p>
   </div>
   <div class='ocr_carea' id='block_1_112' title="bbox 2306 5222 3755 5306">
    <p class='ocr_par' dir='ltr' id='par_1_112' title="bbox 2306 5222 3755 5306">
     <span class='ocr_line' id='line_1_112' title="bbox 2306 5222 3755 5306; baseline 0 -20"><span class='ocrx_word' id='word_1_824' title='bbox 2306 5242 2467 5301; x_wconf 88' lang='lat' dir='ltr'><strong>tetur,</strong></span> <span class='ocrx_word' id='word_1_825' title='bbox 2504 5249 2603 5287; x_wconf 90' lang='lat' dir='ltr'><strong>nec</strong></span> <span class='ocrx_word' id='word_1_826' title='bbox 2634 5234 2793 5288; x_wconf 83' lang='lat' dir='ltr'><strong>etiam</strong></span> <span class='ocrx_word' id='word_1_827' title='bbox 2831 5237 3071 5302; x_wconf 79' lang='lat' dir='ltr'><strong>exempla</strong></span> <span class='ocrx_word' id='word_1_828' title='bbox 3113 5252 3285 5306; x_wconf 88' lang='lat' dir='ltr'><strong>prava</strong></span> <span class='ocrx_word' id='word_1_829' title='bbox 3314 5255 3344 5293; x_wconf 88' lang='lat' dir='ltr'><strong>a</strong></span> <span class='ocrx_word' id='word_1_830' title='bbox 3372 5222 3755 5291; x_wconf 66' lang='lat' dir='ltr'><strong>sacerdotihttssub</strong></span> 
     </span>
    </p>
   </div>
   <div class='ocr_carea' id='block_1_113' title="bbox 2303 5313 3769 5395">
    <p class='ocr_par' dir='ltr' id='par_1_113' title="bbox 2303 5313 3769 5395">
     <span class='ocr_line' id='line_1_113' title="bbox 2303 5313 3769 5395; baseline -0.001 -17"><span class='ocrx_word' id='word_1_831' title='bbox 2303 5324 2427 5378; x_wconf 85' lang='lat' dir='ltr'><strong>ditis</strong></span> <span class='ocrx_word' id='word_1_832' title='bbox 2456 5326 2914 5380; x_wconf 74' lang='lat' dir='ltr'><strong>demonstrantur.</strong></span> <span class='ocrx_word' id='word_1_833' title='bbox 2943 5328 3043 5382; x_wconf 81' lang='lat' dir='ltr'><strong>Per</strong></span> <span class='ocrx_word' id='word_1_834' title='bbox 3076 5330 3359 5395; x_wconf 85' lang='lat' dir='ltr'><strong>pecuniam</strong></span> <span class='ocrx_word' id='word_1_835' title='bbox 3386 5328 3570 5384; x_wconf 86' lang='lat' dir='ltr'><strong>occulta</strong></span> <span class='ocrx_word' id='word_1_836' title='bbox 3596 5313 3769 5388; x_wconf 54' lang='lat' dir='ltr'><strong>sapiu“:</strong></span> 
     </span>
    </p>
   </div>
   <div class='ocr_carea' id='block_1_114' title="bbox 2302 5401 3770 5491">
    <p class='ocr_par' dir='ltr' id='par_1_114' title="bbox 2302 5401 3770 5491">
     <span class='ocr_line' id='line_1_114' title="bbox 2302 5401 3770 5491; baseline -0.001 -21"><span class='ocrx_word' id='word_1_837' title='bbox 2302 5416 2671 5483; x_wconf 79' lang='lat' dir='ltr'><strong>designantur.</strong></span> <span class='ocrx_word' id='word_1_838' title='bbox 2724 5418 2821 5485; x_wconf 84' lang='lat' dir='ltr'><strong>Qui</strong></span> <span class='ocrx_word' id='word_1_839' title='bbox 2855 5422 2997 5473; x_wconf 88' lang='lat' dir='ltr'><strong>enim</strong></span> <span class='ocrx_word' id='word_1_840' title='bbox 3030 5424 3316 5491; x_wconf 67' lang='lat' dir='ltr'><strong>sapientiae</strong></span> <span class='ocrx_word' id='word_1_841' title='bbox 3350 5424 3551 5478; x_wconf 86' lang='lat' dir='ltr'><strong>verbum</strong></span> <span class='ocrx_word' id='word_1_842' title='bbox 3576 5416 3706 5473; x_wconf 76' lang='lat' dir='ltr'><strong>habet,</strong></span> <span class='ocrx_word' id='word_1_843' title='bbox 3723 5401 3770 5458; x_wconf 64' lang='grc' dir='ltr'><strong>5εά</strong></span> 
     </span>
    </p>
   </div>
   <div class='ocr_carea' id='block_1_115' title="bbox 2307 5500 3769 5587">
    <p class='ocr_par' dir='ltr' id='par_1_115' title="bbox 2307 5500 3769 5587">
     <span class='ocr_line' id='line_1_115' title="bbox 2307 5500 3769 5587; baseline 0.001 -26"><span class='ocrx_word' id='word_1_844' title='bbox 2307 5511 2407 5564; x_wconf 88' lang='lat' dir='ltr'><strong>hoc</strong></span> <span class='ocrx_word' id='word_1_845' title='bbox 2435 5527 2680 5580; x_wconf 81' lang='lat' dir='ltr'><strong>erogare,</strong></span> <span class='ocrx_word' id='word_1_846' title='bbox 2715 5514 2956 5580; x_wconf 70' lang='lat' dir='ltr'><strong>proximo</strong></span> <span class='ocrx_word' id='word_1_847' title='bbox 2991 5516 3233 5585; x_wconf 76' lang='lat' dir='ltr'><strong>negiigit,</strong></span> <span class='ocrx_word' id='word_1_848' title='bbox 3268 5518 3421 5587; x_wconf 85' lang='lat' dir='ltr'><strong>quasi</strong></span> <span class='ocrx_word' id='word_1_849' title='bbox 3446 5513 3672 5587; x_wconf 79' lang='lat' dir='ltr'><strong>pecuniam</strong></span> <span class='ocrx_word' id='word_1_850' title='bbox 3690 5500 3769 5556; x_wconf 50' lang='lat' dir='ltr'><strong>dit”</strong></span> 
     </span>
    </p>
   </div>
   <div class='ocr_carea' id='block_1_116' title="bbox 2304 5588 3771 5688">
    <p class='ocr_par' dir='ltr' id='par_1_116' title="bbox 2304 5588 3771 5688">
     <span class='ocr_line' id='line_1_116' title="bbox 2304 5588 3771 5688; baseline -0.002 -35"><span class='ocrx_word' id='word_1_851' title='bbox 2304 5615 2419 5653; x_wconf 85' lang='lat' dir='ltr'><strong>satu</strong></span> <span class='ocrx_word' id='word_1_852' title='bbox 2468 5611 2664 5668; x_wconf 82' lang='lat' dir='ltr'><strong>portat.</strong></span> <span class='ocrx_word' id='word_1_853' title='bbox 2718 5601 2912 5656; x_wconf 76' lang='lat' dir='ltr'><strong>Verum</strong></span> <span class='ocrx_word' id='word_1_854' title='bbox 2946 5607 3183 5675; x_wconf 88' lang='lat' dir='ltr'><strong>quisquis</strong></span> <span class='ocrx_word' id='word_1_855' title='bbox 3227 5606 3463 5663; x_wconf 76' lang='lat' dir='ltr'><strong>ol’ticium</strong></span> <span class='ocrx_word' id='word_1_856' title='bbox 3497 5588 3771 5688; x_wconf 32' lang='lat' dir='ltr'><strong>doctorum?“</strong></span> 
     </span>
    </p>
   </div>
   <div class='ocr_carea' id='block_1_117' title="bbox 2306 5688 3766 5773">
    <p class='ocr_par' dir='ltr' id='par_1_117' title="bbox 2306 5688 3766 5773">
     <span class='ocr_line' id='line_1_117' title="bbox 2306 5688 3766 5773; baseline 0.009 -28"><span class='ocrx_word' id='word_1_857' title='bbox 2306 5692 2401 5760; x_wconf 87' lang='lat' dir='ltr'><strong>pit,</strong></span> <span class='ocrx_word' id='word_1_858' title='bbox 2442 5709 2615 5762; x_wconf 85' lang='lat' dir='ltr'><strong>neque</strong></span> <span class='ocrx_word' id='word_1_859' title='bbox 2643 5696 2894 5751; x_wconf 79' lang='lat' dir='ltr'><strong>oneribus</strong></span> <span class='ocrx_word' id='word_1_860' title='bbox 2920 5700 3261 5755; x_wconf 63' lang='lat' dir='ltr'><strong>Saeculariutn</strong></span> <span class='ocrx_word' id='word_1_861' title='bbox 3291 5701 3600 5773; x_wconf 84' lang='lat' dir='ltr'><strong>negotiorum</strong></span> <span class='ocrx_word' id='word_1_862' title='bbox 3616 5688 3766 5757; x_wconf 45' lang='lat' dir='ltr'><strong>deprimi</strong></span> 
     </span>
    </p>
   </div>
   <div class='ocr_carea' id='block_1_118' title="bbox 2303 5782 3769 5859">
    <p class='ocr_par' dir='ltr' id='par_1_118' title="bbox 2303 5782 3769 5859">
     <span class='ocr_line' id='line_1_118' title="bbox 2303 5782 3769 5859; baseline 0.006 -18"><span class='ocrx_word' id='word_1_863' title='bbox 2303 5802 2478 5855; x_wconf 81' lang='lat' dir='ltr'><strong>neque</strong></span> <span class='ocrx_word' id='word_1_864' title='bbox 2524 5789 2808 5847; x_wconf 86' lang='lat' dir='ltr'><strong>desideriis</strong></span> <span class='ocrx_word' id='word_1_865' title='bbox 2848 5794 3150 5852; x_wconf 79' lang='lat' dir='ltr'><strong>carnalibus</strong></span> <span class='ocrx_word' id='word_1_866' title='bbox 3186 5799 3414 5859; x_wconf 76' lang='lat' dir='ltr'><strong>resolvi.</strong></span> <span class='ocrx_word' id='word_1_867' title='bbox 3443 5808 3595 5855; x_wconf 74' lang='lat' dir='ltr'><strong>nouae</strong></span> <span class='ocrx_word' id='word_1_868' title='bbox 3616 5782 3769 5845; x_wconf 40' lang='lat' dir='ltr'><strong>eam”</strong></span> 
     </span>
    </p>
   </div>
  </div>
