3972 6340
193 448 320 508 1545

1154 443 1615 503 HOMILIARIUS.
1651 412 1722 486 4-
1762 442 1922 500 ηοω.
1965 442 2051 498 os
2088 439 2434 499 TEMPORE.

3292 432 3465 496 1316.

196 577 302 615 sunt
335 559 433 614 sibi
465 557 719 612 talentum
743 555 889 611 verbi
917 558 1016 612 sub
1041 558 1150 612 otio
1179 558 1336 613 debet
1368 559 1493 613 lenti
1523 555 1761 626 torporis
1791 557 1837 616 Α
1867 555 2043 621 fuerit,
2078 572 2181 611 non
2209 557 2308 612 erit
2327 557 2545 611 Christi.
2574 555 2720 610 Solet
2750 567 2923 610 autem
2950 555 3133 625 qumri,
3164 558 3431 624 quomodo

191 651 528 708 abscondere.
562 649 693 703 Cum
737 649 867 702 duas
909 650 1113 703 tunicas
1159 649 1425 717 prohibet,
1458 657 1637 701 monet
1663 662 1759 700 nos

140 764 143 765 ν
191 758 288 797 non
316 741 511 809 duplici
537 755 657 794 esse
685 740 886 804 animo,
913 740 1053 792 aliud
1081 755 1175 793 ore
1206 740 1505 806 loquentes,
1533 746 1586 791 et
1609 735 1754 789 aliud

189 834 241 889 in
284 832 443 886 corde
491 840 783 899 gestantes,
814 832 905 884 sed
947 832 1229 885 benevolos
1275 841 1328 884 et
1372 831 1628 898 benignos
1662 842 1759 883 nos

190 937 301 977 esse
327 922 390 975 ad
414 935 618 975 omnes.
657 920 710 973 In
741 920 847 974 alio
878 921 1153 989 evangelio
1190 921 1442 974 scribitur
1470 918 1756 972 Dominum

188 1014 452 1082 apostolos
480 1014 710 1067 vetuisse
737 1016 994 1083 possidere
1022 1030 1202 1067 aurum
1247 1013 1321 1066 vel
1351 1023 1635 1082 argentum,
1670 1028 1760 1065 ne-

188 1120 278 1172 que
304 1104 571 1173 pecuniam
596 1104 649 1155 in
683 1104 846 1166 zonis,
877 1119 978 1155 non
1007 1119 1175 1170 peram
1201 1103 1253 1155 in
1283 1104 1383 1169 via,
1410 1112 1514 1156 etc.
1542 1100 1757 1171 (Matth.

189 1199 281 1263 χ).
337 1194 739 1264 Consequenter
793 1194 895 1249 hoc
944 1196 1183 1263 praecipit
1245 1194 1761 1263 evangelizatoribus

189 1286 443 1351 veritatis,
472 1286 664 1354 quibus
697 1293 819 1339 ante
841 1285 1067 1339 dixerat.
1093 1284 1266 1338 Gratis
1292 1286 1575 1353 accepistis,
1601 1285 1759 1353 gratis

187 1379 299 1429 date
326 1374 539 1444 (υἱώ).
596 1375 652 1431 Si
682 1376 824 1429 enim
854 1377 930 1429 sic
971 1377 1279 1444 prmdicant,
1315 1385 1371 1428 ut
1402 1376 1623 1444 pretium
1654 1390 1758 1428 non

186 1468 465 1537 accipiant,
497 1467 766 1536 superﬂua
814 1476 897 1521 est
925 1469 1039 1520 auri
1069 1476 1122 1520 et
1151 1467 1355 1536 argenti
1386 1480 1757 1519 nummorum-

185 1575 286 1627 que
326 1560 609 1626 possessio.
640 1558 773 1611 Nam
800 1560 845 1612 si
879 1559 1191 1612 habuissent
1240 1573 1429 1611 aurum
1477 1567 1530 1610 et
1562 1572 1754 1626 argen-

187 1658 316 1713 tum,
361 1649 662 1703 viderentur
713 1664 819 1702 non
868 1662 1027 1703 causa
1078 1649 1267 1703 salutis
1316 1649 1620 1715 hominum,
1665 1647 1758 1702 sed

186 1755 341 1795 causa
371 1742 501 1795 lucri
533 1742 839 1808 praidicare.
875 1740 972 1794 IEs
1001 1755 1129 1794 vero
1161 1741 1213 1794 in
1244 1739 1467 1794 sacculis
1499 1739 1616 1794 ideo
1647 1755 1761 1793 am-

188 1833 419 1900 putavit,
478 1841 530 1883 nt
576 1831 799 1899 apostoli
852 1830 1099 1884 doctores
1143 1846 1283 1884 verte
1330 1829 1622 1898 religionis,
1669 1832 1757 1899 qui

1864 647 2143 702 Matthteus
2174 658 2225 702 et
2256 649 2426 701 Lucas
2452 646 2993 703 commemoraveriut
3019 648 3218 701 dixisse
3251 649 3432 702 Domi-

1862 754 1986 791 num
2009 738 2306 807 discipulis,
2333 749 2388 792 ut
2418 754 2513 793 nec
2545 739 2739 805 virgam
2768 740 2964 792 terrent
2993 737 3143 808 (Luc.
3186 738 3282 805 Ix),
3309 754 3428 791 cum

1862 830 2006 883 dicat
2049 829 2255 883 Marcus
2286 828 2391 883 :Et
2431 831 2671 899 praecepit
2720 832 2790 883 eis
2838 847 2901 882 ne
2942 831 3064 898 quid
3108 830 3337 882 tollerent
3383 832 3433 883 in

1861 922 1962 985 uia,
1995 922 2095 974 nisi
2135 924 2327 989 virgam
2376 933 2568 975 tantum
2602 920 2792 992 (Marc.
2825 922 2921 989 v1).
2962 921 3111 987 Quod
3156 923 3224 973 ita
3276 920 3434 974 solvi-

1861 1017 1969 1076 tur,
2001 1021 2057 1065 ut
2104 1012 2455 1081 intelligamus
2504 1012 2603 1065 sub
2653 1013 2753 1064 alia
2805 1012 3189 1079 signiﬁcatione
3236 1010 3430 1063 dictam

1862 1103 2083 1170 virgam,
2117 1120 2233 1171 qum.
2276 1106 2561 1157 secundum
2606 1105 2836 1157 Marcum
2883 1103 3095 1157 terenda
3126 1113 3222 1159 est.
3259 1114 3308 1155 et
3337 1102 3435 1156 sub

1858 1190 1958 1245 alia
1993 1193 2154 1256 illam,
2183 1209 2299 1261 quae
2327 1194 2617 1247 secundum
2670 1192 2862 1244 Lucam
2892 1200 2947 1243 et
2977 1191 3280 1244 Matthaznm
3328 1205 3431 1242 non

1860 1288 1944 1332 est
1974 1279 2188 1333 ferenda
2220 1298 2233 1333 :
2261 1281 2398 1335 sicut
2443 1283 2542 1334 sub
2575 1281 2676 1333 alia
2709 1282 3095 1347 significatione
3129 1281 3435 1347 intelligitur

1862 1370 2085 1421 tentatio
2138 1370 2203 1423 de
2254 1386 2353 1436 qua
2413 1370 2610 1423 dictum
2661 1380 2764 1434 est,
2797 1369 2933 1421 Deus
2981 1371 3227 1422 nentiuem
3281 1378 3435 1422 teutat

1860 1458 2066 1531 (Jacob.
2099 1470 2175 1529 I);
2206 1475 2253 1515 et
2288 1465 2387 1515 suh
2414 1464 2513 1515 alia
2542 1462 2607 1517 de
2638 1478 2736 1531 qua
2765 1463 2962 1516 dictum
3003 1471 3103 1524 est,
3136 1462 3314 1515 'l'entat
3349 1478 3436 1515 vos

1863 1551 2111 1607 Dominus
2160 1554 2297 1608 Deus
2345 1570 2503 1609 vester
2529 1596 2544 1621 ,
2578 1567 2630 1610 ut
2661 1558 2787 1609 sciat
2816 1557 2856 1609 si
2887 1557 3097 1625 diligitis
3123 1572 3238 1608 eum
3265 1554 3442 1623 (Deu-

1862 1656 1955 1699 ter.
1982 1648 2117 1714 xiii).
2139 1648 2225 1700 Illa
2246 1649 2573 1703 seductionis
2591 1659 2692 1713 est,
2722 1649 2833 1702 haec
2860 1648 3203 1716 probationis.
3224 1646 3437 1703 Utrum-

1862 1753 1964 1805 que
1985 1753 2111 1807 ergo
2134 1740 2497 1808 accipiendum
2526 1752 2607 1793 est
2632 1755 2660 1793 a
2681 1740 2908 1794 Domino
2933 1739 3187 1811 apostolis
3216 1740 3438 1804 dictum,

1865 1841 1923 1883 ut
1952 1846 2050 1886 nec
2080 1833 2276 1903 virgam
2310 1833 2531 1898 ferrent,
2552 1844 2605 1888 et
2637 1844 2691 1888 ut
2723 1850 2824 1888 non
2850 1835 2951 1888 nisi
2988 1834 3184 1904 virgam
3214 1833 3438 1887 ferrent.

186 1922 531 1978 instituebant
575 1923 752 1976 omnia
806 1921 1137 1991 providentia
1191 1920 1505 1990 gubernari,
1555 1921 1761 1987 seipsos
1795 1906 1995 1976 BCum
2034 1924 2172 1976 enim
2220 1926 2507 1979 secundum
2557 1926 2861 1979 Matthaeum
2906 1926 3107 1982 diceret
3137 1928 3236 1991 eis,
3267 1926 3442 1979 Nolite

187 2012 522 2066 ostenderent
554 2012 685 2066 nihil
733 2014 969 2080 cogitare
993 2011 1060 2065 de
1090 2011 1344 2065 crastino.
1401 2009 1520 2063 Non
1563 2025 1758 2077 peram,

187 2105 374 2172 inquit,
394 2106 446 2158 in
468 2106 567 2161 via.
594 2104 663 2159 Et
684 2120 747 2159 ex
777 2104 876 2159 hoc
908 2115 1173 2173 praecepto
1198 2108 1367 2171 arguit
1398 2103 1761 2172 philosophos,

188 2200 278 2268 qui
308 2199 460 2267 vulgo
486 2198 820 2265 appellantur
844 2198 1235 2265 bactroperitar,
1262 2198 1399 2265 quod
1430 2205 1764 2265 contempto-

190 2303 277 2341 res
307 2288 507 2353 saeculi,
539 2296 595 2342 et
636 2288 812 2341 omnia
865 2301 960 2355 pro
1001 2288 1164 2340 nihilo
1191 2288 1464 2353 ducentes,
1490 2287 1764 2341 cellarium

187 2393 368 2433 secum
391 2384 606 2434 vehant.
637 2379 816 2449 Neque
842 2381 970 2433 duas
1000 2380 1216 2432 tunicas.
1251 2380 1307 2432 lit
1337 2380 1540 2432 duabus
1568 2379 1762 2434 tunicis

189 2472 399 2526 videtur
454 2473 581 2527 mihi
636 2472 831 2541 duplex
880 2472 1166 2527 ostendere
1217 2473 1629 2538 vestimentum,
1658 2488 1764 2526 non

189 2565 326 2633 quod
358 2566 410 2618 in
444 2565 574 2619 locis
601 2564 834 2634 Scythiae
864 2574 918 2618 et
945 2564 1148 2635 glaciali
1198 2565 1318 2617 nive
1345 2563 1634 2632 rigentibus
1665 2579 1765 2618 una

189 2656 307 2722 quis
331 2655 502 2710 tunica
533 2655 724 2710 debeat
744 2669 863 2709 esse
891 2666 1194 2719 contentus,
1213 2654 1305 2709 sed
1337 2654 1475 2721 quod
1510 2657 1560 2707 in
1587 2656 1767 2709 tunica

190 2747 562 2802 vestimentum
595 2747 969 2817 intelligamus,
1004 2762 1068 2800 ne
1116 2746 1221 2799 alio
1268 2746 1466 2809 vestiti,
1498 2745 1639 2798 aliud
1671 2760 1764 2798 n0-

189 2839 273 2893 bis
324 2838 617 2892 tuturorum
669 2839 858 2892 timore
914 2852 1264 2891 reservemus.
1339 2835 1519 2904 Neque
1564 2838 1770 2890 calcea-

188 2940 391 2985 menta.
445 2930 508 2983 Et
543 2929 691 2983 Plato
720 2929 957 2998 prazcipit
1001 2931 1130 2983 duas
1158 2929 1399 2997 corporis
1441 2930 1773 2983 summitates

188 3038 297 3076 non
343 3037 461 3077 esse
512 3024 783 3087 velandas,
819 3037 918 3077 nec
968 3022 1239 3076 assuetieri
1289 3021 1485 3075 debere
1534 3019 1773 3073 mollitia:

189 3113 383 3179 capitis
404 3121 459 3167 et
501 3114 689 3179 pedum
711 3154 726 3179 ,
753 3128 873 3168 cum
904 3115 1045 3168 enim
1079 3115 1192 3167 haec
1237 3114 1517 3167 habuerint
1562 3111 1775 3166 ﬂrmita-

190 3210 542 3269 tem,ca3tera
586 3205 884 3258 robustiora
927 3212 1071 3258 sunt.
1124 3203 1304 3273 Neque
1352 3205 1563 3274 virgam.
1600 3203 1772 3256 Auxi-

189 3295 324 3349 lium
366 3295 617 3349 habentes
648 3311 677 3349 a
721 3296 965 3363 Domino,
1007 3296 1178 3350 baculi
1230 3297 1471 3365 praesidia
1504 3310 1598 3349 cur
1630 3310 1774 3364 qua.»

190 3385 411 3439 ramus?
441 3387 506 3440 Et
533 3388 654 3455 quia
695 3388 1088 3455 quodammodo
1122 3387 1292 3441 nudos
1322 3401 1373 3442 et
1406 3388 1681 3453 expeditos
1710 3388 1773 3439 ad

191 3478 589 3545 pra-dicandum
634 3480 850 3533 miserat
895 3480 1186 3547 apostolos,
1222 3490 1273 3532 et
1315 3479 1449 3531 dura
1499 3479 1776 3532 videbatur

189 3582 318 3622 esse
364 3570 595 3622 conditio
643 3569 1018 3637 magistrorum
1047 3611 1061 3635 ,
1118 3572 1456 3623 severitatem
1528 3571 1775 3637 praecepti

189 3663 440 3727 sequenti
492 3664 749 3714 sententia
804 3663 1154 3728 temperavit,
1204 3660 1651 3732 dicetiszbignus
1702 3668 1777 3714 est

194 3754 462 3819 operarius
499 3754 607 3805 cibo
640 3750 862 3821 (Matth.
898 3753 973 3819 χ).
1008 3751 1232 3804 Tantum
1266 3752 1501 3821 (inquit)
1532 3751 1771 3817 accipite,

191 3851 455 3909 quantum
502 3841 553 3894 iu
589 3846 723 3896 victu
748 3852 801 3895 et
833 3844 1021 3895 vestitu
1074 3841 1221 3895 vobis
1264 3843 1621 3895 necessarium
1672 3853 1773 3895 est.

195 3933 356 3986 Unde
381 3939 435 3984 et
464 3934 745 4001 Apostolus
769 3934 988 4000 replicat
1013 3950 1024 3983 :
1060 3930 1309 3985 Habentes
1341 3935 1523 3984 victum
1549 3942 1595 3984 et
1626 3932 1776 3984 vesti-

191 4035 332 4089 tum,
366 4025 443 4076 his
472 4026 687 4077 contenti
710 4040 884 4077 sumus
914 4022 966 4094 (Ι
1002 4023 1134 4077 Tim.
1164 4022 1259 4092 vi).
1308 4020 1655 4076 Communicct
1686 4026 1785 4073 aur‘

193 4127 304 4169 tem
332 4116 375 4168 is
401 4116 482 4182 qui
513 4116 851 4169 catcchizatur
897 4113 1066 4180 verba,
1098 4115 1141 4166 ei
1168 4116 1253 4182 qui
1294 4130 1346 4166 se
1390 4114 1688 4180 catecltisat,
1728 4114 1779 4163 in

192 4207 344 4261 omni
389 4209 517 4261 bono
568 4207 709 4277 (Gal.
759 4209 864 4277 vr);
916 4217 972 4261 ut
1010 4223 1233 4278 quorum
1278 4208 1523 4275 discipuli
1579 4216 1782 4261 metunt

192 4301 501 4370 Spiritualia
525 4341 541 4367 ,
572 4312 845 4356 consortes
876 4316 968 4356 eos
997 4300 1187 4354 faciant
1212 4302 1503 4355 carnalium
1535 4316 1771 4365 suorum,

195 4410 317 4448 non
365 4393 416 4446 in
462 4395 697 4457 avaritia,
725 4394 817 4449 sed
856 4376 915 4447 in.
958 4394 1294 4449 necessitate.
1357 4393 1481 4447 Haec
1529 4392 1781 4447 historice

194 4484 530 4539 dixerimus.
562 4484 824 4539 Caeterum
855 4484 1148 4538 secundum
1178 4497 1451 4552 anagogen
1476 4499 1491 4537 :
1520 4484 1630 4535 Non
1661 4484 1783 4537 licet

1862 2015 2123 2085 possidere
2150 2033 2334 2069 aurum
2360 2027 2406 2069 et
2432 2030 2716 2088 argentum,
2746 2027 2875 2084 etc.,
2910 2021 3162 2074 continuo
3193 2018 3439 2088 subjecit,

1866 2102 2063 2174 Dignus
2089 2118 2157 2159 est
2199 2110 2461 2174 operarius
2504 2109 2612 2161 cibo
2641 2126 2731 2163 suo
2767 2109 2983 2179 (Matth.
3015 2120 3093 2178 χ).
3128 2109 3277 2165 Unde
3316 2110 3444 2164 satis

1866 2203 2120 2264 ostendit,
2146 2217 2242 2257 cur
2291 2202 2404 2256 hare
2450 2217 2543 2255 cos
2596 2204 2869 2271 possidere
2918 2220 2982 2257 ac
3013 2203 3151 2257 ferre
3194 2202 3440 2264 noluerit,

1872 2303 1977 2341 non
2021 2290 2159 2356 quod
2210 2291 2504 2343 necessaria
2553 2306 2656 2343 non
2711 2293 2819 2345 sint
2866 2292 3234 2345 sustentationi
3288 2291 3443 2360 hujus

1869 2379 2015 2445 vitae,
2047 2381 2138 2434 sed
2187 2383 2305 2449 quia
2352 2385 2429 2436 sic
2464 2397 2556 2437 eos
2598 2384 2871 2449 mittebat,
2900 2394 2958 2438 ut
2995 2385 3070 2438 eis
3107 2384 3219 2438 haec
3260 2385 3438 2440 deberi

1869 2484 2194 2527 monstraret
2240 2475 2306 2527 ab
2360 2477 2438 2529 eis
2485 2475 2677 2544 quibus
2723 2478 3053 2545 evangelium
3110 2478 3446 2531 credentibus

1867 2569 2263 2623 annuntiarent.
2295 2568 2472 2624 Claret
2501 2580 2676 2624 autem
2713 2572 2824 2625 haec
2864 2571 2933 2624 ita
2967 2587 3070 2625 non
3118 2570 3437 2639 prtecirpisse

1877 2659 2155 2712 Dominum
2185 2702 2199 2725 ,
2233 2671 2483 2729 tanquam
2513 2664 2854 2732 evangelista:
2884 2664 3065 2717 vivere
3095 2663 3308 2716 aliunde
3338 2676 3442 2715 non

1875 2752 2127 2815 debeant,
2164 2768 2324 2821 quam
2376 2754 2452 2806 eis
2504 2755 2861 2821 praebentibus
2911 2755 3103 2821 quibus
3132 2753 3449 2807 annuntiant

1871 2843 2223 2913 evangelium.
2275 2844 2526 2911 Alioquin
2557 2854 2741 2899 contra
2797 2845 2909 2896 hare
2955 2856 3274 2910 praeceptum
3324 2842 3449 2897 fecit

1872 2935 2181 3001 Apostolus,
2214 2935 2300 3003 qui
2333 2935 2525 2988 victum
2555 2935 2622 2989 de
2655 2949 2908 2988 manuum
2934 2949 3147 2987 suarum
3180 2934 3449 2987 laboribus

1874 3025 2222 3091 transigebat,
2258 3040 2321 3077 ue
2374 3024 2615 3092 cuiquam
2667 3024 2846 3093 gravis
2873 3033 3012 3077 esset
3042 3025 3179 3089 (Act.
3207 3021 3321 3087 xx),
3357 3020 3451 3076 sed

1876 3124 2192 3183 potestatem
2226 3114 2461 3180 dedisse,
2498 3115 2546 3167 in
2600 3129 2699 3181 qna
2753 3118 2949 3167 scirent
2984 3111 3082 3165 sibi
3116 3114 3212 3165 ista
3248 3112 3449 3166 deberi.

1879 3206 2005 3259 Cum
2049 3206 2190 3260 enim
2237 3220 2264 3258 a
2306 3205 2530 3258 Domino
2576 3202 2772 3271 aliquid
2832 3204 3157 3269 imperatur,
3192 3201 3289 3255 nisi
3341 3202 3451 3267 ﬁat,

1882 3299 2253 3354 inobedientite
2294 3303 2444 3368 culpa
2478 3309 2587 3359 est;
2623 3312 2742 3353 cum
2788 3310 2966 3351 autem
3001 3306 3234 3366 potestas
3276 3295 3451 3359 datur,

1879 3390 2007 3444 licet
2041 3389 2325 3457 unicuique
2356 3404 2457 3443 non
2491 3389 2599 3451 uti,
2631 3397 2683 3442 et
2718 3398 2963 3454 tanquam
2997 3391 3061 3440 de
3092 3402 3187 3439 suo
3212 3386 3331 3454 jure
3372 3401 3457 3440 ce~

1877 3482 2024 3535 dere.
2070 3480 2180 3533 lloc
2230 3495 2356 3547 ergo
2385 3481 2637 3532 ordinans
2679 3478 2964 3540 Dominus,
2991 3476 3130 3545 quod
3164 3491 3282 3529 eum
3312 3475 3458 3529 ordi-

1879 3586 2034 3625 nasse
2084 3570 2212 3624 dicit
2261 3571 2568 3637 Apostolus,
2600 3570 2679 3621 liis
2728 3570 2814 3637 qui
2871 3568 3201 3633 evangelium
3253 3581 3460 3618 annun-

1882 3660 2031 3721 tiant,
2064 3658 2130 3712 de
2173 3655 2450 3727 evangelio
2501 3660 2675 3712 vivere
2704 3654 2766 3726 (1
2801 3656 2919 3709 Cor.
2952 3671 2999 3707 ix
3025 3657 3063 3722 ),
3090 3654 3175 3706 illa
3208 3653 3459 3719 apostolis

1882 3754 2191 3821 loquebatur
2212 3794 2226 3815 ,
2259 3764 2313 3805 ut
2345 3753 2517 3806 securi
2564 3768 2666 3805 non
2719 3752 3053 3821 possiderent
3081 3765 3251 3818 neque
3284 3757 3460 3816 porta—

1882 3856 1998 3901 rent
2030 3845 2184 3915 hujus
2216 3849 2335 3899 vitm
2367 3848 2688 3911 necessaria,
2725 3861 2819 3898 nec
2848 3862 3055 3912 magna,
3091 3860 3185 3896 nec
3216 3843 3455 3897 minima.

1884 3938 2006 3991 ldeo
2058 3939 2252 4005 posuit,
2282 3954 2379 3991 nec
2431 3939 2650 4003 virgam,
2685 3938 2973 3989 ostendens
3000 3952 3026 3987 a
3060 3936 3304 3987 lldelibus
3352 3947 3462 3986 SlllS

1886 4026 2064 4080 omnia
2097 4027 2278 4081 deberi
2308 4028 2567 4080 ministris
2606 4026 2713 4078 suis
2736 4066 2750 4089 ,
2787 4026 2928 4077 nulla
2974 4023 3239 4092 superﬂua
3273 4022 3460 4090 requi-

1886 4119 2145 4172 rentibus.
2180 4118 2252 4171 Ac
2284 4134 2375 4186 per
2408 4118 2507 4170 hoc
2538 4117 2803 4179 addendo,
2844 4114 3042 4186 Dignus
3074 4125 3145 4168 est
3172 4116 3302 4168 enim
3343 4130 3461 4180 ope-

1884 4209 2052 4261 rarius
2102 4210 2210 4261 cibo
2261 4225 2374 4274 suo,
2408 4223 2621 4275 prorsus
2656 4209 2860 4274 aperuit
2907 4217 2957 4261 et
3002 4208 3280 4259 illustravit
3327 4205 3465 4259 unde

1890 4301 2003 4353 haec
2034 4299 2208 4351 omnia
2243 4298 2566 4366 IOqueretur.
2604 4297 2745 4350 lianc
2784 4312 2909 4364 ergo
2938 4306 3273 4365 potestatem,
3305 4297 3462 4366 virgae

1890 4392 2105 4444 nomine
2148 4389 2462 4457 signiﬁcavit
2498 4403 2615 4441 cum
2663 4388 2815 4452 dicit,
2852 4387 2929 4439 Ne
2973 4387 3092 4455 quid
3136 4388 3363 4440 tollerent
3412 4389 3464 4439 in

1887 4482 1987 4545 via,
2036 4482 2136 4534 nisi
2191 4481 2378 4549 virgam
2427 4488 2661 4541 tantum,
2712 4488 2765 4531 ut
2816 4478 3157 4546 intelligatur,
3194 4480 3315 4546 cuia
3377 4493 3468 4544 per

196 4577 480 4647 magistris
517 4591 705 4629 aurum
749 4585 804 4630 et
846 4586 1118 4643 argentum
1162 4585 1215 4629 et
1244 4576 1519 4644 pecuniam
1566 4590 1683 4644 quin
1731 4576 1781 4628 in
1810 4604 1866 4666 Β
1896 4583 2207 4642 potestatem
2235 4587 2262 4624 a
2298 4572 2519 4623 Domino
2571 4577 2867 4636 acceptam,
2897 4584 3014 4637 quae
3060 4570 3226 4635 virgae
3259 4568 3470 4622 nomine

197 4671 364 4723 Znnis
392 4678 490 4729 est,
517 4669 809 4737 possidere.
836 4673 1037 4723 Aurum
1069 4683 1209 4737 saepe
1230 4669 1450 4738 legimus
1479 4684 1572 4737 pro
1602 4684 1782 4734 sensu,

196 4771 488 4827 argentum
517 4773 615 4829 pro
643 4774 908 4823 sermone,
927 4773 999 4813 aes
1030 4774 1123 4828 pro
1155 4773 1307 4814 voce.
1338 4759 1461 4813 llaec
1494 4758 1648 4813 nobis
1679 4775 1787 4813 non

198 4856 340 4909 iit'et
369 4853 434 4906 ab
455 4853 570 4905 aliis
598 4852 871 4919 accipere,
904 4851 995 4905 sed
1026 4852 1145 4904 data
1171 4865 1197 4902 a
1232 4850 1453 4904 Domino
1488 4850 1781 4918 possidere.

202 4947 403 5009 Neque
446 4945 815 4998 haereticorum
864 4951 919 4996 et
956 4943 1390 5011 philosophorum
1425 4956 1792 5011 perversazque

199 5034 475 5089 itm-trinae
519 5035 790 5103 suscipere
829 5034 1153 5101 disciplinas,
1188 5049 1291 5087 non
1332 5034 1510 5087 saeculi
1559 5035 1793 5102 pondere

206 5127 414 5194 premi,
455 5139 625 5193 neque
673 5124 867 5192 duplici
896 5138 1015 5177 esse
1042 5124 1218 5175 animo
1245 5163 1261 5189 ,
1296 5138 1467 5191 neque
1498 5124 1661 5191 pedes
1693 5137 1789 5175 no-

205 5229 364 5269 stros
391 5216 675 5269 mortiferis
697 5215 919 5269 vinculis
938 5212 1171 5283 alligare,
1201 5212 1291 5267 sed
1324 5220 1558 5267 sanctam
1592 5221 1788 5266 terram

207 5311 583 5377 ingredientes
619 5323 739 5363 esse
779 5306 967 5374 nudos,
997 5323 1167 5377 neque
1210 5308 1406 5363 habere
1451 5309 1651 5376 virgam
1679 5321 1797 5375 qua:

214 5413 463 5457 vertatur
489 5402 540 5455 in
572 5402 871 5463 colubrum,
905 5416 1074 5469 neque
1102 5401 1154 5455 in
1186 5400 1363 5467 aliquo
1406 5400 1653 5466 praesidio
1680 5415 1799 5453 car-

215 5497 313 5551 nis
341 5496 508 5559 inniti,
530 5496 655 5563 quia
698 5494 996 5549 istiusmodi
1038 5495 1185 5560 virga
1234 5502 1289 5547 et
1323 5493 1537 5546 baculus
1582 5492 1797 5545 arundi-

218 5598 365 5641 neus
408 5596 509 5652 est,
540 5601 696 5654 quem
734 5584 777 5638 si
811 5585 1077 5652 paululum
1121 5586 1403 5652 presseris.
1437 5582 1717 5651 frangitur,
1749 5592 1803 5636 et

219 5691 446 5735 Insanum
477 5677 762 5731 transforat
792 5676 1166 5730 incumbentis.
1200 5674 1327 5728 Item
1359 5689 1530 5740 neque
1560 5674 1754 5742 virgam
1780 5718 1794 5741 ,

221 5770 428 5836 idest,
461 5769 736 5837 potestatis
786 5780 1052 5822 extraneae
1099 5770 1215 5835 jura
1265 5782 1370 5820 non
1420 5768 1675 5837 indigere,
1712 5771 1805 5823 ha-

212 5862 428 5944 ,bcntes
452 5861 649 5931 virgam
675 5861 741 5917 de
767 5861 942 5916 radice
974 5858 1143 5914 Jesse.
1194 5858 1323 5915 Nam
1352 5873 1678 5927 qiuecunqm-
1707 5861 1805 5913 alia

1894 4663 2185 4731 signiﬁcata
2208 4672 2309 4725 est,
2330 4663 2487 4714 etiam
2517 4677 2633 4727 qum
2658 4676 2760 4712 non
2786 4671 3082 4726 portantur,
3104 4674 3206 4711 nou
3225 4660 3469 4713 deerunt.

1900 4754 2007 4808 lloc
2036 4764 2087 4807 et
2114 4753 2181 4805 de
2210 4752 2417 4805 duabus
2452 4752 2642 4803 tunicis
2672 4749 3067 4818 intelligendum
3104 4757 3205 4810 est,
3238 4764 3305 4801 ne
3328 4750 3473 4817 quis-

1898 4860 2052 4913 quam
2084 4861 2267 4899 eorum
2302 4852 2493 4911 praeter
2541 4857 2657 4897 eam
2712 4858 2813 4911 qua
2859 4852 3001 4897 esset
3048 4840 3282 4902 indutus,
3318 4841 3472 4892 aliam

1900 4938 2211 5008 portandam
2258 4946 2506 5005 putaret,
2546 4935 2807 4989 sollicitus
2856 4950 2921 4987 ne
2967 4945 3100 5000 opus
3150 4940 3326 4994 esset,
3358 4946 3474 4981 cum

1901 5044 1963 5082 ex
1995 5029 2081 5082 illa
2115 5037 2373 5097 potestate
2415 5035 2595 5095 posset
2631 5026 2900 5091 accipere.
2949 5025 3097 5089 Quod
3131 5037 3256 5074 vero
3288 5036 3475 5073 secun-

1906 5122 2028 5176 dum
2060 5121 2294 5175 Marcum
2342 5135 2445 5174 non
2498 5119 2727 5187 portari,
2757 5118 2838 5170 vel
2873 5117 3066 5170 habere
3092 5114 3225 5169 duas
3254 5116 3475 5175 tunicas,

1906 5216 2000 5271 sed
2030 5213 2333 5282 expressius
2364 5212 2508 5265 indui
2555 5211 2818 5281 prohibet,
2847 5208 3028 5262 dicens
3054 5225 3066 5260 :
3091 5204 3157 5261 Et
3195 5223 3257 5261 ne
3298 5208 3475 5259 indi/e-

1904 5316 2077 5359 rentur
2106 5305 2302 5355 duabus
2350 5301 2563 5362 tunicis,
2595 5300 2715 5366 quid
2760 5313 2852 5352 eos
2886 5307 3084 5362 monet,
3115 5299 3214 5351 nisi
3250 5311 3350 5349 non
3381 5296 3475 5347 du-

1909 5395 2146 5465 pliciter,
2193 5392 2286 5447 sed
2342 5391 2655 5459 simpliciter
2704 5391 3012 5444 ambulare?
3076 5387 3282 5444 Sufﬁcit
3332 5387 3471 5439 enim

1910 5487 2064 5540 nobis
2099 5483 2265 5539 semel
2311 5482 2554 5536 Christus
2602 5480 2833 5544 indutus,
2868 5495 3000 5533 neve
3048 5494 3139 5547 per
3169 5476 3475 5547 pravitatem

1912 5575 2278 5645 intelligentia:
2328 5582 2522 5625 nostra;
2571 5570 2734 5623 altera
2777 5570 3025 5636 deinceps
3064 5570 3145 5622 vel
3199 5570 3483 5630 hmreseos,

1912 5669 1993 5724 vel
2039 5676 2187 5722 veste
2237 5666 2365 5733 legis
2421 5664 2720 5715 induantur.
2776 5662 2987 5715 Aliter:
3024 5661 3078 5713 ln
3128 5658 3480 5727 prohibitione

1913 5766 2138 5820 duarum
2170 5760 2487 5820 tunicarum,
2506 5771 2784 5810 monemur
2812 5757 2989 5808 ouinia
3015 5752 3278 5823 superﬂua
3307 5760 3486 5806 nostra

1914 5854 2270 5926 indigentibus
2290 5863 2529 5920 erogare.
2563 5847 2712 5905 Unde
2734 5859 2786 5903 et
2802 5848 3086 5918 Apostolus
3099 5860 3196 5901 nos
3210 5852 3387 5900 monet
3436 5849 3488 5896 ut
