3972 6340
122 5956 131 6079 Ξ

556 348 685 415 ιδεςι
1406 343 1605 401 PAULI
1643 332 1915 399 DIACONI
1954 328 2105 395 ore.
2146 327 2321 389 rans
2360 330 2427 388 ιι.
2465 362 2537 373 -
2577 321 2930 387 ASCETICA.
3602 337 3698 397 με,

555 469 644 525 ubi
670 473 779 523 erat
832 464 986 519 Iesus
1026 445 1235 531 (Mare.
1268 456 1367 526 ιι).
1414 456 1709 512 Denudatio
1749 453 1948 509 etenim
1986 463 2131 520 tegn-
2164 454 2212 507 Α
2237 450 2418 501 Jesum
2448 454 2622 501 tamen
2654 445 2928 498 Christum
2956 458 3078 499 esse
3107 456 3204 500 non
3230 444 3449 521 credunt.
3476 447 3559 505 Sed
3584 457 3702 513 multo

563 563 731 617 larum
761 557 814 613 in
844 557 1003 611 domo
1032 552 1190 618 Jesu,
1223 550 1427 621 apertio
1469 558 1552 603 est
1594 548 1645 601 in
1689 547 1894 600 vilitate
1939 544 2132 598 littera

559 650 850 722 spiritualis
895 658 1088 702 sensus
1137 655 1192 699 et
1240 655 1558 697 arcanorum
1608 639 1929 694 caelestium.
1984 632 2135 701 Quod

559 752 738 795 autem
779 753 900 794 cum
946 736 1087 791 lecto
1125 732 1433 801 deponitur,
1481 727 1779 799 signiﬁcat,
1812 727 1879 780 ab
1922 724 2141 777 homine

562 833 613 887 in
644 832 744 885 ista
786 842 948 884 carne
976 826 1152 880 adhuc
1181 822 1477 879 constituto
1504 819 1775 874 Christum
1813 816 2013 871 debere
2044 828 2141 865 co-

559 924 764 994 gnosci.
796 920 953 975 Juxta
980 917 1263 987 mysticum
1294 927 1428 969 vero
1458 926 1675 966 sensum
1696 951 1711 976 ,
1740 908 1851 978 jam
1885 907 1938 961 in
1986 919 2143 974 para-

569 1020 727 1089 lytico
760 1016 997 1087 gentium
1028 1010 1347 1066 universitas
1373 1006 1598 1061 oﬂ'ertur
1629 1001 1916 1057 medenda.
1950 1001 2014 1053 Et
2042 1012 2143 1052 cu-

562 1109 784 1165 rationis
827 1107 990 1176 ipsius
1034 1103 1243 1158 Domini
1287 1099 1448 1156 verba
1488 1109 1610 1153 sunt
1652 1092 1974 1157 contuenda.
2028 1090 2145 1145 Non

570 1202 765 1255 dicitur
809 1197 1100 1268 paralytico
1121 1235 1135 1257 ,
1185 1194 1367 1248 salvus
1411 1199 1570 1255 esto;
1604 1202 1706 1242 non
1738 1186 1955 1249 dicitur,
1989 1196 2149 1251 surge

570 1305 624 1348 et
649 1292 858 1347 ambula
885 1307 901 1355 ;
931 1289 1026 1345 sed
1055 1289 1150 1359 (ut
1181 1286 1463 1342 Matthaeus
1490 1279 1717 1348 scribit)
1761 1288 1965 1333 tantum
2012 1275 2147 1329 dici-

570 1396 695 1440 tur:
741 1384 991 1438 Constans
1038 1392 1181 1449 esto,
1224 1380 1330 1449 fili,
1381 1379 1593 1432 remissa
1636 1384 1749 1428 sunt
1801 1373 1890 1426 tibi
1940 1379 2148 1441 peccata

572 1479 786 1548 (Matth.
816 1476 950 1546 six).
976 1476 1032 1529 In
1057 1475 1222 1529 Adam
1248 1487 1353 1525 uno
1376 1479 1592 1540 peccata
1617 1468 1879 1522 universis
1905 1465 2151 1533 gentibus

571 1569 935 1624 remittuntur.
973 1563 1073 1620 Hic
1112 1564 1292 1632 itaque
1331 1562 1536 1631 angelis
1579 1558 2012 1613 ministrantibus
2053 1571 2150 1610 cn-

571 1658 767 1712 randus
794 1657 1033 1718 offertur,
1071 1656 1157 1708 hic
1186 1653 1324 1708 ﬁlius
1366 1660 1723 1721 nuncupatur,
1753 1651 1875 1719 quia
1922 1648 2150 1717 primum

572 1749 664 1804 Dei
698 1763 833 1817 opus
861 1757 964 1802 est.
997 1746 1131 1801 Hinc
1174 1745 1520 1799 remittuntur
1563 1741 1756 1794 animae
1804 1747 2055 1808 peccata,
2100 1746 2154 1791 et

2238 539 2539 595 dementius
2568 547 2753 594 errant
2781 538 2998 605 Ariani,
3033 539 3123 608 qui
3165 555 3279 595 cum
3307 540 3468 597 Jesum
3502 546 3702 605 Christum

2240 645 2397 697 esse,
2445 639 2501 687 et
2547 643 2762 700 peccata
2810 646 2966 701 posse
3008 632 3275 689 dimittere
3318 636 3542 707 evangelii
3584 646 3706 700 verbis

2243 723 2436 779 devicti
2491 739 2687 792 negare
2758 742 2863 779 non
2918 726 3190 796 audeant,
3243 728 3544 787 nihilominus
3587 747 3707 795 tanta

2245 812 2413 868 Deum
2453 828 2647 883 negare
2686 830 2793 868 non
2832 816 3043 871 timent.
3093 817 3374 873 Erroneum
3418 822 3503 877 hoc
3539 830 3710 896 nequiter

2248 907 2502 960 inducere
2570 918 2946 975 praesumunt,
3000 920 3054 962 et
3103 910 3224 964 ﬁdei
3272 913 3552 970 Christiane
3592 924 3710 977 verbis

2246 1000 2513 1053 contraria
2558 1001 2949 1069 proclamantes
2995 1016 3099 1056 non
3142 1004 3462 1059 erubescunt.
3485 1006 3590 1063 Cum
3612 1014 3713 1067 Aria-

2250 1092 2333 1146 nis
2386 1092 2543 1159 igitur
2593 1091 2645 1144 hi
2698 1093 2884 1158 perﬁdi
2939 1095 3005 1147 ab
3069 1094 3301 1149 Ecclesia
3349 1110 3591 1155 censentur
3638 1120 3713 1160 esse

2250 1182 2554 1250 catholica,
2612 1183 2697 1253 qui
2753 1200 2851 1239 nec
2908 1186 3189 1240 Dominum
3247 1204 3415 1243 verum
3466 1192 3542 1245 Dei
3586 1195 3714 1252 Filium

2256 1278 2423 1331 Deum
2478 1292 2639 1346 esse,
2696 1296 2869 1350 neque
2924 1292 3139 1349 peccata
3198 1299 3347 1351 posse
3397 1286 3645 1357 dimittere,
3685 1296 3715 1348 in

2258 1381 2444 1425 mente
2497 1386 2590 1424 sua
2649 1380 2832 1426 tenent
2876 1388 3129 1430 errones.
3181 1376 3247 1430 At
3293 1379 3400 1447 ipse
3442 1383 3622 1447 perﬁdus
3652 1392 3716 1440 sal-

2254 1478 2379 1518 vare
2422 1464 2757 1527 desiderans,
2802 1475 2856 1520 et
2898 1469 3229 1521 occultorum
3270 1472 3558 1539 cognitione,
3582 1485 3621 1528 et
3650 1480 3715 1531 vir-

2257 1564 2371 1609 tute
2401 1570 2623 1623 operum
2643 1596 2659 1619 ,
2695 1557 2859 1609 Deum
2893 1572 2952 1611 se
2981 1559 3307 1614 manifestat.
3340 1560 3615 1632 Respondent
3634 1567 3719 1619 dixit

2256 1651 2324 1702 ad
2372 1650 2491 1703 illos
2519 1664 2538 1703 :
2588 1651 2727 1716 Quid
2768 1651 3007 1721 cogitatis
3053 1653 3194 1706 mala
3237 1654 3288 1706 in
3314 1644 3537 1708 'cordibus
3572 1659 3723 1711 restria!

2263 1736 2447 1795 Eidem
2496 1757 2724 1812 namque
2771 1742 2879 1797 Deo
2923 1744 3010 1812 qui
3053 1744 3222 1812 dicit,
3266 1743 3372 1814 Ego
3409 1763 3505 1799 sum
3536 1750 3603 1817 qui
3631 1750 3722 1802 deleo

571 1839 898 1908 indulgentia
928 1838 1114 1905 primat
1146 1833 1558 1903 traugressionis
1587 1846 1653 1885 ex
1687 1830 1842 1884 venia
1889 1839 1993 1883 est.
2042 1827 2155 1881 Hoc
2182 1809 2235 1871 Β
2265 1833 2564 1900 iniquitates
2606 1809 2719 1888 tuas
2742 1878 2756 1901 ,
2788 1809 3222 1903 sapientissimus
3253 1809 3420 1891 orator
3444 1841 3507 1891 ait
3529 1809 3724 1891 ς’ΐαιιιῑιι

570 1941 652 1986 est
685 1930 826 1985 enim
858 1928 995 1997 quod
1032 1926 1378 1994 subsequitur
1407 1941 1421 1977 :
1464 1922 1696 1987 Quorum
1725 1920 1881 1987 ﬁdem
1910 1927 1966 1971 ut
1995 1917 2153 1983 uidit,

574 2022 705 2076 dixit
727 2035 749 2076 :
780 2020 984 2084 Homo,
1013 2019 1348 2073 remittuntur
1376 2014 1466 2068 tibi
1495 2022 1704 2084 peccata
1736 2022 1843 2064 tua.
1877 2008 2155 2064 Hominem

584 2113 841 2167 Dominus
868 2127 897 2165 a
931 2110 1161 2181 paralysi
1192 2118 1511 2181 curaturus,
1545 2108 1771 2173 primum
1818 2111 2159 2170 peccatorum

579 2205 789 2259 vincula
819 2176 1104 2269 dissolvit,
1134 2210 1192 2255 ut
1221 2176 1529 2255 ostenderet
1557 2212 1679 2252 eum
1724 2195 1793 2250 ob
1838 2209 2006 2248 nexus
2047 2193 2160 2246 cul-

581 2314 801 2367 parum,
837 2308 1044 2351 artuum
1074 2295 1422 2349 dissolutione
1469 2290 1748 2355 damnari,
1792 2302 1890 2343 nec
1936 2287 2035 2341 nisi
2080 2286 2161 2340 his

582 2379 834 2441 relaxatis
856 2427 870 2452 ,
903 2385 1264 2440 membrorum
1296 2397 1454 2451 posse
1498 2379 1907 2447 recuperatione
1952 2377 2159 2432 sanari.

578 2476 671 2530 Sic
698 2485 753 2533 et
780 2476 856 2529 illi
888 2475 1180 2545 paralytico
1200 2514 1217 2539 ,
1247 2474 1350 2541 qui'
1360 2473 1509 2542 juxta
1540 2472 1868 2540 probaticam
1904 2471 2162 2540 piscinam

584 2567 673 2621 diu
722 2582 871 2635 aqua:
920 2574 1121 2619 motum
1174 2564 1371 2618 frustra
1422 2563 1852 2629 praestolabatur,
1901 2569 2090 2615 sanato
2132 2574 2163 2615 a

586 2659 809 2711 Domino
834 2657 1029 2711 dicitur
1061 2673 1073 2708 :
1107 2652 1243 2709 Ecce
1270 2671 1427 2708 sanus
1458 2654 1625 2721 {actus
1653 2669 1705 2707 es
1728 2668 1748 2707 :
1770 2654 1884 2724 jam
1912 2653 2021 2707 noli
2050 2668 2165 2722 pec-

581 2764 732 2813 care,
761 2765 822 2802 ne
848 2748 1065 2801 deterius
1093 2745 1181 2799 tibi
1218 2745 1414 2814 aliquid
1452 2745 1713 2816 contingat
1750 2742 1927 2813 (Joan.
1966 2742 2049 2813 v).
2097 2741 2167 2798 Ει

604 2840 741 2895 bene
770 2842 815 2893 is
838 2840 922 2893 cui
952 2847 1164 2907 peccata
1210 2835 1636 2902 dimittebantur,
1681 2834 1843 2890 homo
1888 2843 2112 2888 vocatur
2143 2851 2158 2887 :

592 2933 682 3002 qui
725 2934 825 2987 hoc
870 2933 989 3000 ipso
1031 2928 1177 2999 quod
1221 2932 1381 2983 homo
1421 2938 1568 2992 erat,
1598 2944 1700 2982 non
1734 2935 1917 2995 posset
1944 2926 2163 2992 dicere,

596 3040 700 3078 non
731 3022 965 3093 peccavi.
994 3020 1165 3077 Simul
1192 3021 1351 3075 etiam
1370 3059 1385 3085 ,
1415 3028 1472 3075 ut
1498 3019 1587 3074 ille
1612 3018 1702 3088 qni
1746 3016 1951 3072 homini
1991 3024 2167 3070 errata

590 3118 927 3181 dimittebat,
954 3115 1341 3183 intelligeretur
1368 3113 1532 3177 Deus,
1557 3113 1607 3164 in
1633 3110 1881 3166 Matthteo
1906 3116 1962 3164 et
1989 3108 2164 3162 Marco

592 3210 638 3263 ei
667 3208 859 3262 dicitur
889 3226 902 3261 :
932 3206 1169 3274 Conﬁde,
1200 3204 1313 3273 fili,
1345 3204 1673 3258 remittuntur
1715 3201 1803 3254 tibi
1847 3211 2058 3268 peccata
2082 3210 2168 3251 tua

599 3298 809 3370 (Matth.
841 3313 895 3352 Ix
915 3337 932 3362 ,
964 3296 1132 3350 Marc.
1161 3294 1244 3365 ιι).
1275 3297 1318 3349 0
1345 3296 1482 3349 mira
1515 3293 1826 3348 humilitas!
1858 3291 2169 3358 despectum

600 3402 652 3442 et
680 3388 908 3442 debilem
931 3430 944 3450 ,
978 3387 1209 3448 totisque
1238 3386 1598 3441 membrorum
1628 3381 2033 3452 compaginibus
2062 3380 2173 3433 dis-

601 3480 833 3533 solutum
866 3478 1030 3532 ﬁlium
1071 3488 1257 3545 vocat,
1288 3492 1445 3547 quem
1485 3476 1798 3531 sacerdotes
1837 3490 1941 3527 non
1982 3473 2172 3541 digna-

598 3569 790 3623 bantur
833 3568 1117 3638 attingere.
1162 3569 1269 3623 Aut
1310 3577 1459 3622 certe
1488 3567 1609 3622 ideo
1640 3567 1803 3620 lilium
1832 3573 2024 3631 vocat,
2051 3566 2172 3632 quia

598 3663 939 3719 dimittuntur
963 3664 1013 3717 ei
1047 3672 1260 3732 peccata
1302 3676 1420 3716 sua.
1466 3660 1623 3729 Juxta
1667 3661 2026 3729 tropologiam
2050 3696 2064 3721 ,
2095 3673 2175 3711 m-

602 3759 809 3812 terdum
837 3756 1013 3810 anima
1040 3756 1226 3824 jacens
1256 3756 1311 3809 in
1339 3768 1565 3822 corpore
1594 3751 1857 3825 [torpore]
1886 3764 1985 3804 suo
2003 3790 2020 3815 ,
2052 3748 2177 3803 totis

606 3853 967 3903 membrorum
1008 3849 1291 3903 virtutibus
1354 3846 1659 3910 dissolutis,
1708 3860 1737 3897 a
1787 3843 2022 3913 perfecto
2072 3841 2175 3894 do-

603 3941 1022 3996 ctore'curanda
1047 3938 1269 3994 oﬁ'ertur
1303 3939 1527 3992 Domino
1554 3953 1566 3989 :
1597 3951 1714 4004 quae
1742 3936 1787 3989 si
1818 3932 2176 3988 misericordia

602 4034 718 4101 ejus
747 4040 930 4087 sanata
963 4031 1152 4095 luerit,
1191 4038 1395 4083 tantum
1425 4027 1633 4082 roboris
1663 4024 1890 4094 accipit,
1922 4034 1977 4077 ut
2006 4029 2181 4091 portet

602 4124 782 4180 statim
824 4124 1022 4179 lectum
1068 4138 1245 4177 suum.
1296 4120 1609 4176 Intuendum
1638 4133 1800 4183 sane,
1830 4116 2011 4187 quanti
2057 4130 2181 4183 pro-

604 4215 715 4285 pria
753 4217 1010 4285 cujusque
1037 4215 1169 4269 ﬁdes
1198 4211 1334 4282 apud
1365 4210 1531 4266 Deum
1561 4210 1768 4275 valeat,
1800 4208 1887 4261 ubi
1920 4206 2049 4259 tanti
2087 4219 2181 4258 va—

560 4324 563 4327 ·
606 4308 735 4371 luit,
779 4306 987 4372 aliena,
1032 4314 1091 4359 ut
1131 4312 1276 4358 totus
1319 4302 1479 4355 homo
1519 4307 1773 4369 repente,
1804 4299 1855 4351 id
1882 4306 1995 4363 cst,
2031 4307 2181 4351 este-

610 4398 825 4464 riusque
850 4396 1086 4449 salvatus
1111 4392 1219 4463 jam
1253 4400 1588 4460 exsurgeret,
1622 4388 1952 4456 aliorumque
1994 4386 2184 4439 merito

611 4488 729 4540 aliis
762 4487 1066 4539 laxarentur
1093 4493 1293 4538 errata.
1326 4482 1395 4534 Et
1424 4488 1682 4552 coeperunt
1723 4479 1945 4547 cogitare
1986 4474 2182 4532 Scriba

613 4588 658 4629 et
695 4575 977 4639 Phariswi,
1011 4575 1272 4627 dicentes:
1306 4572 1430 4638 Quis
1461 4580 1532 4625 est
1568 4570 1651 4622 hic
1679 4571 1764 4635 qui
1792 4568 2018 4635 loquitur
2044 4566 2185 4619 blas-

614 4666 889 4738 phemias?
930 4666 1057 4730 Quis
1106 4672 1269 4736 potest
1324 4664 1574 4715 dimittere
1629 4669 1835 4727 peccata
1887 4660 1986 4712 nisi
2043 4658 2186 4712 solus

616 4760 799 4813 Deus?
828 4757 1078 4825 Legimus
1105 4758 1156 4810 in
1189 4754 1462 4823 pr0phetis
1483 4793 1499 4819 ,
1529 4752 1740 4805 dicente
1772 4751 2031 4816 Domino,
2076 4748 2185 4818 Ego

611 4867 722 4903 sum
766 4848 852 4916 qui
894 4846 1037 4900 deleo
1080 4846 1371 4911 iniquitates
1411 4854 1524 4897 tuas
1558 4839 1732 4912 (Isai.
1762 4855 1886 4893 mu
1910 4839 1950 4908 ).
1984 4839 2188 4894 Conse-

614 4948 840 5005 quenter
885 4917 1016 5006 ergo
1055 4934 1298 4998 Scribat,
1341 4934 1464 5000 quia
1510 4933 1683 4998 ipsum
1727 4927 1996 4981 hominem
2042 4935 2192 4994 puta-

617 5030 776 5090 bant,
811 5038 864 5082 et
897 5026 1066 5081 Verba
1091 5025 1187 5079 Dei
1214 5024 1611 5093 intelligebant,
1645 5030 1873 5089 arguunt
1897 5033 2016 5073 eum
2041 5018 2186 5073 blas-

622 5118 870 5186 phemiae.
908 5119 1100 5181 Verum
1133 5118 1315 5186 utique
1343 5115 1529 5169 dicunt
1560 5111 1847 5179 Pharisaei,
1876 5110 2004 5181 quia
2033 5124 2192 5166 nemo

618 5210 889 5264 dimittere
915 5217 1130 5279 peccata
1156 5208 1260 5263 nisi
1283 5206 1428 5261 solus
1458 5206 1596 5260 Deus
1621 5210 1836 5275 potest,
1862 5201 1953 5271 qui
1980 5216 2074 5271 per
2098 5213 2193 5255 eos

620 5316 829 5372 quoque
869 5301 1123 5367 dimittit,
1169 5302 1359 5371 quibus
1397 5298 1700 5355 dimittendi
1749 5297 1931 5351 tribuit
1958 5304 2195 5366 potesta-

620 5405 728 5450 tem
762 5412 776 5448 :
809 5405 866 5450 et
909 5396 1029 5450 ideo
1076 5394 1323 5448 Christus
1365 5407 1525 5447 verus
1571 5392 1712 5445 Deus
1751 5404 1873 5444 esse
1914 5390 2189 5456 probatur,

621 5486 741 5554 quia
776 5484 1047 5540 dimittere
1076 5496 1297 5555 peccata
1328 5493 1384 5538 ut
1413 5484 1554 5538 Deus
1600 5490 1792 5550 potest.
1841 5480 2039 5535 Verum
2089 5480 2200 5534 Deo

626 5576 991 5631 testimonium
1022 5576 1290 5640 reddunt,
1321 5574 1414 5629 sed
1442 5586 1730 5642 personam
1757 5568 1959 5625 Christi
2002 5585 2202 5639 negan-

628 5675 708 5722 tes
735 5667 1007 5723 lalluntur.
1031 5668 1227 5723 Errant
1247 5668 1423 5735 itaque
1445 5664 1650 5731 Judaei,
1673 5664 1908 5733 quicum
1931 5661 2197 5719 Christum

627 5767 681 5821 et
723 5759 887 5818 Deum
929 5775 1088 5825 esse,
1120 5771 1174 5816 et
1201 5768 1418 5830 peccata
1459 5756 1728 5813 dimittere
1754 5771 1915 5828 posse
1939 5759 2201 5826 credunt,

2260 1925 2401 1978 solus
2447 1925 2583 1979 nosti
2629 1926 2786 1978 corda
2845 1927 3072 1980 omnium
3125 1926 3353 1992 filiorum
3392 1926 3607 1981 hominum
3639 1927 3722 1996 (ill

2263 2015 2390 2085 Reg.
2423 2030 2516 2069 vm
2544 2017 2585 2086 ).
2639 2016 2837 2071 Eadem
2885 2032 3021 2087 ego,
3071 2019 3278 2089 inquit,
3325 2019 3568 2089 majestate
3600 2031 3640 2075 et
3670 2039 3727 2091 po-

2259 2108 2424 2161 tentia
2468 2122 2571 2177 qua
2615 2108 2969 2177 cogitationes
2994 2120 3207 2167 vestras
3252 2112 3466 2177 intueor,
3503 2129 3663 2183 possum
3696 2124 3727 2178 et

2260 2197 2572 2254 hominibus
2625 2200 2819 2254 delicta
2872 2201 3167 2257 dimittere.
3232 2205 3307 2257 lix
3356 2204 3490 2259 vobis
3535 2206 3727 2273 intelligis:

2259 2289 2387 2357 quid
2433 2291 2761 2360 paralyticos
2807 2305 3193 2363 consequatur.
3244 2295 3377 2361 Quid
3413 2306 3479 2349 est
3513 2297 3727 2365 [sciliutdi-

2261 2399 2414 2438 cere:
2459 2382 2800 2438 Dimittuntur
2849 2388 2936 2439 tibi
2976 2398 3211 2459 peccata,
3255 2405 3321 2442 an
3360 2391 3729 2459 dicereusrgeet

2262 2475 2520 2527 ambula?
2571 2475 2713 2530 Inter
2762 2476 2941 2532 dicere
2991 2487 3045 2533 et
3098 2479 3321 2548 facere,
3370 2482 3517 2534 multa
3562 2480 3728 2532 distantia

2263 2574 2365 2619 est.
2418 2565 2600 2621 Utrum
2652 2568 2759 2621 sint
2800 2569 3095 2638 paralytico
3141 2580 3357 2639 peccata
3399 2570 3608 2636 dimissa,
3638 2573 3732 2624 solus

2264 2668 2487 2711 noverat
2533 2658 2621 2727 qui
2668 2657 2996 2714 dimittebat.
3046 2660 3225 2731 Surge
3271 2674 3442 2716 autem
3484 2672 3528 2715 et
3564 2660 3729 2723 ambula,

2266 2755 2373 2802 tam
2416 2749 2509 2804 ille
2540 2750 2630 2820 qui
2675 2752 2957 2820 surgebat,
2984 2768 3145 2822 quam
3193 2754 3247 2808 bi
3289 2754 3375 2821 qui
3415 2763 3657 2824 surgentem
3683 2751 3730 2804 ri-

2264 2843 2494 2906 debant,
2537 2843 2839 2911 approbare
2881 2853 3153 2914 poterant.
3204 2844 3290 2899 Fit
3329 2845 3475 2915 igitur
3510 2843 3668 2898 carnale
3694 2841 3734 2894 si-

2267 2948 2463 3003 gnum,
2509 2945 2567 2987 ut
2612 2935 2865 3004 probetur
2905 2936 3222 3006 spirituale,
3268 2952 3544 3006 quanquam
3577 2932 3736 3003 ejusdem

2270 3025 2487 3079 virtutis
2526 3027 2633 3092 sit,
2676 3036 2731 3080 et
2775 3030 3020 3096 corporis
3060 3040 3114 3083 et
3156 3029 3354 3084 animat
3394 3030 3508 3083 vitia
3539 3027 3734 3080 dimittere.

2276 3115 2343 3170 Et
2381 3117 2540 3170 datur
2584 3118 2738 3172 nobis
2785 3104 3135 3188 intelligentia
3160 3162 3175 3188 ,
3227 3130 3435 3189 propter
3472 3128 3641 3187 peccata
3670 3115 3737 3179 ple-

2275 3221 2468 3274 rasque
2524 3208 2743 3263 evenire
2799 3223 3087 3276 corporum
3145 3209 3483 3265 debilitates:
3527 3218 3571 3261 et
3613 3204 3738 3259 idcirco

2277 3297 2495 3353 forsitan
2546 3300 2687 3367 prius
2737 3299 3074 3355 dimittuntur
3121 3313 3377 3369 peccata,
3425 3309 3477 3354 ut
3519 3298 3650 3353 causis
3679 3294 3736 3347 ile-

2280 3389 2499 3445 bilitatis
2556 3391 2787 3458 ablatis,
2840 3393 3042 3447 sanitas
3096 3397 3430 3449 restituatur.
3481 3390 3666 3458 Quinque
3696 3385 3739 3438 si-

2277 3480 2492 3545 quidem
2535 3490 2660 3533 sunt
2703 3479 3021 3535 differentiae
3067 3496 3388 3549 causarum,
3430 3494 3514 3550 pro
3550 3475 3741 3547 quibusin

2279 3570 2380 3625 hac
2406 3572 2509 3625 vita
2541 3573 2802 3626 molestiis
2827 3573 3193 3641 corporalibus
3227 3574 3517 3645 afﬂigimur.
3554 3571 3632 3624 Aut
3650 3566 3737 3620 enim

2280 3665 2346 3717 ad
2399 3666 2587 3718 merita
2639 3666 2880 3735 augenda
2932 3682 3025 3735 per
3077 3669 3389 3735 patientiam
3436 3666 3544 3736 justi
3583 3658 3738 3730 corporis

2282 3753 2589 3807 inﬁrmitate
2634 3762 2950 3822 gravantur,
2999 3763 3059 3807 ut
3105 3755 3245 3811 beati
3296 3765 3465 3825 patres
3501 3752 3583 3808 Job
3616 3760 3654 3804 et
3681 3746 3741 3799 Τοο

2285 3846 2436 3915 bias,
2486 3856 2539 3900 et
2585 3847 2847 3901 innumeri
2897 3857 3155 3916 martyres
3204 3847 3257 3902 in
3299 3860 3512 3913 utroque
3550 3851 3740 3897 testium

2285 3949 2359 3995 to.
2414 3942 2523 3994 Aut
2567 3940 2631 3993 ad
2685 3940 2977 3993 custodiam
3025 3941 3280 3996 virtutum
3339 3947 3669 4009 perceptarum,
3704 3940 3742 3980 lle

2286 4030 2534 4099 superbia
2587 4038 2827 4085 tentante
2872 4030 3177 4098 dispereant
3203 4074 3216 4096 ,
3270 4033 3407 4087 sicut
3449 4025 3643 4097 apostolo
3669 4020 3743 4074 Pat-

2286 4124 2378 4189 lo,
2421 4138 2483 4175 ne
2529 4122 2877 4191 magnitudine
2922 4122 3294 4175 rerelationum
3333 4123 3629 4177 attolleretur,
3657 4113 3745 4161 dum

2288 4223 2360 4269 est
2398 4214 2478 4268 illi
2518 4215 2751 4267 stimulus
2802 4214 2973 4267 carnis
3023 4231 3163 4281 sum,
3220 4214 3430 4285 angelus
3480 4211 3664 4269 Solatur,
3695 4196 3745 4266 ςπί

2289 4322 2402 4361 eum
2447 4306 2787 4375 rolaphizaret
2818 4303 2918 4376 (11
2952 4306 3072 4362 Cor.
3103 4306 3245 4377 xu).
3282 4309 3386 4359 Aut
3412 4304 3472 4359 ad
3513 4291 3748 4364 intelligendi

2290 4408 2345 4451 et
2393 4396 2708 4463 corrigenda
2766 4404 2987 4466 peccata
3042 4408 3257 4461 nostra,
3313 4397 3449 4451 sicut
3495 4392 3624 4449 Maria
3658 4392 3749 4439 sem!

2215 4511 2269 4571 ι
2295 4491 2470 4541 Aaron
2503 4488 2555 4541 iu
2585 4501 2768 4542 eremo
2797 4489 2866 4540 ob
2906 4486 3066 4542 verba
3111 4488 3432 4543 temeritatis
3468 4498 3514 4541 et
3548 4477 3749 4548 superbia.

2295 4580 2439 4647 lepra
2487 4594 2734 4647 percussa
2764 4588 2847 4632 est
2875 4576 3062 4646 (Nam.
3093 4579 3192 4647 xu)
3226 4593 3243 4644 ;
3271 4589 3326 4633 et
3365 4579 3493 4631 sicut
3532 4565 3751 4644 ρωιιύευε

2290 4671 2359 4725 de
2388 4686 2494 4740 quo
2527 4680 2847 4735 tractamus,
2880 4673 2968 4739 qui
3000 4685 3104 4725 non
3138 4671 3238 4724 nisi
3273 4676 3442 4741 primo
3477 4665 3661 4722 dimissis
3687 4668 3755 4724 ρξε’

2292 4767 2431 4820 catis
2476 4766 2643 4832 potuit
2683 4764 2753 4818 ab
2793 4764 3103 4819 inﬁrmitate
3142 4768 3347 4819 curari.
3392 4766 3488 4818 Aut
3524 4759 3578 4812 ad
3612 4750 3752 4824 gloriam

2296 4858 2392 4912 Dei
2420 4857 2706 4922 salvantis,
2739 4857 2853 4909 sive
2897 4872 2989 4925 per
3033 4856 3269 4925 seipsum
3291 4898 3307 4921 ,
3356 4857 3465 4910 sive
3496 4866 3575 4922 per
3608 4839 3754 4898 famulos

2296 4962 2423 5003 suos
2448 4965 2459 5000 :
2490 4949 2626 5002 sicut
2657 4961 2832 5001 caecus
2862 4960 3016 5001 natus
3047 4947 3099 5000 in
3130 4950 3406 5017 evangelio
3434 4945 3511 5015 qui
3541 4930 3754 5006 ιιαιιιθίρδθ

2298 5040 2574 5109 peccavit,
2623 5055 2793 5107 neque
2841 5050 3090 5108 parentes
3136 5038 3288 5108 ejus,
3341 5040 3431 5093 sed
3472 5045 3520 5088 ut
3552 5022 3754 5085 manileilr

2296 5108 2483 5187 rentur
2532 5146 2697 5201 opera
2744 5132 2860 5200 ejus
2902 5132 2955 5185 in
2986 5130 3078 5186 illo
3118 5129 3320 5201 (Joan.
3349 5144 3403 5183 ts
3428 5171 3442 5196 ,
3473 5123 3590 5191 ιι);
3615 5108 3757 5201 οίείωξ
3848 5160 3849 5189 ι

2301 5225 2534 5280 Lazarus
2560 5194 2585 5290 ,'
2627 5194 2791 5294 cujus.
2831 5194 3265 5279 inﬁrmitas‘non
3316 5194 3568 5276 dicebatur
3603 5194 3755 5294 esse“?i

2300 5330 2528 5374 mortem
2552 5361 2569 5387 ,
2599 5320 2693 5374 sed
2727 5333 2825 5388 pro
2853 5318 3020 5387 gloria
3054 5317 3179 5383 Dei,
3211 5325 3264 5370 ut
3294 5312 3638 5384 gloriﬁcaretur
3658 5290 3759 5388 Filii!

2302 5408 2397 5463 Dei
2453 5424 2546 5477 per
2601 5386 2741 5462 eam.
2801 5386 2907 5463 Aut
2953 5408 3018 5461 ad
3074 5392 3460 5461 inchoationem
3507 5386 3757 5477 damnabili"

2296 5474 2537 5566 aeternas,
2568 5501 2711 5571 quod
2752 5499 3104 5567 reproborum
3135 5507 3217 5553 est
3247 5495 3506 5567 proprium
3525 5528 3540 5553 ,
3565 5484 3667 5539 sicut
3692 5474 3755 5571 Λιξ-

2299 5593 2513 5648 tiochus
2555 5557 2609 5647 ei
2650 5591 2928 5659 Herodes,
2976 5594 3063 5660 qui
3107 5557 3329 5659 uterque
3350 5557 3461 5640 suo
3501 5557 3756 5656 tcmP‘m’fi‘

2300 5702 2491 5743 versus
2541 5685 2708 5739 Deum
2763 5695 3158 5754 repugnantes,
3204 5679 3328 5751 quid
3379 5661 3753 5754 tormentorum":il

2299 5782 2546 5849 gehenna
2579 5781 2839 5845 perpetuo
2870 5772 3078 5844 passuri
3109 5781 3289 5829 essent
3313 5807 3329 5835 ,
3362 5758 3652 5838 praesentiunt
3672 5736 3753 5797 θίαν
