3972 6340
50 4334 71 4367 ς

54 4430 75 4469 ς

64 4522 77 4557 τ

204 458 333 515 1553

1169 456 1629 517 HOMILIARIUS.
1673 486 1744 501 --
1782 456 1945 516 nou.
1991 456 2078 514 ne
2116 438 2465 515 Teneone.

3317 450 3457 519 tast

193 575 423 637 ctionum
452 572 671 629 miseria
700 572 907 629 cunctis
946 574 1349 631 ostendebatur.
1396 576 1601 643 Quibus
1630 590 1762 632 con-
1789 579 1838 636 Α
1869 574 1983 643 nis,
2014 575 2067 630 in
2097 590 2198 645 qua
2231 570 2376 646 prius
2397 574 2612 646 jacebat
2639 587 2891 647 κει-ειυς.
2933 577 3069 645 Quid
3101 588 3184 633 est
3214 594 3343 649 ergo
3371 580 3458 636 di-

191 668 330 739 gruit
371 666 502 722 illud
547 666 853 736 prophetae,
896 666 963 722 Et
1004 668 1202 741 duplici
1229 670 1534 724 contritione
1563 680 1767 725 contere

192 775 268 814 eos
301 758 450 829 (Jer.
480 773 592 813 xvtt
615 757 656 827 ).
704 757 857 814 Unde
886 774 1106 816 necesse
1145 769 1230 815 est
1267 761 1322 816 in
1362 761 1610 817 omnibus
1649 777 1768 830 qua:

192 850 411 907 adversa
457 850 832 921 temporaliter
872 851 1125 924 patimur,
1170 868 1291 909 cum
1329 853 1630 910 humilitate
1660 854 1767 910 Do-

193 945 330 999 mino
357 943 554 1014 gratias
581 958 825 1015 agamus,
859 955 914 1001 et
938 946 1261 1003 inﬁrmitatis
1292 956 1491 1004 nostrae
1520 949 1761 1015 conscii,

1872 681 2022 733 cere,
2055 666 2180 721 tolle
2205 665 2392 720 lectum
2420 675 2598 735 tuum,
2651 677 2699 721 et
2743 667 2869 721 vade
2914 669 2968 721 in
3015 670 3218 724 domum
3267 673 3458 728 tuam?

1871 756 2007 822 nisi,
2042 766 2193 826 porta
2240 756 2565 812 tentationes
2594 758 2645 811 in
2678 756 2870 827 quibus
2899 757 3153 813 hactenus
3196 759 3412 830 jacuisti
3435 799 3456 827 ,

1871 865 1934 906 ac
1963 862 2234 908 revertere
2266 853 2329 907 ad
2360 854 2740 909 conscientiam
2762 896 2777 920 ,
2809 864 2867 910 ut
2894 856 3077 912 videas
3107 873 3224 926 qua:
3250 856 3451 914 fecisti.

1870 942 1939 997 Et
1966 947 2228 1016 confestim
2258 962 2469 1019 surgens
2511 962 2683 1001 coram
2724 946 2864 1015 illis,
2889 949 3006 1002 tulit
3036 940 3217 1004 leclttm
3258 952 3311 1005 in
3352 967 3454 1021 quo

191 1036 254 1091 de
287 1035 495 1091 collatis
532 1037 689 1092 nobis
714 1036 973 1093 remediis
1009 1040 1367 1110 gratulemur.
1410 1040 1639 1097 Necesse
1680 1047 1764 1097 est
1861 1036 2097 1106 iacebat,
2131 1048 2178 1092 et
2203 1040 2325 1092 abiit
2363 1040 2415 1092 in
2454 1039 2662 1093 domum
2700 1056 2847 1093 suam
2887 1041 3219 1114 magniﬁcans
3262 1041 3452 1097 Deum.

191 1136 246 1183 ut
266 1128 332 1184 ad
361 1129 746 1186 conscientiam
780 1140 1019 1187 nostram
1051 1135 1283 1202 reversi,
1329 1134 1559 1190 solerter
1598 1148 1764 1202 opera

194 1230 369 1277 nostra
408 1223 566 1278 simul
612 1232 665 1279 et
707 1224 1062 1294 cogitationes
1100 1226 1446 1295 exploremus
1469 1266 1485 1291 ,
1516 1236 1570 1283 et
1613 1225 1767 1295 quid-

191 1309 311 1380 quid
353 1324 452 1367 nos
496 1326 753 1382 peccasse
796 1312 1282 1383 deprehendimus,
1328 1316 1485 1387 digna
1535 1316 1768 1386 castiga-

193 1406 330 1463 tione
368 1422 688 1478 purgemus,
728 1408 986 1480 quidquid
1016 1409 1085 1465 de
1115 1409 1197 1465 his
1227 1426 1346 1482 qua;
1380 1425 1478 1467 nos
1509 1421 1657 1467 recte
1688 1410 1768 1467 fe-

190 1500 330 1557 cisse
382 1500 781 1569 credehamus,
850 1499 982 1556 vitio
1039 1501 1198 1557 nobis
1251 1502 1501 1558 elationis
1559 1503 1768 1573 perisse

190 1592 582 1661 comperimus,
629 1599 686 1648 et
734 1591 836 1647 hoc
882 1591 1067 1646 humili
1116 1590 1484 1649 satisfactione
1534 1595 1766 1663 castige-

190 1695 327 1737 mus.
376 1682 488 1737 iioc
532 1680 676 1737 enim
723 1682 882 1738 nobis
923 1681 1121 1751 sapius
1169 1682 1268 1737 fuit
1313 1697 1473 1739 causa
1522 1682 1768 1754 ﬂagello-

189 1787 328 1829 rum.
382 1771 651 1829 Caeterum
701 1773 1014 1829 innocentes
1058 1782 1112 1828 et
1151 1772 1330 1843 justos
1370 1773 1442 1829 ob
1484 1783 1768 1844 augmenta

191 1865 529 1935 pramiorum
570 1864 861 1935 ﬂagellari,
904 1865 1262 1934 perlectorum
1304 1873 1390 1921 est
1416 1864 1615 1920 donum
1645 1878 1767 1934 spe—

191 1934 323 2013 ciale
350 1957 627 2024 virorum;
656 1934 987 2014 verberibus
1032 1967 1212 2014 autem
1264 1958 1647 2027 temporalibus
1698 1957 1765 2012 ad
1799 1934 1846 1995 Β

194 2059 394 2107 :cterna
422 2057 688 2108 tormenta
716 2049 998 2120 compelli,
1026 2050 1474 2120 impmnitentium
1502 2058 1585 2104 est
1611 2063 1769 2118 paena

193 2142 564 2211 reproborum.
624 2141 694 2198 Ut
738 2142 911 2197 sciatis
959 2150 1133 2196 autem
1180 2143 1304 2212 quia
1342 2138 1514 2196 Filius
1552 2141 1771 2196 hominis

192 2242 487 2304 potestatem
532 2232 681 2287 habet
726 2233 780 2287 in
836 2241 974 2287 terra
1023 2232 1284 2288 dimittere
1335 2241 1566 2302 peccata.
1615 2233 1671 2289 Si
1718 2242 1775 2290 et

196 2326 336 2382 Deus
378 2333 462 2382 est
508 2325 701 2394 nobis,
744 2324 895 2396 juxta
947 2324 1321 2392 Psalmistam,
1370 2326 1461 2397 qui
1512 2335 1772 2397 quantum

193 2419 358 2475 distat
385 2418 565 2475 oriens
594 2419 663 2474 ab
705 2433 904 2474 occasu
930 2458 945 2485 ,
986 2417 1254 2489 elongavit
1301 2435 1332 2472 a
1380 2419 1534 2475 nobis
1576 2420 1774 2490 iniqui-

194 2520 331 2568 tates
356 2521 566 2567 nostras
595 2510 779 2582 (Psal.
804 2526 872 2567 cu
891 2512 947 2583 );
981 2521 1036 2567 et
1058 2511 1211 2581 juxta
1240 2519 1593 2568 memoratum
1625 2512 1775 2567 isaia‘.

195 2605 558 2662 testimonium
579 2648 595 2675 ,
628 2604 718 2675 qui
746 2605 888 2661 delet
917 2605 1224 2675 iniquitates
1254 2613 1497 2673 nostras,
1526 2614 1584 2662 et
1613 2604 1777 2662 Filius

198 2700 428 2757 hominis
469 2708 789 2772 potestatem
840 2700 1000 2756 habet
1030 2700 1086 2756 in
1131 2708 1272 2756 terra
1302 2700 1607 2757 dimittendi
1650 2716 1775 2771 pec-

194 2803 357 2851 cata:
400 2806 529 2865 ergo
569 2792 712 2848 idem
755 2792 873 2861 ipse
901 2800 956 2847 et
1000 2790 1181 2857 Deus,
1231 2800 1286 2846 et
1334 2790 1499 2847 Filius
1546 2790 1782 2848 hominis

195 2894 314 2953 est,
344 2892 402 2941 nt
429 2892 485 2940 ει
524 2883 687 2939 homo
712 2881 959 2939 Christus
988 2897 1085 2953 per
1113 2881 1409 2938 divinitatis
1438 2896 1549 2939 suae
1588 2890 1783 2952 poten-

196 2980 326 3034 tiam
355 2977 629 3034 dimittere
654 2976 764 3047 jam
790 2985 1010 3046 peccata
1039 2975 1241 3045 possit,
1270 2984 1324 3032 et
1349 2974 1506 3032 .lesus
1530 2974 1782 3034 Christus

196 3085 296 3141 per
338 3068 689 3125 humanitatis
733 3081 846 3123 suae
888 3066 1227 3139 fragilitatem
1277 3082 1376 3136 pro
1406 3067 1783 3139 peccatoribus

1875 1125 1943 1181 Et
1966 1137 2144 1199 stupor
2167 1128 2508 1198 apprehendit
2534 1146 2705 1184 omnes
2724 1170 2738 1193 ,
2770 1139 2818 1184 et
2841 1131 3236 1199 magniﬁcabant
3268 1132 3455 1187 Deum.

1871 1219 2000 1274 Mira
2030 1220 2224 1275 divina:
2254 1220 2505 1290 potentia:
2530 1223 2733 1287 virtus,
2766 1222 2854 1275 ubi
2886 1220 3028 1280 nulla
3070 1222 3328 1291 temporis
3373 1223 3458 1276 in-

1874 1310 2207 1367 terveniente
2255 1313 2457 1367 morula
2487 1353 2502 1377 ,
2540 1313 2695 1383 jussu
2733 1313 3030 1369 Salvatoris
3072 1316 3218 1370 salus
3265 1315 3458 1371 festina

1870 1402 2177 1457 comitatur.
2212 1401 2399 1458 Merito
2427 1403 2517 1473 qui
2558 1402 2851 1471 affuerant,
2893 1404 3157 1459 damnatis
3199 1405 3457 1475 blasphe-

1872 1494 1994 1549 mia:
2020 1494 2249 1564 jaculis,
2281 1494 2347 1548 ad
2391 1493 2602 1549 laudem
2645 1503 2805 1549 tantae
2846 1496 3145 1563 majestatis
3184 1496 3458 1565 stupentia

1871 1585 2038 1640 corda
2068 1594 2408 1640 convertunt.
2438 1583 2570 1639 Nam
2602 1586 2774 1655 primo
2805 1585 3016 1640 Domini
3044 1586 3298 1640 virtutem
3346 1602 3458 1641 sua:

1872 1677 2089 1748 perfida:
2145 1677 2260 1733 fore
2322 1678 2562 1733 ultricem
2604 1679 2772 1734 turbae
2812 1678 3001 1734 timent
3043 1697 3055 1732 :
3102 1680 3295 1735 dehinc
3332 1696 3455 1736 ces-

1872 1778 2026 1826 sante
2053 1770 2163 1841 jam
2193 1770 2589 1839 desperationis
2618 1772 2827 1836 timore,
2859 1772 3031 1826 honor
3048 1771 3163 1828 Deo
3192 1772 3454 1839 redditur,

1872 1862 2014 1931 quod
2048 1868 2248 1915 tantam
2279 1861 2426 1915 dedit
2456 1860 2757 1917 hominibus
2788 1871 3125 1932 potestatem.
3172 1862 3281 1917 lloc
3308 1863 3452 1919 enim

1872 1956 2151 2025 sequitur:
2185 1954 2253 2009 Et
2292 1956 2470 2026 repleti
2505 1964 2623 2010 sunt
2665 1956 2875 2021 timore,
2918 1958 3170 2023 dicentes,
3212 1957 3333 2027 quia
3375 1957 3453 2011 vi-

1872 2048 2037 2103 dimus
2097 2048 2353 2102 mirabilia
2406 2048 2578 2104 hodie.
2630 2047 2734 2105 Sed
2780 2049 2881 2104 soli
2933 2050 3034 2104 hoc
3083 2049 3295 2104 Christo
3338 2057 3457 2103 erat

1872 2138 2146 2209 debitum,
2190 2139 2291 2195 soli
2332 2139 2403 2196 de
2441 2142 2820 2197 communione
2862 2151 3099 2212 paternae
3143 2142 3455 2198 substantiae

1874 2230 1979 2286 hoc
2004 2245 2165 2301 agere
2193 2240 2309 2286 erat
2354 2230 2641 2288 familiare.
2668 2232 2785 2287 Non
2814 2247 2941 2303 ergo
2976 2233 3078 2288 hoc
3109 2234 3255 2289 venit
3286 2233 3337 2287 in
3365 2231 3461 2287 ad-

1874 2324 2210 2386 mirationem
2240 2325 2382 2396 quod
2407 2337 2592 2397 posset
2624 2328 2745 2384 ista.
2791 2328 2928 2397 Quid
2968 2330 3111 2384 enim
3158 2329 3303 2385 Deus
3348 2343 3456 2383 non

1874 2433 2034 2490 posse
2062 2418 2343 2483 creditur?
2372 2419 2618 2490 Alioquin
2649 2420 2764 2476 laus
2804 2421 2871 2476 de
2911 2437 3019 2477 uno
3065 2422 3313 2488 homine,
3348 2435 3455 2475 non

1876 2510 1943 2566 de
1970 2510 2212 2581 pluribus
2232 2512 2542 2568 exstitisset.
2581 2510 2687 2568 Sed
2716 2511 2880 2568 delati
2908 2511 3019 2567 Deo
3048 2513 3267 2567 honoris
3296 2511 3457 2580 hujus

1877 2617 2038 2659 causa
2066 2615 2150 2660 est
2173 2646 2189 2672 ,
2220 2605 2360 2674 quod
2399 2615 2637 2675 potestas
2664 2605 2974 2661 hominibus
3011 2619 3075 2660 ac
3103 2606 3187 2661 via
3230 2605 3350 2658 data
3390 2602 3465 2657 sit

1877 2708 1976 2765 per
2004 2696 2226 2751 verbum
2259 2695 2377 2766 ejus
2406 2705 2459 2751 et
2488 2704 2831 2766 peccatorum
2862 2695 3230 2762 remissionis,
3263 2703 3319 2749 et
3346 2707 3465 2761 cor-

1878 2798 2068 2855 porum
2097 2787 2536 2855 resurrectionis,
2566 2796 2620 2843 et
2657 2786 2983 2844 reversionis
3023 2789 3076 2843 in
3115 2786 3333 2843 coelum.
3378 2784 3460 2841 Tit

1879 2888 2078 2949 autem,
2103 2880 2349 2949 Domine,
2380 2892 2486 2937 etc.

2430 2972 2716 3030 HOMILIA
2744 2973 2902 3030 CLV.

2213 3080 2266 3120 IN
2303 3077 2536 3121 ΒΛΒΒΑΤΟ
2574 3079 2700 3120 Ροετ
2736 3076 3128 3120 PENTBCOSTBN.

197 3162 353 3218 mori.
384 3160 532 3215 Dixit
563 3157 849 3230 paralytico
875 3175 893 3212 :
923 3158 1093 3230 Surge
1112 3199 1127 3225 ,
1161 3157 1283 3213 tolle
1312 3157 1500 3213 lectum
1531 3167 1670 3213 tuum
1690 3198 1707 3225 ,
1737 3164 1786 3213 et
1884 3155 1989 3230 (Ex
2015 3154 2155 3213 beati
2183 3156 2455 3213 Ambrosii
2483 3157 2537 3211 in
2567 3156 2913 3229 Evangeiium
2944 3156 3236 3214 secundum
3263 3154 3460 3212 Lucam

195 3254 328 3309 vade
356 3253 410 3307 in
440 3252 648 3309 domum
677 3259 839 3305 tuam.
887 3250 958 3305 Et
998 3251 1175 3305 anima
1205 3258 1384 3306 nostra
1417 3250 1705 3322 paralytica
1735 3251 1781 3307 si

192 3346 553 3405 resurrexerit
572 3387 587 3412 ,
616 3344 663 3399 si
691 3343 855 3400 robur
881 3342 1170 3414 pristinum
1197 3343 1627 3413 recuperaverit,
1654 3358 1779 3412 por-

193 3450 273 3498 tat
321 3440 516 3496 lectum
560 3452 717 3495 suum
763 3439 816 3493 in
861 3452 969 3508 quo
1010 3436 1223 3508 jacebat
1252 3447 1376 3494 ante
1402 3437 1693 3506 dissoluta,
1724 3448 1778 3495 ει

186 3541 373 3606 portat
412 3532 561 3587 illum
593 3531 647 3586 in
678 3529 894 3586 domum
940 3526 1194 3585 virtutum
1232 3542 1470 3585 suarum.
1515 3527 1778 3597 Spiritua-

187 3627 322 3685 liter
349 3625 416 3681 de
444 3624 584 3681 lecto
612 3638 865 3695 surgere,
897 3632 982 3679 est
1017 3620 1251 3677 animam
1282 3636 1313 3677 a
1342 3620 1647 3678 carnalibus
1676 3620 1777 3677 de-

185 3716 443 3786 sideriis,
491 3716 584 3773 ubi
628 3729 770 3788 aegra
816 3714 1152 3786 quiescebat,
1203 3714 1507 3771 extrahere.
1555 3714 1777 3771 Lectum

184 3826 330 3869 vero
362 3811 584 3881 tollere,
628 3819 711 3866 est
749 3810 919 3881 ipsam
960 3823 1170 3880 quoque
1209 3823 1425 3865 carnem
1470 3822 1567 3878 per
1603 3807 1776 3865 conti.-

183 3904 398 3961 nentia:
426 3902 578 3959 frena
607 3911 907 3957 correctam
925 3941 942 3967 ,
971 3916 1068 3969 spe
1092 3899 1388 3957 caelestium
1433 3900 1778 3971 praemiorum

179 3994 406 4052 deliciis
447 3995 660 4063 privare
699 3993 945 4049 terrenis.
974 3992 1110 4063 ipse
1148 3993 1293 4047 enim
1333 4002 1416 4048 est
1456 3992 1658 4060 lectus,
1687 3992 1777 4063 qui

164 4064 288 4159 Ῥει-
337 4085 576 4155 singulas
620 4093 806 4140 noctes
850 4084 1056 4138 lavatur
1088 4099 1117 4137 a
1147 4083 1311 4138 David
1342 4082 1531 4157 (Psal.
1565 4098 1618 4138 vt
1642 4082 1691 4155 ),
1725 4083 1779 4138 id

177 4184 279 4234 est
299 4216 317 4243 ,
351 4190 452 4246 pro
481 4174 640 4230 unius
666 4189 822 4230 noxa:
854 4175 1075 4230 maculis
1097 4213 1112 4240 ,
1142 4174 1303 4245 digno
1333 4175 1654 4243 pmnitentize
1681 4175 1782 4231 tiu-

180 4270 347 4326 mine
387 4268 699 4337 castigatur.
741 4266 966 4323 Sublato
1007 4277 1184 4322 autem
1228 4268 1369 4324 lecto
1410 4267 1624 4323 domum
1668 4269 1777 4334 ire,

176 4372 275 4419 est
307 4358 379 4416 ad
412 4361 717 4429 paradisum
748 4360 945 4416 redire.
988 4360 1105 4429 ipsa
1145 4368 1227 4415 est
1266 4361 1408 4415 enim
1437 4374 1560 4416 vera
1591 4360 1783 4416 domus

173 4471 315 4527 qum
352 4453 626 4512 hominem
657 4455 825 4526 prima
853 4456 1110 4525 suscipit,
1144 4470 1249 4509 non
1277 4454 1397 4525 jure
1425 4460 1620 4511 amissa
1640 4499 1653 4522 ,
1688 4456 1782 4512 sed

173 4545 427 4613 fraude,
473 4545 793 4618 tandemque
836 4547 1079 4601 restituta
1123 4562 1220 4616 per
1258 4561 1379 4602 eum
1422 4547 1513 4616 qui
1562 4546 1781 4603 fraudu-

76 4638 83 4713 ξ
171 4640 344 4695 lento
379 4638 519 4694 hosti
550 4638 683 4694 nihil
721 4638 926 4695 debuit.
972 4639 1179 4695 Aliter:
1225 4639 1400 4694 Sanus
1437 4639 1527 4711 qui
1568 4640 1783 4711 langue—

76 4794 87 4833 l

169 4732 321 4799 bat,
382 4731 580 4787 lectum
628 4741 865 4802 reportat
908 4731 1159 4799 domum,
1210 4747 1330 4787 cum
1375 4733 1550 4787 anima
1594 4747 1783 4803 pecca-

169 4834 380 4880 torum
422 4824 739 4879 remissione
779 4831 1030 4892 accepta,
1077 4823 1143 4878 ad
1189 4821 1452 4878 internum
1494 4824 1574 4878 sui
1605 4831 1786 4879 custo-

166 4916 341 4972 diam
385 4929 507 4970 cum
548 4916 666 4986 ipso
700 4929 759 4970 se
797 4929 1023 4985 corpore
1062 4913 1259 4985 refert,
1303 4930 1371 4970 ne
1412 4924 1531 4983 post
1570 4916 1783 4971 veniam

163 5003 322 5075 quid
349 5044 367 5068 ,
400 5002 543 5058 unde
582 5002 774 5058 iterum
809 5003 952 5073 juste
982 5002 1235 5068 feriatur,
1269 5004 1532 5059 admittat.
1575 5004 1677 5059 Per
1704 5004 1783 5061 le-

2224 3247 2579 3316 expositione,
2608 3247 2699 3303 lib.
2724 3263 2797 3315 tv,
2830 3263 2978 3304 num.
3002 3246 3119 3319 55.)

1954 3339 2023 3395 In
2042 3341 2135 3395 illo
2156 3350 2377 3411 tempore
2391 3357 2605 3413 surgens
2621 3338 2769 3396 Iesus
2784 3342 2848 3395 de
2857 3358 3150 3415 synagoga,
3166 3343 3388 3398 introivit
3403 3343 3462 3400 in

1881 3433 2087 3488 domum
2112 3432 2358 3489 Simonis.
2394 3434 2586 3488 Socrus
2608 3443 2774 3488 autem
2808 3434 3037 3490 Simonis
3065 3436 3328 3491 tenebatur
3347 3452 3460 3490 ma-

1879 3527 1993 3597 gnis
2020 3524 2264 3597 febribus,
2287 3535 2335 3580 et
2356 3535 2661 3596 rogaverunt
2680 3526 2827 3581 illum
2843 3543 2935 3596 pro
2961 3542 3042 3595 ea,
3066 3535 3169 3583 etc.
3188 3526 3338 3599 (Luc.
3359 3525 3464 3598 tv.)

1954 3618 2245 3688 Sacrilegia
2280 3618 2613 3685 Judaaorum,
2654 3626 2759 3675 etc.
2790 3619 3006 3689 Reliqua
3035 3621 3147 3675 vide
3174 3622 3314 3692 apud
3341 3635 3465 3675 san-

1880 3718 2016 3763 ctum
2056 3710 2396 3780 Ambrosium,
2445 3711 2668 3783 Operum
2696 3715 2806 3784 ejus
2846 3724 2983 3771 tomo
3019 3714 3105 3783 ll,
3150 3714 3468 3787 Patrologia

1880 3800 2010 3870 XV,
2038 3802 2139 3857 col.
2172 3802 2335 3859 i629.
2794 3818 2801 3827 ‘

2426 3895 2707 3953 IIOMILIA
2738 3893 2915 3954 CLVI.

2319 4002 2449 4043 1TB!
2477 4003 2544 4044 DE
2572 4004 2746 4046 εουεκ
2774 4003 3027 4046 8ΛΒΒΑΤο.

1952 4078 2019 4135 In
2044 4078 2136 4134 illo
2166 4088 2394 4149 tempore
2420 4097 2630 4152 surgens
2658 4079 2812 4136 Iesus
2838 4082 2904 4137 de
2932 4097 3214 4154 synagoga,
3242 4081 3468 4138 introivit

1880 4190 1934 4229 tn
1962 4174 2168 4228 domum
2198 4174 2445 4244 Simonis,
2472 4185 2576 4231 etc.
2609 4176 2762 4246 (Luc.
2792 4178 2893 4246 tv.)

1955 4268 2009 4323 In
2052 4270 2153 4324 isto
2198 4270 2366 4325 sancti
2416 4269 2693 4339 Evangelii
2742 4270 2997 4341 capitulo,
3050 4284 3154 4326 non
3208 4270 3348 4327 idem
3396 4270 3465 4327 ab

1882 4362 2223 4436 evangelistis
2266 4371 2512 4419 servatus
2559 4372 2641 4419 est
2680 4362 2837 4419 ordo.
2871 4364 2982 4419 lloc
3007 4363 3239 4432 denique
3269 4364 3467 4420 factum

1885 4456 2094 4511 Marcus
2118 4463 2172 4511 et
2199 4455 2373 4511 Lucas
2414 4463 2697 4525 antequam
2736 4455 2802 4512 de
2850 4455 3083 4527 leproso,
3117 4456 3207 4524 qui
3239 4454 3467 4511 Domino

1885 4547 2243 4604 descendente
2273 4547 2343 4603 de
2370 4557 2554 4604 monte
2580 4548 2867 4604 mundatus
2900 4557 3004 4618 est,
3042 4548 3168 4620 quid
3201 4549 3464 4615 dicerent,

1887 4647 2105 4694 narrant
2139 4638 2334 4710 (Marc.
2374 4638 2446 4711 ι).
2488 4640 2773 4697 Matthteus
2807 4655 2936 4696 vero
2963 4648 3083 4710 post
3122 4642 3465 4696 terminatum

1888 4731 1941 4786 in
1980 4739 2163 4786 monte
2196 4743 2525 4801 sermonem,
2556 4732 2753 4802 leprosi
2782 4731 3052 4801 praemissa
3094 4734 3463 4798 mundatione,

1889 4823 2150 4892 puerique
2177 4821 2509 4878 centurionis
2538 4822 2834 4890 curatione,
2861 4822 3132 4893 subiungit
3157 4822 3224 4877 de
3252 4821 3466 4877 restitu-

1889 4915 2034 4970 tione
2059 4929 2247 4971 socrus
2291 4915 2523 4971 Simonis
2568 4915 2707 4973 Petri
2757 4914 2983 4988 (Matth.
3010 4912 3162 4985 vttt).
3195 4914 3301 4971 Sed
3328 4912 3464 4968 nihil

1890 5006 2069 5061 obstat
2099 5005 2348 5061 narrandi
2371 5005 2673 5075 diversitas,
2700 5006 2793 5064 ubi
2822 5007 3008 5063 eadem
3048 5020 3137 5062 res
3173 5005 3467 5061 nuntiatur.

78 5080 97 5207 ’ἵ
158 5107 346 5152 ctum
384 5094 530 5150 enim
564 5094 619 5149 in
647 5110 755 5165 quo
781 5095 961 5150 carnis
991 5095 1313 5165 est‘requies
1334 5136 1348 5160 ,
1395 5096 1507 5165 ipsa
1548 5109 1675 5152 caro
1713 5097 1787 5152 si-
1893 5099 1958 5153 Et
1990 5099 2277 5154 notandum
2302 5099 2442 5169 quod
2470 5099 2710 5169 leprosus
2742 5099 2832 5155 ille
2857 5099 2998 5168 apud
3025 5098 3327 5155 Mattitteum
3355 5097 3470 5167 pri-

168 5194 398 5207 Ἂηη,
452 5200 548 5207 ,,,
596 5186 805 5207 ,ΜΨ
850 5201 973 5207 __-_-
1028 5187 1343 5207 --_-_.-_.,-
1395 5188 1650 5207 ..__-_-.___
1720 5188 1784 5207 π.
1890 5203 2001 5207 μνη
2052 5204 2087 5207 _,
2121 5204 2135 5207 -
2586 5205 2593 5207 .
3204 5188 3433 5207 ---μμ

157 5194 419 5260 gnatur,
452 5200 549 5256 per
590 5186 808 5241 domum
850 5201 978 5242 vero
1022 5187 1348 5242 conscientia
1393 5188 1672 5257 ﬁguratur.
1720 5188 1787 5243 Et

84 5266 97 5305 ⁸⁵
154 5278 316 5351 quia
355 5292 485 5333 cum
515 5288 694 5335 mente
725 5282 921 5334 mortui
953 5278 1005 5333 in
1034 5279 1179 5334 vitiis
1214 5278 1484 5349 jacemus,
1518 5279 1571 5334 in
1610 5281 1787 5343 carnis

152 5370 571 5428 delectatione
601 5370 962 5439 quiescimus,
997 5369 1195 5424 infirmi
1237 5378 1511 5439 portamur
1539 5372 1592 5427 in
1625 5371 1787 5427 lecto.

1889 5203 2009 5245 mus
2046 5190 2348 5259 specialiter
2388 5198 2604 5245 curatus
2634 5190 2725 5255 sit,
2758 5189 2994 5245 secundo
3026 5203 3160 5259 puer
3196 5188 3466 5245 centurio-

1891 5282 1993 5349 nis,
2026 5283 2181 5337 tertio
2228 5298 2412 5338 socrus
2459 5282 2600 5337 Petri
2657 5280 2898 5337 febriens
2954 5280 3007 5335 in
3053 5280 3469 5352 Capharnaum,

1891 5383 2082 5445 quarto
2122 5374 2174 5427 in
2221 5375 2339 5430 loco
2368 5372 2458 5444 qui
2501 5372 2668 5428 oblati
2699 5380 2826 5428 sunt
2872 5371 2920 5428 ei
2957 5372 3223 5429 daemonio
3250 5373 3471 5438 vexati,

92 5454 99 5489 ί
150 5464 327 5521 Cum
363 5476 501 5518 vero
528 5462 703 5519 sanati
729 5471 910 5519 mente
930 5462 1205 5529 fuerimus,
1233 5474 1290 5519 ut
1305 5463 1419 5534 jam
1447 5466 1588 5521 vitiis
1613 5465 1790 5521 carnis
1893 5480 2117 5536 quorum
2164 5463 2382 5534 spiritus
2431 5464 2597 5520 verbo
2643 5463 2926 5533 ejiciebat,
2950 5466 3163 5536 quando
3201 5471 3259 5521 et
3286 5478 3477 5520 omnes

94 5540 107 5583 ³
149 5554 545 5628 pulsantibus
572 5556 917 5622 resistamus,
961 5570 1184 5610 necesse
1212 5564 1295 5610 est
1336 5566 1393 5610 ut
1434 5556 1788 5611 tentationum
1896 5561 2036 5616 male
2061 5559 2315 5615 habentes
2344 5559 2567 5615 curavit.
2595 5559 2857 5625 Quoniam
2893 5559 3085 5615 invidia
3116 5558 3309 5614 diaboli
3338 5574 3476 5613 mors

104 5647 107 5729 ξ
144 5647 566 5705 contumelias
605 5647 675 5703 de
720 5656 900 5703 nostra
943 5647 1258 5702 inﬁrmitate
1299 5648 1607 5704 toleremus.
1652 5647 1793 5718 Ergo
1896 5653 2103 5706 intravit
2126 5651 2179 5705 in
2200 5651 2370 5705 orbem
2386 5658 2636 5705 terrarum
2657 5649 2813 5721 (Sap.
2841 5652 2924 5721 ιι),
2951 5650 3071 5708 ideo
3092 5658 3277 5706 contra
3301 5651 3476 5723 ipsum

102 5736 111 5767 ’
144 5740 385 5806 itaque
438 5737 576 5792 mire
625 5737 692 5792 ad
738 5738 967 5793 salutem
1018 5736 1241 5793 reducto
1297 5740 1623 5811 praecipitur,
1675 5739 1798 5796 tolle
1899 5745 2088 5800 mortis
2118 5755 2387 5799 auctorem
2421 5742 2593 5812 primo
2628 5743 2811 5799 debuit
2847 5742 3107 5799 medicina
3132 5743 3317 5799 salutis
3348 5758 3475 5813 ope-

104 5820 390 5885 ‘lectum
420 5836 597 5892 tuum,
640 5827 692 5881 id
724 5838 836 5894 est,
870 5827 1000 5883 illud
1045 5828 1101 5883 in
1144 5844 1248 5899 quo
1278 5839 1514 5898 portatus
1546 5847 1638 5899 es,
1671 5835 1797 5903 quia
1901 5839 2032 5905 rari,
2061 5838 2231 5908 primo
2274 5837 2449 5910 lingua
2485 5840 2794 5908 serpentina
2842 5854 2909 5895 ne
2945 5840 3081 5894 ultra
3124 5839 3270 5894 virus
3320 5853 3474 5909 spar-

108 5914 436 5988 'necesse
493 5929 576 5981 est
631 5932 686 5976 ut
738 5934 914 5991 portet
966 5924 1189 5995 quisque
1244 5925 1622 5986 contumeliam
1681 5943 1802 5988 car-
1902 5940 2070 6004 geret,
2101 5930 2645 6003 occludi;acdeinde
2668 5933 2884 6000 femina,
2915 5950 3031 6006 quae
3056 5933 3226 6009 prima
3254 5932 3475 5993 seducta

580 6016 859 6088 ΡΑι-ιιοι..
901 6016 1098 6087 XCV.

2808 6025 2891 6099 b3
