3972 6340
532 388 556 447 Ι
570 388 671 448 355

1409 393 1609 453 PAULI
1651 394 1918 452 DIACONI
1955 392 2109 451 OPP.
2151 393 2326 451 PARS
2361 394 2429 455 11.
2467 420 2541 437 -
2579 392 2935 453 ASCETICA.

3660 387 3789 449 {356

531 524 636 583 est,
670 528 699 569 a
729 516 957 570 carnalis
996 516 1440 586 concupiscentia:
1482 517 1630 573 febre
1674 515 1894 581 curari;
1938 514 2096 571 tertio
2127 512 2181 573 Δ
2203 512 2338 568 rium
2388 512 2591 581 accepit
2619 509 2763 581 (Gal.
2795 514 2881 577 ιι).
2927 508 3127 564 Socrus
3156 516 3285 562 vero
3313 504 3462 562 Petri
3486 548 3503 574 ,
3547 509 3782 574 ejusdem

531 608 612 663 vir
648 608 737 677 qui
788 607 924 662 male
967 610 1241 664 suadentis
1281 609 1421 667 dicta
1470 607 1714 679 conjugis
1760 607 1998 674 audivit,
2047 607 2115 662 ab

528 701 730 757 erroris
751 701 833 757 sui
860 700 1008 769 lepra
1033 701 1310 773 castigari,
1338 708 1396 757 ut
1424 702 1541 770 ipse
1569 700 1709 773 apud
1732 700 1931 757 Lucam
1954 716 2116 756 evan-

528 791 774 861 gelistam
812 803 957 849 esset
993 793 1127 849 ordo
1167 792 1589 859 restaurationis,
1624 795 1711 864 qui
1734 795 1906 850 fuerat
1935 805 1989 851 et
2026 809 2116 851 ca-

532 902 656 954 sus;
710 888 867 958 paulo
902 886 1145 957 superius
1187 887 1328 942 cnim
1373 886 1557 954 refert,
1599 887 1723 957 quia
1763 887 1817 942 in
1847 901 2115 958 synagoga

532 991 649 1037 erat
677 982 838 1038 homo
868 983 1070 1038 habens
1105 980 1430 1043 daemonium
1465 979 1817 1036 immundum.
1841 980 2006 1048 Cujus
2035 981 2115 1035 in-

533 1084 677 1145 tegra
732 1074 1068 1129 restitutione
1122 1073 1366 1128 sanitatis
1417 1071 1724 1142 descripta,
1780 1071 1956 1127 subdit
2015 1071 2116 1126 hoc

531 1163 672 1233 quod
696 1178 759 1218 ex
782 1162 1011 1219 lectione
1032 1162 1336 1217 audivimus
1365 1162 1619 1217 hodierna
1649 1179 1661 1215 :
1695 1160 1920 1230 Surgcns
1948 1171 2115 1215 autem

529 1238 595 1309 de
629 1271 891 1327 synagoga
929 1259 1097 1321 Jesu‘s,
1135 1254 1362 1309 introivit
1390 1255 1444 1308 in
1480 1255 1689 1308 domum
1728 1252 1979 1308 Simonis.
2013 1252 2115 1307 So-

528 1362 645 1400 crus
682 1354 847 1399 autem
874 1344 1098 1402 Simonis
1139 1344 1401 1399 tenebatur
1451 1347 1651 1416 magnis
1707 1345 1951 1415 febribus.
2004 1343 2114 1400 Sed

528 1445 582 1491 et
626 1436 779 1506 hujus
820 1436 1167 1493 revelationis
1210 1434 1626 1509 [relevationis]
1670 1452 1699 1491 a
1736 1437 1961 1491 Domino
2002 1436 2115 1493 col-

528 1530 649 1586 lata:
705 1529 952 1601 explicita
1006 1531 1351 1596 narratione,
1413 1530 1680 1586 nonnullis
1737 1530 2110 1600 interpositis,

528 1622 609 1677 vir
645 1621 737 1694 qui
781 1632 901 1679 erat
943 1623 1130 1694 plenus
1171 1622 1340 1694 lepra,
1381 1622 1645 1679 subinfert
1685 1622 2111 1679 mundationem.

530 1714 675 1773 Bene
694 1722 871 1770 autem
912 1713 1000 1770 ubi
1040 1713 1284 1784 leprosus
1326 1715 1632 1781 mundatur,
1672 1722 1850 1769 certus
1879 1727 1986 1768 nou
2015 1726 2113 1767 ex-

526 1806 779 1879 primitur
823 1806 1011 1875 locus,
1069 1816 1126 1863 ut
1172 1807 1525 1876 ostendatur,
1574 1822 1679 1863 non
1724 1820 1888 1862 unum
1942 1820 2112 1875 popu-

2219 604 2386 674 plebis
2415 614 2498 658 est
2523 616 2828 673 synagoga,
2872 614 2990 670 qum
3021 608 3194 655 mater
3222 598 3515 668 primitiva
3546 599 3797 661 Ecclesia

2219 710 2471 768 tauquam
2500 699 2685 753 uxoris
2707 698 2850 753 Petri
2879 697 2950 752 ob
2974 696 3077 751 hoc
3106 697 3491 753 convenienter
3518 699 3793 769 accipitur,

2215 793 2469 862 quoniam
2516 807 2583 848 ex
2633 792 2749 861 ipsa
2798 806 3070 863 synagoga
3118 789 3368 860 primaria
3414 792 3794 861 discipulorum

2218 884 2417 941 Christi
2452 884 2692 941 Ecclesia
2743 885 2924 939 carnis
2972 883 3237 954 originem
3268 881 3578 938 traduxisse
3609 896 3797 953 cogno-

2216 977 2403 1041 scitur,
2454 990 2573 1045 qum
2621 974 2784 1030 Petro
2812 975 2977 1030 veluti
3007 973 3369 1042 desponsata,
3424 974 3523 1029 sed
3573 975 3799 1045 Spiritus

2215 1068 2388 1123 sancti
2431 1066 2602 1137 gratia
2645 1066 2986 1125 invisibiliter
3013 1064 3295 1120 fecundata
3321 1106 3335 1133 ,
3391 1066 3446 1119 in
3494 1066 3801 1134 exemplum

2217 1160 2358 1215 beati
2386 1158 2585 1227 Ioseph
2633 1168 2689 1216 et
2732 1157 2913 1215 Maria:
2951 1156 3174 1225 virginis
3215 1155 3514 1211 salubriter
3540 1156 3800 1211 creditur.

2217 1254 2287 1308 At
2316 1267 2446 1309 vero
2480 1251 2669 1309 socrus
2706 1251 2890 1317 Petri,
2943 1252 3045 1305 hoc
3091 1258 3213 1316 est,
3262 1263 3540 1321 synagoga
3589 1249 3803 1305 Judaica

2218 1345 2433 1401 interim
2463 1345 2702 1415 perfidia:
2734 1342 2974 1399 febribus
3022 1351 3254 1408 astuat,
3309 1343 3488 1398 donec
3530 1343 3806 1411 plenitudo

2217 1438 2455 1508 gentium
2494 1438 2770 1502 introeat,
2821 1445 2877 1491 et
2923 1435 3001 1491 sic
3050 1434 3227 1490 omnis
3272 1435 3436 1491 Israel
3488 1437 3682 1493 salvus
3726 1437 3807 1491 ﬁat

2218 1532 2400 1603 (Rom.
2428 1532 2528 1602 χι).
2580 1531 2744 1600 Cujus
2773 1546 2989 1585 manum
3020 1539 3271 1601 tangere,
3319 1541 3403 1587 est
3444 1532 3508 1586 in
3551 1546 3619 1587 ea
3650 1533 3808 1589 bonas

2216 1624 2459 1679 actiones
2497 1623 2823 1688 informare,
2857 1623 2981 1693 quia
3012 1620 3113 1677 nisi
3148 1623 3423 1678 mundata:
3454 1622 3669 1680 fuerint
3699 1642 3808 1681 ma-

2217 1731 2321 1773 nus
2346 1716 2682 1783 Judzeorum,
2722 1731 2840 1785 quae
2868 1717 3127 1785 sanguine
3156 1725 3281 1771 sunt
3309 1718 3505 1786 picum,
3540 1733 3807 1791 synagoga

2217 1826 2407 1867 eorum
2431 1810 2741 1867 febricitans
2762 1814 2925 1880 jacet.
2953 1810 3060 1866 Sed
3089 1820 3215 1866 tunc
3234 1824 3351 1865 eam
3377 1810 3551 1867 febris
3574 1813 3809 1877 dimittit,

530 1874 638 1953 lum
679 1896 924 1970 specialis
968 1874 1194 1969 alicujus
1238 1874 1630 1968 civitatiaﬁsed
1660 1897 1895 1953 omnium
1936 1874 2111 1967 DODU-
2141 1874 2191 1936 Β
2216 1921 2338 1962 cum
2366 1906 2648 1974 multiplex
2672 1874 2907 1974 perfidia!
2934 1904 3157 1973 languor
3183 1904 3351 1974 ipsam
3376 1904 3619 1961 deserit.
3657 1874 3809 1961 Porro

529 1989 610 2045 los
652 1990 814 2047 fuisse
848 2000 1083 2047 sanatos.
1131 1991 1255 2046 llaec
1294 2006 1387 2061 per
1425 2005 1706 2049 excessum
1747 1989 2110 2049 necessarium

531 2083 905 2155 praemisimus,
953 2092 1009 2138 ut
1054 2084 1338 2155 mysticum
1369 2082 1613 2139 ordinem
1666 2082 1732 2139 ab
1776 2084 2112 2153 Evangelista

527 2185 797 2247 servatum
843 2184 1286 2245 monstraremus,
1338 2186 1398 2232 ut
1447 2176 1649 2232 dictum
1695 2184 1799 2243 est,
1844 2184 2111 2233 restaura-

528 2277 694 2331 tionis
730 2276 784 2332 in
825 2274 1071 2343 Domino,
1102 2275 1191 2344 qui
1227 2281 1343 2330 erat
1379 2282 1435 2329 et
1459 2286 1615 2328 casus
1651 2272 1704 2326 in
1748 2271 2107 2340 protoplastis.

534 2373 878 2431 lutendamus
918 2385 1060 2433 nunc
1102 2370 1297 2426 mentis
1327 2371 1569 2441 obtutum
1596 2367 1661 2422 ad
1706 2369 1807 2427 hoc
1836 2365 2111 2437 Evangelii

528 2466 839 2536 capitulum,
862 2463 1001 2534 quod
1023 2462 1177 2519 nobis
1204 2460 1575 2532 exponendum
1608 2460 1707 2514 hac
1734 2459 1961 2515 lectione
1987 2472 2107 2528 pro-

528 2558 760 2627 positum
784 2564 884 2612 est.
926 2554 982 2613 Si
1022 2552 1196 2617 virum
1222 2568 1251 2607 a
1292 2552 1559 2611 daemonio
1600 2551 1905 2615 liberatum,
1935 2563 2112 2604 mora-

522 2648 646 2707 liter
672 2647 902 2702 animum
923 2646 991 2702 ab
1016 2645 1286 2711 immunda
1311 2644 1631 2713 cogitatione
1656 2650 1937 2712 purgatum
1956 2641 2110 2697 dixe-

524 2739 691 2803 rimus
709 2735 1029 2808 significare,
1045 2744 1433 2807 consequenter
1451 2733 1647 2791 femina
1670 2733 1911 2791 febribus
1931 2740 2105 2801 tanta,

521 2829 615 2885 sed
646 2828 711 2883 ad
742 2828 1020 2898 imperium
1048 2826 1258 2881 Domini
1296 2834 1506 2893 sanata,
1551 2840 1768 2881 carnem
1796 2824 2040 2880 ostendit
2078 2839 2107 2877 a

521 2920 966 2989 concupiscentiae
990 2920 1198 2974 fervore
1225 2932 1317 2987 per
1339 2917 1684 2973 continentiae
1706 2926 1973 2986 praecepta
2003 2917 2108 2971 fre-

521 3021 718 3065 natum.
746 3009 924 3064 Omnis
961 3010 1094 3063 enim
1121 3009 1428 3075 amaritudo,
1451 3017 1499 3064 et
1520 3009 1619 3075 ira,
1648 3015 1693 3062 et
1720 3008 2028 3078 indignatio,
2061 3016 2108 3061 et

519 3103 734 3167 clamor,
758 3110 803 3154 et
825 3099 1159 3172 blasphemia,
1181 3100 1390 3169 spiritus
1410 3098 1661 3154 immundi
1690 3099 1836 3168 {uror
1853 3107 1925 3153 est
1942 3097 2103 3169 (Eph.

520 3193 615 3261 ιν).
644 3189 1061 3244 Fornicationem
1083 3205 1220 3252 vero,
1245 3189 1645 3255 immunditiam,
1670 3188 1957 3256 libidinem,
1980 3204 2104 3241 con-

519 3286 876 3361 cupiscentiam
891 3284 1103 3351 malam,
1124 3292 1171 3338 et
1185 3283 1469 3350 avaritiam,
1487 3298 1599 3352 qua:
1620 3289 1693 3338 est
1709 3282 2102 3336 simulacrorum

520 3377 729 3430 servitus
751 3416 765 3441 ,
794 3374 993 3431 febrem
1020 3374 1347 3430 illecebrosa:
1370 3374 1548 3430 carnis
1572 3373 1807 3445 intellige
1834 3373 1972 3443 (Col.
1998 3374 2100 3444 ιιι).

518 3465 587 3521 Et
636 3477 932 3538 rogaverunt
979 3467 1124 3520 illum
1168 3482 1259 3536 pro
1307 3482 1384 3520 ea.
1420 3463 1488 3520 Et
1535 3474 1674 3521 stans
1724 3483 1881 3537 super
1922 3466 2101 3533 illam,

518 3560 785 3633 imperavit
819 3560 947 3630 febri
974 3600 988 3627 ,
1038 3569 1085 3614 et
1115 3560 1307 3613 dimisit
1338 3560 1503 3615 illam.
1557 3558 1615 3615 ln
1642 3558 1935 3631 Evangelio
1968 3558 2104 3614 Mat-

2218 1998 2391 2068 surgit
2420 2012 2483 2051 ac
2510 1997 2813 2063 ministrat,
2844 2011 2963 2051 cum
2998 1997 3225 2053 mortuis
3254 1997 3514 2067 operibus
3545 1998 3809 2056 abrenun-

2217 2088 2382 2151 tians,
2414 2096 2575 2157 atque
2605 2101 2671 2142 ea
2702 2101 2821 2155 quae
2851 2100 3062 2140 sursum
3092 2094 3217 2140 sunt
3252 2101 3530 2156 quaerens,
3574 2088 3634 2142 in
3669 2089 3809 2143 nori-

2214 2190 2323 2237 tate
2368 2181 2495 2235 vitm
2547 2180 2902 2249 perambulat.
2969 2178 3097 2233 Cum
3148 2181 3224 2234 sol
3274 2189 3449 2235 autem
3506 2184 3807 2247 occidisset,

2213 2291 2388 2330 omnes
2417 2276 2504 2344 qui
2532 2274 2781 2330 habebant
2808 2273 3039 2343 inﬁrmos
3067 2274 3219 2327 uariis
3251 2273 3630 2345 languoribus,
3664 2278 3810 2331 dure-

2214 2366 2335 2420 bant
2364 2367 2482 2421 illos
2511 2368 2579 2419 ad
2609 2366 2781 2421 illum.
2830 2367 2895 2420 At
2931 2366 3017 2420 ille
3041 2364 3260 2437 singulis
3284 2368 3564 2433 imponens
3608 2386 3805 2435 manu,

2213 2463 2426 2515 curabat
2454 2474 2560 2513 eos.
2615 2458 2895 2512 Matthmus
2936 2457 3008 2511 ita
3040 2457 3263 2512 scribit:
3305 2456 3569 2526 Vespere,
3610 2458 3805 2529 inquit,

2214 2553 2373 2623 facto,
2392 2552 2683 2606 obtulerunt
2711 2550 2757 2603 ei
2777 2550 2964 2603 multos
2986 2548 3238 2604 dwmonia
3264 2548 3535 2617 habentes,
3561 2561 3613 2603 et
3644 2553 3806 2623 ejicie-

2213 2643 2298 2699 bat
2326 2644 2537 2711 spiritus
2566 2641 2736 2706 verbo,
2775 2650 2825 2696 et
2850 2657 3022 2696 omnes
3050 2641 3184 2695 male
3212 2641 3454 2696 habentes
3485 2645 3715 2710 curavit,
3758 2651 3810 2697 at

2212 2732 2510 2802 impleretur
2537 2733 2676 2803 quod
2707 2732 2897 2785 dictum
2936 2739 3008 2786 est
3044 2748 3135 2799 per
3163 2732 3355 2786 Isaiam
3382 2735 3695 2803 prophetam
3726 2736 3781 2789 di
3793 2766 3808 2775 -

2214 2835 2440 2881 centem:
2471 2823 2591 2892 Ipse
2618 2824 2945 2891 inﬁrmitates
2973 2833 3168 2877 nostras
3197 2825 3391 2894 accepit
3410 2868 3425 2891 ,
3482 2834 3531 2879 et
3580 2838 3809 2897 trgrozg-

2212 2916 2371 2975 tibuas
2400 2916 2618 2986 portauit
2650 2914 2866 2985 (Matth.
2900 2916 3037 2984 vni).
3090 2916 3289 2971 Omnes
3326 2931 3432 2971 non
3474 2930 3670 2982 mane,
3702 2935 3809 2975 non

2211 3007 2455 3073 meridie,
2487 3008 2581 3063 sed
2612 3006 2679 3062 ad
2711 3021 2995 3075 vesperam
3024 3015 3301 3074 curantur,
3333 3009 3547 3078 quando
3589 3010 3677 3065 sol
3717 3025 3811 3066 oc-

2212 3099 2493 3154 cuhiturus
2517 3107 2622 3164 est,
2655 3098 2870 3167 quando
2902 3112 3130 3167 granum
3161 3098 3321 3154 tritici
3363 3100 3412 3155 in
3456 3109 3604 3157 terra
3637 3104 3808 3159 mori-

2213 3199 2315 3255 tur,
2348 3198 2404 3245 ut
2443 3189 2640 3245 multos
2667 3187 2874 3244 fructus
2900 3188 3110 3246 afferat.
3158 3189 3299 3246 Solis
3324 3204 3553 3261 namque
3584 3194 3807 3249 occabi-

2211 3290 2297 3341 tus
2330 3279 2636 3351 passionem
2666 3289 3003 3352 mortemque
3025 3282 3167 3337 illius
3187 3281 3470 3353 significat,
3496 3284 3593 3352 qui
3629 3286 3765 3341 dixit
3790 3306 3804 3339 ς

2212 3372 2457 3438 Quandiu
2499 3373 2552 3427 in
2592 3373 2787 3427 mundo
2826 3389 2968 3442 sum,
3011 3375 3105 3428 lux
3130 3376 3309 3427 mundi
3337 3391 3449 3429 sum
3475 3375 3669 3446 (locis.
3704 3380 3802 3445 ts}.

2206 3463 2274 3520 Et
2322 3466 2438 3523 sole
2485 3465 2769 3521 occidente
2822 3467 3003 3535 plures
3048 3466 3359 3521 damoniaci
3409 3482 3575 3535 quam
3632 3478 3801 3536 ante,

2206 3560 2385 3627 plures
2421 3567 2677 3614 sanantur
2705 3559 2929 3628 aegroti,
2979 3560 3098 3628 quia
3134 3560 3495 3629 temporaliter
3523 3560 3589 3616 in
3638 3576 3805 3617 carne

522 3652 647 3710 ιιιεεί
674 3654 929 3726 scriptum
960 3662 1080 3710 est:
1124 3650 1191 3707 Et
1222 3654 1379 3725 tetigit
1410 3668 1619 3707 manum
1649 3655 1783 3724 ejus,
1822 3660 1869 3708 et
1908 3650 2104 3710 dimisit
2206 3652 2426 3716 vivens,
2477 3665 2676 3720 paucos
2725 3648 3033 3707 Judmorum
3080 3649 3309 3715 docuit;
3360 3650 3575 3706 calcato
3632 3666 3801 3722 regno

517 3762 630 3802 eam
661 3746 814 3818 febris
845 3744 1059 3817 (Matth.
1090 3746 1228 3815 vui).
1284 3744 1439 3801 Modo
1468 3746 1613 3799 enim
1644 3744 1894 3799 Salvator
1941 3754 2101 3812 roga-
2203 3745 2414 3809 mortis,
2445 3744 2696 3801 omnibus
2726 3759 2823 3815 per
2849 3744 3038 3802 orbem
3066 3745 3317 3813 gentibus
3342 3745 3464 3801 fidei
3490 3748 3799 3818 salutisque

518 3849 626 3906 tur,
659 3837 821 3893 modo
853 3838 994 3892 ultro
1022 3844 1174 3893 curat
1200 3845 1453 3906 aegrotos,
1483 3835 1774 3891 ostendens
1814 3848 1875 3889 se
1913 3842 2098 3890 contra
2202 3834 2341 3891 dona
2371 3836 2690 3893 transmisit.
2722 3835 2889 3905 Cujus
2919 3836 3181 3892 ministris
3213 3837 3365 3906 quasi
3390 3836 3512 3891 vita
3547 3837 3799 3905 lucisque

517 3938 860 4001 peccatorum
908 3941 1121 3998 quoque
1171 3926 1449 3997 passiones
1496 3934 1551 3981 et
1599 3924 1847 3995 precibus
1885 3938 2100 3994 semper
2201 3925 2557 3995 praeconibus,
2587 3924 2867 3983 Psalmista
2896 3928 3077 3982 canit:
3108 3926 3218 3982 Iter
3245 3928 3397 3997 facite
3423 3929 3472 3982 ei
3495 3931 3594 3998 qui
3620 3947 3799 3985 escen-

515 4036 754 4077 annuere
782 4019 1020 4075 fidelium
1042 4060 1057 4087 ,
1106 4026 1162 4074 et
1190 4032 1252 4073 ea
1286 4032 1405 4088 quae
1443 4016 1547 4088 ipsi
1577 4016 1799 4071 minime
1834 4014 1886 4070 in
1924 4029 1984 4070 se
2013 4016 2096 4070 iu-
2200 4018 2273 4087 dit
2294 4035 2446 4089 super
2468 4034 2709 4074 occasum
2728 4018 2899 4089 (Psal.
2921 4020 3108 4090 mn).
3134 4020 3307 4090 Super
3326 4035 3580 4076 occasum
3606 4026 3801 4092 quippe

517 4112 765 4183 telligunt
790 4152 807 4179 ,
855 4112 938 4167 vel
970 4110 1314 4181 intelligenda
1345 4112 1477 4165 dare
1499 4150 1515 4177 ,
1562 4109 1651 4166 vel
1680 4108 1766 4179 pie
1792 4109 2097 4181 petentibus
2199 4110 2457 4165 Dominus
2486 4109 2759 4176 ascendit,
2806 4111 2932 4181 quia
2961 4112 3102 4167 unde
3134 4112 3189 4167 in
3222 4113 3471 4181 passione
3498 4115 3758 4170 Occubuit
3778 4158 3792 4175 ,

513 4208 673 4262 etiam
706 4219 814 4260 non
846 4202 1117 4259 intellecta
1146 4200 1442 4270 dimittere,
1467 4200 1621 4274 juxta
1644 4201 1785 4272 quod
1813 4200 2095 4275 Psalmista
2198 4203 2323 4259 inde
2355 4204 2613 4271 majorem
2654 4219 2805 4262 suam
2850 4204 3073 4273 gloriam
3102 4204 3436 4275 resurgendo
3466 4205 3795 4261 manifesta-

510 4295 787 4365 postulat:
844 4292 1045 4348 Delicta
1090 4292 1202 4365 quis
1246 4292 1540 4363 intelligit?
1602 4292 1665 4344 ab
1716 4290 1927 4346 occultis
1971 4292 2093 4346 meis
2198 4295 2291 4349 vit.
2346 4294 2572 4351 Exibunt
2620 4308 2789 4351 autem
2832 4296 3084 4353 daemonia
3125 4314 3158 4351 a
3198 4297 3372 4352 multis
3414 4298 3699 4351 dammis
3748 4307 3795 4351 et

511 4384 702 4441 munda
732 4401 830 4450 me,
861 4384 1078 4439 Domine
1110 4383 1283 4455 (Psal.
1312 4385 1487 4452 xvm).
1537 4383 1796 4452 Tangitur
1822 4398 1950 4439 vero
1977 4401 2091 4439 ma-

512 4490 615 4529 nus
644 4475 882 4530 mulieris
904 4516 920 4543 ,
960 4482 1013 4529 et
1050 4475 1251 4529 sanatis
1282 4475 1535 4545 operibus
1567 4475 1717 4545 ejus,
1751 4484 2090 4544 peccatorum

512 4563 798 4620 infirmitas
819 4564 972 4634 fugit.
1008 4563 1075 4617 Et
1097 4566 1337 4619 continuo
1364 4583 1597 4637 surgens,
1620 4567 1934 4620 ministrabat
1962 4566 2087 4621 illis.

508 4653 764 4709 Naturale
791 4662 873 4707 est
902 4651 1361 4721 febricitantibus,
1404 4655 1694 4725 incipiente
1722 4655 1949 4716 sanitate
1980 4656 2090 4709 las-

507 4763 755 4816 sescere,
805 4756 861 4804 et
899 4749 1263 4818 aegrotationis
1294 4751 1494 4806 sentire
1521 4752 1843 4807 molestiam.
1892 4752 2087 4808 Verum

506 4842 711 4896 sanitas
748 4856 865 4912 qum
908 4838 1121 4894 Domini
1168 4840 1442 4897 confertur
1473 4843 1719 4913 imperio,
1773 4843 1928 4896 simul
1979 4852 2085 4898 tota

507 4930 673 4997 redit,
719 4945 821 4986 nec
862 4931 1034 4987 solum
1078 4932 1191 5001 ipsa
1224 4932 1401 5000 redit,
1451 4932 1545 4988 sed
1594 4943 1647 4988 et
1697 4940 1844 4987 tanto
1889 4935 2084 4990 robore

506 5022 827 5089 comitante,
860 5032 918 5081 ut
940 5021 1021 5077 eis
1047 5022 1300 5078 continuo
1330 5023 1417 5094 qui
1454 5039 1512 5079 se
1541 5023 1854 5092 adjuverant
1876 5067 1890 5091 ,
1924 5027 2083 5081 mini-

505 5120 679 5166 strare
704 5111 975 5167 sufficiat:
1010 5121 1064 5168 et
1091 5110 1272 5185 (juxta
1302 5115 1443 5185 leges
1476 5114 1808 5185 tropologite)
1841 5118 2077 5174 membra

2197 4387 2417 4441 dicentia
2452 4404 2462 4416 '
2511 4388 2633 4459 quia
2675 4395 2730 4442 tu
2770 4404 2821 4442 es
2864 4385 3035 4442 Filius
3074 4386 3191 4443 Dei.
3247 4386 3312 4441 Et
3357 4388 3643 4459 increpans
3689 4405 3799 4441 non

2195 4477 2389 4532 sinebat
2419 4494 2477 4532 ea
2509 4479 2676 4547 loqui,
2722 4478 2842 4548 quia
2882 4479 3050 4548 ipsum
3089 4478 3312 4533 sciebant
3350 4494 3464 4533 esse
3494 4478 3791 4533 Christum-

2196 4566 2468 4623 Daemonia
2519 4568 2713 4623 Filium
2764 4567 2855 4622 Dei
2906 4567 3336 4635 confitebantur,
3388 4578 3447 4623 et
3490 4577 3795 4624 attestante

2194 4658 2560 4728 evangelista,
2612 4658 2853 4713 sciebant
2905 4658 3077 4727 ipsum
3126 4674 3248 4715 esse
3294 4657 3606 4728 Christum,
3660 4660 3795 4729 quia

2194 4764 2349 4823 quem
2376 4749 2583 4804 dierum
2614 4748 2963 4820 quadraginta
2990 4749 3199 4820 jejunio
3228 4750 3507 4820 fatigatum
3534 4750 3799 4806 diabolus

2194 4840 2464 4896 hominem
2496 4850 2855 4912 cognoverat,
2888 4855 2989 4897 nec
3021 4844 3277 4898 tentando
3310 4844 3567 4908 valebat,
3616 4858 3689 4899 an
3736 4853 3799 4899 es

2192 4931 2285 4989 Dei
2314 4932 2486 4987 Filius
2514 4941 2688 5002 esset,
2743 4934 3005 5003 experiri,
3050 4932 3161 5003 jam
3191 4949 3333 4989 nunc
3365 4950 3462 5004 per
3502 4935 3793 5005 signorm

2190 5026 2483 5095 potentiam
2518 5026 2602 5083 vel
2652 5026 2953 5092 intellexir,
3014 5027 3100 5082 vel
3141 5027 3316 5096 potius
3353 5028 3665 5097 suspicatus
3700 5040 3792 5086 est

2188 5133 2308 5174 esse
2341 5118 2529 5173 Filium
2563 5118 2679 5173 Dei.
2722 5117 2837 5173 Non
2868 5133 2998 5189 ergo
3027 5119 3150 5174 ideo
3175 5119 3375 5175 Judzis
3402 5135 3528 5176 eum
3560 5121 3792 5176 cruciﬁ-

505 5212 626 5269 qua:
653 5201 948 5258 servierant
972 5201 1321 5259 immunditiis
1345 5204 1411 5257 ad
1440 5204 1793 5273 iniquitatem,
1822 5217 1876 5260 ut
1898 5206 2073 5263 fructi~

502 5290 728 5348 ficarent
758 5296 950 5361 morti,
984 5297 1223 5351 serviant
1262 5296 1478 5367 justitizc
1522 5296 1573 5350 in
1610 5296 1770 5351 vitam
1799 5307 2074 5354 aeternam.

502 5384 608 5440 Sed
632 5395 685 5440 et
707 5387 1001 5442 secundum
1028 5390 1285 5459 mysticos
1306 5388 1626 5454 intellectus,
1656 5390 1858 5445 salvato
1887 5403 2075 5447 centu-

499 5475 671 5530 rionis
708 5492 893 5546 puero,
922 5491 985 5531 ac
1014 5477 1117 5534 fide
1145 5482 1381 5550 gentium
1415 5481 1464 5533 in
1496 5481 1806 5538 centurione
1838 5482 2069 5551 laudata,

499 5577 887 5637 consequenter
917 5584 1105 5624 socrus
1137 5570 1319 5637 Petri,
1374 5573 1472 5626 hoc
1510 5580 1592 5626 est
1616 5612 1629 5637 ,
1678 5588 1940 5645 synagoga
1973 5575 2069 5631 Ju-

498 5656 650 5711 daica
680 5660 749 5712 ab
777 5665 912 5715 testu
942 5660 1167 5717 febrium
1198 5671 1438 5719 sanatur.
1486 5663 1685 5718 Domus
1718 5681 1942 5736 namque
1974 5668 2072 5723 Pe-

498 5748 591 5815 tri,
624 5750 772 5818 plebs
800 5751 1088 5809 Israelitica
1119 5755 1454 5826 intelligitur,
1505 5758 1557 5811 in
1586 5773 1683 5826 qua
1717 5758 1901 5827 (juxta
1931 5764 2068 5828 quod

498 5837 695 5900 Paulus
722 5846 994 5904 apostolus
1023 5845 1208 5912 refert)
1242 5848 1426 5903 Petrus
1462 5851 1789 5920 apostolatus
1830 5852 2067 5909 ministe-

2180 5226 2307 5281 gere
2347 5210 2646 5281 persuasit,
2695 5211 2819 5280 quia
2848 5208 3128 5265 Christum
3155 5211 3267 5266 sive
3297 5210 3490 5265 Filium
3524 5211 3625 5267 Dei
3670 5231 3791 5268 non

2181 5318 2302 5360 esse
2333 5305 2568 5372 putavit,
2616 5303 2710 5358 sed
2738 5302 2860 5372 quia
2892 5317 2951 5359 se
2981 5313 3157 5359 morte
3184 5303 3330 5359 illius
3371 5317 3480 5358 non
3521 5306 3788 5372 prasidi!

2178 5408 2299 5450 esse
2329 5394 2716 5449 damnandum.
2749 5391 2889 5448 Vere
2917 5394 3059 5449 enim
3089 5393 3159 5449 de
3184 5394 3283 5447 hoc
3313 5394 3579 5464 mysterio
3608 5408 3637 5446 a
3678 5412 3785 5449 δε-

2179 5493 2312 5547 culis
2346 5490 2664 5546 abscondito
2694 5490 2829 5545 dicit
2856 5490 3181 5560 Apostolus,
3224 5488 3368 5560 quod
3396 5503 3546 5543 nemo
3574 5492 3787 5557 priui-

2178 5598 2298 5654 pum
2344 5581 2500 5652 hujus
2546 5582 2722 5637 saeculi
2765 5582 3018 5651 cognouit.
3072 5580 3135 5637 Si
3179 5582 3313 5636 enim
3367 5584 3779 5652 cognovissent,

2178 5689 2440 5743 nunquam
2484 5671 2758 5727 Dominum
2806 5673 2984 5743 gloria:
3023 5672 3390 5740 cruciﬁzisseut
3414 5671 3470 5743 (Ι
3499 5672 3623 5726 Cor.
3662 5678 3777 5733 x13.

2177 5765 2351 5832 Quare
2376 5776 2553 5821 autem
2582 5765 2843 5819 daemonia
2877 5766 3134 5821 Dominus
3155 5780 3217 5820 se
3244 5763 3388 5832 loqui
3414 5764 3775 5833 prohibebat,

2175 5855 2483 5916 manifestat
2519 5857 2829 5924 Psalmista,
2862 5858 2952 5927 qui
2981 5857 3093 5914 ait:
3125 5854 3393 5913 Peccatori
3418 5864 3595 5911 autem
3626 5858 3775 5913 ﬁxit
