3972 6340
615 380 752 445 1359

1464 381 1663 440 PAULI
1705 381 1976 439 DIACONI
2012 379 2166 438 OPP.
2210 380 2389 441 PARS
2428 382 2494 441 11.
2538 417 2607 430 -
2644 380 3007 442 ASCETICA.

3648 384 3735 445 I360

615 504 833 578 (Matth.
867 501 1034 571 xxvi).
1071 501 1262 555 Verum
1294 501 1766 569 postquam'sancti
1796 499 2025 568 Spiritus
2055 498 2199 570 ignis
2229 503 2275 560 Α
2305 504 2575 571 quomodo
2617 511 2673 557 et
2718 515 2749 555 a
2800 500 2978 554 Patre.
3034 495 3153 566 Ipse
3205 492 3412 565 Spiritus
3453 504 3617 551 sanctus
3656 503 3739 570 qui;

616 595 810 651 timore
838 604 962 648 alite
991 593 1234 661 frigidum
1278 600 1462 660 pectus
1493 589 1757 655 accendit,
1790 598 1987 646 tantam
2020 589 2197 644 subito

616 686 985 740 fortitudinem
1036 684 1214 737 animo
1263 681 1529 750 concepit,
1577 691 1634 735 ιιι
1676 695 1783 750 prae
1821 680 2027 734 cunctis
2068 695 2197 747 apo-

615 776 772 833 stolis
802 776 867 830 ad
906 776 1129 844 gloriam
1160 772 1565 829 resurrectionis
1594 771 1793 826 Christi
1822 772 2032 841 publice
2062 787 2198 840 prte-

617 868 901 925 dicandam
934 867 1209 930 emicaret,
1241 874 1399 935 atque
1428 864 1727 933 principum
1769 862 2199 916 terriculamenta

617 958 890 1019 ttansiret,
920 957 1142 1011 dicens:
1190 956 1407 1008 Ubedire
1454 963 1649 1025 Oportet
1694 952 1802 1006 Deo
1843 952 2001 1022 magis
2045 967 2196 1019 quam

618 1050 907 1104 ltonrinibus
938 1050 1073 1120 (Act.
1118 1048 1199 1118 ν).
1233 1048 1297 1101 Ει
1340 1048 1566 1101 iterum:
1611 1043 1731 1098 Non
1778 1059 2045 1115 possumus
2091 1057 2205 1111 qua:

620 1143 842 1197 vidimus
871 1152 916 1193 et
945 1140 1234 1193 audivimus
1264 1155 1365 1192 non
1399 1137 1537 1206 loqui
1567 1137 1705 1207 (Act.
1734 1135 1829 1203 Iv).
1864 1134 2204 1188 Admiretnur

622 1247 751 1304 ergo
781 1233 994 1286 beatum
1045 1232 1257 1285 Petrum
1302 1229 1705 1298 przcdicantem,
1745 1241 1904 1294 quem
1954 1224 2204 1277 doluera-

626 1340 747 1382 mus
774 1325 1125 1405 inﬁciaqtent.
1165 1323 1337 1378 Tanto
1365 1323 1507 1377 enim
1539 1318 1768 1388 Spiritus
1810 1317 1975 1369 sancti
2008 1316 2208 1384 fulgore

620 1417 917 1474 illustratus
965 1428 1066 1479 est,
1108 1425 1358 1484 tantaque
1414 1410 1655 1467 veritatis
1708 1407 2023 1463 auctoritate
2080 1405 2208 1459 soli-

624 1507 803 1576 datus,
852 1518 913 1562 ut
945 1509 1089 1577 ipsos
1121 1507 1208 1576 qui
1245 1505 1403 1575 paulo
1434 1512 1557 1557 ante
1588 1501 1802 1556 fuerunt
1840 1496 2210 1552 interfectores

625 1599 853 1666 Christi,
905 1598 981 1652 ita
1022 1604 1382 1661 converteret,
1434 1592 1575 1664 quod
1624 1577 1784 1648 etiam
1830 1588 1965 1644 mori
2014 1587 2213 1643 vellent

625 1710 724 1765 pro
751 1710 936 1750 amore
964 1694 1184 1748 Christi.
1229 1690 1462 1746 Proinde
1491 1691 1712 1759 loquens
1764 1686 2019 1741 Dominus
2053 1684 2212 1739 disci-

623 1787 790 1858 pulis,
824 1796 880 1840 et
928 1786 1247 1855 promittens
1294 1784 1372 1837 eis
1419 1782 1703 1836 adventum
1750 1778 1977 1846 Spiritus
2017 1776 2207 1841 sancti,

2304 596 2459 648 unius
2509 603 2591 649 est
2637 592 2926 647 voluntatis
2984 588 3320 657 ejusdemque
3367 589 3623 656 operationis
3661 608 3736 649 cum

2301 684 2459 739 Patre
2487 693 2543 739 et
2568 682 2722 748 Filio,
2755 681 2950 737 dicitur
2977 693 3185 750 quoque
3208 678 3313 747 ipse
3335 692 3415 731 sua
3440 683 3735 747 spontevenire.

2301 774 2455 842 Quod
2510 783 2757 844 patenter
2811 772 2864 827 in
2918 786 2985 826 eo
3042 771 3157 825 loco
3213 767 3440 824 Dominus
3481 771 3656 825 ostendit
3687 774 3741 829 ubi

2301 865 2428 921 dicit
2450 884 2461 917 :
2488 865 2716 934 Spiritus
2738 863 2822 917 ubi
2843 861 2949 917 uult
2972 862 3135 928 spirat
3156 858 3323 930 (Joan.
3350 860 3441 930 ιιι).
3464 860 3515 915 Et
3532 861 3739 930 Apostolus,

2306 958 2634 1014 enumeratis
2662 957 2967 1012 divinorum
2998 954 3370 1011 charismatum
3390 953 3741 1021 distributionibus,

2302 1053 2480 1107 subdit
2504 1069 2519 1108 :
2553 1051 2680 1107 1103c
2708 1052 2885 1106 omnia
2909 1057 3157 1118 operatur
3179 1063 3303 1101 unus
3322 1056 3451 1114 atque
3468 1046 3575 1099 idem
3597 1046 3744 1117 Spiritui

2306 1145 2354 1216 (Ι
2386 1144 2512 1200 Cor.
2557 1145 2682 1213 xu).
2738 1144 2971 1212 ldipsum
3004 1156 3215 1211 quoque
3257 1140 3483 1195 Dominus
3520 1139 3563 1194 in
3586 1142 3658 1195 hoc
3676 1141 3745 1195 loco

2308 1237 2559 1300 ostendit,
2597 1238 2776 1291 dicens
2805 1254 2817 1288 :
2866 1234 2992 1288 Cum
3022 1233 3212 1288 renerit
3246 1230 3524 1285 Paracletus.
3554 1230 3651 1297 Quia
3669 1245 3747 1286 vero

2308 1336 2362 1383 et
2392 1344 2419 1381 a
2453 1328 2595 1383 Filio
2623 1329 2869 1383 mittatur
2898 1324 3239 1393 subsequitur
3285 1323 3387 1393 ipse
3429 1322 3565 1377 Filius
3584 1333 3621 1377 et
3641 1322 3745 1376 dicit:

2313 1420 2475 1488 Quem
2501 1436 2592 1490 ego
2620 1420 2815 1472 mittam
2837 1418 2998 1472 vobis.
3032 1416 3098 1470 Et
3125 1424 3184 1470 ut
3211 1413 3436 1469 ostendat
3457 1428 3482 1467 a
3520 1412 3635 1467 Patre
3654 1412 3743 1466 illum

2312 1514 2475 1567 etiam
2505 1512 2814 1580 procedere,
2845 1507 3180 1563 subinlertur
3208 1524 3220 1559 :
3252 1505 3475 1577 Spiritum
3515 1504 3677 1575 ueritatis
3699 1504 3749 1571 qui

2312 1621 2343 1657 a
2394 1601 2553 1656 Patre
2586 1602 2848 1673 procedit.
2884 1600 3175 1669 Propterea
3220 1598 3428 1666 quaesitu
3466 1595 3748 1664 indignumnon

2315 1700 2399 1746 est
2425 1706 2521 1747 cur
2552 1692 2784 1760 Spiritus
2815 1698 3037 1744 sanctus
3065 1703 3175 1743 non
3205 1695 3374 1752 natus,
3396 1698 3485 1739 non
3508 1685 3751 1753 genitus,non

2316 1783 2611 1851 ingenitus,
2661 1782 2758 1836 sed
2799 1781 2975 1849 potius
3020 1779 3315 1851 procedens
3352 1776 3540 1830 dicatur.
3576 1772 3641 1828 Cui
3667 1786 3750 1839 que-

627 1880 716 1949 qui
747 1892 843 1934 eos
870 1877 1090 1931 doceret
1119 1876 1398 1930 scientiam
1431 1873 1623 1928 divina:
1654 1870 1992 1942 cognitionis,
2021 1877 2074 1923 et
2096 1884 2209 1924 cor-
2244 1867 2293 1927 B
2323 1877 2484 1931 stioni
2519 1877 2617 1929 hac
2639 1874 2847 1929 ratione
2874 1888 2902 1927 a
2936 1871 3184 1927 Patrihus
3207 1868 3434 1925 obviatnr
3454 1886 3466 1922 :
3486 1865 3655 1933 Spiritus
3669 1863 3751 1917 enim

627 1971 909 2025 roboraret
937 1967 1003 2022 ad
1053 1967 1302 2022 liduciam
1336 1964 1726 2036 praadicationis
1774 1970 1931 2031 atque
1960 1969 2215 2016 constan-

629 2063 756 2117 tiam
788 2062 1067 2130 passionis,
1113 2060 1283 2115 dicit:
1332 2058 1456 2114 Cum
1496 2057 1686 2112 uenerit
1724 2054 2026 2109 Paracletus
2073 2072 2218 2124 quem

630 2172 721 2225 ego
742 2157 938 2208 mittam
959 2154 1095 2208 vobis
1115 2170 1148 2206 a
1173 2153 1348 2219 Patre,
1365 2162 1470 2208 etc.
1496 2151 1641 2205 Ordo
1658 2148 1940 2205 verborum
1965 2147 2086 2203 talis
2105 2157 2185 2203 est
2203 2166 2218 2202 :

631 2246 757 2301 Cum
784 2247 970 2299 venerit
1003 2245 1327 2311 Paracletus,
1352 2245 1441 2298 ille
1468 2243 1813 2298 testimonium
1849 2241 2127 2311 perhibebit
2158 2240 2220 2294 de

632 2353 731 2390 me.
782 2335 1092 2390 Paracletus
1140 2349 1392 2404 namque,
1440 2335 1543 2389 hoc
1570 2342 1655 2388 est
1701 2330 1929 2401 Spiritus
1981 2340 2218 2400 sanctus,

635 2428 1001 2483 testimonium
1058 2425 1329 2497 perhibuit
1375 2427 1442 2482 de
1500 2424 1725 2481 Domino
1780 2424 1906 2481 Jesu
1954 2423 2222 2480 Christo:

636 2523 758 2591 quia
790 2521 1039 2576 cordibus
1069 2520 1435 2589 apostolorum
1467 2520 1706 2590 illapsus,
1748 2520 2115 2589 plenissimam
2143 2520 2224 2575 eis

635 2612 929 2667 divinitatis
954 2622 1007 2668 et
1038 2611 1382 2666 humanitatis
1414 2612 1611 2667 Christi
1642 2611 1927 2666 scientiam
1952 2610 2218 2666 contulit:

634 2704 769 2758 adeo
808 2713 887 2767 ut,
934 2713 1194 2773 quantum
1242 2702 1483 2758 mortalis
1530 2703 1793 2773 fragilitas
1822 2705 2042 2773 patitur,
2072 2702 2226 2774 quid-

634 2796 762 2865 quid
804 2796 871 2851 de
912 2811 978 2852 eo
1007 2796 1346 2852 sentiendum
1380 2804 1463 2852 est
1509 2806 1751 2864 nossent,
1793 2796 2026 2867 qualiter
2066 2795 2224 2850 unius

635 2902 756 2943 cum
795 2887 953 2943 Patre
1008 2898 1151 2944 esset
1179 2889 1488 2943 substantia:
1530 2887 1876 2957 ejusdemque
1906 2886 2223 2956 majeSIatis,

635 2981 779 3051 quod
809 2981 855 3037 is
883 2982 971 3051 qui
1001 2993 1124 3037 ante
1152 2982 1345 3037 saecula
1377 2981 1517 3037 Deus
1541 2992 1656 3036 erat
1684 2981 1823 3051 apud
1856 2981 2040 3047 Deum,
2066 2979 2225 3035 homo

634 3075 777 3129 inter
808 3075 1052 3129 homines
1079 3076 1326 3145 apparuit
1356 3075 1410 3128 in
1451 3075 1556 3130 line
1586 3075 1931 3142 saeculorum,
1976 3071 2123 3143 quod
2159 3070 2226 3126 de

634 3165 844 3235 virgine
872 3173 1026 3218 natus
1057 3164 1344 3234 acceperit,
1378 3173 1436 3219 ut
1464 3165 1602 3219 idem
1635 3165 1796 3220 homo
1837 3164 1977 3219 idem
2003 3172 2145 3218 esset
2171 3170 2227 3216 et

637 3228 814 3312 Deus:
864 3256 1006 3326 quod
1053 3228 1245 3326 sponte
1296 3228 1504 3327 passus,
1532 3271 1631 3311 sua
1680 3258 1876 3312 virtute
1921 3272 1953 3312 a
2000 3254 2225 3311 mortuis
2255 3228 2300 3291 ο

639 3347 1015 3415 resurrexerit,
1062 3357 1224 3419 atque
1279 3349 1479 3404 ccelum
1528 3349 1843 3415 ascendens,
1900 3350 1955 3404 in
2006 3349 2231 3405 dextera

638 3444 814 3499 Patris
844 3444 1065 3513 sederit,
1125 3456 1399 3515 postremo
1449 3444 1593 3515 quod
1634 3446 1750 3513 ipse
1792 3445 1848 3500 in
1898 3443 2005 3499 line
2050 3444 2232 3500 mundi

643 3550 828 3605 aequus
857 3540 1094 3591 omnium
1122 3536 1284 3607 iudex
1314 3545 1571 3593 venturus
1592 3537 1680 3591 sit.
1716 3537 1839 3591 llaac
1862 3538 2039 3592 omnia
2064 3538 2232 3594 sancti

637 3629 868 3698 apostoli
916 3629 983 3685 de
1032 3614 1249 3685 Christo
1297 3627 1526 3694 Spiritus
1572 3628 1743 3684 sancti
1791 3629 2107 3699 magisterio
2152 3630 2234 3684 di-

640 3718 903 3775 dicerunt.
958 3718 1067 3775 Nec
1113 3720 1289 3775 solum
1340 3718 1437 3786 illi,
1471 3734 1657 3775 verum
1700 3720 1861 3775 etiam
1912 3734 2104 3775 omnes
2142 3720 2234 3789 qui

639 3820 786 3867 recte
840 3809 1042 3880 aliquid
1099 3811 1166 3865 de
1219 3810 1436 3865 Christo
1486 3811 1742 3878 sentiunt,
1802 3811 1960 3881 hujus
2007 3810 2234 3880 Spiritus

639 3905 805 3975 gratia
863 3907 965 3961 hoc
1025 3904 1386 3974 promeruisse
1451 3904 1703 3959 credendi
1760 3914 1905 3959 sunt.
1959 3903 2235 3959 Perhibuit

640 3997 803 4052 etiam
834 3997 1229 4063 testimonium,
1272 3996 1486 4065 quando
1530 3995 1808 4065 discipulis
1854 3995 2229 4062 constantiam,

641 4102 707 4143 ea
740 4103 859 4157 qua:
909 4088 1226 4154 didicerant,
1279 4088 1606 4157 praedicandi
1656 4087 1974 4158 inspiravit:
2019 4086 2234 4157 quando

642 4197 748 4236 uno
775 4182 1068 4252 eodemque
1098 4180 1301 4251 Spiritu
1347 4192 1400 4236 et
1447 4180 1690 4237 scientia:
1736 4180 2038 4251 spiritualis
2084 4180 2230 4250 dote,

642 4282 698 4330 et
722 4274 932 4329 virtutis
978 4273 1047 4328 ad
1098 4273 1496 4344 praedicandum
1546 4288 1647 4343 ope
1677 4273 1859 4328 donati
1888 4280 2032 4328 sunt.
2078 4271 2231 4340 Quod

644 4376 822 4421 autem
850 4367 945 4431 ait,
991 4382 1134 4438 quem
1179 4384 1269 4438 ego
1309 4369 1509 4421 mittam
1552 4366 1743 4420 vobisa
1786 4366 1944 4421 Patre
1973 4367 2229 4437 Spiritum

647 4459 894 4525 ueritatis,
936 4458 1025 4528 qui
1066 4476 1098 4512 a
1141 4457 1297 4513 Patre
1338 4459 1586 4528 procedit,
1630 4473 1723 4527 per
1773 4458 2230 4530 interpositionem

651 4550 852 4605 dictum
898 4557 1007 4615 est,
1052 4563 1171 4618 qua:
1215 4550 1378 4617 ﬁgura
1425 4548 1611 4604 Graece
1640 4548 1832 4604 dicitur
1875 4550 2228 4619 parenthesis,

649 4655 807 4710 quam
838 4640 1156 4695 sententiam
1187 4641 1306 4697 ideo
1353 4643 1693 4712 interponere
1734 4644 1918 4709 voluit,
1952 4650 2011 4698 ut
2050 4652 2232 4714 aperte

650 4733 960 4789 ostenderet
1005 4732 1059 4787 in
1105 4732 1260 4788 Patre
1288 4742 1341 4787 et
1364 4732 1499 4788 Filio
1544 4749 1699 4789 unam
1740 4749 1858 4789 esse
1905 4736 2231 4790 voluntatem

650 4833 706 4880 ct
735 4839 894 4879 unam
925 4824 1290 4895 operationem
1320 4840 1438 4879 cum
1466 4825 1812 4880 distinctione
1842 4839 2187 4894 personarum
2216 4844 2229 4880 :

651 4915 725 4970 ita
756 4916 1005 4971 videlicet
1030 4927 1088 4970 ut
1132 4916 1486 4986 intelligamus
1525 4917 1678 4970 aliam
1707 4917 1923 4985 quidem
1955 4931 2230 4986 personam

650 5005 847 5072 Patris,
900 5008 1056 5062 aliam
1109 5005 1248 5073 Filii,
1303 5008 1457 5062 aliam
1506 5007 1736 5077 Spiritus
1787 5008 1979 5073 sancti,
2035 5011 2127 5063 sed
2178 5010 2231 5063 in

652 5099 821 5155 tribus
888 5102 1131 5169 personis
1190 5114 1348 5155 unam
1399 5111 1560 5169 atque
1616 5100 1857 5155 eamdem
1916 5109 2233 5171 potestatem

652 5193 967 5263 majestatis.
1002 5193 1315 5248 Intuendum
1343 5209 1468 5249 vero
1507 5193 1647 5261 quod
1691 5194 1947 5264 Spiritum
1993 5205 2233 5251 sanctum

653 5293 709 5338 ct
746 5299 778 5339 a
806 5300 865 5339 se
893 5283 1055 5351 mitti,
1088 5296 1140 5340 et
1168 5300 1198 5339 a
1248 5287 1402 5341 Patre
1449 5284 1742 5355 procedere
1784 5278 1930 5351 dicit,
1982 5302 2086 5342 non
2127 5303 2234 5355 quo

655 5376 971 5445 separabilis
1023 5376 1092 5432 sit
1136 5377 1309 5433 Patris
1352 5388 1406 5433 et
1456 5377 1574 5432 Filii
1619 5379 1880 5447 operatio,
1928 5379 2023 5434 sed
2072 5390 2129 5434 ut
2154 5380 2233 5434 di-

659 5470 851 5523 stantia
895 5484 1241 5539 personarum
1289 5470 1462 5525 Patris
1503 5479 1557 5525 et
1595 5469 1717 5526 Filii
1748 5473 2136 5539 manifestetur,
2178 5474 2229 5529 in

659 5576 762 5631 qua
786 5572 960 5616 tamen
984 5576 1332 5631 personarum
1353 5563 1695 5619 distinctione
1717 5579 1817 5618 una
1844 5564 1962 5620 Filii
1986 5565 2233 5621 voluntas

663 5661 821 5720 atque
847 5654 1085 5722 operatio
1122 5670 1245 5710 cum
1290 5654 1463 5711 Patris
1509 5657 1777 5712 voluntate
1821 5668 1875 5712 et
1920 5659 2231 5727 operatione

661 5744 967 5798 concordat.
1024 5746 1175 5802 Sicut
1220 5762 1348 5819 ergo
1392 5749 1621 5822 Spiritus
1672 5763 1887 5810 sanctus
1939 5756 2163 5810 mittitur
2200 5770 2230 5809 a

661 5831 820 5897 Filio.
847 5836 926 5892 sic
952 5836 1181 5915 mittitur
1207 5848 1264 5901 et
1288 5854 1320 5933 pa
1348 5840 1525 5917 Patre,
1555 5853 1612 5906 et
1638 5844 1717 5906 sic
1761 5843 2003 5919 procedit
2030 5862 2061 5905 a
2098 5845 2234 5908 Filio
2270 5929 2287 5935 _

2322 1978 2539 2024 sanctus
2585 1967 2651 2020 de
2705 1965 2863 2019 Patre
2908 1961 3151 2033 procedit
3178 1969 3230 2016 et
3278 1958 3421 2025 Filio,
3463 1955 3539 2011 sed
3578 1954 3661 2008 ideo
3689 1966 3749 2005 non

2321 2060 2515 2116 dicitur
2543 2060 2781 2130 genitus,
2810 2072 2875 2111 ne
2903 2055 3010 2110 duo
3034 2056 3086 2109 in
3103 2052 3359 2109 Trinitate
3383 2049 3484 2105 Filii
3504 2046 3752 2116 suspicentur:

2325 2153 2445 2207 ideo
2474 2166 2579 2206 non
2616 2159 2839 2205 vocatur
2890 2146 3180 2216 ingenitus,
3210 2159 3272 2199 ne
3297 2144 3394 2198 duo
3420 2140 3613 2197 similiter
3633 2136 3667 2189 in
3687 2135 3751 2187 Tri-

2324 2246 2494 2300 nitate
2540 2242 2726 2297 Patres
2771 2240 3061 2295 credantur
3100 2236 3347 2292 existere.
3381 2231 3620 2288 Procedens
3649 2234 3753 2280 autem

2324 2337 2519 2392 dicitur
2568 2331 2872 2390 testimonio
2909 2329 3132 2395 Christi,
3180 2328 3433 2384 dicentis:
3477 2319 3754 2394 Spiritamrtn'r

2327 2431 2445 2486 tatis
2467 2429 2554 2498 qui
2581 2446 2613 2481 a
2651 2426 2807 2481 Patre
2839 2425 3088 2495 procedit.
3142 2423 3284 2479 Inter
3314 2429 3574 2477 nascentem
3604 2410 3754 2470 recoli-

2328 2520 2454 2574 linm
2488 2528 2542 2574 et
2564 2518 2945 2589 procedentem
2978 2516 3238 2586 Spiritum
3268 2524 3485 2570 sanctum
3511 2513 3588 2566 ista
3605 2506 3755 2563 distantia

2327 2621 2411 2668 est
2436 2612 2577 2682 quod
2608 2611 2772 2665 Filius
2800 2625 2866 2666 ex
2894 2624 2998 2665 uno
3046 2612 3304 2679 nascitur,
3355 2606 3552 2678 Spiritus
3580 2616 3668 2658 vero
3684 2612 3756 2654 sano

2329 2714 2449 2758 ctus
2503 2718 2571 2757 ex
2627 2713 2852 2771 utroque
2929 2702 3194 2771 procedit.
3270 2701 3492 2755 Adventu
3547 2706 3671 2749 autem
3702 2700 3756 2744 suo

2329 2794 2563 2865 Spiritus
2597 2805 2816 2850 sanctus
2848 2794 3222 2850 testimonium
3254 2792 3496 2864 perhibuit
3529 2789 3582 2844 de
3610 2784 3759 2846 Domino.

2329 2889 2453 2959 quia
2480 2887 2867 2959 discipulorum
2919 2887 3190 2944 mentibus
3220 2887 3433 2953 inlusus,
3476 2881 3613 2939 omnia
3633 2874 3757 2948 quad!

2330 2996 2394 3036 co
2444 2980 2762 3037 mortalibus
2809 2991 2963 3035 erant
2998 2981 3386 3052 cognoscenda,
3431 2977 3549 3034 clara
3583 2971 3664 3042 eius
3692 2969 3759 3022 luce

2330 3073 2605 3139 revelavit,
2632 3082 2815 3143 aperte
2841 3070 3085 3128 videlicet
3111 3074 3193 3129 eis
3230 3073 3481 3128 insinuans
3501 3059 3693 3137 quomodo
3715 3060 3753 3110 sit

2334 3164 2489 3221 Pater
2533 3166 2822 3235 ingenitus,
2881 3164 3046 3220 Filius
3112 3166 3345 3235 genitus,
3396 3161 3588 3233 Spiritus
3634 3158 3758 3208 sancit!

2334 3274 2508 3329 neque
2532 3260 2743 3329 genitus
2773 3272 2945 3329 neque
2983 3260 3276 3328 ingenitus,
3320 3257 3407 3313 sed
3434 3270 3489 3311 ex
3516 3256 3757 3319 utroqueut-

2333 3354 2549 3417 cedens,
2580 3362 2632 3408 et
2667 3352 2720 3407 in
2761 3352 2845 3406 his
2879 3352 3048 3407 tribus
3075 3350 3319 3422 personis
3346 3364 3441 3405 una
3468 3345 3656 3417 maiestas
3673 3346 3757 3405 ³³⁸1⁸⁸

2335 3462 2437 3500 una
2467 3444 2786 3501 substantia.
2821 3442 2890 3498 Et
2918 3461 3026 3513 vos,
3068 3444 3263 3515 inquit,
3312 3439 3601 3497 testimonium
3629 3428 3758 3502 pallii“

2338 3537 2474 3592 bitis.
2534 3536 2918 3592 TeStimonium
2973 3536 3359 3604 perhibuerunt
3407 3527 3592 3603 apostoli
3629 3516 3757 3577 Doni"

2336 3629 2467 3685 Jesu
2493 3628 2732 3697 Christo,
2763 3628 2978 3699 quando
3006 3628 3094 3683 die
3137 3626 3442 3683 Pentecotes
3474 3618 3628 3691 Spiritu
3655 3614 3758 3665 sancio

2336 3720 2611 3787 illustrati,
2663 3735 2782 3792 qua:
2832 3734 2928 3790 per
2978 3719 3119 3776 illius
3166 3718 3520 3791 aspirationem
3558 3702 3757 3780 agnorum

2336 3811 2681 3883 intrinsecus,
2733 3812 2849 3867 haec
2904 3810 3209 3868 forinsecus
3257 3811 3452 3882 abiecto
3498 3805 3638 3859 timore
3666 3794 3756 3891 libi“

2337 3908 2456 3964 aliis
2520 3907 2965 3977 praedicaverunt.
3033 3906 3172 3973 Quia
3229 3906 3292 3959 ab
3331 3904 3463 3959 initio
3509 3894 3754 3977 ηιεοιιιιεξιιε·

2336 4001 2467 4069 Quia
2493 3976 2633 4057 enim
2664 4000 2732 4054 ah
2774 4000 2924 4054 initio
2949 3999 3354 4069 praedicationis
3391 4009 3496 4052 cum
3523 3985 3676 4045 Domino
3691 3976 3755 4029 ἔξιθ’

2337 4102 2476 4160 rant,
2505 4100 2751 4163 poterant
2769 4092 2887 4148 aliis
2909 4093 3203 4162 praedicare
3230 4106 3345 4162 quin
3373 4089 3602 4144 noverant.
3630 4070 3753 4163 Multum

2337 4161 2531 4255 (ἰυίρρέ
2558 4184 2622 4239 ad
2664 4184 2820 4238 ﬁdem
2864 4161 3284 4253 praedicandam,
3332 4192 3382 4238 et
3408 4180 3468 4234 ad
3511 4161 3753 4255 perhibcﬂ‘i"?
3816 4200 3817 4205 η

2338 4246 2698 4331 testiinonium
2745 4275 2811 4331 de
2856 4246 3071 4330 Christo
3117 4246 3379 4345 apostolis
3422 4266 3595 4341 proluit,
3617 4252 3701 4330 quod
3720 4246 3756 4347 il

2338 4368 2493 4423 initio
2538 4354 2832 4423 Dominica:
2882 4368 3285 4438 praedicationis
3337 4380 3446 4421 cum
3489 4377 3543 4417 eo
3582 4349 3757 4410 contentu

2336 4471 2460 4517 sunt
2485 4478 2497 4514 :
2530 4462 2651 4531 quia
2679 4470 2734 4516 et
2762 4462 3019 4532 temporis
3046 4463 3368 4531 quantitate,
3398 4467 3446 4514 et
3470 4454 3540 4512 sui
3572 4439 3754 4532 assidll'll’l‘

2339 4525 2846 4620 plenius—cretestem
2875 4525 3215 4621 disciplinam
3254 4525 3510 4622 ceperunt,
3534 4552 3574 4598 et
3591 4533 3698 4607 (utin
3714 4525 3754 4577 llr

2337 4653 2479 4698 ctum
2507 4643 2597 4713 sit)
2642 4643 2947 4698 medullitus
2997 4644 3345 4699 imbiberunt.
3393 4638 3525 4696 Unde
3556 4638 3597 4687 et
3629 4638 3668 4681 ei

2338 4738 2405 4793 ab
2437 4736 2552 4804 ipso
2582 4720 2832 4791 vider-unt
2868 4746 2923 4791 et
2964 4737 3275 4804 audierunt,
3323 4733 3504 4801 absque
3546 4716 3752 4782 ambitul‘”

2338 4829 2457 4884 aliis
2486 4829 2866 4899 praedicabant.
2897 4827 2994 4884 Cui
3017 4840 3163 4884 recte
3189 4832 3461 4883 attestatur
3482 4820 3623 4875 beatus

2340 4922 2428 4991 qui
2481 4897 2534 4974 in
2590 4923 2764 4975 locum
2820 4920 2970 4975 ludat
3024 4920 3341 4988 proditoris,
3386 4915 3526 4970 alium
3563 4897 3753 4991 ευϋέιίικξί

2339 4988 2524 5066 volens
2552 5010 2874 5080 apostolum,
2919 5026 3023 5064 non
3066 5010 3214 5065 hunc
3259 4988 3749 5080 neapltytumﬂdéw

2338 5103 2483 5168 dem,
2514 5077 2607 5157 sed
2630 5104 2787 5173 longa
2811 5077 3219 5158 canversatione
3244 5102 3521 5171 probatum,
3543 5103 3592 5145 εἰ
3622 5077 3752 5173 “mw

2337 5195 2582 5252 videlicet
2632 5170 2921 5252 Dominica:
2978 5194 3398 5267 prmdicationis,
3447 5188 3604 5256 eligere
3641 5170 3747 5268 alii”:

2336 5285 2519 5340 dicens
2548 5305 2560 5339 :
2608 5286 2715 5340 l'iri
2742 5289 2949 5357 fratres,
2979 5263 3184 5355 oportet
3210 5302 3276 5340 ex
3311 5285 3389 5337 Itis
3412 5280 3514 5334 viris
3529 5263 3747 5357 quintilis?

2335 5378 2637 5434 convcrsati
2667 5379 2866 5434 suntin
2888 5380 3025 5433 omni
3052 5388 3279 5449 tempore
3303 5390 3397 5447 quo
3423 5364 3590 5425 intrarit
3616 5359 3693 5453 lilia
3705 5353 3745 5453 εξ

2337 5468 2590 5526 Dominus
2612 5470 2764 5526 Jesus
2793 5482 2840 5527 et
2868 5473 3034 5537 exivit,
3066 5481 3241 5525 testem
3267 5469 3378 5536 ﬁeri
3400 5446 3747 5545 τεηηιιιὸωιξξξ

2338 5564 2403 5619 ad
2437 5564 2665 5634 plebem,
2699 5582 2861 5619 unum
2888 5582 2951 5620 ex
2975 5530 3081 5620 istis
3117 5530 3357 5634 (Ach-ll-
3387 5550 3609 5612 Maubl'm
3628 5530 3742 5634 ήῗῆ

2338 5624 2548 5729 quil’uit
2570 5624 2705 5714 unus
2728 5661 2795 5714 de
2818 5624 3149 5728 septuaginta
3175 5658 3460 5728 discipulis,
3486 5658 3590 5719 (Ιυοδ

2339 5710 2391 5807 lli
2425 5754 2539 5822 ipso
2568 5752 2956 5820 praedicationis
2984 5710 3091 5807 sine
3115 5710 3342 5807 exordio
3365 5754 3474 5820 post
3493 5710 3741 5822 εροειοωεξξ

2339 5806 2461 5918 δὴ..
2488 5806 2695 5916 Quanta
2745 5857 2923 5906 autem
2963 5847 3288 5908 auctoritate
3325 5806 3743 5905 resurrme

3810 4420 3811 4489 l

3808 4532 3809 4585 ι

3806 4610 3807 4681 l

3802 4688 3805 4775 ι
