3972 6340
211 426 353 485 1361

1209 432 1674 493 HOMlLlARlUS.
1719 410 1787 477 -ὲ-
1824 434 1989 493 non.
2032 437 2123 494 ne
2154 438 2508 498 TEMPORE.

3357 449 3495 509 i368

211 545 342 602 mini
367 532 1137 615 praedicaret,alibiinsinnat,
1162 549 1233 605 ita
1256 550 1323 606 de
1345 550 1555 606 Christo
1578 550 1793 606 dicens:
1831 557 1877 615 Α
1905 565 2145 608 noverunt
2196 554 2424 627 Patrem,
2461 574 2622 630 neque
2654 576 2749 615 me.
2800 559 2942 618 Satis
2988 561 3095 632 jam
3138 570 3337 620 sanetae
3383 564 3490 621 Ec-

207 638 379 707 Quem
422 639 560 707 Deus
588 639 846 694 suscitavit
874 657 905 696 a
935 643 1183 709 mortuis,
1226 654 1273 697 et
1297 646 1436 698 dedit
1473 661 1589 698 eum
1634 646 1802 698 mani-

205 729 397 800 festum
435 729 569 798 ﬁeri,
599 747 700 784 non
727 732 862 785 omni
889 733 1100 803 papula,
1131 736 1219 789 sed
1241 735 1447 790 testibus
1474 754 1505 789 a
1531 736 1641 791 Deo
1668 755 1803 808 pra:-

207 821 479 885 ordinatis,
509 821 654 876 nobis
678 823 766 892 qui
804 824 1220 880 manducavimus
1247 839 1295 881 et
1333 828 1548 882 bibimus
1573 847 1687 884 cum
1709 831 1801 886 illo

200 922 471 985 postquam
508 916 781 970 resurrexit
820 934 851 970 a
890 920 1102 973 mortuis
1128 921 1266 991 (Act.
1300 924 1377 992 ι).
1427 922 1556 977 Herc
1600 925 1801 981 locutus

199 1024 320 1062 sum
344 1008 481 1064 vobis
503 1018 560 1063 ut
584 1026 684 1063 non
704 1012 1143 1069 scandalizemini.
1169 1014 1508 1073 Prtevidebat
1541 1019 1801 1075 Dominus

202 1116 327 1173 quae
383 1102 825 1172 persecutionum
886 1106 1137 1175 procellae
1193 1117 1381 1163 contra
1444 1111 1799 1181 praedicantes

199 1192 475 1265 apostolos
528 1204 850 1251 surrectura:
902 1208 1104 1266 essent,
1158 1199 1389 1271 ideoque
1441 1205 1660 1270 provide
1710 1206 1795 1260 di-

198 1295 397 1355 gnatus
433 1293 518 1341 est
537 1286 616 1341 eis
657 1297 776 1354 post
805 1299 1025 1344 ventura
1051 1290 1368 1360 praedicere,
1396 1310 1502 1365 quo
1528 1295 1792 1351 venientia

199 1377 407 1434 facilius
439 1387 657 1447 possent
705 1381 954 1437 tolerare.
998 1381 1176 1438 Minus
1208 1400 1337 1456 ergo
1384 1387 1623 1443 afﬁciunt
1652 1390 1793 1444 mala

198 1484 321 1539 qua:
360 1483 783 1540 praenoscuntur,
824 1473 1040 1543 gravius
1071 1489 1199 1531 vero
1250 1477 1542 1547 improvisa
1580 1489 1793 1549 pertur-

197 1559 345 1616 bant.
390 1562 455 1617 Et
488 1562 803 1619 intuendum
833 1565 954 1635 quia
994 1580 1118 1622 cum
1158 1568 1392 1624 dixisset
1431 1586 1527 1626 eos
1557 1572 1790 1630 adventu

193 1651 429 1721 Spiritus
452 1656 620 1712 sancti
650 1655 1022 1724 illustraudos,
1048 1669 1101 1713 et
1134 1660 1238 1714 sibi
1269 1661 1637 1719 testimOnium
1667 1666 1790 1722 red-

195 1742 427 1811 dituros,
482 1746 628 1801 illico
689 1746 881 1803 futurae
942 1752 1330 1819 persecutionis
1394 1756 1618 1811 adversa
1665 1759 1791 1813 sub-

187 1822 390 1905 junx'it.
445 1836 655 1906 Quanto
707 1840 847 1894 enim
901 1841 1129 1911 amplius
1183 1847 1353 1901 sancti
1410 1847 1477 1902 ad
1532 1850 1785 1906 virtutum

191 1926 444 1983 sublimia
492 1930 790 1998 enituntur,
844 1947 912 1990 eo
974 1935 1149 2005 major
1200 1949 1386 1994 contra
1440 1956 1534 1997 eos
1592 1943 1788 2000 diaboli

193 2020 398 2077 invidia
435 2024 625 2092 oritur,
672 2041 788 2095 qum
820 2043 1006 2083 eorum
1060 2030 1387 2099 profectibus
1434 2036 1707 2104 resistere,
1736 2047 1789 2093 et

188 2113 312 2168 sive
360 2130 454 2185 per
505 2132 582 2184 se,
638 2119 752 2174 sive
805 2134 899 2190 per
947 2124 1185 2179 membra
1237 2141 1332 2181 sua
1364 2126 1619 2195 inchoati
1659 2133 1785 2188 boni

185 2207 370 2276 aperis
415 2210 564 2265 initia
613 2214 804 2280 quierit
856 2215 1117 2272 radicitus
1169 2219 1489 2290 exstirpare.
1527 2222 1613 2277 Ait
1658 2241 1786 2296 ergo

189 2301 484 2358 Dominus:
530 2302 659 2360 Haec
681 2305 880 2361 locutus
923 2326 1039 2363 sum
1063 2310 1203 2365 vobis
1232 2321 1286 2366 ut
1338 2330 1440 2369 non
1470 2317 1785 2374 scandalize-

184 2392 341 2459 mim‘,
371 2408 433 2448 ac
462 2392 508 2449 si
537 2394 742 2454 diceret
786 2413 802 2452 :
851 2399 1057 2457 ldcirco
1088 2403 1238 2459 vobis
1281 2416 1501 2462 ventura
1550 2420 1785 2479 postmo—

183 2484 316 2537 dum
361 2483 657 2556 innotesco,
700 2497 759 2542 ut
797 2492 1165 2562 praescientize,
1197 2496 1386 2567 clypeo
1433 2502 1643 2571 muniti,
1686 2520 1784 2560 ne-

182 2591 454 2645 quaquam
495 2593 525 2631 a
556 2588 697 2635 statu
726 2593 920 2638 vesme
946 2586 1232 2643 soliditatis
1262 2590 1605 2660 dejiciamini.
1650 2598 1781 2653 Abs-

178 2683 285 2738 que
332 2671 601 2739 syttagogis
648 2673 834 2742 facient
889 2693 994 2732 vos.
1048 2679 1102 2733 ln
1161 2681 1449 2751 Evangelio
1478 2688 1779 2748 invenimus

179 2760 532 2827 conspirasse
558 2760 793 2832 Judazos,
822 2776 880 2821 ut
898 2771 942 2823 si
967 2769 1089 2839 quis
1112 2773 1459 2832 conﬁteretur
1486 2779 1776 2853 Christum,

182 2860 342 2905 extra
376 2867 699 2924 synagOgam
750 2857 923 2915 ﬁeret.
978 2862 1132 2929 Quod
1180 2865 1428 2923 nimirum
1473 2873 1611 2941 apud
1656 2874 1778 2930 illos

180 2957 286 3012 pro
319 2959 508 3013 magno
541 2947 747 3015 piaculo
786 2949 1161 3021 deputabatur.
1198 2956 1347 3012 lianc
1377 2962 1516 3030 apud
1564 2962 1778 3022 Judteos

178 3032 316 3087 olim
363 3036 594 3106 viguisse
644 3042 1087 3099 consuetudinem
1138 3063 1297 3104 nemo
1345 3050 1688 3125 dubitaverit,
1720 3068 1776 3113 ut

175 3142 276 3182 eos
305 3128 392 3197 qui
419 3132 499 3185 vel
531 3132 876 3203 blasphemiae
905 3138 988 3194 vel
1035 3139 1259 3213 alicujus
1308 3146 1536 3202 sceleris
1583 3166 1775 3223 argue-

175 3216 402 3289 bantur,
446 3231 595 3278 extra
633 3239 953 3284 conventum
1001 3249 1155 3288 suum
1206 3237 1561 3305 expellerent.
1613 3216 1765 3300 Sicut

174 3314 330 3368 enim
363 3330 501 3371 nunc
528 3317 831 3386 homicidae,
862 3323 945 3378 vel
985 3323 1296 3394 incestuosi,
1329 3331 1411 3385 vel
1444 3334 1770 3403 capitalibus

168 3409 494 3463 criminibus
540 3414 774 3483 obnoxii,
830 3416 1052 3484 imperio
1100 3436 1368 3478 canonum
1417 3426 1482 3480 ab
1517 3428 1770 3486 Ecclesiae

170 3500 454 3554 consortio
495 3511 549 3556 et
594 3502 746 3558 altari
793 3504 1168 3578 detruduntur,
1212 3512 1282 3565 ita
1337 3523 1462 3570 tunc
1513 3520 1769 3589 temporis

167 3591 412 3647 nominis
468 3592 663 3651 Christi
721 3598 1053 3657 confessorcs
1108 3618 1137 3657 a
1192 3618 1461 3678 synagoga
1519 3611 1769 3667 elimina-

165 3683 394 3739 bantur.
450 3688 598 3753 Quod
655 3691 795 3758 passi
842 3702 965 3748 sunt
1012 3695 1335 3754 Nieodemus
1377 3712 1432 3756 et
1486 3702 1764 3771 Gamaliel,

164 3776 442 3844 multique
487 3780 605 3846 alii,
645 3784 734 3852 qui
781 3784 1061 3855 elegerunt
1116 3791 1181 3845 ad
1236 3801 1443 3862 tempus
1492 3797 1764 3855 lanuuinum

162 3867 435 3923 societate
476 3871 696 3941 privari,
731 3884 787 3929 ut
824 3875 1040 3933 Christo
1072 3881 1480 3953 inperpetuum
1524 3888 1766 3947 adlicere-

163 3968 321 4015 rent.
345 3961 494 4025 Quod
524 3972 697 4018 autem
725 3981 830 4020 non
853 3968 1024 4023 solum
1049 3986 1077 4024 a
1102 3976 1385 4043 synagogis
1415 3977 1761 4049 ejicerentur,

163 4066 360 4105 verum
406 4053 562 4107 etiam
592 4066 765 4113 morte
794 4073 825 4112 a
854 4061 1166 4117 concivibus
1212 4066 1323 4121 suis
1374 4068 1761 4142 plecterentur,

161 4142 484 4198 manifestat
524 4146 777 4204 Dominus
808 4166 924 4206 cum
953 4154 1262 4226 subjungit:
1318 4158 1428 4214 Sed
1473 4164 1603 4216 venit
1635 4166 1761 4221 hora

163 4242 228 4289 ut
260 4236 424 4288 ontnis
447 4238 534 4307 qui
556 4239 792 4309 interﬁcit
814 4258 921 4311 vos,
944 4245 1218 4301 arbitretur
1237 4264 1290 4303 se
1311 4250 1605 4320 obsequium
1629 4273 1763 4325 pra:-

159 4336 314 4382 stare
356 4327 487 4384 Deo.
541 4332 711 4388 Judaei
757 4335 879 4390 dum
922 4353 1195 4405 prtecones
1248 4344 1421 4398 sancti
1472 4345 1758 4416 Evangelii

160 4420 318 4475 odiis
375 4424 739 4497 mortibusque
796 4444 1267 4501 persequerentur,
1327 4438 1643 4508 obsequium
1700 4457 1760 4498 se

161 4522 434 4585 praestare
482 4518 589 4575 Deo
636 4522 872 4578 arbitrati
923 4536 1068 4591 sunt,
1128 4537 1374 4596 putantes
1422 4548 1479 4587 se
1525 4550 1618 4603 per
1658 4535 1760 4590 ltoc

158 4610 312 4677 legis
357 4625 608 4668 exercere
652 4616 958 4673 vindictam.
1018 4621 1167 4677 Unde
1215 4633 1267 4679 et
1320 4627 1507 4681 beatus

156 4702 532 4760 testimonium
582 4708 685 4764 illis
732 4711 1001 4778 reddidit,
1056 4716 1281 4771 dicens:
1329 4718 1754 4778 οᾹΞηιιιΙαιὶυηεηι

156 4796 305 4866 legis
338 4798 537 4868 habent,
578 4802 664 4855 sed
688 4820 787 4857 non
829 4810 1106 4860 secundum
1150 4811 1411 4863 scientiam
1465 4812 1643 4880 (llam.
1672 4814 1748 4885 Χ).

157 4888 328 4944 Unde
347 4898 399 4944 et
426 4890 541 4947 haec
574 4894 734 4949 verba
766 4896 997 4964 Domini,
1042 4916 1147 4955 non
1185 4901 1253 4957 de
1276 4905 1547 4973 gentibus,
1573 4908 1667 4961 sed
1687 4908 1753 4965 de

154 4981 370 5037 Juda-is
400 4983 736 5054 singulariter
782 4999 994 5057 oportet
1034 4992 1277 5063 intelligi,
1321 5010 1382 5051 ac
1413 4999 1456 5050 si
1503 4998 1748 5057 diceret:

155 5072 566 5133 Tribulationes
596 5079 810 5148 quidem
834 5096 865 5135 a
895 5082 1098 5140 civibus
1124 5088 1296 5153 gentis
1318 5082 1511 5144 vestrae
1540 5093 1749 5161 passuri

152 5165 324 5232 estis,
357 5166 449 5222 sed
493 5175 640 5224 tanto
682 5186 775 5227 eas
824 5173 1054 5241 perferte
1097 5176 1369 5243 libentius,
1416 5192 1613 5249 quanto
1644 5197 1749 5238 non

154 5264 279 5309 tam
302 5254 427 5309 odio
449 5267 628 5315 vestro
649 5276 807 5331 quam
834 5272 1064 5333 paternae
1088 5265 1217 5336 legis
1240 5270 1578 5329 aemulatione
1600 5273 1750 5329 vobis

151 5358 263 5401 eas
291 5344 489 5402 inferre
515 5352 809 5408 tentabunt.
839 5354 1034 5410 Verum
1058 5357 1190 5412 nihil
1217 5361 1429 5428 prodest
1456 5362 1533 5416 eis
1555 5362 1747 5433 legem,

150 5450 290 5507 quae
337 5451 431 5507 per
477 5454 690 5497 servum
738 5445 860 5499 data
905 5455 1009 5513 est,
1052 5448 1359 5518 defendere,
1413 5455 1500 5523 qui
1528 5457 1748 5525 gratiam

149 5525 466 5598 Evangelii,
498 5546 617 5603 quae
645 5549 741 5605 per
768 5534 963 5592 Filium
996 5540 1129 5595 facta
1164 5551 1267 5610 est,
1293 5545 1573 5600 noluerunt
1611 5548 1748 5604 reci-

150 5633 318 5689 pere.
376 5620 580 5685 Quibus
628 5627 810 5683 verbis
867 5644 975 5685 non
1029 5632 1251 5689 minime
1287 5638 1512 5705 apostoli
1562 5654 1749 5696 conso-

148 5713 367 5781 lantur,
409 5716 535 5771 dum
569 5718 817 5777 videlicet
860 5722 1084 5779 audiunt
1134 5727 1217 5797 (ut
1248 5728 1503 5802 diximus)
1534 5748 1638 5788 non
1668 5734 1749 5790 sui

148 5804 313 5871 odio,
353 5807 447 5863 sed
484 5809 600 5865 zelo
629 5811 826 5868 divina:
864 5814 998 5887 legis
1037 5821 1428 5887 persecutionis
1465 5824 1748 5883 adversum

149 5911 221 5954 se
248 5897 454 5955 rabiem
497 5904 775 5965 concitari.
805 5904 875 5960 Et
917 5907 1026 5964 hwc
1066 5911 1260 5980 facient
1291 5916 1447 5983 vobis,
1496 5919 1617 5987 quia
1648 5936 1747 5976 non

1907 647 2086 702 clesiae
2128 649 2258 705 ﬁdes
2289 653 2493 720 accepit
2522 652 2733 708 Patrem
2765 662 2819 709 et
2859 652 3047 708 Filium
3081 656 3232 711 unius
3260 671 3379 712 esse
3409 657 3491 713 di-

1904 741 2138 797 vinitatis
2163 753 2216 798 et
2246 746 2520 813 potentiae,
2554 760 2619 800 ac
2646 746 2768 803 ideo
2798 746 2969 803 Patris
3000 749 3111 804 sive
3143 749 3259 804 Filii
3300 752 3488 821 cognio

1905 835 2105 891 tionem
2152 836 2315 892 habcr
2375 853 2407 892 a
2446 841 2660 897 nemine
2709 855 2887 910 posse.
2934 841 3072 898 Hine
3116 843 3256 898 idem
3309 844 3485 899 Evan-

1902 928 2091 998 gelista
2116 930 2241 985 alibi
2285 931 2453 986 diCil:
2491 933 2670 989 Omnis
2694 937 2781 1005 qui
2807 944 2981 1006 negat,
3002 934 3220 1004 Filium,
3252 953 3341 991 nec
3380 935 3486 990 Pa-

1901 1028 2027 1073 trem
2055 1020 2202 1075 habet
2228 1020 2282 1091 (I
2303 1022 2462 1079 Joan.
2493 1023 2580 1094 ιι).
2614 1024 2683 1080 Et
2711 1025 2833 1080 alibi
2867 1045 2881 1082 :
2908 1023 3010 1091 Qui
3045 1026 3212 1098 diligit
3259 1043 3371 1082 eum
3401 1028 3488 1098 qui

1898 1112 2092 1183 genuit,
2124 1112 2292 1184 diligit
2312 1123 2356 1167 et
2384 1131 2499 1169 eum
2525 1117 2611 1185 qui
2641 1117 2840 1188 genitus
2863 1126 2937 1171 est
2962 1118 3023 1171 ab
3052 1133 3108 1171 eo
3136 1116 3189 1189 (I
3214 1116 3372 1173 Joan.
3407 1119 3483 1190 ν).

1898 1204 2117 1260 Frustra
2142 1221 2270 1274 ergo
2299 1205 2470 1262 Judaei
2497 1208 2564 1263 de
2609 1207 2781 1263 Patris
2810 1208 3112 1281 cognitione
3161 1210 3483 1283 gloriantur,

1897 1296 1986 1366 qui
2058 1296 2253 1350 Filium
2310 1298 2551 1366 recipere
2613 1298 2886 1356 obstinato
2946 1300 3109 1357 corde
3168 1312 3481 1358 tenuerunt.

1895 1389 2110 1445 lactent
2151 1406 2212 1445 se
2250 1390 2318 1445 de
2362 1389 2510 1445 cultu
2556 1390 2651 1448 Dei
2696 1392 2872 1450 Patris
2909 1404 3167 1463 quantum
3200 1396 3403 1462 volunt,
3434 1398 3481 1453 si

1895 1485 2055 1541 ﬁdem
2106 1492 2343 1540 nostram
2372 1501 2492 1555 quae
2531 1486 2583 1540 in
2628 1486 2842 1545 Christo
2879 1497 2934 1544 et
2966 1503 3060 1559 per
3105 1490 3373 1546 Cbristmn
3400 1500 3482 1547 est

1895 1578 2174 1646 irrideant,
2210 1595 2478 1649 nunquam
2502 1592 2648 1638 certe
2672 1581 2779 1638 Deo
2802 1582 2945 1637 Patri
2970 1583 3181 1653 placere
3204 1593 3479 1653 poterunt,

1893 1687 2162 1743 nunquam
2194 1673 2257 1725 ad
2300 1673 2541 1729 notitiam
2570 1673 2689 1745 ejus
2738 1676 3020 1745 pervenire
3070 1677 3341 1743 valebunt,
3377 1678 3479 1734 nisi

1891 1765 2185 1835 Christum,
2220 1769 2273 1823 in
2303 1785 2409 1840 quo
2438 1770 2593 1840 ianua
2643 1772 2708 1826 ad
2744 1772 2916 1827 Patris
2962 1771 3245 1827 scientiam
3291 1787 3479 1840 perve—

1894 1859 2072 1914 niendi
2119 1869 2220 1926 est,
2256 1876 2351 1930 per
2388 1862 2549 1918 ﬁdem
2598 1866 2921 1933 receperint,
2953 1875 3008 1919 et
3059 1864 3316 1934 aequalem
3366 1863 3477 1920 Deo

1893 1948 2038 2005 Patri
2072 1966 2165 2020 per
2212 1952 2393 2007 omnia
2447 1953 2797 2009 crediderint.
2848 1954 2985 2021 Quid
3037 1970 3164 2009 vero
3212 1955 3474 2021 utilitatis,

1888 2042 2087 2113 quidve
2130 2044 2407 2100 levaminis
2455 2044 2569 2100 haec
2617 2046 2776 2101 verba
2830 2047 3037 2102 Domini
3065 2046 3319 2115 apostolis
3342 2061 3475 2100 con-

1887 2140 2109 2206 ferrent,
2138 2142 2278 2196 illico
2309 2141 2682 2197 manifestatur
2725 2156 2845 2196 cum
2889 2141 3172 2196 subditur:
3221 2140 3329 2194 Sed
3366 2138 3473 2194 lucc

1886 2232 2084 2286 locutus
2109 2248 2221 2286 sum
2243 2232 2401 2297 vobis,
2436 2243 2490 2286 ut
2529 2249 2647 2286 cum
2686 2234 2870 2288 venerit
2897 2235 3022 2286 hora
3051 2247 3243 2298 eorum,
3289 2231 3339 2286 id
3366 2242 3469 2298 est,

1885 2324 2150 2380 malorum
2181 2338 2301 2394 quae
2328 2325 2539 2394 passuri
2566 2324 2717 2393 estis,
2763 2324 3182 2380 reminiscamini
3221 2322 3342 2392 quia
3371 2337 3470 2393 ego

1883 2418 1993 2473 dixi
2020 2417 2192 2475 vobis.
2221 2420 2297 2474 Ac
2326 2419 2377 2473 si
2421 2419 2661 2475 diceret:
2696 2419 2900 2474 Idcirco
2942 2419 3095 2475 vobis
3125 2433 3186 2475 ea
3214 2434 3333 2487 quae
3361 2418 3467 2473 mei

1883 2510 2116 2565 nominis
2141 2516 2301 2565 cauea
2343 2511 2549 2580 passuri
2590 2510 2720 2566 estis
2769 2511 3090 2580 prmnuntio,
3129 2520 3185 2565 ut
3226 2525 3348 2566 cum
3378 2524 3471 2567 ve.-

1882 2603 2019 2660 nerit
2050 2604 2202 2671 hora,
2230 2606 2331 2660 hoc
2352 2615 2435 2661 est
2456 2615 2663 2675 tempus
2687 2621 2872 2662 eorum
2898 2622 3016 2676 qua:
3038 2605 3289 2676 prazdicta
3321 2617 3465 2673 sunt,

1881 2698 1948 2752 ad
1999 2699 2310 2753 memoriam
2362 2700 2632 2756 reducatis
2686 2716 2773 2763 me
2814 2701 2898 2755 illa
2927 2702 3079 2756 vobis
3132 2700 3466 2770 ιπωᾱίςίεερ,

1879 2786 2061 2856 sicque
2107 2790 2390 2856 praesentia
2434 2791 2573 2844 mala
2616 2790 2908 2857 sufferatis,
2956 2794 3185 2846 scientes
3211 2791 3334 2860 quia
3363 2806 3464 2860 ego

1879 2878 1968 2946 qui
1996 2879 2137 2947 potui
2170 2879 2320 2935 vobis
2349 2881 2664 2951 praedicere,
2699 2891 2884 2950 potero
2905 2898 3026 2937 cum
3056 2883 3299 2938 venerint
3329 2882 3465 2938 libe-

1877 2986 2018 3026 rare.
2037 2972 2284 3038 Magnum
2310 2975 2353 3027 si
2371 2973 2585 3043 quidem
2610 2989 2777 3045 genus
2801 2975 3181 3029 consolationis
3205 2972 3464 3044 apostolis

1876 3064 1997 3129 fuit,
2029 3079 2147 3120 cum
2190 3066 2666 3122 reminiscerentur
2705 3068 2847 3122 inter
2875 3067 3097 3123 adverSa
3128 3083 3156 3120 a
3207 3067 3460 3137 Magistro

1875 3172 1973 3211 suo
2002 3158 2070 3212 de
2101 3158 2289 3212 talibus
2338 3172 2398 3213 se
2438 3158 2603 3214 fuisse
2654 3158 3014 3228 praemonitos,
3055 3176 3085 3214 a
3135 3175 3241 3231 quo
3281 3175 3339 3214 se
3364 3175 3462 3229 pro

1878 3248 2117 3303 laborum
2170 3249 2447 3305 exercitiis
2497 3250 2613 3305 sine
2672 3251 2833 3307 dubio
2892 3260 3152 3315 noverant
3212 3266 3461 3307 remune-

1875 3342 2092 3397 randos.
2153 3342 2471 3413 Magnopere
2522 3360 2650 3399 vero
2706 3345 2821 3399 haec
2848 3344 3008 3400 verba
3065 3344 3275 3400 Domini
3329 3354 3456 3399 sunt

1874 3435 2239 3506 ponderanda,
2273 3447 2325 3491 et
2356 3452 2461 3492 non
2490 3438 2661 3493 otiose
2689 3438 2975 3507 audienda,
3007 3439 3201 3509 quibus
3230 3439 3326 3506 ait,
3355 3453 3457 3509 ego

1871 3527 1980 3581 dixi
2018 3527 2187 3583 vobis.
2222 3528 2355 3597 Ego,
2389 3529 2634 3585 videlicet
2688 3529 2827 3586 Deus
2872 3531 3455 3601 omnipotentissimus,

1871 3636 1970 3690 ego
2001 3623 2087 3692 qui
2122 3637 2216 3692 pro
2259 3622 2412 3677 vobis
2442 3631 2726 3694 vestraque
2772 3622 2941 3678 salute
2976 3640 3092 3679 sum
3142 3624 3457 3689 moriturus,

1870 3727 2073 3780 vosque
2119 3728 2239 3768 meo
2287 3713 2544 3784 sanguine
2589 3717 2983 3784 redempturus,
3026 3713 3197 3783 quiin
3236 3715 3459 3771 tribula-

1871 3805 2015 3859 tione
2047 3805 2197 3859 vobis
2242 3819 2454 3874 semper
2478 3804 2798 3873 adjutorium
2855 3805 3195 3870 ministrabo,
3238 3815 3293 3861 et
3333 3815 3455 3876 post

1869 3899 2240 3953 tribulationes
2288 3898 2676 3953 immortalibus
2711 3898 2946 3968 praemiis
2977 3914 3070 3953 vos
3111 3898 3342 3953 victores
3371 3913 3457 3953 re-

1866 3993 2183 4049 munerabo.
2238 3993 2350 4061 Ego
2405 3993 2624 4062 praedixi
2677 3993 2849 4059 vobis,
2905 4003 3151 4063 tanquam
3204 3993 3447 4048 diceret:

1864 4085 1996 4141 Cum
2020 4102 2081 4141 ea
2103 4101 2220 4156 qua}
2245 4086 2416 4140 futura
2438 4086 2588 4141 vobis
2614 4082 2855 4155 praedixi,
2874 4085 3160 4155 adimpleta
3188 4084 3448 4150 videritis,

1863 4197 1949 4237 me
1982 4181 2173 4236 Filium
2223 4179 2315 4235 Dei
2357 4194 2478 4235 esse
2507 4180 2757 4246 credatis,
2791 4181 2878 4249 qui
2925 4180 3069 4249 potui
3118 4179 3238 4234 talia
3270 4179 3449 4233 facere

1862 4287 1983 4328 cum
2015 4271 2400 4340 prmdixissem,
2444 4280 2497 4326 et
2537 4271 2829 4340 praedicere
2868 4281 3153 4342 antequam
3184 4270 3442 4325 facerem.

1862 4367 2161 4422 Notandum
2204 4382 2332 4421 vero
2388 4365 2529 4435 quod
2574 4366 2689 4434 ipse
2741 4366 2830 4435 qui
2881 4365 2971 4420 hic
3017 4364 3449 4435 persecutionem

1860 4462 2087 4517 futuram
2120 4461 2383 4532 praedixit,
2416 4461 2532 4531 ipse
2577 4470 2697 4531 post
2744 4476 2910 4530 pauca
2937 4461 2988 4515 in
3030 4460 3220 4516 eadem
3266 4473 3453 4530 persc-

1859 4554 2072 4610 cutione
2104 4553 2347 4608 ﬁdelibus
2376 4552 2488 4607 suis
2509 4550 2763 4607 auxilium
2796 4552 3082 4621 promittit,
3122 4552 3306 4606 dicens
3336 4568 3349 4605 :
3381 4549 3447 4603 In

1559 4629 1753 4685 1’30105
1782 4650 2045 4720 Dmundo
2092 4661 2385 4718 pressuram
2440 4645 2703 4711 habebitis,
2752 4646 2842 4700 sed
2892 4646 3152 4712 conﬁdite,
3207 4661 3297 4716 ego
3345 4646 3442 4699 vici

1864 4735 2107 4790 mundum
2139 4734 2321 4807 (Joan.
2350 4736 2486 4805 xw).
2518 4738 2633 4806 Ipse
2660 4751 2872 4807 quoque
2915 4736 3041 4791 alibi
3074 4736 3276 4791 eisdem
3310 4736 3442 4805 legi-

1863 4830 1989 4883 time
2016 4829 2348 4883 certantibus
2378 4828 2653 4898 prtemium
2695 4828 2992 4898 pollicetur,
3025 4828 3248 4883 dicens:
3298 4825 3447 4882 Beati

1858 4924 1945 4991 qui
1977 4922 2377 4991 persecutionem
2405 4923 2673 4992 patiuntur
2700 4932 2908 4992 propter
2928 4921 3191 4994 justitiam
3222 4917 3438 4991 (Matth.

1860 5016 1962 5087 vr).
1992 5016 2093 5083 Qui
2126 5025 2181 5071 et
2208 5016 2404 5071 milites
2450 5031 2576 5072 suos
2610 5031 2676 5072 ne
2717 5016 2860 5072 vinci
2890 5022 3129 5085 possent,
3161 5013 3438 5083 adjuvare,

1859 5120 1913 5164 et
1939 5125 2004 5164 ne
2035 5111 2303 5165 incassum
2331 5111 2565 5176 vincant,
2598 5111 2951 5166 immortalem
2980 5111 3116 5165 solet
3144 5116 3261 5179 post
3303 5123 3443 5177 prte-

1858 5199 1926 5254 lia
1958 5202 2184 5269 palmam
2228 5202 2551 5270 rependere;
2582 5200 2739 5257 Jesus
2779 5201 3021 5257 Christus
3053 5201 3306 5256 Dominus
3332 5216 3435 5255 no-

1857 5302 1990 5357 ster,
2020 5294 2106 5363 qui
2147 5309 2266 5347 cum
2308 5293 2465 5349 Patre
2490 5303 2544 5350 et
2571 5293 2772 5365 Spiritu
2800 5305 2984 5350 sancto
3013 5294 3141 5350 vivit
3168 5304 3221 5351 et
3250 5304 3441 5365 regnat

1858 5385 1998 5441 Deus
2026 5401 2117 5456 per
2142 5396 2341 5442 aeterna
2372 5389 2588 5445 saecula.
2617 5391 2808 5447 Amen.

2404 5481 2680 5537 HOMILIA
2718 5482 2901 5539 CLI-X.

2160 5567 2210 5605 ΙΝ
2251 5568 2496 5607 υΟΜΙΝΙΩΛ
2526 5569 2562 5607 II
2591 5570 2717 5609 POS'I‘
2748 5571 3142 5613 PENTECOSTEN.

2216 5644 2317 5714 (Ex
2340 5647 2472 5715 Opp.
2506 5646 2642 5703 beati
2670 5649 2909 5719 Gregorii
2941 5654 3139 5720 papae.)

1928 5734 1993 5790 In
2039 5736 2131 5791 illo
2172 5744 2396 5809 tempore
2443 5740 2573 5795 dixit
2621 5740 2772 5796 Jesus
2801 5744 3067 5813 discipulis
3093 5746 3235 5803 suis:
3268 5747 3437 5803 Homo

1854 5831 2059 5901 quidam
2104 5840 2212 5886 erat
2246 5833 2401 5900 dicet,
2446 5836 2535 5905 qui
2579 5835 2887 5892 induebatur
2912 5856 3144 5910 purpura
3170 5849 3219 5895 et
3263 5841 3432 5910 bysso,

1857 5931 1907 5976 et
1935 5922 2239 5988 epulabatur
2275 5927 2500 5992 quotidie
2541 5929 2828 5997 splendide,
2870 5939 2974 5987 etc.
3015 5932 3168 5999 (Luc.
3194 5932 3328 5997 xw.)
