3972 6340
512 478 647 533 13613

1368 460 1567 522 PAULI
1608 454 1878 515 DIACONI
1920 450 2070 508 OPP.
2114 450 2288 507 PARS
2324 450 2389 506 ll.
2430 479 2501 492 —
2540 443 2893 504 ASCETICA.

3646 433 3783 495 1564

573 588 637 642 ’1η
689 580 867 641 verbis
916 570 1050 635 sacri
1109 576 1325 647 eloquii,
1381 574 1571 629 fratres
1619 564 1943 630 charissimi,
1984 571 2088 619 etc.
2122 562 2511 632 Apromereri.
2561 559 2628 614 Et
2672 560 2792 628 post
2832 569 3040 627 pauca:
3094 563 3289 619 estote,
3333 551 3525 624 inquit,
3574 554 3783 608 miseri-

510 678 734 751 Rsliqua
754 674 869 731 uide
896 675 1035 745 apud
1085 680 1315 725 sanctum
1347 663 1667 737 Gregorium,
1721 659 1949 733 Operam
1977 658 2091 729 ejus

510 780 646 831 temo
671 768 761 843 ιι,
790 765 1103 838 Patrologiaz
1130 758 1393 827 LXXVI,
1422 758 1523 813 col.
1556 752 1713 811 £502.
1900 755 1902 757 ’

1108 854 1341 913 OMILIA
1381 849 1535 907 CLX.

807 967 862 1011 Il
889 964 1140 1010 DOIINICA
1168 962 1223 1004 Ill
1250 960 1377 1001 POS'I‘
1416 953 1810 1001 PENTECOS’I’EN.

1128 1041 1233 1113 (Ex
1262 1037 1499 1107 eodem.)

579 1136 770 1194 Initio
810 1143 1035 1206 tempore
1060 1132 1191 1187 dixit
1233 1128 1382 1185 Iesus
1412 1125 1677 1199 discipulis
1720 1123 1865 1178 suis:
1910 1119 2080 1175 Homo

508 1233 717 1306 quidam
763 1230 881 1304 fecit
922 1244 1117 1284 caenam
1160 1240 1419 1298 magnam,
1470 1232 1517 1276 et
1558 1219 1747 1275 vocavit
1785 1217 1989 1272 multos.
2022 1213 2098 1270 Et

509 1326 650 1382 misit
666 1340 864 1381 servum
879 1338 1028 1377 suum
1044 1321 1170 1375 hora
1183 1333 1338 1375 came
1350 1318 1516 1371 dicere
1531 1314 1750 1368 invitatis
1770 1322 1820 1365 ut
1844 1309 2093 1372 venirent,

509 1425 615 1477 etc.
640 1415 789 1488 (Luc.
816 1413 956 1487 xw.)

583 1507 694 1565 Hoc
718 1507 937 1574 distare,
978 1504 1171 1559 fratres
1212 1498 1530 1565 charissimi,
1561 1505 1661 1554 etc.
1713 1496 1935 1565 Reliqua
1984 1490 2095 1544 vide

511 1602 648 1673 apud
692 1599 930 1655 eumdem
987 1596 1188 1651 beatum
1246 1590 1568 1664 Gregorium.
1625 1600 1757 1643 tomo
1809 1596 1861 1641 ut
1916 1601 2095 1656 supra,

511 1692 612 1749 col.
644 1689 807 1749 1268.

1072 1757 1349 1816 HOMILIA
1376 1755 1537 1811 CLXI

818 1867 872 1910 ιιι
900 1866 1153 1909 υοκιιηισλ
1184 1866 1237 1905 ιν
1266 1863 1391 1905 POST
1418 1859 1811 1903 PBNTECOSTEN.

1130 1944 1232 2013 (Ex
1258 1946 1473 1998 eodem.

583 2039 653 2094 In
674 2037 772 2094 illo
809 2046 1042 2107 tempore
1085 2044 1407 2090 accesserunt
1435 2033 1503 2086 ad
1547 2029 1721 2086 Jesum
1763 2028 2025 2102 publicani
2056 2037 2105 2082 et

512 2141 801 2205 peccatores
828 2140 884 2185 ut
912 2130 1147 2183 audirent
1175 2129 1343 2193 illum,
1374 2137 1420 2180 et
1443 2125 1823 2179 murmurabant
1852 2122 2108 2175 Pharisati

511 2232 562 2279 et
592 2223 808 2290 Scribat,
835 2224 1056 2277 dicentes
1078 2237 1098 2276 :
1127 2219 1263 2286 Quia
1309 2220 1391 2273 hic
1420 2226 1706 2287 peccatores
1751 2216 1952 2285 recipit,
1999 2223 2105 2269 etc.

512 2315 669 2388 (Luc.
697 2331 788 2372 xv.

587 2412 858 2470 Estivum
889 2412 1098 2479 tempus
1140 2410 1281 2478 quod
1314 2407 1524 2476 corpori
1564 2422 1685 2462 meo
1715 2406 1869 2462 valde
1894 2400 2109 2462 contra-

513 2504 654 2562 rium
698 2510 802 2569 est,
848 2510 953 2557 etc.
1000 2500 1221 2572 Reliqua
1268 2502 1381 2553 vide
1438 2502 1579 2569 apud
1627 2500 1858 2555 eumdem
1907 2499 2108 2553 beatum

517 2574 840 2669 (inger-ium,
866 2602 1004 2648 tomo
1034 2601 1087 2647 ut
1110 2608 1292 2661 supra,
1319 2591 1421 2647 col.
1458 2590 1615 2645 1246.

1050 2682 1326 2737 HOMILIA
1369 2682 1572 2737 CLXII.

740 2790 793 2831 ll
823 2788 1075 2831 DOIIINICA
1100 2788 1297 2836 QUINTA
1328 2788 1455 2827 POST
1477 2786 1874 2828 PENTBCOSTEI.

913 2865 1009 2937 (Ex
1046 2863 1183 2934 Opp.
1219 2864 1361 2918 beati
1397 2863 1725 2932 Augustini.)

582 2957 648 3014 In
674 2958 767 3014 illo
805 2967 1030 3030 tempore
1068 2958 1200 3011 dixit
1246 2956 1401 3011 Iesus
1435 2957 1704 3025 discipulis
1741 2958 1848 3012 suis
1879 2973 1897 3013 :
1933 2956 2112 3013 Estote

513 3049 867 3106 misericordes
934 3050 1067 3102 sicut
1123 3055 1168 3101 et
1226 3045 1384 3101 Pater
1447 3056 1615 3101 vester
1670 3046 1959 3102 misericors
2012 3058 2108 3102 est.

513 3137 698 3195 Nolite
728 3137 988 3210 judicare,
1035 3144 1084 3191 et
1116 3152 1220 3191 non
1255 3138 1645 3209 judicabimiui,
1695 3148 1800 3192 etc.
1830 3137 1979 3208 (Luc.
2010 3138 2112 3211 vt.)

585 3231 767 3296 Modo,
797 3229 1009 3293 fratres.
1053 3243 1175 3285 cum
1231 3229 1577 3298 Evangelium
1629 3228 1915 3299 legeretur,
1964 3230 2115 3285 audi-

2195 656 2391 710 cordes.
2427 654 2482 709 ln
2509 654 2608 709 hac
2631 652 2862 707 lectione
2898 648 3071 704 sancti
3117 647 3408 717 Evangelii,
3455 661 3562 699 non
3608 646 3783 701 solum

2195 746 2570 803 misericordes
2628 759 2747 801 esse
2807 742 3083 808 docemur,
3143 740 3239 796 sed
3296 740 3459 794 etiam
3514 736 3788 808 quomodo

2195 840 2363 895 simus
2396 837 2769 897 misericordes
2816 836 3115 891 insinuatur
3161 832 3335 897 nobis,
3383 848 3507 888 cum
3542 833 3779 889 dicitur:

2200 931 2345 989 Sicut
2386 942 2434 987 et
2486 932 2641 987 Pater
2685 942 2842 987 vester
2886 931 3104 986 celestis
3152 928 3437 984 misericors
3484 936 3581 982 est.
3635 927 3791 984 Pater

2200 1033 2378 1081 noster
2409 1026 2747 1094 omnipotens
2789 1022 2927 1078 Deus
2965 1021 3172 1077 duobus
3216 1019 3385 1074 modis
3427 1018 3631 1075 dicitur
3663 1035 3680 1071 :
3714 1020 3788 1073 vel

2197 1119 2320 1190 quia
2364 1134 2484 1173 cum
2527 1133 2635 1173 non
2676 1130 2940 1182 essemus,
2988 1131 3089 1170 nos
3134 1114 3351 1179 creavit,
3400 1114 3484 1167 vel
3515 1112 3643 1184 quia
3672 1128 3791 1167 cum

2199 1212 2387 1282 perditi
2418 1228 2678 1279 essemus,
2714 1210 3138 1267 misericorditer
3168 1224 3265 1262 nos
3302 1207 3592 1263 recreavit.
3637 1205 3794 1260 Mise-

2199 1305 2367 1360 ricors
2398 1305 2556 1375 igitur
2611 1305 2750 1360 Deus
2796 1303 2955 1358 Pater
3000 1313 3183 1357 noster
3212 1308 3312 1368 est,
3363 1300 3448 1355 vel
3502 1299 3655 1370 larga
3712 1314 3793 1352 sua

2198 1394 2564 1451 misericordia
2598 1395 2822 1465 ingratis
2861 1403 2916 1449 et
2965 1392 3117 1448 malis
3160 1391 3469 1459 temporalia
3515 1391 3657 1444 bona
3712 1392 3795 1443 tri-

2200 1488 2433 1554 buendo,
2465 1502 2624 1557 super
2646 1487 2819 1554 justos
2847 1492 2902 1540 et
2940 1485 3166 1555 iniustos
3210 1483 3465 1554 pluendo,
3495 1498 3670 1550 super
3716 1483 3800 1535 bo-

2201 1594 2299 1634 nos
2324 1588 2377 1634 et
2407 1580 2574 1634 malos
2604 1579 2768 1634 solem
2813 1594 2966 1633 suum
3011 1578 3137 1632 oriri
3182 1576 3449 1641 faciendo,
3495 1590 3605 1645 qua
3636 1578 3799 1629 etiam

2197 1671 2433 1740 iumenta
2470 1671 2659 1740 pascit;
2705 1683 2799 1724 eos
2830 1668 2882 1723 in
2916 1667 3167 1737 praesenti
3201 1666 3589 1736 temporalibus
3615 1665 3687 1719 ad
3718 1680 3804 1719 vo-

2202 1770 2312 1816 tum
2362 1761 2698 1816 successibus
2739 1759 3088 1814 nihilominus
3140 1758 3363 1829 provehi
3411 1758 3801 1828 permittendo,

2203 1856 2286 1911 vel
2345 1858 2505 1912 etiam
2561 1854 2915 1926 spiritualium
2975 1855 3233 1910 bonorum
3291 1870 3521 1910 munera
3584 1855 3803 1923 speciali

2131 1948 2183 2013 Β
2206 1950 2369 2020 gratia
2402 1951 2511 2004 suis
2555 1948 2741 2005 electis
2771 1948 3119 2016 conferendo,
3163 1963 3296 2018 quos
3333 1948 3408 2002 ita
3443 1950 3805 2016 praesentibus

2207 2040 2283 2095 uti
2310 2040 2576 2104 concedit,
2604 2050 2657 2094 ut
2689 2055 2781 2095 eos
2826 2042 3100 2111 perpetuis
3134 2041 3287 2096 bonis
3330 2040 3673 2111 quandoque
3714 2038 3803 2095 frui

2209 2132 2383 2187 faciat.
2418 2131 2519 2186 Ista
2560 2142 2752 2202 magna
2801 2131 2893 2185 Dei
2943 2131 3309 2186 miserirortlia
3355 2130 3806 2187 nobis'irnitanda

2209 2226 2544 2296 proponitur,
2576 2227 2618 2279 si
2660 2224 2753 2279 lilii
2786 2224 2880 2279 Dei
2910 2239 3032 2280 esse
3063 2224 3454 2279 desideramus.
3499 2225 3806 2281 Misericors

2209 2331 2386 2376 autem
2411 2336 2439 2374 a
2473 2320 2671 2374 misero
2701 2318 2863 2373 corde
2909 2317 3126 2385 dicitur,
3172 2317 3313 2384 quod
3363 2327 3579 2371 nostrae
3620 2319 3811 2388 fragili-

2208 2415 2302 2468 tati
2352 2413 2566 2484 proprie
2593 2421 2890 2481 coaptatur,
2924 2410 3012 2480 qui
3060 2408 3293 2464 miseriis
3342 2410 3812 2479 subjacentes,e1

2210 2503 2363 2557 nobis
2386 2502 2513 2572 ipsis
2542 2500 2793 2556 discimus
2816 2501 3045 2569 qualiter
3066 2499 3186 2554 aliis
3211 2498 3464 2553 misereri
3489 2499 3811 2556 debeamus.

2210 2592 2419 2649 Miseria
2450 2602 2629 2646 autent
2657 2606 2760 2645 non
2794 2590 2953 2645 modo
2974 2592 3025 2645 in
3056 2590 3221 2645 Deum
3251 2589 3454 2645 cadere
3479 2605 3595 2644 non
3624 2599 3810 2658 potest,

2211 2686 2300 2756 qui
2330 2700 2441 2740 suae
2471 2694 2673 2740 naturai
2712 2684 3043 2739 beatitudine
3091 2683 3425 2752 sempiterne
3477 2681 3614 2736 felix
3649 2683 3812 2737 felici-

2214 2784 2399 2842 terque
2426 2780 2699 2842 permanet
2728 2774 3111 2840 sempiternus,
3142 2784 3326 2824 verum
3376 2782 3483 2824 nec
3533 2769 3591 2822 in
3646 2768 3815 2822 homi-

2212 2882 2333 2922 nem
2362 2864 2567 2937 justuut
2609 2864 2826 2935 quidem
2856 2863 3019 2931 cadit,
3064 2877 3186 2918 cum
3232 2861 3529 2916 miseretur
3570 2863 3813 2916 alterius.

2212 2958 2341 3027 Quis
2371 2959 2511 3013 enim
2556 2971 2661 3012 non
2692 2956 2966 3011 contendit
3004 2955 3071 3011 ab
3116 2955 3258 3009 omni
3304 2954 3538 3009 miseria
3589 2954 3817 3008 liberum

2212 3066 2335 3107 esse
2382 3051 2577 3106 debere
2634 3050 2929 3118 sapientem
2990 3063 3108 3103 cum
3161 3047 3413 3103 subvenit
3464 3048 3643 3119 inopi,
3704 3062 3822 3101 cum

2215 3144 2391 3198 cibum
2450 3153 2666 3212 praestat
2729 3140 2985 3196 esurienti
3046 3152 3334 3210 potumque
3396 3138 3640 3207 sitienti,
3707 3154 3819 3195 cum

2215 3235 2378 3290 vestit
2427 3237 2649 3301 nudum,
2697 3250 2819 3290 cum
2859 3235 3047 3303 recipit
3096 3242 3235 3288 tecto
3281 3234 3668 3303 peregrinum,
3709 3248 3823 3288 eum

515 3323 690 3378 vimus
715 3321 925 3377 dicente
958 3320 1222 3377 Domino:
1254 3318 1432 3375 Nolite
1454 3322 1716 3391 judicare,
1742 3331 1846 3376 etc.
1893 3322 2107 3391 Reliqua
2133 3314 2181 3378 C
2214 3328 2445 3398 denique
2500 3327 2883 3381 humanitatem
2933 3342 3080 3380 suam
3142 3340 3305 3395 usque
3356 3325 3427 3380 ad
3481 3326 3820 3395 sepulturam

517 3413 630 3468 uide
649 3412 788 3484 apud
810 3421 1047 3467 sanctum
1077 3412 1444 3482 Augustinum,
1488 3410 1715 3481 Operam
1737 3412 1847 3481 ejus
1877 3421 2012 3468 tomo
2042 3414 2108 3482 V,

520 3502 836 3558 Patrolooiw
870 3499 1143 3568 XXXIX,
1176 3503 1278 3556 col.
1313 3500 1475 3558 1871.

1038 3591 1325 3649 HOMILIA
1363 3592 1589 3650 CLXIII.

1017 3702 1071 3740 IN
1110 3701 1287 3741 EADEI
1326 3701 1599 3743 DOIINICA.

798 3778 904 3852 (Ex
942 3777 1157 3845 ﬂerico,
1199 3779 1467 3835 monacho
1502 3779 1827 3851 Antissiod.)

589 3872 775 3930 Inillo
802 3878 1028 3943 tempore
1055 3872 1188 3928 dixit
1234 3871 1386 3928 Iesus
1433 3873 1701 3943 discipulis
1732 3874 1838 3928 suis
1877 3890 1895 3928 :
1935 3872 2112 3929 Estote

520 3963 892 4031 misericordes,
922 3965 1053 4018 sicut
1077 3972 1123 4018 et
1154 3961 1311 4018 Pater
1344 3972 1505 4017 vester
1554 3966 1838 4020 misericors
1867 3976 1961 4032 est,
2005 3976 2108 4023 etc.

522 4056 674 4131 (Luc.
705 4071 778 4112 vt.

592 4148 853 4205 Dominus
896 4147 1038 4203 Deus
1068 4160 1132 4202 ea
1173 4146 1287 4219 lege
1314 4147 1583 4204 hominem
1611 4148 1751 4205 inter
1781 4150 1959 4205 omnia
1983 4166 2113 4207 con-

520 4242 677 4312 didit,
711 4251 966 4311 tantaque
999 4238 1271 4307 dignitatis
1301 4242 1666 4311 praecellentia
1702 4240 1941 4311 donavit,
1972 4253 2031 4299 ut
2065 4246 2110 4301 si

521 4337 578 4393 in
599 4349 711 4393 sua
738 4333 1024 4390 creationis
1050 4332 1307 4388 voluisset
1352 4334 1512 4389 beato
1563 4349 1915 4405 perseverare
1960 4339 2111 4405 prin-

521 4429 684 4500 cipio,
740 4442 835 4497 per
881 4440 942 4482 se
986 4440 1105 4497 quat
1149 4425 1352 4496 agenda
1399 4436 1581 4483 essent
1631 4430 1815 4495 sciret,
1873 4440 1924 4484 et
1955 4430 2021 4485 ad
2048 4446 2111 4485 ea

523 4521 797 4593 implenda
839 4500 968 4577 sine.
1000 4519 1108 4575 ulla
1155 4523 1410 4576 contrarii
1450 4520 1683 4578 ferretur
1730 4526 2110 4594 repugnantia.

526 4614 598 4672 At
624 4624 903 4687 postquam
944 4616 1138 4673 diaboli
1167 4617 1504 4675 suasionibus
1535 4620 1946 4691 obtemperavit,
1994 4631 2110 4676 tan-

2214 3418 2435 3490 porrigit
2474 3429 2803 3473 mortuorum
2829 3419 2851 3471 ?
2874 3418 3004 3471 Nam
3036 3417 3138 3471 etsi
3184 3417 3234 3471 id
3269 3415 3433 3470 faciat
3458 3426 3653 3473 mente
3684 3426 3827 3471 tran-

2214 3513 2398 3581 quilla,
2435 3512 2591 3566 nullis
2641 3511 2843 3565 aculeis
2889 3510 3092 3563 doloris
3133 3509 3446 3575 instinctus,
3490 3510 3595 3563 sed
3649 3507 3825 3564 cilicio

2214 3604 2469 3658 bonitatis
2510 3604 2789 3669 adductus,
2842 3601 3142 3656 misericors
3186 3609 3363 3654 tamen
3401 3598 3680 3654 dicendus
3728 3607 3823 3663 est,

2215 3708 2282 3747 eo
2322 3693 2464 3763 quod
2514 3692 2632 3746 aliis
2674 3690 3102 3745 condolescendo
3151 3691 3414 3744 miserum
3468 3704 3571 3745 cor
3618 3688 3821 3744 habere

2216 3786 2482 3840 videatur.
2518 3786 2651 3839 lluic
2677 3784 2819 3838 enim
2856 3782 2984 3837 nihil
3026 3783 3176 3837 obest
3218 3795 3449 3847 nomen,
3485 3781 3573 3836 cui
3609 3782 3829 3851 prodest

2214 3879 2516 3932 divinorum
2570 3876 2808 3945 impletio
2856 3876 3248 3928 mandatorum.
3302 3873 3622 3928 Misericors
3673 3874 3829 3943 igitur

2216 3970 2414 4025 dicitur
2456 3968 2795 4037 omnipotens
2828 3965 2988 4030 Deus,
3024 3965 3280 4019 translato
3305 3965 3371 4019 ab
3398 3963 3632 4020 homine
3664 3978 3831 4019 voca-

2222 4063 2374 4127 bulo,
2408 4063 2495 4131 qui
2523 4061 2732 4129 utrique
2761 4074 2917 4128 supra
2954 4071 3165 4112 Omnem
3198 4067 3507 4111 creaturam
3543 4072 3710 4113 suam
3738 4056 3830 4110 mi.

2225 4156 2455 4209 sericors
2500 4162 2600 4221 est,
2634 4167 2789 4221 quam
2829 4151 3072 4205 clementi
3120 4149 3465 4217 protectione
3503 4148 3759 4220 disponit
3782 4156 3831 4203 et

2219 4249 2450 4313 ordinat,
2483 4261 2550 4301 ne
2580 4245 2644 4300 ad
2670 4243 2892 4298 nihilum
2918 4245 3121 4309 redeat,
3154 4242 3248 4297 sed
3280 4242 3467 4311 potius
3488 4252 3707 4297 aeterna
3731 4253 3829 4295 sta-

2213 4336 2424 4396 bilitate
2450 4338 2724 4393 subsistat.
2756 4336 2924 4391 Aliter
2950 4353 2962 4389 :
2996 4351 3113 4389 cum
3162 4350 3291 4405 ergo
3332 4333 3481 4389 Deus
3508 4336 3832 4391 misericors

2215 4433 2433 4497 dicitur,
2466 4447 2799 4501 nequaquam
2828 4445 2918 4499 per
2944 4431 3042 4484 hoc
3071 4429 3387 4484 substantia:
3418 4430 3542 4499 eius
3586 4434 3833 4500 proprie-

2216 4536 2295 4580 tas
2324 4528 2745 4593 demonstratur,
2780 4525 2871 4577 sed
2901 4524 3078 4593 potius
3116 4532 3303 4577 nostro
3345 4522 3667 4579 intellectui
3711 4540 3832 4579 con-

2215 4621 2424 4675 sulitur.
2475 4620 2535 4673 Et
2566 4618 2684 4687 quia
2738 4618 2805 4671 de
2851 4632 2916 4671 eo
2963 4618 3098 4669 sicut
3127 4626 3207 4669 est
3256 4615 3389 4668 nihil
3421 4616 3691 4684 cogitare
3720 4629 3836 4685 pos-

527 4717 640 4764 ῑωιι
667 4707 846 4763 81³δὶῑο
870 4708 1277 4763 mutabilitatem
1305 4709 1359 4764 in
1399 4709 1578 4780 seipso
1609 4682 1892 4780 persensit,
1924 4682 1980 4767 ut
2006 4728 2109 4771 non
2140 4682 2194 4744 D
2220 4727 2425 4777 sumus,
2454 4682 2625 4780 agitur
2652 4719 2707 4762 ut
2748 4709 2811 4761 ad
2855 4714 2971 4775 eius
2995 4708 3351 4776 cognitionem
3383 4722 3481 4775 per
3496 4682 3572 4761 vid
3606 4682 3761 4775 quod
3788 4712 3833 4759 an

527 4802 702 4861 solum
746 4801 989 4857 mortalis
1038 4818 1101 4857 ex
1153 4803 1438 4858 immortali
1489 4804 1661 4872 ﬁeret,
1707 4821 1894 4861 verum
1937 4808 2105 4877 ipsam

530 4907 742 4966 quoque
766 4893 920 4949 liberi
944 4893 1148 4949 arbitrii
1182 4895 1483 4951 lacultatem
1514 4896 1585 4951 ita
1616 4897 1852 4952 vitiatam
1880 4899 2111 4954 deterio-

531 4998 808 5058 ratamque
834 4987 1191 5057 experiretur,
1240 4997 1293 5041 ut
1324 4988 1393 5041 nil
1421 4988 1530 5057 jam
1579 5004 1671 5057 per
1698 5005 1756 5045 se
1800 4991 1920 5045 boni
1951 4992 2111 5045 intel-

532 5077 720 5149 ligere,
742 5078 935 5134 nedum
964 5092 1130 5147 opere
1152 5079 1373 5148 implere
1394 5078 1511 5135 sine
1540 5080 1723 5135 auxilii
1744 5082 1909 5135 divini
1941 5084 2112 5138 valeat

533 5172 898 5228 miseratione.
941 5171 1076 5240 Quia
1102 5186 1231 5243 ergo
1258 5171 1586 5241 impossibile
1626 5184 1760 5240 erat,
1808 5176 2114 5245 prolapsum

446 5300 451 5307 ε
535 5277 702 5336 genus
718 5264 1012 5321 humanum
1037 5279 1132 5334 per
1147 5279 1205 5320 se
1226 5267 1291 5321 ad
1314 5267 1517 5336 agenda
1541 5284 1656 5336 qua:
1677 5268 1862 5322 salutis
1881 5271 2119 5338 exposcit

536 5361 677 5418 ratio
689 5375 931 5430 surgere,
947 5359 1194 5430 dignatus
1207 5370 1291 5416 est
1305 5362 1563 5417 Dominus
1578 5362 1677 5417 sub
1693 5362 1873 5417 habitu
1890 5362 2122 5417 hominis

539 5465 823 5523 apparens,
846 5466 941 5521 per
967 5453 1307 5520 semetipsum
1328 5453 1598 5521 apostolos
1613 5469 1745 5524 quos
1764 5470 1828 5508 ex
1858 5455 2001 5508 omni
2027 5454 2122 5509 hu-

538 5543 684 5599 mani
704 5544 922 5615 generis
946 5556 1121 5598 massa
1138 5544 1391 5613 elegerat,
1422 5544 1656 5609 erudirc,
1681 5552 1860 5614 etquo
1882 5554 2035 5614 pacto
2052 5544 2120 5600 ad

541 5636 817 5693 ﬁlietatem
849 5637 947 5693 Dei
972 5637 1208 5708 reparari
1240 5653 1538 5707 possemus,
1568 5638 1870 5694 ostendere.
1904 5639 2122 5694 Dixerat

541 5727 687 5785 enim
716 5730 961 5799 superius
989 5746 1003 5783 :
1041 5728 1285 5785 Inimicos
1314 5743 1500 5785 vestros
1546 5731 1763 5802 diligite,
1797 5742 1850 5785 ut
1893 5733 2005 5787 sitis
2027 5733 2123 5802 ﬁlii

544 5813 720 5874 Patris
742 5820 894 5873 uestri
914 5820 1001 5889 qui
1022 5820 1075 5873 in
1096 5822 1233 5875 caelis
1257 5830 1328 5875 est
1351 5820 1562 5892 (Matth.
1588 5825 1663 5893 v).
1707 5823 1981 5879 Manileste
2003 5825 2125 5879 inti-

546 5925 703 5971 mans
722 5911 835 5967 sola
861 5910 1145 5967 dilectione
1161 5913 1351 5967 divinae
1376 5915 1708 5981 paternitatis
1724 5915 1946 5983 gratiam
1967 5930 2126 5983 posse

2223 4807 2375 4863 nobis
2406 4807 2601 4875 agitur,
2622 4802 3137 4857 condescendatnus.
3170 4799 3475 4853 Misericors
3495 4799 3665 4852 enim
3704 4800 3837 4853 Deus

2220 4901 2433 4963 dicitur,
2487 4896 2605 4966 quia
2667 4895 2954 4947 humanum
3006 4907 3191 4962 genus,
3248 4891 3387 4960 quod
3446 4892 3837 4958 potentialiter

2218 4990 2493 5054 condidit,
2549 4986 2961 5041 misericorditer
3010 4988 3268 5053 gubernat
3332 4990 3385 5036 et
3450 4982 3623 5051 regit.
3692 4982 3835 5047 Quot

2220 5085 2364 5139 enim
2394 5082 2568 5135 salute
2597 5092 2877 5147 corporum
2905 5077 3148 5140 h'uiutur,
3177 5074 3315 5144 quod
3363 5073 3656 5127 fructuum
3686 5075 3838 5127 ubere

2228 5184 2338 5231 tate
2376 5172 2687 5243 gaudemus,
2722 5178 2775 5223 et
2806 5170 2925 5223 Iit-to
2975 5182 3099 5222 aere
3127 5167 3409 5238 pascimur,
3459 5167 3623 5235 quod
3674 5168 3841 5236 ipsius

2226 5268 2354 5325 solis
2384 5267 2561 5322 calore
2592 5263 2851 5329 fovemur,
2886 5271 3051 5315 totum
3080 5258 3579 5314 misericordissimi
3622 5259 3725 5315 Dei
3763 5262 3839 5311 te»

2229 5361 2419 5417 nellcio
2449 5360 2533 5429 agi
2565 5371 2669 5413 non
2692 5355 2987 5410 dubitatur.
3014 5354 3162 5409 Scire
3184 5364 3363 5407 autem
3386 5352 3681 5409 debemus
3705 5354 3837 5425 quad

2230 5453 2536 5509 adverbium
2559 5451 2708 5515 sicut,
2740 5462 2844 5502 non
2876 5461 3086 5516 semper
3112 5459 3206 5515 pro
3230 5443 3550 5513 {equalitate
3590 5449 3831 5515 ponitur,

2231 5547 2320 5601 sed
2347 5559 2726 5612 nonnunquam
2760 5542 2917 5596 etiam
2950 5555 3045 5605 pro
3075 5538 3450 5593 similitudine.
3488 5540 3659 5593 P329!
3698 5540 3833 5595 enim

2231 5653 2326 5693 nos
2383 5637 2522 5691 nulla
2582 5635 2789 5690 ratione
2849 5641 3045 5687 tantam
3095 5631 3291 5685 habere
3359 5631 3832 5695 misericordiam,

2232 5745 2385 5799 quam
2411 5743 2652 5798 magnam
2681 5727 2821 5782 Deus
2844 5726 3041 5782 habere
3065 5725 3347 5795 probatur:
3374 5722 3472 5777 sed
3498 5722 3683 5787 Deus,
3707 5724 3837 5779 sica!

2232 5823 2521 5877 immensus
2547 5829 2648 5889 est,
2692 5820 3003 5874 immensam
3048 5816 3209 5873 etiam
3251 5815 3701 5873 miscricordiam
3747 5831 3833 5868 ex-

2233 5917 2399 5973 hibet.
2436 5915 2542 5971 Nos
2569 5931 2779 5984 quoque
2809 5914 2876 5969 ab
2905 5915 3018 5981 ejus
3048 5913 3279 5982 potentia
3319 5909 3472 5965 valde
3496 5910 3813 5965 dissimiles
