3972 6340
249 316 399 377 1365

1253 312 1724 371 HOMILIARIUS.
1766 343 1837 356 —
1875 313 2041 371 ΗΟΜ.
2083 312 2172 370 DE
2212 313 2556 372 'I'EMPORE.

3381 315 3521 375 1566

246 443 313 491 ut
337 443 458 505 pote
480 412 572 505 qui
604 431 716 503 puri
751 431 991 488 homines
1036 445 1243 502 sumus,
1275 434 1328 488 in
1372 440 1630 503 quantum
1671 432 1833 487 intel-
1861 437 1914 496 Α
1941 449 2261 505 quemquam
2319 435 2387 489 de
2435 432 2811 490 emendatione
2862 435 3232 506 desperemus,
3285 447 3340 494 et
3395 447 3522 496 tunc

250 527 424 582 lectus
450 532 506 579 et
553 525 882 594 possibilitas
931 525 1253 593 suppeditat,
1292 525 1672 599 misericordes
1722 539 1844 581 esse

251 631 530 683 curemus,
584 616 855 687 diligendo
905 623 960 671 et
1024 617 1280 672 beneﬁcia
1334 617 1675 687 cumulando,
1737 632 1843 672 non

250 712 435 767 solum
461 710 626 777 gratis
654 719 707 765 et
735 708 941 774 amicis,
972 710 1064 764 sed
1094 710 1253 764 etiam
1276 708 1497 778 ingratis
1515 717 1570 763 et
1590 709 1841 764 inimicis.

252 806 507 878 Quisquis
530 806 691 861 etiam
736 808 874 861 bona
900 807 1210 876 temporalia
1246 806 1331 862 vel
1378 807 1675 877 spiritualia
1720 807 1845 862 aliis

254 915 358 969 pro
385 913 569 955 amore
605 898 791 953 divino
833 898 1071 968 largitur,
1114 899 1357 969 quisquis
1406 899 1458 953 in
1508 912 1566 952 se
1618 911 1845 966 peccan-

254 994 404 1048 tibus
454 992 837 1063 indulgentiam
894 993 1317 1047 misericorditer
1370 992 1577 1055 tribuit,
1631 991 1766 1045 sicut
1814 1004 1843 1043 a

257 1083 488 1137 Domino
515 1083 629 1151 ipse
658 1084 866 1137 veniam
899 1084 1183 1152 impetrare
1222 1082 1511 1146 desiderat,
1544 1082 1627 1136 hic
1658 1080 1844 1151 procul

258 1176 428 1231 dubio
456 1176 694 1231 imitator
745 1176 835 1231 Dei
888 1176 1136 1230 efﬁcitur.
1181 1174 1358 1230 Nolite
1386 1175 1639 1245 judicare,
1678 1183 1846 1229 etnon

252 1267 660 1342 judicabt'mini;
715 1269 868 1321 nolite
914 1268 1263 1329 condemnare,
1313 1277 1358 1320 et
1404 1282 1503 1319 non
1542 1266 1849 1320 condemna-

258 1362 460 1416 bimini.
491 1361 668 1429 Quaeri
719 1369 895 1430 potest
943 1376 1066 1414 cum
1128 1375 1221 1429 per
1274 1359 1607 1413 Psalmistam
1666 1359 1847 1413 dicat:

260 1451 423 1507 Recte
462 1452 715 1522 iudicate,
769 1452 865 1521 ﬁlii
913 1452 1174 1505 hominum
1224 1450 1393 1521 (Psal.
1431 1451 1583 1521 Lvtt),
1624 1467 1719 1506 cur
1766 1451 1853 1507 hie

258 1548 407 1603 idem
443 1547 723 1618 prohibeat
759 1546 893 1613 ﬁeri,
945 1547 1128 1600 dicens
1161 1564 1173 1599 ε
1217 1546 1394 1600 Nolite
1439 1546 1712 1610 iudicare?
1743 1545 1853 1601 Hoc

260 1637 517 1703 dicendo,
577 1652 683 1693 non
725 1635 866 1692 tollit
909 1636 1064 1691 nobis
1114 1636 1516 1705 intelligentiam
1560 1636 1850 1703 iudicandi,

258 1729 364 1786 sed
394 1729 521 1785 illud
550 1728 809 1784 admonet
862 1744 929 1783 ne
975 1728 1292 1782 damnemus
1332 1727 1563 1796 aliquem
1590 1728 1742 1796 cujus
1772 1727 1854 1781 vel

260 1818 528 1889 cogitatio
554 1816 710 1871 nobis
735 1818 945 1886 cognita
972 1832 1077 1870 non
1125 1825 1228 1882 est,
1264 1818 1345 1871 vel
1389 1817 1656 1871 nescimus
1679 1816 1852 1885 qualis
1884 1799 1932 1859 Β

260 1920 452 1978 postea
512 1909 721 1963 futurus
767 1908 859 1964 sit.
916 1909 1225 1964 Nullatenus
1272 1908 1417 1965 enim
1472 1910 1854 1964 ecclesiasticis

259 2000 616 2069 praeiudicare
661 1999 952 2065 putandum
1011 2008 1094 2054 est
1151 2001 1384 2069 iudiciis,
1439 2002 1631 2070 quibus
1688 2002 1855 2072 negli-

260 2092 507 2162 gentium
534 2093 718 2162 culpas
749 2094 924 2162 puniri
952 2108 1068 2148 mos
1098 2102 1202 2158 est,
1227 2094 1318 2148 sed
1351 2096 1713 2150 necessarium
1744 2094 1856 2149 dis-

260 2185 530 2239 cretionis
561 2184 904 2240 moderamen
948 2185 1242 2239 intimatur.
1291 2187 1413 2241 llam
1453 2189 1595 2241 enim
1637 2196 1854 2243 senten-

264 2276 347 2331 tia
378 2277 497 2332 ideo
546 2276 701 2332 nobis
756 2277 1118 2346 principaliter
1163 2279 1472 2348 imperatur,
1523 2289 1671 2334 utea
1720 2280 1852 2334 facta

261 2369 340 2425 de
367 2370 562 2440 quibus
592 2369 839 2425 dubitare
877 2384 1163 2440 possumus
1191 2386 1296 2439 quo
1335 2372 1512 2425 animo
1560 2372 1709 2437 ﬁant,
1734 2374 1853 2440 quia

262 2473 393 2517 sunt
429 2463 672 2534 quaedam
701 2463 873 2519 media
905 2480 1020 2533 qum
1040 2479 1069 2518 a
1090 2463 1234 2519 bono
1260 2473 1314 2520 et
1338 2465 1481 2519 maio
1526 2466 1705 2520 animo
1736 2480 1857 2535 pos-

262 2566 394 2609 sunt
422 2554 527 2623 agi,
554 2554 606 2608 in
633 2556 907 2610 meliorem
940 2571 1156 2624 semper
1181 2565 1383 2626 partem
1407 2558 1852 2628 interpretemur:

264 2650 417 2704 Sicut
462 2648 635 2720 (verbi
673 2649 866 2720 gratia)
917 2660 1041 2705 sunt
1079 2651 1414 2705 diversorum
1466 2652 1703 2705 ciborum
1738 2668 1858 2721 per-

263 2743 569 2810 ceptiones,
602 2750 656 2795 et
685 2741 969 2810 exquisitae
1015 2742 1286 2811 potionum
1340 2743 1647 2807 varietates,
1677 2751 1729 2797 et
1752 2757 1856 2797 cte-

267 2844 404 2890 terze
431 2836 749 2891 necessariae
796 2850 1077 2905 corporum
1126 2837 1449 2904 curationes,
1482 2837 1546 2891 de
1574 2838 1766 2905 quibus
1790 2837 1857 2889 ab

264 2928 527 2995 Apostolo
569 2926 810 2997 judicare
861 2927 1242 2995 prohibemur:
1299 2929 1397 2993 Qui
1440 2930 1735 2990 manducat,
1779 2928 1858 2981 in-

265 3019 407 3087 quit,
433 3034 535 3072 non
562 3024 957 3074 manducantem
985 3036 1087 3074 non
1113 3030 1318 3090 spernat
1343 3036 1361 3073 :
1389 3028 1433 3073 et
1460 3020 1548 3085 qui
1578 3036 1679 3072 non
1710 3035 1857 3073 man-

266 3108 450 3173 ducet,
481 3110 867 3163 manducantem
907 3127 1008 3163 non
1026 3111 1226 3181 judicet
1251 3111 1428 3178 (Rom.
1453 3111 1588 3179 31v),
1617 3124 1683 3165 eo
1711 3109 1855 3179 quod

270 3208 495 3267 possent
542 3200 755 3253 humani
810 3201 912 3255 cibi
970 3200 1195 3269 quilibet
1243 3201 1472 3269 simplici
1527 3204 1707 3256 animo
1740 3202 1858 3257 sine

270 3290 405 3345 vitio
431 3293 877 3360 concupiscentia:
915 3296 1072 3347 sumi.
1116 3294 1314 3349 llorum
1357 3310 1487 3365 ergo
1510 3304 1565 3349 et
1603 3297 1856 3351 similium

270 3397 499 3451 operum
528 3399 644 3450 qua:
688 3384 1049 3439 indifferenter
1089 3386 1199 3454 geri
1232 3395 1472 3454 possunt,
1507 3394 1716 3454 tempus
1754 3402 1859 3456 quo

267 3472 576 3543 iudicentur
624 3474 891 3541 adveniet,
946 3490 1089 3542 cum,
1143 3478 1280 3531 sicut
1332 3478 1622 3546 Apostolus
1676 3478 1857 3547 docet,

266 3566 582 3621 illuminabit
630 3566 877 3621 Dominus
915 3569 1212 3623 abscondita
1262 3572 1606 3636 tenebrarum,
1656 3582 1701 3625 et
1747 3589 1857 3626 ma-

266 3655 531 3724 nifestabit
584 3657 800 3710 consilia
845 3659 1072 3711 cordium
1124 3658 1169 3729 (Ι
1213 3659 1330 3713 Cor.
1375 3662 1474 3730 tv).
1508 3665 1575 3714 At
1620 3677 1747 3717 vero
1792 3663 1859 3719 de

292 3748 386 3801 llis
407 3748 645 3817 judicare
676 3749 1054 3819 permittimur,
1078 3750 1145 3806 de
1168 3751 1363 3821 quibus
1389 3752 1607 3807 dubium
1638 3768 1745 3808 non
1776 3764 1858 3819 est

268 3837 404 3906 quin
453 3852 611 3907 prava
660 3840 957 3895 intentione
1002 3852 1273 3910 gerantur,
1326 3843 1498 3910 qualia
1557 3853 1684 3899 sunt
1738 3862 1858 3915 quae

263 3931 316 3985 A
332 3930 564 3998 postolus
585 3948 735 4002 opera
756 3934 924 3987 carnis
944 3934 1205 3999 nominat,
1226 3934 1472 4005 inquiens
1494 3955 1505 3989 :
1536 3936 1854 4004 Ilomicidia,

265 4021 560 4089 ebrietates,
613 4022 992 4077 fornicationes
1020 4022 1161 4093 (Gal.
1196 4023 1249 4094 ν)
1278 4035 1331 4080 et
1359 4036 1549 4080 caetera
1588 4027 1710 4081 talia
1740 4043 1859 4097 quae

266 4123 521 4171 auctores
544 4130 669 4169 suos
711 4126 764 4169 et
805 4131 835 4169 a
883 4131 1046 4186 regno
1077 4117 1165 4170 Dei
1197 4117 1506 4183 excludunt,
1547 4127 1603 4173 et
1642 4127 1858 4174 aeterna:

264 4205 435 4259 morti
470 4205 731 4260 obnoxios
770 4207 990 4271 faciunt,
1025 4206 1124 4260 nisi
1164 4206 1321 4277 digna
1373 4210 1702 4276 paenitudine
1733 4214 1856 4265 dum

264 4295 471 4350 vivitur
492 4296 795 4365 expientur.
824 4298 896 4351 De
912 4299 1104 4367 quibus
1128 4300 1240 4367 ipse
1266 4300 1523 4356 Dominus
1546 4303 1673 4357 alibi
1696 4302 1851 4357 dicit:

264 4388 323 4440 Α
364 4388 610 4455 fructibus
652 4404 825 4441 eorum
865 4392 1172 4459 cognoscetis
1211 4408 1295 4446 eos
1325 4391 1539 4463 (Matth.
1568 4393 1686 4465 vn).
1722 4394 1854 4450 Dum

266 4490 407 4529 vero
429 4477 670 4546 quaedam
711 4479 977 4549 praecipua
1023 4491 1166 4550 sunt,
1200 4483 1250 4537 in
1281 4485 1473 4554 quibus
1513 4490 1854 4544 temerarium

266 4567 527 4639 judicium
569 4567 826 4624 debemus
858 4570 1123 4641 refugere,
1166 4590 1284 4629 cum
1321 4577 1561 4632 videlicet
1594 4578 1854 4635 incertum

268 4655 525 4722 habetur,
555 4665 611 4711 ut
638 4658 834 4711 dictum
864 4668 969 4725 est,
1000 4676 1105 4730 quo
1144 4664 1321 4719 animo
1366 4665 1491 4734 quid
1520 4667 1715 4721 factum
1748 4670 1853 4734 sit;

268 4746 366 4799 ubi
395 4748 553 4801 etiam
592 4761 713 4801 cum
754 4749 1013 4804 incertum
1056 4762 1136 4807 est
1176 4754 1346 4823 qualis
1402 4755 1607 4811 futurus
1647 4760 1856 4813 sitcras

267 4837 369 4907 qui
400 4836 558 4893 hodie
583 4838 663 4894 vel
694 4841 865 4895 bonus
889 4842 972 4896 vel
1000 4844 1171 4898 malus
1202 4856 1442 4915 apparet.
1472 4848 1625 4902 Verbi
1662 4850 1852 4919 gratia,

268 4931 321 4984 si
370 4932 486 5000 quis
535 4930 602 4986 de
655 4933 963 4991 inﬁrmitate
1018 4942 1280 4993 stomachi
1330 4954 1691 5011 conquestus,
1734 4955 1855 5000 ante

271 5022 463 5076 horam
500 5025 783 5081 comedere
828 5030 1074 5095 voluerit,
1108 5040 1163 5085 et
1199 5040 1250 5085 tu
1284 5033 1335 5086 id
1382 5049 1486 5087 non
1537 5034 1855 5103 inﬁrmitati,

272 5116 371 5171 sed
413 5116 656 5173 edacitati
696 5118 1057 5191 deputaveris,
1105 5135 1301 5179 temere
1342 5126 1587 5195 judicasti
1617 5147 1628 5181 :
1663 5129 1729 5182 de
1760 5128 1859 5183 hoc

272 5222 386 5260 non
430 5216 640 5276 oportet
664 5223 762 5264 nos
803 5209 1065 5279 judicare,
1110 5212 1199 5267 illo
1241 5214 1485 5269 videlicet
1529 5215 1729 5285 judicio
1760 5217 1855 5270 da-

275 5296 589 5365 mnationis,
617 5309 671 5353 ut
695 5298 762 5355 de
791 5303 907 5380 ejus
954 5303 1125 5358 salute
1155 5304 1523 5373 desperemus.
1559 5304 1785 5360 Rursum
1812 5309 1852 5360 si

272 5399 517 5457 apertam
543 5383 855 5450 ebrietatem
884 5396 1304 5467 edacitatemque
1326 5402 1654 5470 cognoveris,
1685 5410 1740 5454 et
1782 5402 1852 5455 ita

275 5480 693 5548 reprehenderis
733 5493 791 5540 ut
820 5486 886 5541 de
915 5488 1246 5543 correctione
1294 5489 1435 5546 illius
1483 5492 1735 5561 desperes
1770 5491 1856 5561 qui

280 5573 591 5643 hujusmodi
624 5578 756 5634 vitio
799 5580 1057 5650 subjacet,
1091 5579 1436 5639 nihilominus
1467 5592 1666 5639 temere
1712 5584 1855 5655 judi-

279 5669 440 5724 casti.
468 5668 580 5726 Non
606 5686 733 5742 ergo
772 5674 1223 5743 reprehendamus
1251 5690 1311 5731 ea
1341 5691 1460 5745 qua:
1482 5678 1687 5732 occulta
1710 5687 1855 5747 sunt,

280 5778 459 5831 neque
503 5766 574 5821 ita
620 5766 1073 5836 reprehendamus
1115 5783 1233 5838 quae
1284 5769 1562 5824 manifesta
1614 5781 1757 5838 sunt,
1803 5784 1857 5828 ut

1884 4529 1940 4591 D

1946 527 2231 583 vitabimus
2254 528 2512 596 judicium
2549 528 2615 583 de
2637 543 2742 598 quo
2777 529 3011 585 dicitur:
3063 531 3239 586 Nolite
3270 534 3523 603 iudicare,

1916 629 1995 693 'et
2020 635 2123 673 non
2160 620 2563 689 judicabimini:
2591 619 2848 687 dimittite,
2895 631 2943 675 et
2987 622 3349 680 dimittemini:
3385 626 3523 694 date,

1949 721 1995 766 et
2018 711 2221 765 dabitur
2246 712 2404 766 vobis.
2448 710 2559 767 Hac
2578 713 2840 768 sententia
2869 716 3047 769 omnia
3069 731 3189 785 quae
3208 716 3277 773 de
3304 732 3528 776 conver-

1950 805 2119 860 sando
2145 819 2265 858 cum
2311 803 2542 859 inimicis
2569 818 2663 873 per
2708 819 2925 875 campos
2968 806 3362 877 Scripturarum
3399 825 3527 866 san~

1950 904 2154 953 ctarum
2184 895 2443 952 latissime
2469 896 2828 961 continentur.
2859 898 3055 953 eximia
3098 898 3358 956 brevitate
3382 916 3529 959 com-

1953 988 2112 1056 plexa
2150 995 2294 1043 sunt.
2354 987 2605 1059 Prmeipit
2637 996 2695 1042 ut
2720 989 3050 1046 dimittamus
3080 993 3428 1060 peccantibus
3474 996 3530 1051 in

1953 1092 2072 1140 nos,
2128 1085 2186 1131 ut
2236 1088 2416 1133 nostra
2466 1094 2495 1132 a
2550 1079 2658 1135 Deo
2706 1081 2857 1134 nobis
2905 1082 3242 1140 dimittantur
3293 1092 3530 1155 peccata.

1955 1170 2084 1225 item
2115 1169 2354 1239 praecipit
2385 1178 2444 1224 ut
2482 1170 2670 1225 demus
2699 1170 2979 1239 beneﬁcia,
3026 1183 3084 1226 ut
3125 1172 3281 1231 nobis
3323 1191 3536 1248 quoque

1955 1276 1985 1315 a
2017 1261 2127 1316 Deo
2164 1260 2320 1315 detur
2350 1260 2454 1315 vita
2486 1270 2707 1317 aeterna.
2750 1262 2989 1318 Dicendo
3015 1277 3143 1333 ergo
3183 1265 3443 1334 dimittite,
3486 1278 3535 1325 et

1957 1356 2278 1408 dimittemini
2301 1371 2319 1420 ;
2346 1364 2400 1410 et
2438 1370 2560 1411 mox
2603 1356 2868 1425 addendo,
2900 1355 3031 1409 Date
3070 1364 3119 1410 et
3149 1359 3354 1413 dabitur
3374 1362 3534 1428 vobis,

1957 1448 2192 1504 ostendit
2230 1450 2351 1517 quia
2401 1465 2506 1504 non
2553 1449 2750 1503 sufﬁcit
2783 1458 2988 1504 tantum
3034 1449 3305 1508 dimittere
3336 1454 3419 1509 his
3448 1457 3535 1523 qui

1959 1540 2011 1594 in
2049 1553 2148 1595 nos
2175 1549 2417 1609 peccant,
2461 1539 2564 1596 nisi
2608 1542 2769 1597 etiam
2800 1541 2879 1598 eis
2904 1557 3022 1611 qua:
3061 1556 3340 1613 possumus
3378 1545 3537 1602 bene-

1963 1632 2080 1687 licia
2133 1633 2525 1700 impendamus.
2565 1632 2817 1703 Quisquis
2860 1636 3003 1691 enim
3044 1637 3183 1692 bona
3230 1638 3537 1706 temporalia

1965 1724 2045 1778 vel
2079 1725 2373 1794 spiritualia
2415 1726 2537 1780 aliis
2583 1740 2766 1781 amore
2794 1726 2975 1784 divino
3019 1729 3264 1800 largitur,
3301 1729 3538 1799 quisquis

1961 1815 2012 1871 in
2044 1830 2104 1871 se
2132 1818 2471 1885 peccantibus
2516 1816 2902 1886 indulgentiam
2949 1821 3154 1889 tribuit,
3193 1822 3330 1877 sicut
3369 1822 3482 1892 ipse
3510 1837 3539 1877 a

1960 1908 2187 1963 Domino
2236 1908 2441 1963 veniam
2508 1909 2794 1979 impetrare
2858 1911 3147 1981 desiderat,
3214 1912 3300 1968 hic
3356 1913 3539 1982 procul]

1959 1999 2121 2054 dubio
2174 2000 2412 2055 imitator
2466 2000 2560 2055 Dei
2607 2000 2853 2056 efﬁcitur.
2908 2002 3208 2058 Mensurant
3259 2002 3462 2071 bonam,
3492 2016 3541 2060 et

1960 2096 2264 2161 confertam,
2307 2104 2352 2145 et
2377 2093 2705 2164 coagitatam,
2730 2103 2776 2148 et
2804 2096 3233 2166 supereﬂiuentein
3261 2097 3457 2151 dabunt
3489 2098 3541 2151 in

1960 2183 2132 2236 sinum
2172 2194 2415 2238 vestrum.
2448 2182 2582 2249 Quia
2630 2184 2771 2238 enim
2803 2202 2898 2239 nos
2944 2186 3199 2243 Dominus
3238 2186 3305 2242 ad
3334 2188 3541 2257 pietatis

1964 2271 2203 2328 ofﬁcium
2232 2285 2508 2344 provocat,
2537 2275 2726 2330 futurae
2747 2276 2909 2332 etiam
2934 2278 3298 2335 retributionis
3325 2280 3543 2336 modum

1961 2365 2217 2435 insinuat,
2248 2375 2508 2435 quatenus
2529 2376 2677 2420 tanto
2718 2368 2888 2438 magis
2917 2368 3146 2440 largitati
3168 2371 3541 2438 inserviamus,

1960 2469 2163 2528 quanto
2188 2459 2255 2514 de
2281 2460 2589 2528 plenissima
2611 2463 3042 2518 remuneratione
3055 2462 3231 2518 securi
3244 2464 3543 2519 existimus.

1961 2551 2050 2607 Ait
2070 2553 2241 2608 enim:
2274 2552 2572 2608 Mansuram
2589 2555 2790 2622 bonam,
2814 2554 2865 2609 id
2890 2563 2972 2610 est
2988 2554 3187 2623 justam
3214 2563 3271 2610 et
3292 2569 3498 2625 aequam
3525 2571 3541 2622 ;

1960 2655 2006 2699 et
2026 2650 2331 2714 confertam,
2352 2646 2402 2700 id
2425 2656 2507 2701 est
2528 2648 2738 2716 plenam
2759 2664 2774 2712 ;
2802 2655 2847 2700 et
2863 2647 3192 2717 coagitatam,
3217 2645 3271 2701 id
3290 2654 3375 2703 est
3394 2661 3547 2703 com-

1958 2744 2180 2802 motam,
2200 2738 2280 2790 vel
2297 2737 2419 2790 hinc
2442 2738 2585 2804 inde,
2602 2738 2652 2791 id
2674 2747 2754 2793 est
2773 2737 3003 2805 undique
3021 2750 3371 2804 concussam;
3392 2746 3441 2793 et
3460 2754 3546 2793 su-

1959 2830 2360 2897 peref/luentem,
2378 2828 2426 2882 id
2443 2837 2524 2883 est
2537 2829 3083 2898 superabundantem,
3104 2829 3295 2885 dabunt
3310 2831 3363 2886 in
3377 2832 3545 2886 sinum

1958 2926 2198 2973 vestrum.
2224 2919 2320 2984 Qui
2337 2928 2460 2971 sunt
2477 2918 2559 2972 isti
2577 2919 2663 2988 qui
2679 2918 2879 2975 dabunt
2894 2934 3193 2975 mensuram
3210 2920 3427 2989 bonam,
3441 2921 3544 2976 nisi

1959 3024 2218 3079 pauperes
2265 3010 2455 3078 quibus
2505 3011 2763 3066 beneﬁcia
2795 3012 3146 3068 dederimus?
3191 3012 3319 3069 Tale
3363 3023 3444 3070 est
3490 3024 3546 3070 et

1961 3098 2088 3153 illud
2121 3099 2261 3167 quod
2294 3099 2502 3153 Veritas
2532 3100 2659 3155 alibi
2698 3101 2919 3158 dicit-de
2969 3102 3330 3173 pauperibus:
3365 3102 3549 3158 Facito

1963 3192 2099 3246 vobis
2127 3193 2316 3246 amicos
2340 3193 2403 3245 de
2432 3209 2721 3248 mammona
2746 3194 3049 3266 iniquitatis,
3080 3204 3185 3251 etc.
3216 3194 3366 3266 (Luc.
3409 3200 3545 3268 xvr).

1962 3284 2076 3340 Non
2112 3284 2255 3339 enim
2298 3300 2557 3354 pauperes
2589 3286 2688 3354 ipsi
2738 3286 3040 3342 mercedem
3094 3287 3319 3343 reddent
3348 3287 3430 3344 his
3456 3288 3548 3358 qui

1962 3377 2359 3448 eleemosynam
2429 3378 2532 3431 illis
2600 3378 2917 3448 largiuntur,
2976 3380 3069 3435 sed
3122 3378 3388 3446 Christus,
3448 3395 3545 3450 pro

1962 3468 2113 3537 cujus
2139 3468 2426 3523 dilectione
2474 3469 2574 3524 hoc
2603 3468 2821 3524 faciunt.
2871 3471 3039 3537 Quam
3074 3479 3249 3526 tamen
3279 3472 3331 3525 in
3371 3469 3539 3526 sinum

1962 3558 2089 3612 dare
2117 3558 2389 3625 dicuntur,
2437 3560 2560 3628 quia
2602 3570 2657 3615 ut
2697 3560 2862 3630 ipsam
2908 3563 3209 3618 mercedem
3261 3562 3542 3633 largitores

1964 3651 2427 3723 eleemosynarum
2454 3668 2480 3706 a
2510 3654 2734 3709 Domino
2759 3656 3052 3725 promereri
3079 3656 3389 3725 potuissent,
3416 3670 3547 3726 pau-

1960 3756 2117 3811 peres
2166 3741 2265 3810 ipsi
2298 3743 2634 3798 occasionem
2686 3745 2967 3810 dederunt,
3024 3760 3145 3799 cum
3197 3755 3290 3800 aut
3320 3746 3545 3801 misera-

1961 3830 2136 3884 biliter
2168 3840 2405 3901 egentes,
2434 3841 2526 3887 aut
2564 3832 2618 3888 in
2650 3834 2878 3903 petendo
2906 3835 3199 3905 importuni
3226 3837 3543 3895 existentes.

1961 3923 2241 3978 fortiorum
2262 3933 2387 3979 sunt
2417 3927 2678 3981 beneﬁcio
2708 3927 3017 3993 sustentati,
3040 3936 3094 3983 et
3120 3928 3357 3982 nonnulli
3384 3930 3543 3982 etiam

1960 4029 2145 4069 eorum
2162 4013 2227 4069 ad
2253 4014 2409 4069 ﬁdem
2434 4014 2632 4070 Christi
2659 4032 2751 4084 per
2772 4016 2947 4071 dulcia
2972 4016 3228 4072 beneﬁcia
3253 4019 3543 4087 provocati.

1962 4105 2056 4160 Vel
2072 4114 2217 4161 certe
2237 4117 2290 4160 ut
2305 4106 2372 4162 de
2390 4106 2616 4162 inimicis
2632 4107 2826 4179 aliquid
2844 4107 3104 4172 dicamus,
3119 4108 3270 4163 multi
3286 4110 3544 4162 malorum

1958 4208 2142 4255 contra
2169 4199 2334 4254 bonos
2364 4199 2645 4255 saevientes
2670 4244 2685 4268 ,
2739 4216 2922 4256 eorum
2972 4199 3226 4270 patientia
3254 4199 3338 4255 vel
3370 4199 3540 4256 bene-

1957 4291 2187 4345 volentia
2219 4290 2283 4344 ad
2314 4291 2687 4346 rectitudinem
2711 4291 2988 4347 charitatis
3013 4298 3134 4345 sunt
3156 4292 3407 4347 revocati.
3439 4289 3544 4345 No-

1958 4381 2175 4436 tandum
2201 4382 2339 4451 quod
2372 4383 2422 4436 in
2452 4383 2617 4435 sinum
2657 4382 2809 4437 nobis
2837 4382 2966 4438 dare
3022 4382 3216 4437 dicitur
3245 4400 3258 4436 ε
3292 4398 3351 4437 ea
3400 4383 3543 4438 enim

1962 4492 2081 4546 qua:
2117 4476 2168 4530 in
2214 4478 2332 4531 sinu
2379 4474 2636 4531 habemus
2670 4516 2685 4541 ,
2740 4477 2911 4531 securi
2962 4477 3143 4546 utique
3190 4475 3543 4546 possidemus.

1964 4569 2191 4624 Pulchre
2220 4584 2347 4638 ergo
2379 4568 2491 4623 haec
2519 4569 2880 4624 remuneratio
2910 4570 2963 4623 in
2984 4571 3151 4624 sinum
3181 4569 3292 4625 dari
3323 4568 3538 4635 dicitur,

1967 4670 2025 4715 ut
2070 4675 2188 4715 cum
2246 4669 2443 4731 quanta
2482 4662 2768 4717 securitate
2823 4662 3183 4730 possidenda,
3244 4672 3543 4733 quantaque

1963 4754 2225 4808 charitate
2251 4754 2524 4810 retinenda
2548 4756 2658 4820 sit,
2716 4758 3048 4813 ostendatur.
3108 4755 3301 4812 Eadem
3353 4757 3540 4828 quippe

1964 4862 2203 4901 mensura
2255 4864 2352 4915 qua
2412 4849 2567 4901 mensi
2613 4850 2832 4919 fueritis,
2865 4850 3151 4903 remetietur
3196 4848 3352 4903 vobis.
3385 4846 3535 4903 Men-

1963 4957 2102 4996 sura:
2132 4943 2345 4996 nomine
2382 4942 2548 5010 ipsam
2574 4943 2762 5012 judieii
2792 4944 3025 5013 regulam
3063 4941 3408 5009 signiﬁcatam
3440 4954 3529 4993 ac-

1962 5035 2207 5104 cipimus.
2242 5034 2391 5100 Quod
2423 5036 2554 5088 alius
2585 5035 2903 5103 evangelista
2961 5034 3192 5103 apertius
3249 5031 3413 5099 ponit,
3446 5030 3529 5084 di~

1961 5140 2090 5181 cens
2115 5142 2129 5178 :
2162 5124 2225 5178 In
2254 5142 2350 5193 quo
2377 5128 2507 5178 enim
2532 5126 2736 5195 judicio
2781 5125 3151 5198 Judiwueﬁtis,
3172 5122 3532 5195 judicabimini

1963 5218 2175 5290 (Matth.
2210 5219 2331 5289 vn).
2363 5217 2464 5273 Sed
2499 5217 2733 5287 nunquid
2764 5218 2805 5270 si
2864 5232 2959 5272 nos
2992 5227 3188 5273 temere
3206 5216 3527 5287 iudicaveri-

1959 5323 2098 5373 mus,
2127 5317 2323 5362 temere
2354 5309 2509 5363 etiam
2548 5307 2687 5361 Deus
2728 5305 3008 5376 judicabit,
3035 5308 3120 5377 qui
3147 5304 3319 5372 justus
3362 5306 3523 5374 judex

1959 5402 2074 5453 est?
2100 5396 2205 5453 Aut
2233 5399 2275 5452 si
2306 5398 2475 5467 iniqua
2509 5414 2741 5452 mensura
2773 5400 2931 5452 mensi
2955 5401 3231 5470 fuerimus.
3290 5398 3525 5468 nunquid

1961 5499 2015 5547 et
2040 5491 2179 5560 apud
2206 5491 2370 5545 Deum
2400 5492 2577 5559 iniqua
2627 5506 2873 5545 mensura
2902 5500 3004 5558 est,
3035 5491 3177 5546 unde
3202 5490 3352 5544 nobis
3376 5505 3530 5543 reme-

1962 5583 2150 5640 tietur?
2178 5583 2280 5639 Sed
2304 5585 2403 5637 hoc
2442 5584 2560 5638 ideo
2588 5580 2785 5637 dictum
2812 5592 2894 5639 est
2941 5584 3061 5652 quia
3114 5584 3383 5637 temeritas
3424 5596 3524 5650 qua

1961 5694 2124 5735 noccs
2150 5678 2257 5745 alii,
2282 5677 2396 5747 ipsa
2417 5676 2508 5732 tibi
2524 5686 2707 5733 noceat
2734 5692 2952 5734 necesse
2973 5686 3085 5743 est;
3113 5687 3164 5733 et
3192 5678 3394 5747 iustitia
3428 5692 3526 5747 qua

1962 5773 2119 5829 alium
2145 5773 2323 5839 juvas,
2351 5778 2515 5827 restat
2540 5770 2697 5827 etiam
2731 5779 2787 5825 ut
2833 5771 2943 5841 ipsa
2972 5770 3019 5824 te
3074 5768 3309 5840 adjuvet.
3357 5770 3533 5825 Poles'
