3972 6340
1761 253 1768 260 ι

1786 266 1813 280 ν-

441 355 582 416 136⁸1

1309 326 1515 407 imum
1550 340 1825 404 nucem
1861 342 2016 401 ore.
2056 339 2235 400 rans
2270 338 2335 398 ιι.
2374 370 2443 383 -
2478 339 2838 399 ASCETICA.

3580 340 3717 401 1568

441 473 604 531 etiam
627 470 729 529 hoc
748 475 805 529 et
828 469 896 528 de
915 466 1191 541 largiendo
1221 464 1562 536 eleemosyna
1589 462 1905 532 simpliciter
1932 474 2023 515 ac-
2052 462 2100 522 Α
2127 456 2490 515 condemnare
2512 456 2867 526 prohibentis,
2902 454 3002 528 ipsi
3046 456 3393 517 immemores
3420 456 3599 531 magis
3620 474 3721 516 vo-

440 564 569 635 cipi.
594 561 745 619 Unde
767 571 819 620 et
843 561 1088 631 egregius
1106 557 1423 628 praedicator
1438 557 1549 611 suis
1576 552 1908 611 auditoribus
1938 550 2024 606 di-

440 657 516 712 cit
546 673 562 709 :
608 654 709 722 Qui
738 669 887 725 parce
905 653 1143 719 seminat,
1166 666 1318 722 parce
1337 658 1388 705 et
1410 656 1558 703 metet
1582 665 1598 719 ;
1631 655 1677 701 et
1708 648 1794 717 qui
1811 646 2026 701 seminat

440 750 494 803 in
521 746 967 811 benedictionibus,
993 746 1057 799 de
1082 741 1508 801 benedictionibus
1531 750 1575 796 et
1610 749 1761 796 metet
1788 738 1877 810 (ll
1899 739 2025 796 Cor.

438 836 542 911 sx).
571 838 781 906 Quanto
807 837 951 893 enim
982 835 1205 906 quisque
1234 834 1289 890 in
1319 832 1421 888 hac
1474 831 1579 889 vita
1609 846 1736 904 erga
1767 845 2027 901 pauperes

438 927 639 985 Christi
685 928 855 999 magis
896 928 1203 984 misericors
1254 924 1435 993 fuerit,
1467 931 1615 979 tanto
1654 923 1918 994 potiorem
1971 924 2026 980 in

438 1018 619 1076 futuro
636 1034 667 1074 a
690 1018 920 1077 Domino
941 1020 1162 1089 recipiet
1182 1018 1510 1076 mercedem.
1543 1016 1657 1074 Hoc
1682 1025 1864 1073 autem
1893 1016 2020 1088 quid

438 1109 509 1166 de
534 1109 876 1182 eleemosyna
923 1110 1281 1181 impendenda
1328 1108 1574 1175 dicimus,
1601 1109 1925 1180 generaliter
1956 1109 2025 1166 de

436 1204 686 1269 omnibus
722 1220 841 1275 qua:
864 1205 1181 1276 cogitamus,
1205 1204 1475 1276 loquimur
1500 1220 1594 1261 seu
1616 1218 1779 1275 opere
1807 1204 2024 1274 perﬁci-

436 1311 582 1365 mus,
613 1297 887 1353 sciendum
937 1305 1045 1365 est,
1076 1298 1200 1369 quia
1257 1298 1542 1369 unicuique
1596 1297 1892 1353 secundum
1924 1311 2024 1351 sua

438 1388 825 1446 restituendum
840 1399 925 1447 est
943 1405 1125 1461 opera.
1158 1390 1569 1446 Dicebatautent
1584 1390 1692 1445 illis
1712 1387 2026 1445 etsimilitu-

437 1482 619 1535 dinem
647 1500 662 1536 :
710 1480 964 1552 Nunquid
991 1490 1151 1551 potest
1171 1497 1334 1537 ccecus
1366 1496 1557 1535 cacant
1577 1480 1801 1534 ducere?
1831 1476 2020 1532 Nonne

437 1571 660 1626 amboin
692 1576 888 1638 foveam
910 1572 1138 1626 cadunt?
1166 1572 1335 1642 Hujus
1365 1570 1613 1627 versiculi
1641 1585 1833 1628 sensus
1855 1568 2025 1625 ha-ret

436 1665 617 1719 sensui
642 1667 935 1734 superioris
966 1666 1264 1734 sententiae,
1299 1665 1390 1721 ubi
1422 1665 1732 1736 prmcipitur
1775 1665 2024 1722 eleemo-

436 1771 624 1828 synam
659 1756 838 1824 tribui,
869 1768 922 1813 et
954 1759 1295 1829 peccantibus
1322 1756 1579 1814 oﬁensam
1618 1756 1839 1813 remitti.
1871 1759 1947 1811 Ac
1976 1755 2019 1810 si

436 1825 619 1903 dicat:
652 1847 709 1903 Si
742 1857 795 1904 te
818 1825 1006 1905 contra
1029 1848 1302 1905 inimicum
1349 1850 1428 1903 ira
1481 1848 1869 1913 concitaverit,
1928 1854 2023 1902 aut
2054 1825 2100 1887 Β

437 1954 623 1998 contra
648 1943 795 1998 illum
826 1944 916 2014 qui
966 1952 1077 1999 ate
1126 1944 1525 2014 eleemosynam
1559 1941 1690 2010 petit
1723 1983 1739 2009 ,
1799 1941 2023 1996 avaritia

437 2036 743 2102 obduxerit,
774 2035 1011 2107 nunquid
1059 2036 1176 2107 ejus
1214 2036 1403 2091 vitium
1449 2035 1783 2091 exhortando
1833 2049 2026 2091 curare

437 2131 661 2199 poteris,
695 2132 991 2199 praesertim
1013 2145 1137 2186 cum
1168 2139 1225 2187 et
1254 2140 1343 2185 tua
1374 2146 1525 2187 mens
1564 2129 1757 2186 eodem
1786 2129 1919 2185 vitio
1948 2138 2027 2183 te-

439 2234 629 2279 neatur
654 2226 950 2281 obstricta?
994 2226 1100 2281 Aut
1149 2225 1389 2296 nunquid
1450 2233 1603 2295 putas
1641 2223 1794 2278 illum
1851 2222 2026 2278 solum

438 2316 527 2384 qui
571 2316 666 2371 tibi
704 2316 951 2387 injuriam
984 2318 1126 2384 fecit,
1162 2333 1311 2375 reum
1367 2317 1767 2387 deputandum,
1816 2327 1870 2374 ει
1920 2332 2026 2373 non

438 2410 597 2462 etiam
628 2417 698 2473 te,
732 2411 821 2477 qui
847 2408 1099 2480 injuriam
1132 2418 1349 2479 portare
1377 2407 1640 2477 patienter
1668 2408 1869 2474 nescis,
1898 2423 2030 2463 con-

440 2497 835 2553 demnandum?
868 2500 908 2553 lt‘.
931 2509 1113 2555 contra
1130 2515 1280 2568 vero,
1304 2500 1348 2555 si
1367 2499 1508 2556 illius
1533 2499 1845 2570 improbitas
1874 2502 2025 2556 inve-

440 2592 581 2645 nerit
603 2601 838 2646 mentem
870 2602 1014 2647 tuam
1045 2593 1230 2649 mitem
1261 2603 1316 2648 ct
1346 2594 1710 2664 tranquillam,
1742 2602 1797 2647 et
1843 2592 1932 2648 ille
1961 2592 2026 2646 ad

440 2684 808 2749 pmnitentiam
840 2685 1164 2753 movebitur,
1208 2695 1264 2742 et
1292 2693 1349 2741 tu
1378 2687 1649 2756 patientia:
1679 2701 1903 2741 munere
1928 2684 2029 2739 do-

441 2781 672 2836 naberis.
704 2780 824 2837 Non
847 2793 919 2837 est
947 2784 1229 2855 discipulus
1280 2796 1436 2854 super
1476 2782 1801 2853 magistrum.
1848 2778 2029 2835 Perfe-

439 2886 557 2931 ctus
579 2886 757 2931 autem
783 2878 959 2932 omnis
983 2878 1107 2944 erit,
1139 2878 1184 2932 si
1213 2880 1283 2933 sit
1307 2878 1447 2933 sicut
1481 2877 1736 2947 magister
1764 2876 1901 2944 ejus.
1920 2875 2030 2931 Ma-

443 2968 612 3035 gister
652 2968 891 3024 ccelestis
933 2978 989 3023 et
1016 2969 1256 3023 omnium
1288 2968 1548 3024 Dominus
1600 2969 1684 3037 pie
1734 2966 2032 3023 viventium

439 3060 685 3116 t‘hristus
715 3071 832 3117 est:
868 3077 898 3115 a
925 3076 1031 3131 quo
1057 3069 1112 3117 et
1140 3062 1193 3117 in
1230 3076 1336 3132 quo
1370 3064 1534 3118 totius
1565 3060 1779 3116 virtutis
1805 3069 1860 3115 et
1906 3059 2032 3115 reli-

2129 553 2247 608 lunt
2268 550 2513 621 judicare
2539 560 2594 607 et
2616 550 2978 607 condemnare
3010 567 3169 621 quam
3199 552 3490 609 emendare
3514 562 3573 608 et
3599 568 3721 608 cor-

2130 645 2319 714 rigere.
2345 641 2499 699 Unde
2527 641 2701 695 adhuc
2742 640 3010 697 infertur:
3043 642 3147 696 Aut
3177 644 3435 712 quomodo
3470 653 3615 709 potes
3639 643 3721 697 di-

2130 752 2240 791 cere
2268 734 2415 807 fratri
2443 742 2530 788 tuo
2548 748 2566 787 :
2584 732 2788 799 Frater,
2811 734 2943 802 sine,
2968 735 3174 807 ejiciam
3204 737 3457 806 festucam
3483 737 3550 791 de
3571 736 3721 790 oculo

2130 842 2238 899 tuo,
2267 832 2375 903 ipse
2396 832 2452 886 in
2482 831 2630 886 oculo
2658 840 2747 885 tuo
2767 833 2964 886 trabem
2993 849 3095 889 non
3121 834 3262 889 vides
3280 835 3305 889 ?
3324 834 3528 891 Oculus
3543 833 3649 890 hoc
3668 834 3721 889 in

2130 924 2250 981 loco
2276 923 2502 979 intentio
2524 923 2703 982 cordis
2729 931 2785 979 et
2817 924 3013 980 mentis
3062 926 3451 997 perspicacitas
3481 928 3727 997 appella-

2129 1026 2235 1074 tur.
2270 1016 2497 1073 Fesmca
2525 1032 2652 1073 vero
2678 1026 2764 1073 est
2813 1020 2894 1073 ira
2943 1022 3225 1088 repentino
3274 1021 3441 1077 animi
3492 1021 3729 1091 impulsu

2128 1108 2380 1164 excitata.
2411 1108 2615 1169 Trabes
2637 1119 2813 1166 autem
2858 1110 3175 1183 intelligitur
3226 1113 3434 1180 odium,
3465 1113 3576 1169 hoc
3602 1122 3729 1178 est,

2128 1202 2203 1257 ira
2231 1203 2385 1275 longa
2417 1202 2763 1259 meditatione
2786 1205 3000 1273 cordis,
3069 1208 3223 1277 quasi
3278 1207 3517 1264 assiduis
3569 1208 3731 1262 arbor

2130 1295 2326 1365 pluviis
2353 1298 2607 1354 enutrita.
2656 1298 3034 1369 Quantumque
3062 1300 3227 1357 distat
3252 1302 3389 1356 inter
3417 1302 3599 1357 trabis
3620 1315 3732 1356 ma-

2127 1386 2457 1455 gnitudinem
2487 1396 2542 1443 et
2571 1388 2787 1445 festuca:
2834 1391 3209 1460 gracilitatem,
3232 1392 3385 1462 quasi
3415 1401 3633 1447 tantum
3652 1393 3732 1447 in-

2130 1487 2295 1535 terest
2323 1478 2462 1535 inter
2494 1481 2627 1536 iram
2656 1488 2712 1537 et
2750 1481 2965 1536 odium:
2999 1482 3180 1538 odium
3211 1484 3359 1539 enim
3408 1493 3498 1539 est
3520 1483 3607 1538 ira
3643 1484 3733 1538 in-

2130 1581 2389 1642 veterata,
2421 1575 2500 1630 ira
2531 1584 2711 1631 autem
2766 1576 2945 1631 subita
2973 1576 3136 1633 animi
3182 1578 3557 1647 perturbatio,
3612 1592 3735 1646 qua:

2128 1681 2508 1734 nonnunquam
2537 1669 2702 1723 etiam
2732 1667 2878 1724 utilis
2907 1683 3027 1724 esse
3060 1670 3337 1737 probatur.
3359 1668 3555 1725 Potest
3576 1683 3735 1723 nam-

2129 1773 2235 1830 que
2257 1760 2372 1814 lieri
2406 1766 2464 1815 ut
2489 1759 2536 1816 si
2581 1759 2875 1815 irascamur
2924 1760 3154 1828 homini,
3182 1762 3409 1817 velimus
3453 1776 3583 1817 eum
3614 1776 3735 1817 cor-

2128 1849 2227 1920 rigi
2253 1867 2265 1903 :
2300 1864 2571 1920 nunquam
2600 1859 2777 1906 autem
2809 1851 2924 1906 fieri
2952 1859 3131 1921 potest
3183 1859 3241 1906 ut
3268 1866 3393 1907 eum
3422 1866 3593 1922 quem
3616 1852 3736 1905 odi-

2129 1955 2271 2008 mus,
2306 1940 2504 2011 corrigi
2546 1952 2639 1997 aut
2668 1942 2940 1999 meliorari
2968 1944 3267 2013 cupiamus.
3302 1943 3409 1998 Pro
3438 1959 3545 2014 qua
3575 1958 3733 1997 causa

2132 2033 2394 2089 Dominus
2418 2034 2750 2104 impossibile
2779 2044 3011 2090 testatur
3040 2048 3161 2091 esse
3185 2041 3244 2089 ut
3262 2034 3329 2090 de
3357 2034 3520 2090 oculo
3554 2034 3741 2090 fratris

2128 2124 2211 2180 sui
2243 2126 2501 2181 festucam
2532 2125 2743 2181 auferat
2770 2126 2860 2196 qui
2890 2127 2943 2182 in
2976 2142 3077 2181 suo
3106 2126 3265 2183 oculo
3295 2129 3504 2183 trabem
3538 2135 3737 2198 portat.

2130 2216 2198 2271 Et
2219 2216 2436 2287 quidem
2465 2231 2573 2272 non
2606 2216 2764 2272 irasci
2797 2216 3132 2287 impossibile
3157 2226 3260 2283 est,
3288 2218 3417 2287 quia
3443 2218 3737 2272 irascibilis

2131 2319 2212 2365 est
2243 2310 2403 2365 homo
2433 2318 2659 2366 naturai.
2700 2309 2846 2365 Unde
2875 2318 2932 2365 et
2965 2310 3119 2365 irasci
3151 2310 3517 2379 permittimnr
3565 2310 3740 2365 indul-

2129 2403 2309 2474 gentia
2336 2404 2625 2473 apostolica
2645 2445 2662 2474 ,
2694 2414 2751 2459 ut
2801 2404 2918 2475 ipsa
2956 2406 3032 2459 ira
3051 2446 3068 2472 ,
3108 2404 3255 2460 brevi
3284 2413 3566 2460 coarctata
3596 2418 3742 2460 com-

2133 2494 2349 2566 pendio,
2379 2496 2593 2557 modum
2635 2510 2739 2551 non
2794 2497 3042 2553 excedat.
3089 2497 3224 2553 Cum
3254 2497 3397 2553 enim
3461 2498 3739 2554 dixisset:

2133 2584 2447 2657 Irascimini,
2479 2589 2733 2645 continuo
2769 2589 2994 2655 addidit,
3022 2591 3256 2647 etnolite
3283 2608 3502 2659 peccare
3519 2590 3740 2663 (Ephes.

2133 2684 2231 2754 tv).
2264 2684 2406 2739 Nihil
2436 2700 2571 2740 vero
2626 2685 2766 2740 inter
2794 2685 2977 2740 odium
3035 2695 3089 2741 et
3138 2686 3498 2741 homicidium
3524 2686 3742 2753 distat,

2133 2777 2340 2833 Joanne
2367 2784 2690 2834 attestante:
2729 2779 2829 2846 Qui
2855 2780 2963 2833 odit
3013 2780 3226 2849 fratrem
3251 2796 3402 2834 suum
3427 2818 3446 2844 ,
3486 2780 3743 2835 homicida

2135 2878 2209 2923 est
2232 2867 2286 2939 (ι
2311 2868 2469 2925 Joan.
2501 2870 2605 2941 ιιι).
2652 2870 2767 2925 Non
2797 2886 2925 2941 ergo
2954 2880 3131 2941 potest
3164 2911 3180 2938 ,
3221 2873 3360 2927 sicut
3397 2871 3743 2941 praemissum

2136 2971 2238 3029 est,
2264 2964 2519 3019 festucam
2548 2964 2778 3019 educere
2802 2980 2834 3019 e
2865 2964 3043 3019 fratris
3066 2964 3224 3019 orulo
3247 2964 3337 3033 qui
3362 2980 3471 3019 suo
3504 2966 3561 3019 in
3589 2964 3743 3020 oculo

2138 3055 2345 3110 trabem
2374 3065 2565 3127 gestat,
2600 3058 2720 3125 quia
2754 3073 2911 3112 nemo
2952 3060 3183 3127 aliquem
3212 3060 3279 3113 ab
3305 3059 3381 3113 ira
3410 3068 3602 3128 potest
3628 3073 3746 3114 cor-

439 3153 613 3219 tionis
633 3162 716 3208 est
744 3153 1026 3222 disciplina
1052 3171 1066 3220 ;
1102 3154 1352 3223 discipuli
1380 3153 1496 3223 ejus
1521 3168 1710 3209 omnes
1742 3162 1867 3207 sunt
1895 3167 2032 3222 quos
2058 3188 2105 3252 Ο
2139 3147 2316 3217 rigere
2346 3149 2436 3219 qui
2464 3149 2645 3205 odium
2680 3151 2819 3205 celat
2850 3150 2903 3203 in
2936 3158 3137 3206 mente.
3168 3149 3402 3205 Proinde
3428 3149 3637 3204 merito
3666 3160 3745 3202 ta-

440 3242 859 3298 t;hristianitatis
885 3252 1111 3299 exornat
1138 3243 1322 3298 titulus
1347 3243 1495 3311 juxta
1518 3243 1661 3314 quod
1708 3242 1776 3298 ab
1804 3257 1869 3297 eo
1898 3240 2031 3295 alibi

441 3317 700 3386 audiunt?
736 3331 988 3406 Magister
1030 3344 1191 3388 vester
1238 3350 1374 3388 unus
1424 3344 1497 3389 est
1544 3332 1777 3388 Christus
1814 3332 2030 3402 (Matth.

442 3422 621 3492 χχιιι).
657 3422 753 3477 Hic
779 3438 908 3494 ergo
967 3433 1164 3493 tantus,
1196 3432 1461 3495 tantaeque
1486 3425 1869 3494 singularitatis
1918 3439 2032 3478 ma-

441 3515 609 3584 gister
642 3517 803 3571 homo
834 3515 1004 3570 factus
1054 3524 1176 3583 est,
1230 3532 1350 3572 cum
1401 3525 1544 3573 esset
1599 3516 2034 3585 Deuszinjurias

443 3621 655 3675 passus,
690 3616 746 3661 et
778 3605 1013 3662 lmsionis
1045 3606 1215 3662 vicem
1252 3622 1358 3663 non
1408 3608 1675 3675 retribuit,
1707 3607 1798 3678 qui
1823 3615 1880 3661 ut
1911 3617 2034 3676 pote

442 3698 583 3754 Deus
625 3709 753 3753 nutu
780 3700 947 3755 solius
976 3699 1269 3755 voluntatis
1310 3700 1701 3757 obtrectatores
1758 3713 1885 3754 suos
1937 3714 2035 3768 pu-

442 3792 560 3845 nire
590 3792 777 3848 valuit.
809 3792 1087 3848 Postremo
1114 3793 1283 3864 ipsam
1307 3792 1490 3849 subire
1506 3801 1729 3848 mortem
1757 3791 2030 3861 indignum

442 3898 551 3939 non
583 3883 786 3952 habuit,
819 3886 958 3955 quod
999 3886 1120 3941 vita:
1172 3894 1390 3941 aeternae
1445 3894 1632 3941 auctor
1687 3884 1911 3940 exstitit.
1973 3883 2031 3940 Si

443 3992 573 4047 ergo
612 3977 702 4033 ille
730 3978 820 4046 qtti
874 3978 1015 4033 Deus
1043 3985 1161 4034 erat
1189 3978 1362 4033 illatas
1385 3976 1486 4032 sibi
1527 3976 1749 4046 injurias
1767 3975 2034 4046 patienter

445 4070 585 4136 tulit,
617 4085 784 4139 quare
824 4084 920 4126 nos
949 4069 1068 4141 ejus
1118 4068 1410 4139 discipuli,
1469 4068 1560 4138 qui
1610 4069 1726 4136 puri
1783 4067 2032 4123 homines

444 4178 655 4231 sumus,
688 4163 886 4234 quique
924 4163 1089 4218 multa
1120 4161 1324 4229 rimari,
1357 4175 1518 4232 parva
1566 4161 1788 4231 implere
1843 4175 2034 4232 possu-

446 4271 587 4324 mus,
640 4256 993 4313 contumelias
1047 4255 1288 4328 perferre
1344 4255 1733 4327 dedignemur?
1785 4254 1841 4310 Si
1891 4256 2034 4311 enim

446 4365 576 4406 vere
624 4350 739 4420 ejus
791 4348 1036 4420 discipuli
1067 4363 1188 4405 esse
1226 4348 1476 4404 volumus
1508 4392 1523 4417 ,
1577 4362 1798 4404 necesse
1837 4357 1923 4403 est
1978 4357 2037 4403 ut

449 4444 795 4511 perfectionis
840 4458 996 4513 quam
1029 4443 1097 4497 ab
1125 4456 1190 4498 eo
1217 4441 1497 4511 discimus,
1549 4455 1792 4498 normam
1851 4450 2035 4495 tenere

2139 3241 2208 3296 lis
2236 3242 2347 3295 acri
2382 3242 2692 3298 invectione
2719 3243 2980 3311 arguitur,
3011 3258 3130 3297 cum
3162 3242 3355 3296 dicitur
3381 3259 3395 3296 :
3432 3240 3746 3311 Hypanim,

2136 3336 2264 3405 ejice
2290 3335 2512 3401 primum
2557 3334 2748 3389 trabem
2799 3336 2861 3388 de
2909 3332 3060 3389 oculo
3091 3345 3199 3388 tuo.
3252 3333 3552 3405 llypocrita
3607 3331 3748 3387 Cm-

2138 3439 2236 3479 cus
2268 3439 2448 3480 sermo
2481 3435 2582 3493 est,
2618 3442 2683 3481 ex
2739 3426 2946 3497 integro
2976 3435 3030 3481 ct
3075 3436 3332 3495 corrupto
3381 3427 3747 3494 compositus.

2139 3516 2296 3587 Hypo
2336 3518 2597 3587 siquidem
2628 3519 2840 3585 falsum,
2871 3518 3016 3573 crisis
3059 3518 3319 3588 judicium
3377 3516 3579 3572 Grece
3610 3516 3742 3571 dici-

2137 3619 2244 3667 tur.
2281 3612 2566 3683 Hypocrita
2614 3627 2743 3683 ergo
2769 3611 3053 3668 simulator
3093 3613 3194 3668 dici
3227 3620 3403 3681 potest
3443 3612 3540 3682 qui
3569 3611 3746 3681 specie

2137 3716 2291 3763 tenus
2318 3708 2542 3777 justitiae
2564 3707 2664 3763 sibi
2695 3722 2895 3763 nomen
2940 3706 3464 3777 usurpat.'fractum
3519 3714 3607 3759 est
3648 3720 3744 3758 au-

2137 3810 2244 3858 tem
2278 3802 2379 3858 hoc
2409 3817 2602 3858 nomen
2632 3816 2659 3855 a
2688 3802 2931 3872 picturis,
2968 3816 3087 3870 qua:
3112 3800 3450 3856 diversorum
3486 3797 3629 3856 fucis
3654 3813 3745 3853 ex-

2137 3909 2343 3966 pressa:
2373 3894 2643 3965 colorum,
2668 3894 3073 3950 similitudinem
3100 3909 3348 3950 verorum
3381 3904 3597 3948 tantum
3626 3906 3745 3947 cor-

2136 4003 2326 4059 porum
2374 3996 2783 4058 repraesentant.
2839 3987 3128 4059 Hypocrita
3174 3988 3339 4042 etiam
3402 3986 3515 4043 dici
3568 3990 3745 4057 petest

2136 4077 2478 4133 subauratus.
2513 4077 2671 4149 Hypo
2699 4093 2928 4148 namque
2956 4078 3166 4146 Graece,
3190 4075 3383 4133 Latine
3409 4078 3617 4133 dicitur
3633 4078 3745 4141 sub,

2136 4171 2348 4241 chrysos
2377 4185 2587 4226 aurum.
2622 4171 2689 4226 Et
2720 4170 2999 4244 hypocrita
3024 4178 3243 4228 vocatur
3277 4187 3387 4227 non
3419 4172 3604 4227 solum
3653 4172 3742 4240 qui

2136 4264 2281 4320 aliud
2303 4265 2466 4320 corde
2494 4266 2632 4335 gerit
2654 4275 2709 4321 et
2734 4266 2876 4321 aliud
2915 4279 3078 4337 opere
3120 4267 3265 4338 agit,
3299 4255 3495 4322 verum
3552 4277 3613 4321 et
3654 4267 3746 4322 ille

2137 4356 2249 4426 qui,
2278 4371 2399 4411 cum
2428 4357 2500 4411 sit
2528 4356 2721 4424 malus,
2748 4359 2941 4429 quaerit
2991 4359 3392 4429 reprehendere
3433 4360 3636 4415 bonos.
3676 4358 3742 4413 Et

2138 4464 2517 4520 nonnunquam
2544 4450 2675 4506 tales
2702 4465 2822 4505 cum
2852 4450 2951 4521 ipsi
2980 4450 3198 4506 malitia:
3245 4460 3408 4521 atque
3439 4451 3551 4507 odii
3594 4450 3737 4519 pleni

446 4535 777 4589 stndeamus.
812 4534 973 4602 Quasi
1002 4534 1145 4589 enim
1198 4534 1494 4605 discipulus
1522 4549 1682 4605 super
1720 4534 2033 4603 magistrum

872 4624 1205 4646 ,ει-εφη---
1386 4624 1605 4646 Lam.--
1661 4625 1841 4646 --.μευ
1883 4626 1998 4646 μ),

2142 4546 2269 4611 sint,
2294 4561 2481 4601 eorum
2511 4531 2664 4615 quos'
2684 4560 2781 4615 per
2831 4544 3010 4601 odium
3039 4545 3361 4615 corripiunt,
3388 4545 3739 4601 consultores

449 4627 698 4696 erigitur,
722 4640 843 4680 cutn
871 4624 1208 4681 Christianus
1234 4626 1357 4698 quis
1386 4624 1607 4696 injurias
1656 4625 1846 4681 audire
1878 4626 1999 4681 dedi
2018 4658 2033 4669 -

447 4728 665 4791 gnatur,
696 4731 862 4787 seque
884 4717 994 4773 suis
1045 4717 1244 4772 viribus
1271 4717 1460 4773 ulcisci
1491 4728 1735 4774 conatur.
1770 4720 1903 4786 Quid
1936 4737 2033 4774 au-

450 4822 549 4866 tem
578 4812 713 4878 vides
735 4811 983 4881 festucam
1012 4811 1067 4863 in
1093 4809 1240 4863 oculo
1296 4810 1472 4879 fratris
1503 4812 1596 4875 tui,
1634 4813 1825 4865 trabem
1869 4820 2038 4865 autent

449 4920 565 4977 qua:
592 4904 646 4957 in
670 4900 822 4956 oculo
844 4912 932 4957 tuo
956 4910 1031 4957 est
1054 4917 1157 4955 non
1185 4901 1521 4956 consideras?
1563 4902 1629 4957 Et
1658 4902 1796 4956 istud
1827 4902 1892 4955 ad
1947 4919 2037 4957 su-

450 4996 666 5068 periora
696 4994 1037 5050 referendum
1065 5002 1171 5061 est,
1199 4993 1289 5048 ubi
1318 5006 1518 5048 caecum
1542 5007 1572 5047 a
1597 5007 1743 5049 caeco
1764 4992 1909 5061 duci,
1935 4992 2037 5049 hoc

451 5099 556 5157 est,
586 5097 894 5159 peccantem
922 5089 989 5143 ah
1020 5102 1085 5143 eo
1110 5087 1199 5158 qui
1242 5086 1578 5159 gravioribus
1599 5103 1721 5143 reus
1744 5098 1827 5144 est
1858 5090 2039 5145 crimi-

451 5184 628 5249 nibus,
653 5182 846 5251 corrigi
877 5181 1098 5238 minime
1124 5196 1280 5251 posse
1309 5182 1523 5237 dicitur.
1556 5181 1700 5237 Multi
1733 5183 1892 5253 igitur
1917 5198 2038 5238 cum

452 5276 563 5333 sint
591 5272 830 5345 superbi,
858 5274 1022 5341 fures,
1044 5282 1311 5346 raptores,
1340 5274 1519 5329 odium
1569 5274 1621 5329 in
1651 5274 1814 5330 corde
1845 5284 2036 5330 tenen-

455 5369 615 5434 tes,si
647 5367 783 5422 alios
808 5365 891 5420 vel
920 5364 987 5419 ad
1017 5366 1282 5433 modicum
1315 5365 1549 5421 viderint
1577 5367 1653 5421 ira
1685 5368 2036 5438 irrumpente,

454 5463 605 5531 quasi
639 5459 839 5515 festuca
872 5457 1111 5512 irruente
1164 5456 1426 5525 turbatos,
1458 5465 1514 5512 et
1554 5474 1581 5511 ιι
1635 5458 1790 5513 solita
1845 5461 2040 5516 mentis

457 5553 841 5623 tranquillitate
900 5561 1133 5607 mutatos
1166 5592 1181 5616 ,
1244 5552 1410 5606 autin
1442 5551 1675 5622 qualibet
1704 5552 1905 5609 offensa
1955 5554 2040 5610 vel

455 5644 564 5702 levi
594 5645 864 5711 detentus,
893 5645 1090 5702 acriter
1115 5659 1209 5701 eos
1238 5643 1554 5714 diiudicant,
1579 5659 1673 5700 sua
1703 5645 1923 5701 crimina
1952 5656 2043 5702 aut

455 5739 599 5799 levia
626 5749 720 5795 aut
757 5742 921 5808 nulla,
949 5740 1161 5796 illorum
1214 5747 1392 5794 autem
1422 5740 1600 5810 gravia
1648 5755 1767 5796 esse
1817 5756 2043 5799 censen-

458 5845 561 5893 tes.
590 5834 658 5893 Et
687 5850 809 5893 cum
833 5835 1042 5890 Domini
1070 5844 1392 5905 praeceptum
1425 5831 1680 5896 habeant,
1727 5833 1963 5897 iudicare
1989 5843 2044 5891 et

2140 4638 2310 4693 videri
2345 4637 2549 4693 volunt.
2583 4638 2729 4705 Quos
2777 4647 2924 4692 tanto
2979 4636 3288 4706 prudentius
3330 4651 3528 4693 cavere
3574 4646 3742 4705 atque

2141 4730 2432 4785 observare
2461 4729 2743 4796 debemus,
2769 4735 2968 4797 quanto
3011 4727 3216 4783 facilius
3254 4728 3585 4796 superducta
3619 4744 3745 4783 san-

2143 4823 2342 4879 ctitatis
2366 4823 2546 4890 specie
2578 4819 2689 4876 falli
2730 4835 3037 4891 possumus.
3071 4820 3211 4876 Dicit
3255 4834 3384 4890 ergo
3433 4819 3743 4876 Dominus:

2146 4915 2450 4987 Hypocrita,
2482 4916 2609 4986 ejice
2635 4915 2853 4984 primum
2880 4913 3075 4968 trabem
3122 4914 3188 4967 de
3216 4914 3367 4967 oculo
3391 4923 3506 4979 tuo,
3532 4923 3583 4967 et
3622 4924 3745 4967 tunc

2144 5007 2414 5076 perspicies
2459 5015 2512 5060 ut
2558 5007 2743 5061 educas
2793 5006 3040 5076 festucam
3085 5006 3149 5059 de
3198 5005 3349 5060 oculo
3398 5006 3584 5074 fratris
3641 5007 3740 5060 tui.

2143 5098 2293 5166 Quod
2321 5107 2404 5153 est
2424 5098 2602 5152 dicere
2627 5116 2640 5150 :
2670 5097 2850 5151 Primo
2874 5096 3075 5165 repelle
3097 5112 3127 5151 a
3151 5107 3203 5152 te
3222 5095 3427 5162 odium,
3452 5095 3599 5166 quod
3623 5110 3745 5166 gra-

2146 5193 2263 5247 vius
2291 5202 2393 5263 est,
2426 5201 2477 5247 et
2498 5190 2752 5258 deinceps
2783 5191 2980 5258 poteris
3033 5188 3273 5245 securius
3300 5203 3420 5244 eum
3465 5203 3629 5257 quem
3656 5190 3743 5242 di-

2146 5285 2267 5355 ligis
2288 5283 2574 5340 emendare
2594 5281 2662 5337 de
2687 5280 2911 5336 levibus.
2958 5278 3102 5336 Inter
3125 5278 3240 5333 haec
3268 5293 3393 5333 vero
3449 5278 3739 5334 sciendum

2144 5385 2227 5432 est
2264 5375 2442 5441 nobis,
2471 5383 2526 5428 et
2572 5371 2973 5444 vigilantissitne
3016 5368 3418 5436 attendendum,
3470 5378 3531 5425 ut
3580 5369 3745 5440 cujus

2149 5465 2435 5537 aliquando
2479 5465 2555 5519 rei
2610 5464 2811 5519 utilitas
2860 5462 3164 5533 quempiam
3215 5462 3523 5532 poposcerit
3564 5462 3742 5517 corri-

2149 5558 2401 5631 gendum,
2426 5555 2598 5626 primo
2619 5556 2915 5625 cogitemus
2971 5561 3150 5609 utrum
3182 5550 3310 5607 illud
3353 5562 3637 5620 peccatum
3672 5567 3741 5607 ex

2148 5665 2255 5722 quo
2286 5650 2501 5704 fratrem
2524 5649 2815 5717 arguimus,
2845 5644 3134 5716 aliquando
3168 5642 3513 5699 habuerimus
3538 5657 3737 5705 necne,

2151 5758 2245 5799 seu
2270 5741 2444 5796 adhuc
2473 5737 2661 5794 eodem
2686 5736 2929 5807 impliciti
2980 5745 3279 5791 teneamur.
3312 5733 3380 5788 Et
3406 5733 3456 5788 si
3515 5733 3737 5803 quidem

2152 5834 2511 5893 invenerimus
2542 5845 2639 5887 nos
2668 5830 2891 5886 minime
2917 5828 3185 5894 habuisse,
3231 5844 3447 5895 agamus
3475 5827 3585 5884 Deo
3613 5841 3736 5887 cra-
