3972 6340
260 400 381 459 I369

1256 390 1690 451 DMILIARIUS.
1727 421 1798 437 -
1834 390 2004 451 HOM.
2045 391 2135 451 DE
2173 376 2519 451 'I'EMPORE.

3366 371 3510 453 ἐτι-ιο

252 520 356 582 tias,
382 514 532 582 cuius
559 510 689 569 illud
711 510 857 566 dono
887 515 1060 565 vitare
1104 513 1407 578 potuimus:
1435 522 1819 579 cognoscamus
1849 510 1900 570 Α
2000 507 2066 562 In
2097 507 2186 562 itto
2234 518 2459 578 tempore
2494 504 2623 561 dixit
2654 503 2805 558 Iesus
2834 502 3102 574 discipulis
3131 503 3239 561 suis
3274 520 3295 561 :
3331 506 3509 563 Atten-

251 623 336 665 nos
356 617 527 661 tamen
552 604 795 659 homines
824 616 961 670 esse,
995 609 1049 656 et
1079 599 1281 655 habere
1320 599 1576 669 potuisse.
1606 600 1665 656 Si
1688 616 1815 655 vero

252 702 672 779 perpenderimus
700 714 800 756 nos
829 702 935 755 tale
962 698 1163 770 aliquid
1208 698 1563 762 commisisse,
1598 708 1651 753 et
1702 698 1815 768 jam

250 815 337 871 per
353 798 547 855 donum
580 795 672 850 Dei
694 808 969 860 caremus,
1001 800 1184 863 tangat
1238 800 1473 848 mentem
1517 792 1816 847 communis

248 891 533 959 inﬁrmitas,
558 900 613 948 et
638 892 823 963 quales
857 906 984 964 erga
1024 905 1123 948 nos
1149 905 1270 946 cum
1310 891 1485 946 adhuc
1513 889 1716 945 similes
1738 903 1819 945 es-

244 1000 427 1053 semus,
454 986 589 1041 alios
609 1000 729 1042 esse
753 985 1038 1052 voluimus,
1072 985 1203 1041 tales
1261 1000 1475 1054 quoque
1518 1000 1643 1055 erga
1708 984 1817 1040 fra-

245 1086 367 1135 trem
406 1091 525 1133 esse
551 1077 866 1133 studeamus
892 1120 908 1146 ,
950 1077 1243 1147 eademque
1264 1074 1341 1131 illi
1370 1090 1472 1146 qua
1520 1075 1673 1131 nobis
1721 1090 1817 1145 per

244 1171 365 1227 alios
391 1170 711 1226 subventum
745 1169 991 1225 novimus
1019 1169 1216 1240 pietate
1244 1170 1614 1225 consulamus.
1659 1169 1815 1236 Quod

243 1264 287 1320 si
312 1263 472 1318 adhuc
500 1272 597 1318 nos
628 1263 680 1317 iu
718 1277 783 1319 eo
812 1278 919 1334 quo
950 1266 1116 1318 frater
1178 1263 1416 1333 arguitur
1463 1277 1644 1317 errore
1690 1276 1812 1332 pcr-

243 1357 417 1412 sistere
444 1355 976 1425 deprehenderimus,
1002 1369 1108 1411 non
1151 1354 1612 1425 reprehendamus
1645 1370 1817 1425 neque

241 1448 592 1518 objurgemus,
620 1447 714 1504 sed
744 1448 1238 1519 congemiscamus,
1267 1457 1321 1503 et
1341 1448 1489 1503 illum
1507 1462 1610 1502 non
1634 1448 1699 1502 ad
1721 1448 1818 1504 ob-

240 1540 626 1610 temperandum
656 1541 811 1597 nobis
836 1582 853 1608 ,
905 1540 999 1597 sed
1030 1541 1095 1595 ad
1142 1542 1343 1611 pariter
1399 1540 1698 1596 conandum
1737 1540 1818 1594 iu-

237 1633 475 1702 vitemus,
496 1641 654 1703 atque
682 1632 745 1686 ad
800 1631 1097 1687 remedium
1135 1630 1470 1702 paenitentiae
1497 1629 1818 1685 unanimiter

236 1736 624 1778 concurramus.
681 1722 748 1776 Et
788 1722 891 1777 hoc
939 1736 1153 1778 summo
1204 1723 1381 1778 studio
1432 1722 1816 1793 providendum
1873 1789 1879 1795 .

234 1824 293 1871 ut
317 1813 542 1885 quolibet
575 1813 735 1869 modo
764 1813 1118 1870 correctionis
1142 1815 1295 1885 vigor
1316 1814 1595 1885 procedat,
1631 1816 1809 1869 inten-

1921 603 2025 655 dite
2055 618 2088 655 a
2118 600 2261 670 falsis
2300 599 2557 669 prophetis
2598 599 2683 668 qui
2718 598 2920 652 veniunt
2955 599 3023 651 ad
3046 614 3130 653 vos
3161 599 3216 653 in
3241 599 3510 655 vestimen-

1920 691 1986 745 tis
2026 691 2213 759 ovium,
2255 689 2563 744 intrinsecus
2594 699 2762 747 autem
2791 695 2909 743 sunt
2950 686 3060 760 lupi
3110 703 3343 759 rapaces,
3397 696 3505 748 etc.

1920 782 2133 854 (Matth.
2166 783 2282 852 vn.)

1993 874 2070 929 De
2095 873 2462 943 investiganda
2491 888 2553 927 ac
2581 872 2903 943 possidenda
2928 872 3191 941 sapientia
3217 873 3503 943 Dominus,
3557 877 3571 894 '

1917 976 2023 1025 etc.
2059 966 2274 1037 Reliqua
2299 967 2408 1022 vide
2434 967 2574 1038 apud
2595 975 2833 1021 sanctum
2861 968 3204 1038 Augustinum
3231 1010 3246 1035 ,
3283 967 3508 1038 Operam

1919 1064 2028 1133 ejus
2057 1069 2189 1115 tomo
2210 1057 2331 1125 III,
2371 1057 2685 1131 Patrologia:
2713 1057 2818 1113 XX
2822 1057 2872 1112 Χ
2887 1057 2952 1127 V,
2986 1059 3087 1116 col.
3114 1057 3269 1128 1504,
3295 1059 3390 1116 lin.
3411 1057 3507 1118 45.

2410 1194 2693 1251 HOMILIA
2730 1194 3006 1251 CLXVIII.

2206 1327 2257 1366 IN
2297 1320 2544 1367 DOHINICA
2584 1327 2617 1366 Χ
2651 1325 2778 1367 POS'I'
2817 1324 3221 1368 PENTECOSTEN.

1990 1423 2059 1479 In
2085 1424 2177 1480 illo
2204 1434 2427 1494 tempore
2451 1425 2583 1479 dixit
2607 1423 2640 1478 J
2646 1441 2759 1479 esus
2789 1425 3056 1494 discipulis
3079 1424 3185 1480 suis
3208 1425 3508 1495 parabolant

1919 1515 2094 1569 hanc:
2133 1512 2303 1569 Homo
2328 1514 2539 1585 quidam
2566 1522 2672 1568 erat
2701 1514 2859 1584 dives,
2889 1514 2981 1584 qui
3011 1514 3225 1569 habebat
3254 1516 3505 1587 villicum,

1917 1615 1967 1661 et
1998 1606 2081 1660 hic
2108 1605 2411 1672 di/famatus
2444 1615 2518 1660 est
2548 1605 2688 1677 apud
2710 1604 2859 1660 illum
2883 1605 3032 1676 quasi
3053 1605 3353 1677 dissipasset
3378 1606 3508 1663 bona

1917 1701 2100 1773 ipsius,
2128 1709 2233 1754 etc.
2260 1698 2415 1769 (Luc.
2445 1713 2555 1754 xvr.

1992 1792 2124 1862 Quis
2152 1802 2234 1848 est.
2265 1791 2429 1847 homo
2457 1790 2630 1858 dives,
2659 1789 2762 1847 nisi
2787 1789 3076 1846 Christus?
3109 1791 3265 1847 Dives
3291 1789 3342 1846 in
3367 1790 3508 1849 creto

234 1907 307 1963 tio
326 1882 494 1961 tamen
517 1904 582 1960 ad
608 1905 831 1961 salutem
863 1914 919 1962 et
964 1882 1396 1962 e‘mendaiionem
1425 1908 1539 1975 ejus
1575 1906 1665 1974 qui
1695 1919 1808 1961 cor-

1925 1893 1979 1940 et
2008 1884 2160 1941 dives
2191 1885 2244 1940 in
2278 1894 2445 1950 terra,
2477 1882 2625 1938 dives
2657 1882 2877 1953 ubique.
2922 1882 3081 1939 Dives
3109 1883 3297 1953 plenus
3324 1884 3507 1953 gratiae

231 1996 411 2069 rigitur
439 1997 641 2065 tendat,
658 2005 923 2067 quatenus
954 1997 1025 2051 ita
1052 2012 1177 2069 erga
1209 1998 1426 2053 fratrem
1448 1996 1710 2053 districtio
1738 1998 1815 2053 lo-

228 2090 303 2145 ris
316 2088 517 2153 saeviat,
538 2102 607 2144 ne
628 2087 769 2143 intus
792 2086 1070 2143 cbaritatis
1089 2086 1269 2143 fervor
1293 2090 1549 2145 tabescat.
1567 2088 1658 2145 Sic
1670 2089 1813 2144 enim

227 2180 373 2236 nobis
400 2193 496 2249 pro
520 2179 747 2234 aliorum
768 2179 940 2235 salute
959 2180 1310 2247 certantibus,
1336 2181 1394 2236 lit
1409 2192 1465 2235 ut
1485 2181 1581 2251 ipsi
1603 2191 1814 2238 nostro-
1836 2189 1849 2203 ‘

226 2287 341 2329 rum
365 2285 761 2342 consequamur
777 2273 986 2327 veniam
1011 2279 1374 2342 peccatorum.
1404 2272 1559 2329 Unde
1582 2273 1815 2344 pruden-

227 2364 423 2420 tissime
452 2364 706 2419 doctores
729 2363 924 2431 sancti,
954 2363 1094 2421 inter
1122 2364 1310 2420 modos
1354 2366 1548 2435 quibus
1599 2375 1812 2434 peccata

222 2460 487 2527 laxantur,
522 2461 622 2516 hoc
644 2474 859 2531 quoque
889 2468 1203 2529 posuerunt,
1230 2460 1388 2515 beato
1417 2458 1469 2515 id
1500 2468 1814 2516 auctorante

221 2554 439 2620 Jacobo,
459 2554 548 2623 qui
573 2552 743 2608 dicit:
777 2553 1031 2620 Quoniam
1054 2554 1142 2618 qui
1170 2553 1392 2607 converti
1413 2553 1588 2620 fecerit
1635 2568 1814 2622 pecca-

222 2654 376 2699 torem
395 2644 457 2699 ab
478 2660 643 2699 errore
660 2644 751 2698 via:
774 2660 901 2712 sure,
919 2644 1127 2699 salvabit
1142 2644 1365 2697 animam
1387 2647 1497 2717 ejus
1520 2661 1551 2697 a
1565 2652 1745 2708 morte,
1764 2652 1811 2697 et

219 2737 405 2806 aperiet
425 2734 799 2793 multitudinem
817 2745 1138 2806 peccatorum
1155 2733 1360 2806 (Iacob.
1390 2740 1469 2804 ν).
1500 2733 1581 2789 Tu
1609 2743 1808 2789 autem.

733 2828 1016 2883 HOMILIA
1056 2824 1264 2885 CLXIV

484 2932 540 2975 IN
578 2933 834 2975 DOMINICA
873 2934 926 2973 VI
966 2932 1096 2974 Ροετ
1136 2934 1537 2975 PENTECOSTBN.

220 3009 325 3082 (Ex
355 3008 497 3066 beati
518 3010 792 3082 Ambrosii
823 3012 875 3066 iu
902 3010 1248 3081 Evangelium
1278 3012 1576 3082 secundum
1607 3010 1810 3067 Lucam

550 3081 905 3153 expositione,
939 3082 1035 3136 lib.
1069 3097 1142 3148 iv,
1177 3097 1325 3137 num.
1356 3081 1475 3153 68.)

285 3173 354 3230 In
383 3174 478 3229 illo
508 3182 738 3245 tempore
785 3190 902 3228 cum
952 3174 1112 3229 turba:
1140 3174 1394 3229 irruerent
1426 3173 1494 3226 ad
1528 3209 1545 3229 .
1567 3189 1728 3242 esum,
1756 3184 1810 3229 ut

1917 1992 1973 2038 et.
2000 1978 2267 2034 veritatis.
2308 1976 2378 2031 Et
2404 1993 2495 2032 nos
2526 1992 2699 2031 omnes
2729 1976 2792 2030 de
2821 1975 3138 2047 plenitudine
3167 1977 3275 2047 ejus
3304 1976 3506 2047 accepi-

1915 2093 2027 2131 mus
2075 2074 2257 2147 (Joan.
2303 2073 2367 2139 ι).
2426 2070 2586 2127 Dives
2635 2070 2774 2141 apud
2822 2085 2982 2140 quem
3034 2068 3333 2125 absconditi
3383 2075 3506 2124 sunt

1916 2180 2108 2223 omnes
2133 2164 2371 2221 thesauri
2396 2163 2673 2235 sapientiae
2700 2173 2755 2217 et
2777 2161 3039 2218 scientiae.
3072 2160 3230 2217 Dives
3258 2162 3311 2216 in
3333 2159 3506 2216 omni-

1917 2259 2017 2314 bus
2048 2267 2107 2313 et
2135 2257 2188 2312 in
2218 2271 2404 2312 omnes
2434 2255 2526 2325 qui
2565 2255 2823 2311 invocant
2853 2254 3022 2309 illum.
3079 2252 3299 2309 Villicus
3327 2260 3504 2309 autem

1915 2358 2002 2408 est
2029 2349 2400 2420 unusquisque
2426 2347 2788 2413 Christianus,
2831 2347 2919 2416 qui
2970 2345 3022 2402 in
3068 2346 3335 2416 baptismo
3362 2347 3504 2402 villi-

1916 2441 2181 2497 cationem
2224 2438 2308 2495 sui
2348 2437 2557 2509 accepit
2599 2445 2655 2493 et
2694 2437 2946 2508 proximi.
2982 2437 3321 2494 Christianus
3358 2439 3504 2495 enim

1915 2535 2282 2605 unusquisque
2309 2548 2417 2588 non
2451 2540 2654 2586 tantum
2688 2531 2769 2585 sui
2797 2545 2957 2587 causa
2987 2530 3136 2598 vivit,
3162 2530 3257 2587 sed
3289 2539 3345 2587 et
3377 2546 3503 2601 pro-

1912 2629 2082 2695 ximi,
2132 2635 2188 2684 et
2234 2641 2339 2683 non
2388 2633 2592 2681 tantum
2632 2623 2938 2680 redditurus
2981 2634 3064 2679 est
3103 2622 3368 2680 rationem
3410 2639 3504 2695 pro

1913 2722 2093 2776 anima
2136 2733 2268 2784 sua,
2317 2717 2414 2774 sed
2462 2728 2518 2773 et
2569 2730 2666 2786 pro
2695 2716 2813 2787 ejus
2840 2730 2961 2771 cum
2992 2731 3100 2787 quo
3130 2716 3258 2773 vivit
3301 2718 3353 2773 in
3402 2717 3503 2773 irae

1912 2814 2040 2879 vita,
2092 2825 2359 2867 exercens
2403 2824 2465 2866 se
2509 2824 2737 2881 corpore
2785 2817 2840 2865 et
2885 2808 3095 2877 "animo,
3142 2817 3198 2863 et
3242 2808 3502 2878 adjuvans

1911 2908 2221 2979 proximum
2246 2903 2585 2961 documentis
2609 2910 2665 2959 et
2689 2902 2959 2972 exemplo.
2992 2901 3100 2958 Nec
3127 2909 3330 2957 tantum
3354 2917 3501 2973 qna:-

1912 3014 2034 3056 rens
2073 3013 2193 3069 qua:
2227 3011 2321 3053 sua
2362 3005 2527 3063 sunt,
2573 2996 2669 3053 sed
2711 3004 2766 3051 ct
2791 3011 2910 3066 qua:
2950 2994 3197 3050 aliorum.
3253 2993 3378 3050 Ilmc
3414 3004 3500 3050 est

1909 3091 2336 3147 Christianorum
2368 3103 2497 3145 cura
2528 3087 2724 3143 nobilis
2761 3095 2815 3143 et
2843 3094 3028 3142 sancta
3056 3084 3328 3141 villicatio.
3367 3085 3501 3142 Hinc

1911 3192 1995 3239 est
2030 3181 2293 3253 judicium
2320 3179 2520 3236 Christi
2554 3179 2924 3248 tremendum,
2967 3188 3021 3234 et
3051 3179 3229 3234 futura
3259 3177 3497 3235 exactio.

209 3269 441 3325 audirent
471 3270 677 3324 verbum
705 3267 824 3334 Dei,
855 3277 902 3323 et
932 3268 1039 3336 ipse
1064 3266 1231 3322 stabat
1258 3282 1406 3322 secus
1439 3275 1682 3337 stagnum
1707 3266 1805 3322 Ge-
1835 3254 1880 3316 C
1914 3274 1982 3330 Ει
2028 3275 2108 3329 [δίο
2148 3273 2446 3342 (ii/famam;
2488 3282 2562 3327 εει
2605 3271 2747 3340 apud
2791 3270 2972 3338 illum,
3015 3270 3164 3340 quasi
3204 3271 3502 3340 dissipasset

208 3363 467 3428 nesarcth,
492 3371 595 3415 etc.
627 3359 780 3431 (Luc.
816 3359 893 3427 v.)

286 3452 384 3509 Ubi
414 3454 669 3508 Dominus
699 3452 881 3508 multis
907 3451 1208 3522 impertivit
1238 3450 1382 3506 varia
1424 3465 1621 3523 genera
1663 3452 1807 3506 sani-

208 3558 397 3613 tatum,
430 3557 533 3603 etc.
567 3546 786 3616 Reliqua
806 3547 994 3602 videsis
1029 3548 1169 3615 apud
1196 3554 1428 3601 sanctum
1457 3544 1802 3613 Ambrosium,

202 3638 434 3708 Operam
456 3638 572 3709 ejus
598 3647 732 3692 tomo
755 3636 781 3690 l
791 3636 842 3703 1,
869 3636 1187 3709 Patrologiae
1216 3636 1266 3691 Χ
1280 3636 1344 3705 V,
1370 3637 1470 3690 col.
1496 3635 1657 3692 1653.

727 3725 1013 3783 IIOMILIA
1063 3726 1270 3783 CLXV.

471 3834 525 3875 IN
563 3834 814 3876 DOMINICA
855 3834 928 3874 νιι
968 3833 1098 3875 [ποετ
1139 3833 1544 3875 PENTECOSTEN.

196 3912 315 3986 (Ex
339 3910 497 3968 beato
519 3910 843 3981 Augustino,
879 3911 946 3967 de
979 3914 1241 3967 Sermone
1269 3910 1480 3966 Domini
1510 3911 1564 3965 in
1596 3920 1798 3979 monte,

620 4001 712 4057 lib.
748 4017 807 4069 ll,
835 4015 956 4071 cap.
992 4002 1045 4070 7,
1080 4018 1228 4058 num.
1261 4001 1373 4072 19).

271 4092 345 4149 1η
368 4094 463 4148 illo
496 4103 721 4164 tempore
760 4095 892 4149 dixit
935 4094 1091 4149 Jesus
1127 4096 1396 4165 discipulis
1442 4097 1551 4150 suis
1575 4112 1594 4151 :
1643 4098 1802 4151 Amen

186 4189 323 4245 dico
352 4188 492 4243 vobis
517 4228 534 4255 ,
587 4188 711 4257 quia
750 4188 851 4242 nisi
889 4186 1222 4243 abundaverit
1252 4188 1460 4259 justitia
1500 4199 1662 4243 vestra
1685 4190 1802 4260 plus

182 4298 359 4355 quam
386 4281 668 4335 scribarum
696 4289 743 4334 et
774 4278 1194 4348 Pharisaeorum,
1227 4298 1330 4336 non
1358 4282 1613 4336 intrabitis
1646 4282 1698 4332 in
1722 4297 1802 4336 re-

179 4389 364 4445 gnum
394 4372 635 4426 calorum
659 4414 674 4440 ,
724 4380 829 4427 etc.
859 4370 1074 4443 (Matth.
1115 4372 1193 4441 v.)

268 4466 639 4536 Posteaquam
685 4465 946 4522 Dominus
992 4467 1307 4522 cohortatus
1365 4477 1449 4524 est
1492 4466 1797 4535 audiente.,

180 4571 312 4617 etc.
350 4559 568 4631 Reliqua
601 4560 718 4615 vide
738 4560 878 4631 apud
906 4570 1139 4614 sanctum
1167 4561 1533 4631 Augustinum,
1568 4561 1798 4634 Operam

169 4657 311 4726 ejus
348 4662 485 4706 temo
514 4649 634 4717 111,
671 4650 984 4722 Patrologia:
1012 4650 1282 4718 XXXIV,
1313 4654 1414 4708 col.
1448 4652 1610 4709 125').

725 4766 1012 4823 HUMILIA
1049 4765 1277 4823 CLXVI.

453 4877 501 4916 IN
534 4874 783 4915 DOXINICA
823 4874 923 4914 VIII
970 4874 1099 4915 POS'I'
1135 4875 1543 4915 PENTECOSTEN.

819 4953 922 5025 (Ex
958 4951 1196 5022 eodem.)

256 5048 334 5105 In
357 5049 452 5104 illo
475 5057 699 5119 tempore
755 5060 873 5099 cum
928 5045 1089 5099 multa
1137 5046 1285 5101 turba
1313 5056 1446 5101 esset
1474 5064 1589 5103 cum
1642 5047 1793 5117 Jesu,

152 5159 273 5200 nec
304 5140 552 5195 haberent
583 5138 719 5210 quod
746 5138 1135 5205 manducarent,
1163 5141 1451 5195 convocatis
1500 5142 1793 5210 discipulis,

149 5239 247 5293 ait
286 5236 402 5290 illis
426 5251 444 5288 :
470 5233 718 5289 Misereor
746 5249 899 5304 super
936 5233 1136 5287 turbam
1162 5274 1177 5299 ,
1224 5245 1326 5290 etc.
1356 5234 1547 5307 (Marc.
1583 5239 1721 5309 vm.)

248 5328 618 5383 Altitudinem
650 5326 939 5382 divinitatis
968 5341 1101 5393 suae,
1134 5334 1237 5381 etc.
1276 5326 1489 5397 Reliqua
1518 5330 1628 5382 vide
1656 5332 1795 5401 apud

143 5430 428 5478 sanctum
457 5420 820 5490 Augustinum,
884 5416 1110 5486 Operam
1165 5421 1277 5487 ejus
1334 5429 1466 5473 tomo
1500 5418 1563 5488 V,
1600 5418 1793 5474 Patro-

142 5514 342 5584 logite
364 5509 637 5578 XXXIX,
678 5511 776 5564 col.
814 5509 974 5566 1902.

723 5603 1004 5660 IIOMILIA
1039 5602 1291 5659 CLXVII.

502 5714 555 5754 1N
582 5713 832 5754 DOIINICA
865 5713 917 5751 IX
943 5712 1071 5752 POST
1102 5710 1501 5753 PENTECOSTEN.

182 5797 328 5871 (Ex
393 5794 552 5850 beato
615 5793 930 5861 Augustino,
996 5789 1063 5846 de
1126 5789 1387 5847 Sermone
1448 5793 1659 5851 Domini
1695 5793 1748 5850 iu

480 5891 693 5951 monte,
722 5882 812 5940 lib.
842 5898 908 5950 ιι,
937 5896 1057 5952 cap.
1085 5880 1177 5949 25,
1206 5896 1353 5938 num.
1385 5878 1500 5953 77.)

1910 3368 2043 3423 bona
2070 3368 2256 3438 ipsius.
2306 3364 2559 3433 Qu0tidie
2596 3364 2939 3419 dill‘amamur
2973 3361 3116 3433 apud
3157 3362 3344 3429 Deum,
3371 3363 3495 3433 quia

1910 3458 2078 3530 angeli
2098 3457 2265 3514 nostri
2286 3472 2487 3526 semper
2506 3456 2674 3511 vident
2700 3456 2883 3527 faciem
2901 3452 3076 3510 Patris
3091 3452 3303 3526 (Matth.
3322 3450 3498 3525 xvtu),

1910 3562 1963 3608 ct
1994 3550 2241 3606 nuntiant
2271 3551 2319 3604 ei
2349 3549 2530 3604 omnia
2559 3562 2723 3617 opera
2758 3557 2959 3604 nostra.
3008 3546 3144 3615 Quid
3176 3562 3305 3617 ergo
3337 3546 3498 3601 iacie-

1910 3643 2063 3699 mus?
2089 3642 2185 3699 Ubi
2210 3641 2641 3697 abseondemur?
2664 3639 2744 3694 Illi
2774 3655 2870 3695 nos
2897 3638 3174 3695 dill'amant
3197 3640 3289 3710 qui
3314 3648 3496 3696 nostra

1909 3737 2164 3792 interiora
2198 3735 2397 3791 vident.
2458 3734 2542 3789 Illi
2590 3747 2689 3788 nos
2736 3732 2999 3788 infamant
3037 3734 3130 3803 qui
3170 3734 3317 3788 omni
3361 3733 3495 3789 hora

1908 3848 2006 3888 nos
2051 3834 2327 3887 intuentur
2367 3841 2422 3886 et
2462 3830 2652 3897 Deum.
2712 3831 2989 3886 lntuentur
3019 3832 3197 3887 omnia
3229 3840 3410 3887 nostra
3444 3840 3497 3888 et

1907 3925 2097 3991 Deum,
2136 3924 2256 3995 quia
2290 3933 2473 3980 nostra
2505 3924 2763 3981 intuendo
2796 3925 3043 3980 nuntiant
3076 3925 3207 3982 Deo.
3255 3926 3371 3982 Non
3411 3933 3498 3982 est

1905 4011 2278 4082 obstaculnin,
2328 4030 2433 4069 non
2473 4025 2600 4070 sunt
2639 4014 2873 4071 tenebrae
2904 4015 3097 4085 quibus
3137 4016 3496 4086 impediantur

1906 4112 2089 4167 videre
2130 4112 2311 4168 omnia
2343 4120 2547 4181 nostra,
2582 4112 2705 4183 quia
2741 4112 2982 4168 divinum
3021 4113 3201 4169 lumen
3226 4128 3333 4183 quo
3364 4113 3493 4168 illu-

1907 4207 2218 4273 minantur,
2273 4214 2519 4276 penetrat
2567 4205 2768 4260 omnia.
2830 4206 2966 4273 Quia
3013 4205 3103 4260 lux
3150 4205 3204 4261 in
3256 4205 3494 4262 tenebris

1905 4300 2071 4365 lucet,
2102 4309 2147 4353 et
2174 4313 2275 4353 nos:
2297 4298 2425 4352 sicut
2465 4297 2572 4351 dies
2612 4295 2990 4351 illuminabitur
3012 4294 3185 4365 (Psal.
3208 4294 3493 4367 cxxxvm).

1911 4391 1976 4446 Et
2016 4393 2099 4446 hic
2141 4390 2441 4460 di/famatus
2485 4397 2559 4450 est
2605 4388 2742 4460 apud
2781 4389 2961 4455 illum,
3004 4389 3153 4459 quasi
3195 4388 3494 4459 dissipasset

1906 4488 2039 4541 bona
2068 4486 2253 4557 ipsius.
2301 4485 2431 4550 Quis
2461 4483 2638 4538 omnia
2666 4482 2768 4538 sibi
2799 4480 2995 4537 tradita
3024 4482 3162 4539 bona
3202 4482 3339 4539 bene
3378 4481 3493 4538 dis-

1906 4589 2092 4648 pensat
2135 4579 2187 4632 in
2231 4575 2526 4633 omnibus?
2564 4576 2684 4646 quis
2726 4589 2835 4629 non
2876 4573 3161 4644 aliquando
3188 4573 3490 4631 dormitat?

2094 4689 2400 4753 Quandnque
2425 4688 2580 4738 bonus
2600 4687 2834 4737 dormitat
2851 4687 3100 4738 Homerus

1909 4796 1974 4850 Et
2004 4796 2055 4848 in
2087 4794 2262 4848 multis
2292 4793 2601 4862 offendimus
2631 4809 2804 4848 omnes
2832 4791 2973 4863 (Jac.
3002 4793 3108 4866 ut).
3158 4794 3225 4849 Et
3259 4795 3305 4849 si
3343 4796 3491 4852 dixe-

1901 4891 2063 4943 rimus
2092 4890 2211 4959 quia
2240 4898 2500 4959 peccatum
2532 4904 2635 4942 non
2660 4887 2923 4953 habemus,
2952 4888 3310 4957 nosmetipsos
3336 4889 3488 4943 sedu-

1901 4980 2082 5045 cimus,
2107 4989 2154 5033 et
2181 4979 2361 5034 veritas
2387 4978 2437 5031 in
2464 4978 2608 5033 nobis
2639 4996 2737 5032 non
2765 4976 2904 5048 est(l
2933 4976 3089 5032 Jonu.
3111 4978 3174 5047 1).
3204 4977 3274 5032 Et
3294 4982 3488 5034 vocavit

1898 5070 2064 5137 illum,
2094 5080 2139 5125 et
2163 5072 2233 5124 ait
2266 5071 2345 5124 illi
2370 5085 2388 5126 :
2425 5071 2561 5137 Quid
2595 5071 2687 5123 hoc
2712 5070 2865 5124 audio
2893 5070 2955 5123 de
2986 5072 3078 5123 te?
3112 5070 3358 5136 Quotidie
3386 5087 3484 5127 nos

1898 5171 2054 5215 vocat
2079 5161 2335 5215 Dominus
2358 5176 2374 5213 :
2406 5160 2602 5226 Venite,
2628 5159 2746 5227 ﬁlii,
2768 5159 2941 5213 audite
2969 5175 3047 5212 me
3070 5157 3243 5230 (Psal.
3271 5162 3483 5234 χχχιιι),

1906 5252 2086 5308 Venite
2136 5254 2202 5307 ad
2256 5271 2332 5307 me
2385 5270 2557 5306 omnes
2605 5253 2692 5322 qui
2744 5251 2987 5306 laboratis
3034 5262 3081 5307 et
3128 5256 3320 5309 onerati
3366 5258 3483 5312 estis

1898 5342 2114 5416 (Matth.
2145 5346 2242 5413 χι).
2288 5343 2391 5396 Et:
2436 5343 2478 5395 Ο
2513 5342 2625 5407 viri,
2668 5345 2734 5395 ad
2772 5358 2859 5397 vos
2887 5342 3116 5412 clamito,
3156 5353 3202 5399 et
3241 5362 3337 5401 vos:
3374 5364 3482 5402 mea

1896 5438 1965 5491 ad
1990 5437 2124 5506 filios
2152 5436 2415 5505 hominum
2444 5433 2624 5505 (Prov.
2654 5435 2791 5506 vrtt).
2837 5435 3088 5503 Quotidie
3116 5438 3350 5509 loquitur
3380 5455 3480 5494 no-

1901 5528 2003 5583 bis.
2040 5527 2299 5596 Loquitur
2329 5543 2421 5597 per
2462 5528 2774 5596 prophetas,
2805 5527 3040 5595 loquitur
3069 5544 3162 5599 per
3185 5532 3474 5603 apostolos,

1898 5621 2133 5691 [equitur
2164 5636 2257 5690 per
2285 5620 2520 5688 seipsum
2566 5621 2617 5672 in
2662 5619 2971 5688 Evangelio,
3001 5620 3231 5690 loquitur
3256 5638 3350 5692 per
3378 5625 3473 5680 do-

1894 5725 2096 5783 ctores,
2127 5714 2360 5784 loquitur
2383 5714 2434 5768 in
2458 5713 2803 5769 conscientia.
2840 5714 2978 5778 Quid
3004 5713 3101 5769 hoc
3124 5715 3281 5769 audio
3303 5719 3368 5771 de
3389 5719 3479 5774 te?

1895 5814 2144 5882 Increpat
2173 5811 2313 5866 male
2342 5810 2660 5881 cogitantes,
2706 5811 2944 5881 increpat
2986 5811 3124 5869 male
3164 5812 3472 5885 loquentes,

1892 5907 2132 5975 increpat
2184 5918 2347 5975 prave
2396 5912 2651 5973 agentes,
2724 5903 2963 5973 increpat
3013 5905 3155 5961 male
3207 5907 3465 5969 viventes.
