3972 6340
430 380 554 453 1571

1289 394 1491 456 PAULI
1528 394 1798 452 DlACONl
1838 393 1988 449 OPP.
2030 386 2203 449 PARS
2243 392 2305 449 ll.
2346 426 2415 437 —
2451 390 2800 450 ASCE’I‘ICA.

3524 391 3667 450 I379

426 506 564 576 Quid
604 507 696 563 liae
737 508 890 563 audio
926 506 988 564 de
1028 510 1120 565 te?
1167 510 1339 565 Redde
1371 513 1615 564 rationem
1659 509 1988 563 rillicationis
2016 511 2065 571 Α
2093 506 2259 561 dixit:
2291 506 2503 562 Centum
2533 507 2687 560 cados
2715 505 2837 561 olei.
2876 492 3226 560 Communem
3257 488 3528 559 contineri)
3574 503 3663 558 ltu-

421 606 541 653 tuw.
592 600 721 667 Quia
765 601 828 653 de
867 603 1003 653 omni
1032 603 1175 655 verbo
1214 603 1377 656 otioso
1420 604 1554 672 quod
1600 605 1754 658 locuti
1802 606 1988 673 fuerint

420 693 667 762 homines,
698 696 908 748 reddent
938 697 1180 749 rationem
1211 684 1271 749 de
1301 712 1354 750 eo
1384 697 1434 748 in
1462 696 1543 749 die
1570 698 1747 761 iudicii
1770 699 1986 771 (Matth.

374 844 383 853 ,
421 784 543 852 xu).
581 783 752 837 Redde
775 784 1017 837 rationem
1040 784 1360 840 t-illicationis
1384 796 1511 850 tum;
1541 788 1662 856 quid
1696 804 1821 858 agas
1851 789 1990 856 apud

420 880 491 939 te,
539 873 667 942 quid
717 872 854 943 apud
904 876 1226 945 proximum,
1281 876 1401 947 quid
1454 883 1651 947 cogites
1702 883 1751 933 in
1804 884 1985 950 corde,

418 963 574 1033 quale
624 965 863 1034 proferas
913 968 1169 1033 verbum,
1221 968 1348 1039 quid
1400 971 1581 1023 auditu
1631 971 1888 1040 delectet,
1937 982 1992 1029 et

415 1058 499 1112 cui
528 1057 715 1128 inflgas
746 1060 979 1114 oculum.
1032 1059 1208 1115 Redde
1237 1063 1482 1116 rationem
1510 1064 1833 1119 villicationis
1864 1074 1985 1119 tum.

416 1147 561 1203 Bona
611 1165 724 1204 mea
772 1151 1023 1221 dissipas,
1079 1152 1228 1206 bonis
1276 1155 1407 1208 meis
1456 1155 1591 1209 male
1633 1156 1817 1225 uteris,
1854 1157 1986 1213 bona

415 1257 530 1296 mea
563 1244 655 1297 das
684 1246 973 1300 extraneis.
1008 1245 1174 1307 Voce,
1200 1256 1251 1300 et
1282 1264 1386 1301 non
1414 1250 1703 1317 respondes
1729 1267 1741 1301 :
1774 1251 1989 1320 porrigo

412 1347 649 1400 manum,
681 1344 732 1389 et
764 1351 864 1390 non
896 1336 1135 1406 respicis.
1176 1334 1347 1391 Redde
1376 1338 1621 1391 rationem
1656 1339 1987 1393 villicationis

413 1435 532 1480 tute.
569 1424 685 1480 .lnm
716 1427 845 1481 enim
876 1444 975 1483 non
1002 1431 1187 1499 poteris
1217 1430 1461 1485 rillicare.
1499 1430 1575 1483 Ad
1610 1429 1766 1485 linem
1799 1446 1987 1501 perve-

413 1518 553 1583 nisti,
596 1526 801 1587 tempus
840 1530 919 1573 est
954 1518 1138 1589 judicii
1172 1531 1223 1576 et
1255 1519 1475 1576 rationis
1504 1521 1805 1577 reddendae.
1861 1522 1982 1577 1am

411 1618 509 1663 non
539 1611 725 1678 poteris
755 1611 1000 1665 villicare.
1054 1612 1171 1666 Cito
1214 1612 1338 1667 hinc
1378 1612 1641 1680 abiturus,
1686 1615 1793 1668 cito
1825 1621 1987 1669 mori-

410 1711 560 1756 turus
590 1717 669 1767 es,
713 1705 818 1770 iam
848 1721 947 1758 non
975 1706 1163 1774 poteris
1193 1705 1439 1762 tiillicare.
1492 1707 1617 1761 Post
1662 1705 1799 1761 hanc
1841 1709 1984 1763 enim

409 1792 569 1847 vitam
602 1807 704 1848 non
736 1804 817 1848 est
842 1793 1123 1850 villicatio.
1163 1793 1260 1850 Hic
1286 1796 1569 1851 villicando
1596 1799 1877 1859 servimus.
1915 1799 1984 1854 ibi

2092 599 2278 653 bemus
2298 599 2386 667 qui
2414 613 2575 652 unum
2607 597 2771 650 Deum
2800 595 3051 661 colimus,
3077 595 3163 650 cui
3187 608 3377 649 omnes
3404 594 3667 650 debemus

2090 689 2343 760 quidquid
2394 689 2518 743 boui
2569 701 2870 757 possumus.
2921 684 3029 743 Sed
3080 687 3203 757 quia
3254 699 3444 740 omnes
3499 684 3663 739 villici

2089 794 2292 848 sumus,
2342 781 2406 835 de
2448 781 2567 850 jure
2611 778 2951 835 villicatiouis
2993 787 3191 835 nostra
3219 776 3523 833 debitorum
3556 776 3666 831 Do-

2091 875 2218 929 mini
2252 889 2373 944 pars
2401 874 2467 928 ad
2498 889 2593 931 nos
2623 876 2871 943 refertur,
2901 884 2956 929 ut
2986 890 3089 929 non
3121 874 3294 929 solum
3325 872 3667 929 inveniamur

2089 964 2357 1020 debitores
2390 966 2513 1031 Dei,
2555 966 2649 1020 sed
2678 967 2839 1020 etiam
2873 964 3097 1020 invicem
3130 965 3319 1020 nostri.
3370 963 3488 1019 Non
3517 965 3665 1018 enim

2089 1059 2261 1113 solum
2289 1059 2541 1128 jubemur
2569 1059 2799 1129 diligere
2831 1058 2993 1113 Deum
3020 1097 3034 1121 ,
3087 1057 3181 1113 sed
3232 1069 3284 1111 et
3334 1057 3663 1126 proximum.

2092 1152 2364 1208 Debitores
2395 1168 2520 1220 ergo
2546 1167 2733 1207 sumus
2764 1152 2854 1207 Dei
2880 1190 2895 1215 ,
2946 1151 3217 1206 debitores
3243 1165 3426 1205 sumus
3454 1156 3511 1204 et
3540 1163 3665 1217 pro-

2088 1246 2252 1312 ximi;
2305 1246 2413 1300 Deo
2444 1255 2620 1300 tamen
2664 1253 2833 1298 totum
2867 1243 3126 1298 debemus
3151 1242 3310 1297 etiam
3342 1241 3394 1296 id
3424 1240 3565 1306 quod
3596 1240 3665 1294 ad

2091 1337 2385 1404 proximum
2416 1335 2718 1401 referimus,
2749 1344 2806 1401 ut
2836 1334 3090 1406 quidquid
3116 1335 3395 1397 debemus,
3430 1333 3539 1387 Deo
3569 1332 3665 1386 de-

2087 1429 2326 1484 beamus.
2377 1428 2641 1485 Habemus
2669 1438 2847 1484 autem
2880 1429 3177 1494 spiritualia
3208 1428 3369 1490 bona,
3403 1425 3667 1480 habemus

2087 1530 2141 1576 et
2166 1520 2483 1589 corporalia.
2517 1518 2847 1589 Spiritualia,
2882 1528 2935 1573 ut
2968 1520 3148 1585 (idem,
3169 1517 3452 1588 justitiam,
3483 1517 3663 1570 chari-

2089 1620 2251 1667 tatem
2297 1622 2349 1667 et
2392 1623 2584 1667 caetera
2612 1655 2625 1679 ,
2676 1626 2793 1682 qua)
2843 1612 2952 1666 Deo
2998 1610 3257 1665 debemus
3300 1618 3355 1665 et
3398 1608 3661 1679 proximo.

2088 1706 2417 1773 Corporalia,
2469 1715 2526 1758 ut
2570 1720 2780 1772 aurum,
2823 1713 3125 1773 argentum,
3173 1700 3429 1765 triticum,
3456 1700 3660 1761 vinum,

2088 1806 2142 1852 et
2169 1806 2384 1860 caetera,
2415 1797 2556 1851 unde
2585 1796 2692 1851 Deo
2721 1797 3002 1863 servimus,
3031 1804 3086 1849 et
3114 1794 3415 1864 proximum
3443 1791 3665 1860 adjuva-

408 1886 795 1955 requiescendo
847 1888 1148 1942 mercedem
1200 1890 1459 1958 capimus.
1517 1890 1610 1943 llic
1661 1891 1982 1960 acquirimns
2014 1883 2058 1943 Β
2088 1906 2227 1945 mus.
2276 1890 2413 1958 Quid
2460 1889 2649 1944 melius
2698 1903 2792 1959 per
2838 1890 3012 1943 oleum
3046 1901 3327 1957 possumus
3363 1886 3667 1955 intelligere

406 1979 547 2048 quod
586 1979 653 2033 ibi
694 1978 1081 2048 possideamus.
1126 1980 1220 2035 llic
1252 1981 1422 2047 labor,
1457 1982 1526 2035 ibi
1562 1984 1858 2051 prarmium.
1901 1985 1983 2039 Ait

407 2079 570 2123 autem
610 2070 810 2125 villicus
843 2071 979 2125 intra
1016 2087 1109 2126 se:
1155 2072 1292 2136 Quid
1323 2074 1543 2141 faciam,
1584 2075 1701 2142 quia
1734 2074 1984 2129 Dominus

405 2179 545 2217 meus
591 2163 756 2233 aufert
803 2180 833 2217 a
877 2180 958 2219 me
1000 2165 1405 2219 villicutt'onem?
1452 2164 1595 2220 Felix
1638 2166 1723 2235 qui
1765 2168 1831 2221 de
1879 2170 1983 2223 fine

405 2253 622 2324 cogitat,
653 2252 777 2310 felix
809 2256 896 2325 qui
922 2255 1156 2327 quotidie
1184 2259 1380 2326 cogitat
1409 2272 1468 2311 se
1496 2258 1833 2321 moriturum,
1859 2260 1981 2329 quia

402 2347 585 2402 melior
609 2348 819 2417 estﬁnis
840 2350 1083 2402 orationis
1111 2366 1263 2418 quam
1288 2350 1598 2419 principium
1628 2350 1825 2419 (Eccle.
1860 2353 1979 2422 VII).

407 2437 476 2492 Et
505 2438 672 2491 sancti
704 2437 829 2491 dum
862 2437 1118 2491 finiuntur
1148 2439 1199 2492 in
1234 2440 1454 2506 saeculo,
1506 2440 1637 2493 fiunt
1679 2441 1732 2495 in
1776 2442 1981 2497 caelesti

405 2530 534 2585 sede
564 2531 831 2600 perpetui,
860 2532 1049 2600 quibus
1080 2531 1198 2587 finis
1230 2532 1350 2587 vitm
1382 2533 1587 2589 vivendi
1617 2535 1824 2590 initium
1854 2552 1982 2592 con-

403 2618 522 2675 fert.
566 2622 702 2686 Quid
731 2623 960 2693 faciam?
993 2624 1271 2691 Quomodo
1298 2625 1362 2678 de
1390 2626 1529 2682 male
1559 2627 1863 2696 dispensata
1891 2628 1983 2683 vil-

403 2710 654 2767 licatione
680 2714 901 2768 evadam
925 2715 947 2768 ‘t
996 2713 1193 2770 Fodere
1220 2731 1320 2771 non
1350 2716 1515 2773 valeo.
1573 2718 1857 2788 Postquam
1886 2721 1980 2775 de-

401 2801 525 2858 fecit
558 2804 714 2874 hujus
740 2805 861 2860 vitae
888 2805 1166 2877 villieatio,
1202 2824 1306 2863 non
1338 2811 1658 2880 relinquitur
1687 2815 1829 2867 actio
1858 2823 1981 2883 post.

402 2898 542 2952 banc
571 2895 734 2953 vitam
780 2914 874 2968 pro
903 2916 1004 2970 qua
1048 2915 1355 2958 mereamur
1384 2916 1637 2959 teternam
1672 2908 1854 2960 vitam.
1905 2907 1977 2961 lbi

397 2987 504 3059 jam
534 3006 635 3044 non
666 2992 808 3049 valeo
840 2994 1033 3063 fodere,
1070 2995 1191 3063 quia
1238 2996 1307 3051 ibi
1355 3013 1460 3052 non
1493 3009 1573 3052 est
1607 3014 1866 3068 pauperes
1894 3014 1979 3055 re-

401 3094 605 3148 creare,
631 3082 871 3139 infirmos
895 3086 1134 3151 visitare,
1164 3087 1359 3156 vigiliis
1383 3090 1547 3143 sacris
1575 3098 1627 3144 et
1648 3091 1978 3146 orationibus

400 3172 666 3230 insistere.
701 3176 836 3243 Quid
868 3184 951 3233 est
975 3178 1114 3234 enim
1148 3181 1287 3234 aliud
1318 3182 1512 3252 fodere,
1540 3182 1638 3236 nisi
1670 3193 1975 3240 sanctarum

2089 1996 2246 2052 quam
2285 1981 2607 2051 spiritualia,
2638 1981 2780 2050 quod
2832 1982 3002 2036 rarius
3032 1989 3116 2035 est
3157 1990 3213 2035 et
3260 1980 3430 2036 levius
3458 1979 3667 2035 triticea

2085 2073 2386 2136 soliditate,
2435 2081 2491 2128 et
2522 2074 2699 2128 lumen
2730 2073 2874 2127 fovet
2921 2082 2976 2127 et
3022 2072 3199 2127 cultus
3229 2072 3507 2138 virtutum,
3540 2070 3666 2126 illu-

2085 2163 2253 2218 minat
2294 2174 2527 2220 mentem
2558 2165 2623 2218 ad
2655 2164 2968 2220 intuendam
3001 2164 3315 2229 veritatem,
3355 2172 3410 2218 et
3448 2172 3667 2232 praestat

2086 2255 2332 2310 omnibus
2376 2256 2617 2325 liquidis,
2650 2264 2707 2309 ut
2736 2256 3035 2324 spiritualia
3066 2253 3476 2323 corporalibus?
3522 2253 3662 2323 Quid

2085 2359 2181 2415 per
2210 2346 2466 2413 triticum,
2497 2346 2596 2399 nisi
2626 2345 2965 2413 corporalia?
3005 2345 3278 2414 Siquidem
3308 2360 3402 2415 per
3428 2345 3666 2415 speciem

2084 2448 2228 2502 saepe
2254 2449 2422 2504 genus
2453 2434 2788 2504 intelligitur.
2836 2435 3057 2491 Villicus
3086 2446 3264 2491 autem
3298 2437 3528 2504 primum
3556 2435 3665 2491 de-

2087 2522 2248 2577 bitori
2281 2524 2515 2592 loquitur
2544 2524 2671 2589 olei,
2704 2525 2826 2593 quia
2857 2526 3031 2595 priora
3060 2535 3185 2580 sunt
3215 2526 3517 2595 spiritualia
3544 2541 3665 2581 cor-

2084 2614 2378 2683 poralibus.
2428 2613 2530 2682 Qui
2561 2615 2721 2670 debet
2749 2625 2961 2670 centum
2990 2616 3151 2671 cados
3178 2617 3307 2686 olei,
3347 2616 3468 2687 quia
3501 2616 3665 2671 debet

2083 2707 2195 2762 Deo
2223 2707 2479 2777 quidquid
2508 2708 2801 2777 Spiritualis
2833 2710 2996 2765 habet
3026 2711 3170 2765 boni.
3223 2710 3313 2767 Sic
3349 2712 3498 2766 enim
3539 2720 3665 2766 sunt
3732 2724 3735 2725 '

2081 2802 2187 2856 olei
2216 2802 2332 2856 cadi
2361 2803 2561 2871 plures,
2591 2804 2730 2856 sicut
2753 2803 3047 2873 spiritualis
3072 2803 3198 2858 boni
3226 2803 3408 2858 multa:
3432 2787 3661 2873 species.

2092 2893 2191 2947 Vas
2220 2894 2365 2948 enim
2395 2894 2497 2947 olei
2530 2895 2930 2959 centenarium,
2970 2896 3176 2963 species
3201 2894 3446 2964 designat
3474 2908 3664 2949 omnes

2081 2986 2443 3056 spiritualium
2486 2985 2770 3040 bonorum.
2823 2986 2953 3040 Nam
2984 2995 3039 3043 et
3064 2988 3406 3043 centenarius
3437 2989 3663 3058 plenitu-

2082 3080 2261 3135 dinem
2296 3095 2438 3149 saepe
2483 3079 2784 3149 signiﬁcat,
2830 3089 2886 3135 et
2930 3081 3111 3137 (initus
3149 3094 3294 3151 sape
3323 3082 3541 3151 ponitur
3568 3096 3665 3151 pro

2082 3174 2313 3230 infinito.
2368 3173 2539 3228 Debet
2567 3187 2696 3243 ergo
2726 3182 2939 3228 centum
2970 3174 3135 3229 cados
3164 3173 3268 3228 olei
3295 3215 3312 3242 ,
3363 3173 3457 3243 qui
3504 3174 3664 3230 debet

398 3266 668 3320 exercitiis
699 3268 969 3324 actionum
1003 3283 1197 3326 terram
1243 3275 1435 3328 mentis
1466 3283 1518 3329 et
1545 3277 1784 3345 corporis
1810 3293 1974 3332 exco-

2085 3266 2194 3321 Deo
2222 3265 2602 3335 perfectionem
2632 3265 2927 3336 spiritualis
2958 3266 3104 3321 boni.
3149 3266 3255 3322 Sed
3287 3266 3514 3323 multum
3544 3280 3664 3337 per-

400 3354 558 3411 lcre?
607 3356 831 3412 Terram
863 3359 1130 3429 fodimus,
1184 3377 1304 3417 cum
1351 3380 1377 3417 a
1426 3365 1578 3421 nobis
1619 3370 1977 3437 esstirpamus

402 3444 567 3512 vitia,
615 3459 668 3501 et
696 3451 920 3505 virtutes
963 3454 1265 3508 inserimus.
1317 3456 1465 3523 Quod
1498 3456 1614 3513 fieri
1658 3476 1759 3514 non
1805 3470 1977 3531 potest

399 3548 519 3605 post
561 3537 697 3593 hanc
737 3541 898 3597 vitam
924 3585 939 3610 ,
992 3546 1113 3614 quia
1162 3557 1365 3618 tempus
1398 3550 1524 3605 illud
1557 3568 1660 3605 non
1692 3563 1773 3609 est
1803 3557 1974 3624 pinni-

400 3631 580 3687 tentire
612 3645 825 3703 aptum,
872 3639 965 3693 Sed
1005 3643 1338 3696 retributioni
1372 3643 1626 3699 honorum
1657 3648 1769 3703 sive
1802 3650 1974 3702 malo-

402 3739 520 3779 rum
551 3740 795 3796 operum.
850 3728 1143 3786 Mendicare
1171 3734 1426 3789 erubesco.
1481 3735 1558 3790 Ne
1601 3737 1728 3791 mibi
1772 3738 1978 3795 dicatur

399 3819 539 3887 quod
576 3819 731 3876 fatuis
759 3823 1048 3892 virginibus
1077 3825 1278 3881 dictum
1309 3838 1391 3883 est
1417 3845 1430 3883 :
1478 3828 1555 3883 Ne
1584 3832 1715 3900 forte
1744 3849 1842 3886 non
1869 3839 1980 3905 suf-

401 3910 539 3978 ﬁciat
575 3914 715 3967 nobis
755 3924 802 3968 et
840 3918 997 3981 vobis,
1029 3919 1095 3971 ite
1124 3920 1290 3989 potius
1319 3922 1386 3972 ad
1415 3923 1702 3989 uendentes,
1744 3935 1792 3977 et
1829 3927 1980 3980 emite

400 4006 532 4058 rubis
558 4004 770 4073 (Matth.
802 4009 947 4081 xxv).
997 4011 1089 4064 Est
1122 4013 1445 4067 mendicatio
1474 4016 1631 4081 bona,
1663 4026 1745 4071 est
1774 4020 1980 4073 ruendi-

400 4098 540 4153 catio
585 4101 746 4155 mala.
803 4101 1125 4157 Mendicatio
1173 4105 1305 4159 bona
1355 4106 1460 4162 bic.
1518 4108 1612 4162 Hic
1655 4110 1797 4163 enim
1844 4111 1980 4165 bene

399 4189 764 4246 mendicamus
795 4207 821 4245 a
854 4192 1165 4250 doctoribus
1194 4198 1507 4265 sapientiam
1552 4210 1605 4253 et
1641 4200 1975 4274 doctrinam;

398 4293 426 4331 a
458 4282 660 4335 sanctis
691 4284 1058 4339 mendicamus
1091 4286 1141 4339 in
1172 4286 1365 4341 Iitaniis
1395 4300 1451 4342 ut
1481 4301 1636 4344 orent
1670 4306 1764 4357 pro
1797 4292 1974 4347 nobis.

399 4368 453 4424 In
488 4372 585 4425 alia
616 4372 722 4428 vita
754 4376 1077 4430 mendicatio
1106 4380 1491 4436 erubescenda.
1543 4382 1670 4449 Quis
1701 4384 1841 4437 enim
1870 4399 1978 4439 non

399 4461 682 4516 erubescat
704 4463 885 4519 dicere
911 4482 921 4517 :
961 4464 1091 4521 Date
1119 4471 1260 4522 nobis
1287 4471 1350 4523 de
1373 4474 1483 4526 oleo
1505 4485 1687 4542 vestro,
1710 4477 1828 4543 quin
1853 4478 1981 4530 lunt-

398 4551 555 4619 partes
577 4560 765 4607 nostra
781 4556 1170 4626 exstinguuntur
1184 4558 1393 4630 (Ibid.).
1423 4565 1543 4618 Ideo
1560 4570 1847 4621 mendicare
1861 4585 1978 4622 eru-

2081 3356 2214 3412 tinet
2242 3356 2486 3427 proximo
2535 3357 2601 3412 de
2652 3356 2756 3413 hoc
2801 3356 2942 3427 quod
2990 3357 3215 3413 debetur
3256 3357 3387 3412 Deo.
3439 3356 3659 3411 Multum

2079 3448 2223 3502 enim
2252 3447 2596 3517 oﬂendimus,
2623 3448 2725 3504 nisi
2758 3449 2938 3518 fidem,
2966 3449 3229 3519 justitiam
3256 3458 3313 3505 et
3338 3449 3656 3505 charitatcm

2080 3540 2326 3609 proximo
2353 3540 2662 3595 reddamus.
2699 3542 2831 3596 Cum
2862 3542 3021 3612 igitur
3045 3542 3112 3597 de
3140 3553 3355 3599 centum
3383 3543 3528 3598 cadis
3556 3544 3663 3599 olei

2079 3632 2287 3687 villicus
2312 3634 2693 3703 quinquaginta
2720 3636 2883 3689 scribi
2908 3636 3084 3705 jubet,
3104 3636 3246 3706 quod
3269 3637 3499 3692 debetur
3527 3635 3655 3704 Deo,

2079 3724 2427 3779 confirmatur
2462 3727 2684 3795 scripto,
2733 3726 2855 3796 quia
2911 3742 3019 3783 non
3057 3728 3345 3784 dimittitur
3374 3729 3517 3799 quod
3562 3730 3659 3784 sibi

2080 3816 2343 3872 debetur:
2392 3832 2495 3873 non
2524 3819 2675 3888 jubet
2703 3820 2891 3888 scribi,
2921 3822 3041 3890 quia
3075 3822 3382 3879 dimittitur.
3438 3823 3662 3880 Dimittit

2080 3907 2221 3975 quod
2249 3922 2402 3961 suum
2433 3917 2535 3975 est,
2570 3909 2827 3980 relinquit
2855 3912 2996 3978 quod
3028 3912 3123 3967 Dei
3150 3923 3254 3969 est.
3288 3913 3363 3970 De
3392 3915 3496 3970 hoc
3518 3915 3661 3985 quod

2081 3998 2183 4052 sibi
2240 3999 2467 4055 debetur
2518 4004 2672 4057 venia
2726 4002 2855 4058 facit
2904 4019 3195 4072 securum;
3245 4005 3315 4061 de
3363 4006 3466 4062 hoc
3521 4007 3659 4076 quod

2081 4091 2305 4145 debetur
2337 4091 2446 4148 Deo
2477 4096 2677 4165 scripto
2708 4096 2831 4151 facit
2859 4098 3168 4154 sollicitum.
3202 4099 3352 4156 Unde
3376 4103 3656 4172 sequitur:

2079 4181 2231 4238 Dixit
2267 4185 2390 4240 illi:
2431 4187 2612 4257 Accipe
2647 4190 2934 4245 cautionem
2972 4202 3139 4258 tuam,
3181 4202 3233 4247 et
3270 4195 3390 4248 sede
3421 4197 3561 4263 cito,
3608 4206 3659 4252 et

2079 4276 2240 4329 scribe
2265 4278 2655 4349 quinquaginta.
2688 4282 2766 4335 Ac
2793 4282 2839 4336 si
2866 4292 3052 4351 aperte
3080 4282 3279 4339 diceret
3304 4302 3318 4339 :
3348 4285 3503 4352 Quod
3534 4288 3658 4342 mihi

2081 4367 2269 4434 debes,
2297 4371 2510 4426 dimitto
2543 4374 2670 4439 tibi;
2725 4374 2863 4441 quod
2907 4375 3072 4431 debes
3108 4375 3242 4444 Deo,
3272 4381 3536 4435 cautelam
3566 4397 3655 4436 as-

2081 4473 2253 4516 sume.
2294 4463 2362 4516 Et
2383 4464 2471 4532 qui
2498 4466 2762 4534 superbus
2787 4475 2918 4537 stas,
2948 4469 3073 4525 sede
3095 4470 3220 4538 cito,
3252 4480 3306 4526 et
3335 4471 3655 4530 humiliore:

2083 4562 2138 4607 et
2187 4554 2327 4623 quod
2360 4556 2510 4624 parvi
2545 4558 2855 4626 pandebas,
2902 4562 2985 4615 vel
3034 4561 3304 4619 oblivione
3348 4578 3446 4634 pro
3492 4567 3661 4622 nihilo

402 4640 566 4693 besco.
600 4640 739 4697 Vere
770 4644 1096 4700 mendicatio
1126 4651 1514 4718 erubescenda,
1543 4654 1628 4709 ubi
1663 4657 1793 4711 nihil
1825 4673 1977 4712 recu-
2003 4616 2060 4677 Ῑ)
2084 4649 2339 4713 ducebas.
2373 4650 2548 4706 scribe
2581 4652 2630 4705 in
2664 4650 2861 4707 tabulis
2890 4655 3088 4722 cordist.
3129 4665 3181 4710 et
3215 4659 3474 4714 memoria
3517 4671 3658 4727 lene.

400 4746 638 4806 petatur,
683 4748 736 4792 et
782 4748 993 4809 egestas
1021 4743 1256 4799 omnium
1288 4748 1545 4802 bonorum
1595 4761 1846 4818 perpetua
1879 4767 1974 4807 co-

400 4829 637 4885 mitatur.
694 4830 818 4886 Ideo
848 4833 1136 4888 mendicare
1163 4839 1421 4893 erubesco.
1478 4840 1552 4893 lbi
1605 4857 1707 4895 nun
1761 4844 1979 4909 prodest

401 4920 560 4975 alieni
588 4922 713 4976 boui
739 4924 1060 4981 mendicatio
1086 4928 1170 4982 ubi
1197 4930 1375 4985 deficit
1396 4947 1554 4987 omne
1578 4934 1772 4987 bonum
1797 4950 1973 4989 suum.

400 5012 511 5069 Nec
551 5023 727 5083 potest
766 5018 833 5071 ab
865 5019 968 5072 alio
997 5021 1276 5089 quisquam
1319 5033 1635 5090 exspectare
1676 5025 1815 5093 quod
1863 5027 1976 5096 ipse

403 5118 506 5156 non
537 5106 823 5171 meruerit,
867 5122 985 5161 cum
1027 5110 1309 5180 unicuique
1338 5111 1424 5164 vix
1460 5126 1554 5165 sua
1584 5111 1884 5181 sufficiant,
1935 5126 1982 5169 et

403 5203 568 5264 justus
596 5196 681 5249 vix
708 5197 984 5250 salvubitur
1007 5198 1057 5269 (1
1093 5198 1233 5253 Pe'r.
1260 5202 1356 5269 tv).
1392 5201 1514 5255 Ideo
1544 5203 1831 5256 mendicare
1859 5220 1980 5256 eru-

403 5285 565 5339 besco.
615 5283 737 5340 Scio
767 5287 889 5355 quid
920 5290 1130 5357 faciant,
1163 5300 1214 5343 ut
1244 5308 1356 5344 cum
1386 5304 1582 5346 amotus
1608 5297 1753 5364 fuero
1784 5311 1814 5347 a
1842 5296 1981 5350 villi-

404 5379 618 5441 catione,
644 5381 890 5447 recipiant
914 5398 990 5434 me
1012 5387 1062 5435 in
1086 5384 1259 5437 domos
1282 5402 1419 5439 suas.
1450 5386 1677 5441 Salubre
1699 5390 1981 5444 consilium

406 5471 603 5535 reperit
632 5468 696 5523 ad
728 5472 886 5524 tinem
923 5472 1013 5539 qui
1051 5473 1189 5526 male
1225 5473 1550 5543 diSpensavit
1583 5479 1981 5547 villicationem,

406 5562 609 5615 scilicet
643 5570 697 5615 nt
728 5562 879 5617 daret
908 5579 1071 5632 pauca
1100 5608 1113 5632 ,
1170 5576 1479 5635 recepturus
1514 5569 1656 5637 plura
1685 5610 1700 5636 ,
1751 5580 1801 5625 et
1844 5572 1980 5627 reci-

408 5663 622 5721 peretur
648 5655 701 5708 itt
739 5657 925 5712 domos
977 5658 1232 5727 aliorum,
1286 5662 1367 5713 cui
1401 5663 1608 5730 propria
1640 5662 1978 5722 deficiebant.

407 5742 704 5800 Convocatis
757 5749 930 5821 itaque
982 5752 1196 5821 singulis
1246 5754 1552 5808 debitoribus
1602 5755 1808 5811 Domini
1858 5760 1978 5826 sui,

409 5834 605 5889 dicebat
629 5840 797 5901 primo
823 5861 834 5896 :
871 5843 1125 5907 Quantum
1153 5844 1297 5899 debes
1330 5844 1548 5900 Domino
1580 5850 1733 5901 meo?
1781 5849 1843 5906 At
1893 5852 1981 5905 ille

2086 4748 2145 4793 ut
2186 4739 2492 4808 frequenter
2524 4742 2784 4810 pmniteas
2818 4755 2873 4799 et
2900 4746 3123 4813 espies,
3174 4747 3345 4804 donec
3388 4758 3443 4805 et
3487 4751 3659 4821 ipsum

2085 4829 2382 4885 dimittatur
2414 4832 2526 4885 tibi.
2581 4832 2715 4888 Sede
2742 4835 2862 4902 cito,
2906 4836 2957 4890 id
2989 4845 3101 4902 est,
3142 4853 3208 4893 ne
3237 4839 3452 4895 ditl'eras
3481 4842 3550 4897 de
3576 4843 3663 4898 die

2086 4924 2138 4978 in
2167 4924 2333 4979 diem.
2377 4926 2552 4980 Scribe
2579 4928 2966 4998 quinquaginta.
3022 4929 3287 4987 Numerus
3332 4936 3662 5000 paenitentiae

2086 5022 2142 5069 et
2170 5015 2519 5070 remissionis.
2560 5018 2711 5071 Unde
2758 5029 2813 5072 et
2859 5035 3029 5075 annus
3059 5024 3530 5094 quinquagesimus
3574 5043 3660 5081 re-

2084 5106 2374 5172 missionis,
2404 5116 2452 5160 et
2493 5109 2728 5174 psalmus
2759 5110 3225 5180 quinquagesimus
3253 5108 3661 5183 pmnitentialis.

2085 5196 2472 5266 Quinquaginta
2499 5214 2627 5267 ergo
2651 5200 2976 5267 scribuntur,
3003 5213 3054 5257 et
3076 5204 3452 5276 quinquaginta
3476 5207 3660 5261 dimit-

2086 5301 2287 5343 tuntur.
2338 5291 2539 5345 Similis
2572 5307 2826 5347 numerus
2857 5293 3082 5348 similem
3111 5296 3373 5366 signiﬁcat
3401 5298 3655 5352 offensio-

2086 5396 2206 5437 nem
2249 5382 2300 5436 in
2344 5384 2508 5438 Deum
2542 5395 2595 5439 et
2624 5386 2915 5441 hominem.
2969 5386 3120 5441 Unde
3152 5387 3410 5443 Dominus
3443 5390 3573 5444 dicit
3607 5389 3657 5443 in

2088 5475 2416 5545 Evangelio;
2468 5479 2663 5550 Diliges
2715 5480 2987 5536 Dominum
3038 5482 3204 5536 Deum
3254 5493 3398 5537 tuum
3444 5502 3511 5539 ea:
3556 5496 3656 5540 toto

2087 5569 2237 5623 corde
2261 5579 2368 5637 tuo,
2400 5579 2444 5625 et
2472 5585 2536 5625 ex
2566 5581 2667 5626 tota
2696 5573 2865 5625 aninta
2898 5583 3008 5640 tua,
3037 5583 3085 5628 et
3112 5589 3178 5629 ex
3209 5584 3313 5628 tota
3344 5585 3511 5630 mente
3535 5586 3660 5641 tua;

2086 5663 2181 5717 hoc
2226 5672 2297 5717 est
2347 5665 2565 5733 primum
2611 5677 2657 5720 et
2702 5682 2947 5735 magnum
2994 5668 3309 5723 mandatum.
3366 5669 3659 5724 Secundum

2085 5765 2251 5809 autem
2287 5757 2452 5810 simile
2491 5769 2561 5812 est
2601 5760 2759 5814 huic:
2800 5757 2994 5829 Diliges
3031 5761 3316 5832 proximum
3356 5772 3498 5816 tuum
3530 5764 3655 5816 sicut

2086 5849 2296 5915 teipsnm
2328 5850 2538 5917 (Matth.
2570 5852 2721 5915 χιιι).
2767 5852 2896 5908 Nam
2928 5869 3148 5920 quorum
3191 5855 3381 5910 similis
3412 5866 3489 5911 est
3522 5856 3654 5910 dile-
