  <div class='ocr_page' id='page_1' title='image "/cluster/home/n/w/nwhite01/storage/ocr_20150623/95/hvd.32044010719722/716.png"; bbox 0 0 3972 6340; ppageno 0'>
   <div class='ocr_carea' id='block_1_1' title="bbox 369 469 507 530">
    <p class='ocr_par' dir='ltr' id='par_1_1' title="bbox 369 469 507 530">
     <span class='ocr_line' id='line_1_1' title="bbox 369 469 507 530; baseline -0.007 0"><span class='ocrx_word' id='word_1_1' title='bbox 369 469 507 530; x_wconf 68' lang='grc'><strong>1573</strong></span> 
     </span>
    </p>
   </div>
   <div class='ocr_carea' id='block_1_2' title="bbox 1359 458 2665 547">
    <p class='ocr_par' dir='ltr' id='par_1_2' title="bbox 1359 458 2665 547">
     <span class='ocr_line' id='line_1_2' title="bbox 1359 458 2665 547; baseline 0.001 -24"><span class='ocrx_word' id='word_1_2' title='bbox 1359 458 1828 525; x_wconf 79' lang='lat' dir='ltr'><strong>&quot;OMILIARIUS.</strong></span> <span class='ocrx_word' id='word_1_3' title='bbox 1872 493 1942 505; x_wconf 91' lang='lat'><strong><em>—</em></strong></span> <span class='ocrx_word' id='word_1_4' title='bbox 1984 460 2144 547; x_wconf 76' lang='grc' dir='ltr'>ΙΙΟΜ.</span> <span class='ocrx_word' id='word_1_5' title='bbox 2193 465 2279 522; x_wconf 88' lang='lat' dir='ltr'><strong>DE</strong></span> <span class='ocrx_word' id='word_1_6' title='bbox 2318 468 2665 527; x_wconf 78' lang='lat' dir='ltr'><strong>TEMPORE.</strong></span> 
     </span>
    </p>
   </div>
   <div class='ocr_carea' id='block_1_3' title="bbox 3507 454 3639 533">
    <p class='ocr_par' dir='ltr' id='par_1_3' title="bbox 3507 454 3639 533">
     <span class='ocr_line' id='line_1_3' title="bbox 3507 454 3639 533; baseline 0 0"><span class='ocrx_word' id='word_1_7' title='bbox 3507 454 3639 533; x_wconf 61' lang='grc' dir='ltr'><strong>,δτι</strong></span> 
     </span>
    </p>
   </div>
   <div class='ocr_carea' id='block_1_4' title="bbox 366 580 3638 661">
    <p class='ocr_par' dir='ltr' id='par_1_4' title="bbox 366 580 3638 661">
     <span class='ocr_line' id='line_1_4' title="bbox 366 580 3638 661; baseline 0 -15"><span class='ocrx_word' id='word_1_8' title='bbox 366 593 502 656; x_wconf 86' lang='lat' dir='ltr'><strong>ctio,</strong></span> <span class='ocrx_word' id='word_1_9' title='bbox 550 588 743 644; x_wconf 84' lang='lat' dir='ltr'><strong>similis</strong></span> <span class='ocrx_word' id='word_1_10' title='bbox 787 594 871 644; x_wconf 85' lang='lat' dir='ltr'><strong>est</strong></span> <span class='ocrx_word' id='word_1_11' title='bbox 912 595 964 643; x_wconf 88' lang='lat' dir='ltr'><strong>et</strong></span> <span class='ocrx_word' id='word_1_12' title='bbox 1002 586 1246 644; x_wconf 68' lang='lat' dir='ltr'><strong>offensio.</strong></span> <span class='ocrx_word' id='word_1_13' title='bbox 1299 587 1590 658; x_wconf 74' lang='lat' dir='ltr'><strong>Sequitur:</strong></span> <span class='ocrx_word' id='word_1_14' title='bbox 1638 584 1836 639; x_wconf 80' lang='lat' dir='ltr'><strong>Deinde</strong></span> <span class='ocrx_word' id='word_1_15' title='bbox 1866 581 1957 639; x_wconf 88' lang='lat' dir='ltr'><strong>alii</strong></span> <span class='ocrx_word' id='word_1_16' title='bbox 1982 580 2038 644; x_wconf 75' lang='grc' dir='ltr'><strong>Δ</strong></span> <span class='ocrx_word' id='word_1_17' title='bbox 2065 592 2169 638; x_wconf 90' lang='lat' dir='ltr'><strong>tate</strong></span> <span class='ocrx_word' id='word_1_18' title='bbox 2198 586 2587 656; x_wconf 77' lang='lat' dir='ltr'><strong>congreganda.</strong></span> <span class='ocrx_word' id='word_1_19' title='bbox 2639 587 2767 656; x_wconf 86' lang='lat' dir='ltr'><strong>Quis</strong></span> <span class='ocrx_word' id='word_1_20' title='bbox 2798 604 2902 643; x_wconf 93' lang='lat' dir='ltr'><strong>non</strong></span> <span class='ocrx_word' id='word_1_21' title='bbox 2933 586 3111 645; x_wconf 89' lang='lat' dir='ltr'><strong>videat</strong></span> <span class='ocrx_word' id='word_1_22' title='bbox 3157 589 3355 645; x_wconf 89' lang='lat' dir='ltr'><strong>multos</strong></span> <span class='ocrx_word' id='word_1_23' title='bbox 3404 589 3638 661; x_wconf 85' lang='lat' dir='ltr'><strong>perjuria</strong></span> 
     </span>
    </p>
   </div>
   <div class='ocr_carea' id='block_1_5' title="bbox 368 678 1955 749">
    <p class='ocr_par' dir='ltr' id='par_1_5' title="bbox 368 678 1955 749">
     <span class='ocr_line' id='line_1_5' title="bbox 368 678 1955 749; baseline -0.003 -14"><span class='ocrx_word' id='word_1_24' title='bbox 368 681 541 735; x_wconf 75' lang='lat' dir='ltr'><strong>dixit:</strong></span> <span class='ocrx_word' id='word_1_25' title='bbox 574 678 649 733; x_wconf 88' lang='lat' dir='ltr'><strong>Tu</strong></span> <span class='ocrx_word' id='word_1_26' title='bbox 676 697 788 734; x_wconf 85' lang='lat' dir='ltr'><strong>rero</strong></span> <span class='ocrx_word' id='word_1_27' title='bbox 813 689 1056 749; x_wconf 82' lang='lat' dir='ltr'><strong>quantum</strong></span> <span class='ocrx_word' id='word_1_28' title='bbox 1084 679 1227 733; x_wconf 75' lang='lat' dir='ltr'><strong>debes</strong></span> <span class='ocrx_word' id='word_1_29' title='bbox 1250 680 1272 732; x_wconf 76' lang='lat'><strong>.9</strong></span> <span class='ocrx_word' id='word_1_30' title='bbox 1308 680 1407 747; x_wconf 81' lang='lat' dir='ltr'><strong>Qui</strong></span> <span class='ocrx_word' id='word_1_31' title='bbox 1433 679 1538 732; x_wconf 90' lang='lat' dir='ltr'><strong>ait:</strong></span> <span class='ocrx_word' id='word_1_32' title='bbox 1568 678 1780 732; x_wconf 81' lang='lat' dir='ltr'><strong>Centum</strong></span> <span class='ocrx_word' id='word_1_33' title='bbox 1809 693 1955 731; x_wconf 89' lang='lat' dir='ltr'><strong>coros</strong></span> 
     </span>
    </p>
   </div>
   <div class='ocr_carea' id='block_1_6' title="bbox 369 768 1955 842">
    <p class='ocr_par' dir='ltr' id='par_1_6' title="bbox 369 768 1955 842">
     <span class='ocr_line' id='line_1_6' title="bbox 369 768 1955 842; baseline -0.003 -16"><span class='ocrx_word' id='word_1_34' title='bbox 369 771 545 827; x_wconf 86' lang='lat' dir='ltr'><strong>tritici.</strong></span> <span class='ocrx_word' id='word_1_35' title='bbox 576 769 750 826; x_wconf 86' lang='lat' dir='ltr'><strong>Cadus</strong></span> <span class='ocrx_word' id='word_1_36' title='bbox 783 770 1049 842; x_wconf 91' lang='lat' dir='ltr'><strong>liquorum</strong></span> <span class='ocrx_word' id='word_1_37' title='bbox 1082 787 1335 826; x_wconf 86' lang='lat' dir='ltr'><strong>mensura</strong></span> <span class='ocrx_word' id='word_1_38' title='bbox 1368 779 1481 836; x_wconf 90' lang='lat' dir='ltr'><strong>est,</strong></span> <span class='ocrx_word' id='word_1_39' title='bbox 1515 779 1568 825; x_wconf 91' lang='lat' dir='ltr'><strong>et</strong></span> <span class='ocrx_word' id='word_1_40' title='bbox 1596 785 1754 824; x_wconf 87' lang='lat' dir='ltr'><strong>corus</strong></span> <span class='ocrx_word' id='word_1_41' title='bbox 1786 768 1955 825; x_wconf 87' lang='lat' dir='ltr'><strong>semi-</strong></span> 
     </span>
    </p>
   </div>
   <div class='ocr_carea' id='block_1_7' title="bbox 371 862 1953 935">
    <p class='ocr_par' dir='ltr' id='par_1_7' title="bbox 371 862 1953 935">
     <span class='ocr_line' id='line_1_7' title="bbox 371 862 1953 935; baseline -0.003 -13"><span class='ocrx_word' id='word_1_42' title='bbox 371 882 517 922; x_wconf 87' lang='lat' dir='ltr'><strong>num.</strong></span> <span class='ocrx_word' id='word_1_43' title='bbox 552 865 718 923; x_wconf 83' lang='lat' dir='ltr'><strong>Valde</strong></span> <span class='ocrx_word' id='word_1_44' title='bbox 749 864 1040 921; x_wconf 89' lang='lat' dir='ltr'><strong>timendum</strong></span> <span class='ocrx_word' id='word_1_45' title='bbox 1072 875 1155 921; x_wconf 89' lang='lat' dir='ltr'><strong>est</strong></span> <span class='ocrx_word' id='word_1_46' title='bbox 1184 865 1337 919; x_wconf 90' lang='lat' dir='ltr'><strong>nobis</strong></span> <span class='ocrx_word' id='word_1_47' title='bbox 1360 905 1375 931; x_wconf 96' lang='lat'><strong>,</strong></span> <span class='ocrx_word' id='word_1_48' title='bbox 1426 864 1514 935; x_wconf 92' lang='lat' dir='ltr'><strong>qui</strong></span> <span class='ocrx_word' id='word_1_49' title='bbox 1567 862 1953 933; x_wconf 78' lang='lat' dir='ltr'><strong>plenitudinem</strong></span> 
     </span>
    </p>
   </div>
   <div class='ocr_carea' id='block_1_8' title="bbox 367 954 1953 1027">
    <p class='ocr_par' dir='ltr' id='par_1_8' title="bbox 367 954 1953 1027">
     <span class='ocr_line' id='line_1_8' title="bbox 367 954 1953 1027; baseline -0.003 -15"><span class='ocrx_word' id='word_1_50' title='bbox 367 956 726 1027; x_wconf 84' lang='lat' dir='ltr'><strong>corporalium</strong></span> <span class='ocrx_word' id='word_1_51' title='bbox 758 956 1020 1011; x_wconf 90' lang='lat' dir='ltr'><strong>bonorum</strong></span> <span class='ocrx_word' id='word_1_52' title='bbox 1053 954 1309 1011; x_wconf 90' lang='lat' dir='ltr'><strong>debemus</strong></span> <span class='ocrx_word' id='word_1_53' title='bbox 1342 954 1636 1024; x_wconf 76' lang='lat' dir='ltr'><strong>proximis:</strong></span> <span class='ocrx_word' id='word_1_54' title='bbox 1672 954 1953 1022; x_wconf 86' lang='lat' dir='ltr'><strong>debemus,</strong></span> 
     </span>
    </p>
   </div>
   <div class='ocr_carea' id='block_1_9' title="bbox 369 1046 1957 1117">
    <p class='ocr_par' dir='ltr' id='par_1_9' title="bbox 369 1046 1957 1117">
     <span class='ocr_line' id='line_1_9' title="bbox 369 1046 1957 1117; baseline -0.003 -14"><span class='ocrx_word' id='word_1_55' title='bbox 369 1057 424 1103; x_wconf 89' lang='lat' dir='ltr'><strong>et</strong></span> <span class='ocrx_word' id='word_1_56' title='bbox 454 1056 633 1103; x_wconf 88' lang='lat' dir='ltr'><strong>tamen</strong></span> <span class='ocrx_word' id='word_1_57' title='bbox 662 1064 766 1102; x_wconf 90' lang='lat' dir='ltr'><strong>non</strong></span> <span class='ocrx_word' id='word_1_58' title='bbox 800 1049 1063 1102; x_wconf 87' lang='lat' dir='ltr'><strong>solvimus</strong></span> <span class='ocrx_word' id='word_1_59' title='bbox 1093 1066 1104 1101; x_wconf 89' lang='lat'><strong>:</strong></span> <span class='ocrx_word' id='word_1_60' title='bbox 1139 1048 1397 1104; x_wconf 88' lang='lat' dir='ltr'><strong>debemus</strong></span> <span class='ocrx_word' id='word_1_61' title='bbox 1432 1054 1622 1113; x_wconf 91' lang='lat' dir='ltr'><strong>totum,</strong></span> <span class='ocrx_word' id='word_1_62' title='bbox 1655 1057 1709 1101; x_wconf 91' lang='lat' dir='ltr'><strong>et</strong></span> <span class='ocrx_word' id='word_1_63' title='bbox 1735 1046 1819 1101; x_wconf 92' lang='lat' dir='ltr'><strong>vix</strong></span> <span class='ocrx_word' id='word_1_64' title='bbox 1861 1062 1957 1117; x_wconf 90' lang='lat' dir='ltr'><strong>pa-</strong></span> 
     </span>
    </p>
   </div>
   <div class='ocr_carea' id='block_1_10' title="bbox 369 1138 1958 1210">
    <p class='ocr_par' dir='ltr' id='par_1_10' title="bbox 369 1138 1958 1210">
     <span class='ocr_line' id='line_1_10' title="bbox 369 1138 1958 1210; baseline -0.004 -14"><span class='ocrx_word' id='word_1_65' title='bbox 369 1156 488 1196; x_wconf 86' lang='lat' dir='ltr'><strong>rum</strong></span> <span class='ocrx_word' id='word_1_66' title='bbox 510 1140 783 1196; x_wconf 88' lang='lat' dir='ltr'><strong>solvimus.</strong></span> <span class='ocrx_word' id='word_1_67' title='bbox 814 1139 950 1207; x_wconf 86' lang='lat' dir='ltr'><strong>Quid</strong></span> <span class='ocrx_word' id='word_1_68' title='bbox 978 1155 1103 1210; x_wconf 83' lang='lat' dir='ltr'><strong>ergo</strong></span> <span class='ocrx_word' id='word_1_69' title='bbox 1131 1138 1425 1193; x_wconf 81' lang='lat' dir='ltr'><strong>faciemus?</strong></span> <span class='ocrx_word' id='word_1_70' title='bbox 1457 1138 1511 1195; x_wconf 89' lang='lat' dir='ltr'><strong>Si</strong></span> <span class='ocrx_word' id='word_1_71' title='bbox 1540 1155 1643 1193; x_wconf 91' lang='lat' dir='ltr'><strong>non</strong></span> <span class='ocrx_word' id='word_1_72' title='bbox 1676 1150 1958 1208; x_wconf 83' lang='lat' dir='ltr'><strong>possumus</strong></span> 
     </span>
    </p>
   </div>
   <div class='ocr_carea' id='block_1_11' title="bbox 370 1229 1955 1303">
    <p class='ocr_par' dir='ltr' id='par_1_11' title="bbox 370 1229 1955 1303">
     <span class='ocr_line' id='line_1_11' title="bbox 370 1229 1955 1303; baseline -0.001 -17"><span class='ocrx_word' id='word_1_73' title='bbox 370 1232 579 1288; x_wconf 80' lang='lat' dir='ltr'><strong>solvere</strong></span> <span class='ocrx_word' id='word_1_74' title='bbox 610 1242 775 1287; x_wconf 90' lang='lat' dir='ltr'><strong>totum</strong></span> <span class='ocrx_word' id='word_1_75' title='bbox 806 1233 945 1303; x_wconf 90' lang='lat' dir='ltr'><strong>quod</strong></span> <span class='ocrx_word' id='word_1_76' title='bbox 972 1232 1224 1287; x_wconf 85' lang='lat' dir='ltr'><strong>debemus</strong></span> <span class='ocrx_word' id='word_1_77' title='bbox 1246 1232 1385 1297; x_wconf 91' lang='lat' dir='ltr'><strong>aliis,</strong></span> <span class='ocrx_word' id='word_1_78' title='bbox 1408 1232 1736 1287; x_wconf 84' lang='lat' dir='ltr'><strong>dimittamus</strong></span> <span class='ocrx_word' id='word_1_79' title='bbox 1767 1229 1955 1285; x_wconf 86' lang='lat' dir='ltr'><strong>saltem</strong></span> 
     </span>
    </p>
   </div>
   <div class='ocr_carea' id='block_1_12' title="bbox 371 1324 1957 1397">
    <p class='ocr_par' dir='ltr' id='par_1_12' title="bbox 371 1324 1957 1397">
     <span class='ocr_line' id='line_1_12' title="bbox 371 1324 1957 1397; baseline -0.001 -16"><span class='ocrx_word' id='word_1_80' title='bbox 371 1327 513 1396; x_wconf 91' lang='lat' dir='ltr'><strong>quod</strong></span> <span class='ocrx_word' id='word_1_81' title='bbox 542 1326 768 1382; x_wconf 84' lang='lat' dir='ltr'><strong>debetur</strong></span> <span class='ocrx_word' id='word_1_82' title='bbox 798 1326 973 1382; x_wconf 90' lang='lat' dir='ltr'><strong>nobis.</strong></span> <span class='ocrx_word' id='word_1_83' title='bbox 1006 1325 1158 1382; x_wconf 90' lang='lat' dir='ltr'><strong>Unde</strong></span> <span class='ocrx_word' id='word_1_84' title='bbox 1189 1327 1431 1397; x_wconf 88' lang='lat' dir='ltr'><strong>sequitur</strong></span> <span class='ocrx_word' id='word_1_85' title='bbox 1457 1344 1469 1379; x_wconf 91' lang='lat'><strong>:</strong></span> <span class='ocrx_word' id='word_1_86' title='bbox 1504 1327 1587 1380; x_wconf 81' lang='lat' dir='ltr'><strong>Ait</strong></span> <span class='ocrx_word' id='word_1_87' title='bbox 1619 1325 1696 1381; x_wconf 90' lang='lat' dir='ltr'><strong>illi</strong></span> <span class='ocrx_word' id='word_1_88' title='bbox 1722 1340 1741 1380; x_wconf 92' lang='lat'><strong><em>:</em></strong></span> <span class='ocrx_word' id='word_1_89' title='bbox 1774 1324 1957 1394; x_wconf 81' lang='lat' dir='ltr'><strong>Accipe</strong></span> 
     </span>
    </p>
   </div>
   <div class='ocr_carea' id='block_1_13' title="bbox 371 1419 1954 1489">
    <p class='ocr_par' dir='ltr' id='par_1_13' title="bbox 371 1419 1954 1489">
     <span class='ocr_line' id='line_1_13' title="bbox 371 1419 1954 1489; baseline 0.001 -18"><span class='ocrx_word' id='word_1_90' title='bbox 371 1419 567 1472; x_wconf 82' lang='lat' dir='ltr'><strong>litteras</strong></span> <span class='ocrx_word' id='word_1_91' title='bbox 595 1428 729 1486; x_wconf 89' lang='lat' dir='ltr'><strong>tuas,</strong></span> <span class='ocrx_word' id='word_1_92' title='bbox 761 1428 805 1472; x_wconf 90' lang='lat' dir='ltr'><strong>et</strong></span> <span class='ocrx_word' id='word_1_93' title='bbox 836 1419 995 1474; x_wconf 89' lang='lat' dir='ltr'><strong>scribe</strong></span> <span class='ocrx_word' id='word_1_94' title='bbox 1024 1421 1298 1489; x_wconf 82' lang='lat' dir='ltr'><strong>octoginta.</strong></span> <span class='ocrx_word' id='word_1_95' title='bbox 1330 1419 1429 1488; x_wconf 85' lang='lat' dir='ltr'><strong>Qui</strong></span> <span class='ocrx_word' id='word_1_96' title='bbox 1462 1419 1602 1473; x_wconf 90' lang='lat' dir='ltr'><strong>enim</strong></span> <span class='ocrx_word' id='word_1_97' title='bbox 1636 1419 1703 1475; x_wconf 89' lang='lat' dir='ltr'><strong>de</strong></span> <span class='ocrx_word' id='word_1_98' title='bbox 1738 1427 1954 1474; x_wconf 88' lang='lat' dir='ltr'><strong>centum</strong></span> 
     </span>
    </p>
   </div>
   <div class='ocr_carea' id='block_1_14' title="bbox 372 1510 1961 1583">
    <p class='ocr_par' dir='ltr' id='par_1_14' title="bbox 372 1510 1961 1583">
     <span class='ocr_line' id='line_1_14' title="bbox 372 1510 1961 1583; baseline 0.001 -18"><span class='ocrx_word' id='word_1_99' title='bbox 372 1512 560 1565; x_wconf 91' lang='lat' dir='ltr'><strong>scribit</strong></span> <span class='ocrx_word' id='word_1_100' title='bbox 589 1512 883 1583; x_wconf 83' lang='lat' dir='ltr'><strong>octoginta,</strong></span> <span class='ocrx_word' id='word_1_101' title='bbox 918 1510 1157 1581; x_wconf 90' lang='lat' dir='ltr'><strong>quintam</strong></span> <span class='ocrx_word' id='word_1_102' title='bbox 1192 1519 1395 1581; x_wconf 90' lang='lat' dir='ltr'><strong>partem</strong></span> <span class='ocrx_word' id='word_1_103' title='bbox 1428 1511 1679 1582; x_wconf 83' lang='lat' dir='ltr'><strong>dimittit,</strong></span> <span class='ocrx_word' id='word_1_104' title='bbox 1725 1512 1846 1583; x_wconf 86' lang='lat' dir='ltr'><strong>quia</strong></span> <span class='ocrx_word' id='word_1_105' title='bbox 1894 1511 1961 1568; x_wconf 89' lang='lat' dir='ltr'><strong>de</strong></span> 
     </span>
    </p>
   </div>
   <div class='ocr_carea' id='block_1_15' title="bbox 372 1602 1961 1676">
    <p class='ocr_par' dir='ltr' id='par_1_15' title="bbox 372 1602 1961 1676">
     <span class='ocr_line' id='line_1_15' title="bbox 372 1602 1961 1676; baseline 0.002 -18"><span class='ocrx_word' id='word_1_106' title='bbox 372 1604 737 1673; x_wconf 81' lang='lat' dir='ltr'><strong>corporalibus</strong></span> <span class='ocrx_word' id='word_1_107' title='bbox 784 1602 883 1657; x_wconf 89' lang='lat' dir='ltr'><strong>hoc</strong></span> <span class='ocrx_word' id='word_1_108' title='bbox 932 1603 1159 1661; x_wconf 86' lang='lat' dir='ltr'><strong>debetur</strong></span> <span class='ocrx_word' id='word_1_109' title='bbox 1208 1605 1484 1674; x_wconf 79' lang='lat' dir='ltr'><strong>proximo,</strong></span> <span class='ocrx_word' id='word_1_110' title='bbox 1532 1604 1674 1674; x_wconf 92' lang='lat' dir='ltr'><strong>quod</strong></span> <span class='ocrx_word' id='word_1_111' title='bbox 1726 1605 1961 1676; x_wconf 88' lang='lat' dir='ltr'><strong>quinque</strong></span> 
     </span>
    </p>
   </div>
   <div class='ocr_carea' id='block_1_16' title="bbox 376 1696 1962 1770">
    <p class='ocr_par' dir='ltr' id='par_1_16' title="bbox 376 1696 1962 1770">
     <span class='ocr_line' id='line_1_16' title="bbox 376 1696 1962 1770; baseline 0.003 -20"><span class='ocrx_word' id='word_1_112' title='bbox 376 1710 567 1751; x_wconf 89' lang='lat' dir='ltr'><strong>sensus</strong></span> <span class='ocrx_word' id='word_1_113' title='bbox 605 1698 851 1768; x_wconf 80' lang='lat' dir='ltr'><strong>corporis</strong></span> <span class='ocrx_word' id='word_1_114' title='bbox 888 1699 1128 1769; x_wconf 88' lang='lat' dir='ltr'><strong>exigunt.</strong></span> <span class='ocrx_word' id='word_1_115' title='bbox 1180 1696 1293 1754; x_wconf 89' lang='lat' dir='ltr'><strong>Hoc</strong></span> <span class='ocrx_word' id='word_1_116' title='bbox 1325 1700 1525 1770; x_wconf 89' lang='lat' dir='ltr'><strong>scripto</strong></span> <span class='ocrx_word' id='word_1_117' title='bbox 1551 1699 1962 1755; x_wconf 86' lang='lat' dir='ltr'><strong>commendatur</strong></span> 
     </span>
    </p>
   </div>
   <div class='ocr_carea' id='block_1_17' title="bbox 375 1789 1965 1865">
    <p class='ocr_par' dir='ltr' id='par_1_17' title="bbox 375 1789 1965 1865">
     <span class='ocr_line' id='line_1_17' title="bbox 375 1789 1965 1865; baseline 0.004 -22"><span class='ocrx_word' id='word_1_118' title='bbox 375 1790 515 1861; x_wconf 90' lang='lat' dir='ltr'><strong>quod</strong></span> <span class='ocrx_word' id='word_1_119' title='bbox 548 1789 742 1845; x_wconf 70' lang='lat' dir='ltr'><strong>divina:</strong></span> <span class='ocrx_word' id='word_1_120' title='bbox 771 1791 957 1863; x_wconf 78' lang='lat' dir='ltr'><strong>gratiae</strong></span> <span class='ocrx_word' id='word_1_121' title='bbox 989 1809 1083 1863; x_wconf 91' lang='lat' dir='ltr'><strong>per</strong></span> <span class='ocrx_word' id='word_1_122' title='bbox 1112 1795 1447 1850; x_wconf 86' lang='lat' dir='ltr'><strong>octonarium</strong></span> <span class='ocrx_word' id='word_1_123' title='bbox 1477 1793 1812 1865; x_wconf 85' lang='lat' dir='ltr'><strong>relinquitur.</strong></span> <span class='ocrx_word' id='word_1_124' title='bbox 1860 1796 1965 1850; x_wconf 82' lang='lat' dir='ltr'><strong>Ra-</strong></span> 
     </span>
    </p>
   </div>
   <div class='ocr_carea' id='block_1_18' title="bbox 378 1882 1963 1956">
    <p class='ocr_par' dir='ltr' id='par_1_18' title="bbox 378 1882 1963 1956">
     <span class='ocr_line' id='line_1_18' title="bbox 378 1882 1963 1956; baseline 0.004 -21"><span class='ocrx_word' id='word_1_125' title='bbox 378 1882 538 1951; x_wconf 87' lang='lat' dir='ltr'><strong>puisti</strong></span> <span class='ocrx_word' id='word_1_126' title='bbox 582 1897 800 1949; x_wconf 91' lang='lat' dir='ltr'><strong>meum,</strong></span> <span class='ocrx_word' id='word_1_127' title='bbox 851 1884 1117 1940; x_wconf 81' lang='lat' dir='ltr'><strong>abstulisti</strong></span> <span class='ocrx_word' id='word_1_128' title='bbox 1167 1886 1507 1955; x_wconf 68' lang='lat' dir='ltr'><strong>praestitum,</strong></span> <span class='ocrx_word' id='word_1_129' title='bbox 1562 1888 1761 1956; x_wconf 82' lang='lat' dir='ltr'><strong>negasti</strong></span> <span class='ocrx_word' id='word_1_130' title='bbox 1812 1902 1963 1943; x_wconf 86' lang='lat' dir='ltr'><strong>com-</strong></span> 
     </span>
    </p>
   </div>
   <div class='ocr_carea' id='block_1_19' title="bbox 379 1976 1965 2049">
    <p class='ocr_par' dir='ltr' id='par_1_19' title="bbox 379 1976 1965 2049">
     <span class='ocr_line' id='line_1_19' title="bbox 379 1976 1965 2049; baseline 0.003 -18"><span class='ocrx_word' id='word_1_131' title='bbox 379 1976 709 2033; x_wconf 89' lang='lat' dir='ltr'><strong>mendatum.</strong></span> <span class='ocrx_word' id='word_1_132' title='bbox 760 1977 815 2034; x_wconf 91' lang='lat' dir='ltr'><strong>Si</strong></span> <span class='ocrx_word' id='word_1_133' title='bbox 842 1978 1053 2034; x_wconf 87' lang='lat' dir='ltr'><strong>dimitto</strong></span> <span class='ocrx_word' id='word_1_134' title='bbox 1087 1979 1210 2046; x_wconf 87' lang='lat' dir='ltr'><strong>tibi,</strong></span> <span class='ocrx_word' id='word_1_135' title='bbox 1246 1981 1369 2049; x_wconf 88' lang='lat' dir='ltr'><strong>quid</strong></span> <span class='ocrx_word' id='word_1_136' title='bbox 1402 1997 1517 2035; x_wconf 74' lang='lat' dir='ltr'><strong>mea</strong></span> <span class='ocrx_word' id='word_1_137' title='bbox 1549 1982 1754 2037; x_wconf 87' lang='lat' dir='ltr'><strong>refert?</strong></span> <span class='ocrx_word' id='word_1_138' title='bbox 1805 1982 1965 2036; x_wconf 79' lang='lat' dir='ltr'><strong>scribe</strong></span> 
     </span>
    </p>
   </div>
   <div class='ocr_carea' id='block_1_20' title="bbox 378 2067 1967 2142">
    <p class='ocr_par' dir='ltr' id='par_1_20' title="bbox 378 2067 1967 2142">
     <span class='ocr_line' id='line_1_20' title="bbox 378 2067 1967 2142; baseline 0.006 -21"><span class='ocrx_word' id='word_1_139' title='bbox 378 2067 671 2141; x_wconf 82' lang='lat' dir='ltr'><strong>octOginta,</strong></span> <span class='ocrx_word' id='word_1_140' title='bbox 711 2067 763 2123; x_wconf 90' lang='lat' dir='ltr'><strong>id</strong></span> <span class='ocrx_word' id='word_1_141' title='bbox 796 2077 874 2124; x_wconf 91' lang='lat' dir='ltr'><strong>est</strong></span> <span class='ocrx_word' id='word_1_142' title='bbox 898 2110 912 2135; x_wconf 93' lang='lat'><strong>,</strong></span> <span class='ocrx_word' id='word_1_143' title='bbox 960 2072 1278 2126; x_wconf 90' lang='lat' dir='ltr'><strong>commenda</strong></span> <span class='ocrx_word' id='word_1_144' title='bbox 1312 2074 1588 2127; x_wconf 72' lang='lat' dir='ltr'><strong>memoria:</strong></span> <span class='ocrx_word' id='word_1_145' title='bbox 1618 2073 1758 2142; x_wconf 92' lang='lat' dir='ltr'><strong>quod</strong></span> <span class='ocrx_word' id='word_1_146' title='bbox 1790 2074 1967 2130; x_wconf 90' lang='lat' dir='ltr'><strong>adhuc</strong></span> 
     </span>
    </p>
   </div>
   <div class='ocr_carea' id='block_1_21' title="bbox 379 2160 1965 2237">
    <p class='ocr_par' dir='ltr' id='par_1_21' title="bbox 379 2160 1965 2237">
     <span class='ocr_line' id='line_1_21' title="bbox 379 2160 1965 2237; baseline 0.004 -23"><span class='ocrx_word' id='word_1_147' title='bbox 379 2174 505 2229; x_wconf 83' lang='lat' dir='ltr'><strong>eges</strong></span> <span class='ocrx_word' id='word_1_148' title='bbox 532 2162 685 2215; x_wconf 89' lang='lat' dir='ltr'><strong>venia</strong></span> <span class='ocrx_word' id='word_1_149' title='bbox 717 2160 910 2216; x_wconf 73' lang='lat' dir='ltr'><strong>divina:</strong></span> <span class='ocrx_word' id='word_1_150' title='bbox 939 2163 1144 2231; x_wconf 77' lang='lat' dir='ltr'><strong>gratiae.</strong></span> <span class='ocrx_word' id='word_1_151' title='bbox 1169 2162 1221 2219; x_wconf 91' lang='lat' dir='ltr'><strong>Si</strong></span> <span class='ocrx_word' id='word_1_152' title='bbox 1249 2164 1462 2234; x_wconf 85' lang='lat' dir='ltr'><strong>quidem</strong></span> <span class='ocrx_word' id='word_1_153' title='bbox 1498 2166 1769 2235; x_wconf 80' lang='lat' dir='ltr'><strong>Evangelii</strong></span> <span class='ocrx_word' id='word_1_154' title='bbox 1799 2168 1965 2237; x_wconf 87' lang='lat' dir='ltr'><strong>gratia</strong></span> 
     </span>
    </p>
   </div>
   <div class='ocr_carea' id='block_1_22' title="bbox 380 2252 1970 2330">
    <p class='ocr_par' dir='ltr' id='par_1_22' title="bbox 380 2252 1970 2330">
     <span class='ocr_line' id='line_1_22' title="bbox 380 2252 1970 2330; baseline 0.005 -24"><span class='ocrx_word' id='word_1_155' title='bbox 380 2252 708 2323; x_wconf 83' lang='lat' dir='ltr'><strong>signiﬁcatur</strong></span> <span class='ocrx_word' id='word_1_156' title='bbox 737 2268 832 2323; x_wconf 92' lang='lat' dir='ltr'><strong>per</strong></span> <span class='ocrx_word' id='word_1_157' title='bbox 862 2254 1221 2322; x_wconf 87' lang='lat' dir='ltr'><strong>octonarium,</strong></span> <span class='ocrx_word' id='word_1_158' title='bbox 1246 2257 1382 2311; x_wconf 91' lang='lat' dir='ltr'><strong>sicut</strong></span> <span class='ocrx_word' id='word_1_159' title='bbox 1408 2258 1691 2313; x_wconf 85' lang='lat' dir='ltr'><strong>austeritas</strong></span> <span class='ocrx_word' id='word_1_160' title='bbox 1721 2260 1851 2330; x_wconf 88' lang='lat' dir='ltr'><strong>legis</strong></span> <span class='ocrx_word' id='word_1_161' title='bbox 1876 2274 1970 2329; x_wconf 77' lang='lat' dir='ltr'><strong>per</strong></span> 
     </span>
    </p>
   </div>
   <div class='ocr_carea' id='block_1_23' title="bbox 381 2345 1970 2424">
    <p class='ocr_par' dir='ltr' id='par_1_23' title="bbox 381 2345 1970 2424">
     <span class='ocr_line' id='line_1_23' title="bbox 381 2345 1970 2424; baseline 0.006 -24"><span class='ocrx_word' id='word_1_162' title='bbox 381 2345 765 2416; x_wconf 87' lang='lat' dir='ltr'><strong>septenarium.</strong></span> <span class='ocrx_word' id='word_1_163' title='bbox 794 2346 898 2404; x_wconf 88' lang='lat' dir='ltr'><strong>Sed</strong></span> <span class='ocrx_word' id='word_1_164' title='bbox 928 2357 1163 2404; x_wconf 89' lang='lat' dir='ltr'><strong>meretur</strong></span> <span class='ocrx_word' id='word_1_165' title='bbox 1188 2352 1449 2405; x_wconf 80' lang='lat' dir='ltr'><strong>octonarii</strong></span> <span class='ocrx_word' id='word_1_166' title='bbox 1474 2354 1697 2422; x_wconf 70' lang='lat' dir='ltr'><strong>gratiam</strong></span> <span class='ocrx_word' id='word_1_167' title='bbox 1726 2354 1812 2423; x_wconf 89' lang='lat' dir='ltr'><strong>qui</strong></span> <span class='ocrx_word' id='word_1_168' title='bbox 1840 2368 1970 2424; x_wconf 72' lang='lat' dir='ltr'><strong>pra:-</strong></span> 
     </span>
    </p>
   </div>
   <div class='ocr_carea' id='block_1_24' title="bbox 382 2440 1971 2516">
    <p class='ocr_par' dir='ltr' id='par_1_24' title="bbox 382 2440 1971 2516">
     <span class='ocr_line' id='line_1_24' title="bbox 382 2440 1971 2516; baseline 0.006 -23"><span class='ocrx_word' id='word_1_169' title='bbox 382 2448 536 2507; x_wconf 91' lang='lat' dir='ltr'><strong>cepta</strong></span> <span class='ocrx_word' id='word_1_170' title='bbox 568 2440 801 2495; x_wconf 88' lang='lat' dir='ltr'><strong>custodit</strong></span> <span class='ocrx_word' id='word_1_171' title='bbox 831 2456 947 2511; x_wconf 71' lang='lat' dir='ltr'><strong>qum</strong></span> <span class='ocrx_word' id='word_1_172' title='bbox 978 2442 1350 2513; x_wconf 88' lang='lat' dir='ltr'><strong>significantur</strong></span> <span class='ocrx_word' id='word_1_173' title='bbox 1380 2460 1476 2515; x_wconf 90' lang='lat' dir='ltr'><strong>per</strong></span> <span class='ocrx_word' id='word_1_174' title='bbox 1506 2445 1690 2500; x_wconf 88' lang='lat' dir='ltr'><strong>decem</strong></span> <span class='ocrx_word' id='word_1_175' title='bbox 1721 2465 1733 2500; x_wconf 89' lang='lat'><strong>:</strong></span> <span class='ocrx_word' id='word_1_176' title='bbox 1780 2455 1837 2501; x_wconf 92' lang='lat' dir='ltr'><strong>ut</strong></span> <span class='ocrx_word' id='word_1_177' title='bbox 1876 2462 1971 2516; x_wconf 92' lang='lat' dir='ltr'><strong>per</strong></span> 
     </span>
    </p>
   </div>
   <div class='ocr_carea' id='block_1_25' title="bbox 384 2532 1970 2610">
    <p class='ocr_par' dir='ltr' id='par_1_25' title="bbox 384 2532 1970 2610">
     <span class='ocr_line' id='line_1_25' title="bbox 384 2532 1970 2610; baseline 0.007 -25"><span class='ocrx_word' id='word_1_178' title='bbox 384 2532 720 2587; x_wconf 71' lang='lat' dir='ltr'><strong>octonarium</strong></span> <span class='ocrx_word' id='word_1_179' title='bbox 750 2532 937 2603; x_wconf 90' lang='lat' dir='ltr'><strong>juncto</strong></span> <span class='ocrx_word' id='word_1_180' title='bbox 966 2535 1317 2604; x_wconf 88' lang='lat' dir='ltr'><strong>quindeuario</strong></span> <span class='ocrx_word' id='word_1_181' title='bbox 1360 2540 1581 2608; x_wconf 83' lang='lat' dir='ltr'><strong>gratiam</strong></span> <span class='ocrx_word' id='word_1_182' title='bbox 1614 2540 1970 2610; x_wconf 87' lang='lat' dir='ltr'><strong>intelligamus</strong></span> 
     </span>
    </p>
   </div>
   <div class='ocr_carea' id='block_1_26' title="bbox 385 2622 1972 2702">
    <p class='ocr_par' dir='ltr' id='par_1_26' title="bbox 385 2622 1972 2702">
     <span class='ocr_line' id='line_1_26' title="bbox 385 2622 1972 2702; baseline 0.007 -25"><span class='ocrx_word' id='word_1_183' title='bbox 385 2622 600 2678; x_wconf 87' lang='lat' dir='ltr'><strong>insitam</strong></span> <span class='ocrx_word' id='word_1_184' title='bbox 631 2633 937 2695; x_wconf 59' lang='lat' dir='ltr'><strong>praecepto,</strong></span> <span class='ocrx_word' id='word_1_185' title='bbox 972 2636 1031 2679; x_wconf 93' lang='lat' dir='ltr'><strong>ut</strong></span> <span class='ocrx_word' id='word_1_186' title='bbox 1058 2628 1147 2697; x_wconf 90' lang='lat' dir='ltr'><strong>qui</strong></span> <span class='ocrx_word' id='word_1_187' title='bbox 1189 2628 1377 2683; x_wconf 85' lang='lat' dir='ltr'><strong>scribit</strong></span> <span class='ocrx_word' id='word_1_188' title='bbox 1406 2630 1710 2701; x_wconf 82' lang='lat' dir='ltr'><strong>octoginta,</strong></span> <span class='ocrx_word' id='word_1_189' title='bbox 1755 2648 1849 2702; x_wconf 87' lang='lat' dir='ltr'><strong>per</strong></span> <span class='ocrx_word' id='word_1_190' title='bbox 1878 2634 1972 2688; x_wconf 82' lang='lat' dir='ltr'><strong>de-</strong></span> 
     </span>
    </p>
   </div>
   <div class='ocr_carea' id='block_1_27' title="bbox 384 2716 1971 2793">
    <p class='ocr_par' dir='ltr' id='par_1_27' title="bbox 384 2716 1971 2793">
     <span class='ocr_line' id='line_1_27' title="bbox 384 2716 1971 2793; baseline 0.004 -23"><span class='ocrx_word' id='word_1_191' title='bbox 384 2717 555 2787; x_wconf 90' lang='lat' dir='ltr'><strong>calogi</strong></span> <span class='ocrx_word' id='word_1_192' title='bbox 587 2716 883 2773; x_wconf 90' lang='lat' dir='ltr'><strong>custodiam</strong></span> <span class='ocrx_word' id='word_1_193' title='bbox 919 2719 1195 2789; x_wconf 84' lang='lat' dir='ltr'><strong>perveniat</strong></span> <span class='ocrx_word' id='word_1_194' title='bbox 1223 2723 1287 2775; x_wconf 90' lang='lat' dir='ltr'><strong>ad</strong></span> <span class='ocrx_word' id='word_1_195' title='bbox 1320 2723 1580 2777; x_wconf 86' lang='lat' dir='ltr'><strong>octonarii</strong></span> <span class='ocrx_word' id='word_1_196' title='bbox 1612 2725 1859 2793; x_wconf 82' lang='lat' dir='ltr'><strong>gratiam.</strong></span> <span class='ocrx_word' id='word_1_197' title='bbox 1904 2724 1971 2777; x_wconf 84' lang='lat' dir='ltr'><strong>Et</strong></span> 
     </span>
    </p>
   </div>
   <div class='ocr_carea' id='block_1_28' title="bbox 389 2808 1972 2885">
    <p class='ocr_par' dir='ltr' id='par_1_28' title="bbox 389 2808 1972 2885">
     <span class='ocr_line' id='line_1_28' title="bbox 389 2808 1972 2885; baseline 0.006 -22"><span class='ocrx_word' id='word_1_198' title='bbox 389 2808 623 2863; x_wconf 81' lang='lat' dir='ltr'><strong>laudavit</strong></span> <span class='ocrx_word' id='word_1_199' title='bbox 655 2809 905 2865; x_wconf 78' lang='lat' dir='ltr'><strong>Dominus</strong></span> <span class='ocrx_word' id='word_1_200' title='bbox 933 2811 1159 2866; x_wconf 82' lang='lat' dir='ltr'><strong>villicum</strong></span> <span class='ocrx_word' id='word_1_201' title='bbox 1190 2815 1494 2882; x_wconf 77' lang='lat' dir='ltr'><strong>iniquitatis,</strong></span> <span class='ocrx_word' id='word_1_202' title='bbox 1535 2817 1655 2885; x_wconf 79' lang='lat' dir='ltr'><strong>quia</strong></span> <span class='ocrx_word' id='word_1_203' title='bbox 1695 2817 1972 2885; x_wconf 76' lang='lat' dir='ltr'><strong>prudenter</strong></span> 
     </span>
    </p>
   </div>
   <div class='ocr_carea' id='block_1_29' title="bbox 346 2902 1970 2974">
    <p class='ocr_par' dir='ltr' id='par_1_29' title="bbox 346 2902 1970 2974">
     <span class='ocr_line' id='line_1_29' title="bbox 346 2902 1970 2974; baseline 0.006 -16"><span class='ocrx_word' id='word_1_204' title='bbox 346 2937 357 2944; x_wconf 83' lang='grc'><strong><em>-</em></strong></span> <span class='ocrx_word' id='word_1_205' title='bbox 387 2902 607 2974; x_wconf 63' lang='lat' dir='ltr'><strong>fecisset.</strong></span> <span class='ocrx_word' id='word_1_206' title='bbox 658 2903 786 2959; x_wconf 86' lang='lat' dir='ltr'><strong>Mira</strong></span> <span class='ocrx_word' id='word_1_207' title='bbox 822 2907 943 2961; x_wconf 88' lang='lat' dir='ltr'><strong>res!</strong></span> <span class='ocrx_word' id='word_1_208' title='bbox 990 2908 1162 2962; x_wconf 89' lang='lat' dir='ltr'><strong>malus</strong></span> <span class='ocrx_word' id='word_1_209' title='bbox 1197 2920 1277 2963; x_wconf 87' lang='lat' dir='ltr'><strong>est</strong></span> <span class='ocrx_word' id='word_1_210' title='bbox 1306 2907 1550 2973; x_wconf 84' lang='lat' dir='ltr'><strong>villicus,</strong></span> <span class='ocrx_word' id='word_1_211' title='bbox 1596 2921 1648 2964; x_wconf 90' lang='lat' dir='ltr'><strong>et</strong></span> <span class='ocrx_word' id='word_1_212' title='bbox 1680 2911 1970 2967; x_wconf 90' lang='lat' dir='ltr'><strong>laudatur:</strong></span> 
     </span>
    </p>
   </div>
   <div class='ocr_carea' id='block_1_30' title="bbox 387 2995 1972 3075">
    <p class='ocr_par' dir='ltr' id='par_1_30' title="bbox 387 2995 1972 3075">
     <span class='ocr_line' id='line_1_30' title="bbox 387 2995 1972 3075; baseline 0.005 -23"><span class='ocrx_word' id='word_1_213' title='bbox 387 2995 530 3052; x_wconf 90' lang='lat' dir='ltr'><strong>male</strong></span> <span class='ocrx_word' id='word_1_214' title='bbox 557 2995 909 3067; x_wconf 86' lang='lat' dir='ltr'><strong>dispensavit,</strong></span> <span class='ocrx_word' id='word_1_215' title='bbox 941 3009 995 3054; x_wconf 90' lang='lat' dir='ltr'><strong>et</strong></span> <span class='ocrx_word' id='word_1_216' title='bbox 1025 3001 1259 3070; x_wconf 88' lang='lat' dir='ltr'><strong>parcitur</strong></span> <span class='ocrx_word' id='word_1_217' title='bbox 1286 3019 1298 3055; x_wconf 92' lang='lat'><strong>:</strong></span> <span class='ocrx_word' id='word_1_218' title='bbox 1346 3018 1452 3057; x_wconf 91' lang='lat' dir='ltr'><strong>non</strong></span> <span class='ocrx_word' id='word_1_219' title='bbox 1495 3004 1801 3058; x_wconf 88' lang='lat' dir='ltr'><strong>emendavit</strong></span> <span class='ocrx_word' id='word_1_220' title='bbox 1832 3004 1972 3075; x_wconf 92' lang='lat' dir='ltr'><strong>quod</strong></span> 
     </span>
    </p>
   </div>
   <div class='ocr_carea' id='block_1_31' title="bbox 389 3090 1973 3167">
    <p class='ocr_par' dir='ltr' id='par_1_31' title="bbox 389 3090 1973 3167">
     <span class='ocr_line' id='line_1_31' title="bbox 389 3090 1973 3167; baseline 0.005 -22"><span class='ocrx_word' id='word_1_221' title='bbox 389 3090 540 3157; x_wconf 87' lang='lat' dir='ltr'><strong>fecit,</strong></span> <span class='ocrx_word' id='word_1_222' title='bbox 572 3099 627 3145; x_wconf 92' lang='lat' dir='ltr'><strong>et</strong></span> <span class='ocrx_word' id='word_1_223' title='bbox 659 3091 984 3164; x_wconf 84' lang='lat' dir='ltr'><strong>indulgetur.</strong></span> <span class='ocrx_word' id='word_1_224' title='bbox 1018 3092 1157 3150; x_wconf 85' lang='lat' dir='ltr'><strong>Vere</strong></span> <span class='ocrx_word' id='word_1_225' title='bbox 1186 3096 1479 3165; x_wconf 87' lang='lat' dir='ltr'><strong>prudenter</strong></span> <span class='ocrx_word' id='word_1_226' title='bbox 1505 3097 1633 3166; x_wconf 86' lang='lat' dir='ltr'><strong>egit,</strong></span> <span class='ocrx_word' id='word_1_227' title='bbox 1666 3098 1785 3167; x_wconf 89' lang='lat' dir='ltr'><strong>quia</strong></span> <span class='ocrx_word' id='word_1_228' title='bbox 1818 3098 1973 3153; x_wconf 72' lang='lat' dir='ltr'><strong>diuti-</strong></span> 
     </span>
    </p>
   </div>
   <div class='ocr_carea' id='block_1_32' title="bbox 389 3182 1973 3258">
    <p class='ocr_par' dir='ltr' id='par_1_32' title="bbox 389 3182 1973 3258">
     <span class='ocr_line' id='line_1_32' title="bbox 389 3182 1973 3258; baseline 0.004 -22"><span class='ocrx_word' id='word_1_229' title='bbox 389 3182 461 3237; x_wconf 90' lang='lat' dir='ltr'><strong>sit</strong></span> <span class='ocrx_word' id='word_1_230' title='bbox 493 3196 679 3252; x_wconf 87' lang='lat' dir='ltr'><strong>pauca,</strong></span> <span class='ocrx_word' id='word_1_231' title='bbox 711 3193 769 3238; x_wconf 91' lang='lat' dir='ltr'><strong>ut</strong></span> <span class='ocrx_word' id='word_1_232' title='bbox 799 3184 1064 3255; x_wconf 88' lang='lat' dir='ltr'><strong>reciperet</strong></span> <span class='ocrx_word' id='word_1_233' title='bbox 1095 3186 1245 3255; x_wconf 90' lang='lat' dir='ltr'><strong>plura</strong></span> <span class='ocrx_word' id='word_1_234' title='bbox 1274 3204 1287 3240; x_wconf 91' lang='lat'><strong>:</strong></span> <span class='ocrx_word' id='word_1_235' title='bbox 1321 3188 1521 3243; x_wconf 88' lang='lat' dir='ltr'><strong>dimisit</strong></span> <span class='ocrx_word' id='word_1_236' title='bbox 1550 3188 1889 3258; x_wconf 90' lang='lat' dir='ltr'><strong>temporalia,</strong></span> <span class='ocrx_word' id='word_1_237' title='bbox 1916 3197 1973 3244; x_wconf 89' lang='lat' dir='ltr'><strong>ut</strong></span> 
     </span>
    </p>
   </div>
   <div class='ocr_carea' id='block_1_33' title="bbox 2058 674 3639 749">
    <p class='ocr_par' dir='ltr' id='par_1_33' title="bbox 2058 674 3639 749">
     <span class='ocr_line' id='line_1_33' title="bbox 2058 674 3639 749; baseline 0.007 -21"><span class='ocrx_word' id='word_1_238' title='bbox 2058 674 2349 744; x_wconf 89' lang='lat' dir='ltr'><strong>incurrere,</strong></span> <span class='ocrx_word' id='word_1_239' title='bbox 2398 677 2682 734; x_wconf 87' lang='lat' dir='ltr'><strong>homicidia</strong></span> <span class='ocrx_word' id='word_1_240' title='bbox 2713 677 2913 749; x_wconf 86' lang='lat' dir='ltr'><strong>facere,</strong></span> <span class='ocrx_word' id='word_1_241' title='bbox 2946 681 3095 737; x_wconf 88' lang='lat' dir='ltr'><strong>dolos</strong></span> <span class='ocrx_word' id='word_1_242' title='bbox 3127 681 3420 737; x_wconf 88' lang='lat' dir='ltr'><strong>machinari</strong></span> <span class='ocrx_word' id='word_1_243' title='bbox 3452 692 3639 740; x_wconf 85' lang='lat' dir='ltr'><strong>contra</strong></span> 
     </span>
    </p>
   </div>
   <div class='ocr_carea' id='block_1_34' title="bbox 2059 769 3637 846">
    <p class='ocr_par' dir='ltr' id='par_1_34' title="bbox 2059 769 3637 846">
     <span class='ocr_line' id='line_1_34' title="bbox 2059 769 3637 846; baseline 0.006 -27"><span class='ocrx_word' id='word_1_244' title='bbox 2059 769 2352 836; x_wconf 75' lang='lat' dir='ltr'><strong>proximos,</strong></span> <span class='ocrx_word' id='word_1_245' title='bbox 2396 784 2571 824; x_wconf 88' lang='lat' dir='ltr'><strong>rerum</strong></span> <span class='ocrx_word' id='word_1_246' title='bbox 2606 770 3017 826; x_wconf 81' lang='lat' dir='ltr'><strong>domeSticarum</strong></span> <span class='ocrx_word' id='word_1_247' title='bbox 3052 778 3104 826; x_wconf 89' lang='lat' dir='ltr'><strong>et</strong></span> <span class='ocrx_word' id='word_1_248' title='bbox 3135 772 3473 828; x_wconf 90' lang='lat' dir='ltr'><strong>dominorum</strong></span> <span class='ocrx_word' id='word_1_249' title='bbox 3506 789 3637 846; x_wconf 85' lang='lat' dir='ltr'><strong>pro-</strong></span> 
     </span>
    </p>
   </div>
   <div class='ocr_carea' id='block_1_35' title="bbox 2058 859 3640 935">
    <p class='ocr_par' dir='ltr' id='par_1_35' title="bbox 2058 859 3640 935">
     <span class='ocr_line' id='line_1_35' title="bbox 2058 859 3640 935; baseline 0.005 -22"><span class='ocrx_word' id='word_1_250' title='bbox 2058 859 2259 916; x_wconf 88' lang='lat' dir='ltr'><strong>ditores</strong></span> <span class='ocrx_word' id='word_1_251' title='bbox 2286 875 2406 918; x_wconf 89' lang='lat' dir='ltr'><strong>esse</strong></span> <span class='ocrx_word' id='word_1_252' title='bbox 2448 862 2948 931; x_wconf 79' lang='lat' dir='ltr'><strong>propter-divitias?</strong></span> <span class='ocrx_word' id='word_1_253' title='bbox 2995 864 3054 919; x_wconf 89' lang='lat' dir='ltr'><strong>lli</strong></span> <span class='ocrx_word' id='word_1_254' title='bbox 3087 874 3211 919; x_wconf 88' lang='lat' dir='ltr'><strong>sunt</strong></span> <span class='ocrx_word' id='word_1_255' title='bbox 3251 881 3343 935; x_wconf 89' lang='lat' dir='ltr'><strong>pro</strong></span> <span class='ocrx_word' id='word_1_256' title='bbox 3374 864 3640 935; x_wconf 82' lang='lat' dir='ltr'><strong>iniquitate</strong></span> 
     </span>
    </p>
   </div>
   <div class='ocr_carea' id='block_1_36' title="bbox 2060 953 3641 1027">
    <p class='ocr_par' dir='ltr' id='par_1_36' title="bbox 2060 953 3641 1027">
     <span class='ocr_line' id='line_1_36' title="bbox 2060 953 3641 1027; baseline 0.005 -20"><span class='ocrx_word' id='word_1_257' title='bbox 2060 953 2276 1008; x_wconf 87' lang='lat' dir='ltr'><strong>tentoria</strong></span> <span class='ocrx_word' id='word_1_258' title='bbox 2308 953 2611 1023; x_wconf 62' lang='lat' dir='ltr'><strong>zEthiopiaz.</strong></span> <span class='ocrx_word' id='word_1_259' title='bbox 2655 954 2762 1012; x_wconf 92' lang='lat' dir='ltr'><strong>Sed</strong></span> <span class='ocrx_word' id='word_1_260' title='bbox 2789 971 2907 1011; x_wconf 89' lang='lat' dir='ltr'><strong>cum</strong></span> <span class='ocrx_word' id='word_1_261' title='bbox 2938 956 3149 1012; x_wconf 89' lang='lat' dir='ltr'><strong>villicus</strong></span> <span class='ocrx_word' id='word_1_262' title='bbox 3182 955 3369 1013; x_wconf 85' lang='lat' dir='ltr'><strong>fecerit</strong></span> <span class='ocrx_word' id='word_1_263' title='bbox 3394 958 3641 1027; x_wconf 88' lang='lat' dir='ltr'><strong>superius</strong></span> 
     </span>
    </p>
   </div>
   <div class='ocr_carea' id='block_1_37' title="bbox 2059 1047 3642 1120">
    <p class='ocr_par' dir='ltr' id='par_1_37' title="bbox 2059 1047 3642 1120">
     <span class='ocr_line' id='line_1_37' title="bbox 2059 1047 3642 1120; baseline 0.004 -17"><span class='ocrx_word' id='word_1_264' title='bbox 2059 1056 2111 1103; x_wconf 91' lang='lat' dir='ltr'><strong>et</strong></span> <span class='ocrx_word' id='word_1_265' title='bbox 2161 1047 2228 1103; x_wconf 91' lang='lat' dir='ltr'><strong>de</strong></span> <span class='ocrx_word' id='word_1_266' title='bbox 2275 1048 2638 1118; x_wconf 91' lang='lat' dir='ltr'><strong>spiritualibus</strong></span> <span class='ocrx_word' id='word_1_267' title='bbox 2688 1063 2743 1104; x_wconf 89' lang='lat' dir='ltr'><strong>et</strong></span> <span class='ocrx_word' id='word_1_268' title='bbox 2787 1050 3156 1120; x_wconf 87' lang='lat' dir='ltr'><strong>corporalibus</strong></span> <span class='ocrx_word' id='word_1_269' title='bbox 3187 1092 3203 1119; x_wconf 93' lang='lat'><strong>,</strong></span> <span class='ocrx_word' id='word_1_270' title='bbox 3255 1066 3351 1106; x_wconf 91' lang='lat' dir='ltr'><strong>cur</strong></span> <span class='ocrx_word' id='word_1_271' title='bbox 3384 1051 3642 1109; x_wconf 86' lang='lat' dir='ltr'><strong>Dominus</strong></span> 
     </span>
    </p>
   </div>
   <div class='ocr_carea' id='block_1_38' title="bbox 2060 1136 3648 1215">
    <p class='ocr_par' dir='ltr' id='par_1_38' title="bbox 2060 1136 3648 1215">
     <span class='ocr_line' id='line_1_38' title="bbox 2060 1136 3648 1215; baseline 0.004 -19"><span class='ocrx_word' id='word_1_272' title='bbox 2060 1141 2217 1196; x_wconf 83' lang='lat' dir='ltr'><strong>linem</strong></span> <span class='ocrx_word' id='word_1_273' title='bbox 2248 1142 2521 1197; x_wconf 91' lang='lat' dir='ltr'><strong>concludit</strong></span> <span class='ocrx_word' id='word_1_274' title='bbox 2552 1142 2822 1213; x_wconf 63' lang='lat' dir='ltr'><strong>parabolm</strong></span> <span class='ocrx_word' id='word_1_275' title='bbox 2851 1158 2959 1198; x_wconf 81' lang='lat' dir='ltr'><strong>suae</strong></span> <span class='ocrx_word' id='word_1_276' title='bbox 2982 1142 3048 1199; x_wconf 92' lang='lat' dir='ltr'><strong>de</strong></span> <span class='ocrx_word' id='word_1_277' title='bbox 3073 1144 3204 1200; x_wconf 76' lang='lat' dir='ltr'><strong>solis</strong></span> <span class='ocrx_word' id='word_1_278' title='bbox 3231 1136 3648 1215; x_wconf 67' lang='lat' dir='ltr'><strong>corporalibus?</strong></span> 
     </span>
    </p>
   </div>
   <div class='ocr_carea' id='block_1_39' title="bbox 2061 1232 3642 1306">
    <p class='ocr_par' dir='ltr' id='par_1_39' title="bbox 2061 1232 3642 1306">
     <span class='ocr_line' id='line_1_39' title="bbox 2061 1232 3642 1306; baseline 0.003 -18"><span class='ocrx_word' id='word_1_279' title='bbox 2061 1232 2227 1288; x_wconf 89' lang='lat' dir='ltr'><strong>Citius</strong></span> <span class='ocrx_word' id='word_1_280' title='bbox 2272 1233 2584 1290; x_wconf 89' lang='lat' dir='ltr'><strong>dimittimus</strong></span> <span class='ocrx_word' id='word_1_281' title='bbox 2615 1235 2867 1305; x_wconf 89' lang='lat' dir='ltr'><strong>injuriam</strong></span> <span class='ocrx_word' id='word_1_282' title='bbox 2899 1234 3093 1290; x_wconf 88' lang='lat' dir='ltr'><strong>factam</strong></span> <span class='ocrx_word' id='word_1_283' title='bbox 3142 1250 3299 1306; x_wconf 79' lang='lat' dir='ltr'><strong>quam</strong></span> <span class='ocrx_word' id='word_1_284' title='bbox 3351 1236 3642 1305; x_wconf 69' lang='lat' dir='ltr'><strong>praestitam</strong></span> 
     </span>
    </p>
   </div>
   <div class='ocr_carea' id='block_1_40' title="bbox 2062 1327 3644 1398">
    <p class='ocr_par' dir='ltr' id='par_1_40' title="bbox 2062 1327 3644 1398">
     <span class='ocr_line' id='line_1_40' title="bbox 2062 1327 3644 1398; baseline 0.003 -19"><span class='ocrx_word' id='word_1_285' title='bbox 2062 1329 2371 1397; x_wconf 88' lang='lat' dir='ltr'><strong>pecuniam;</strong></span> <span class='ocrx_word' id='word_1_286' title='bbox 2406 1327 2612 1382; x_wconf 91' lang='lat' dir='ltr'><strong>facilius</strong></span> <span class='ocrx_word' id='word_1_287' title='bbox 2633 1328 2823 1383; x_wconf 88' lang='lat' dir='ltr'><strong>damus</strong></span> <span class='ocrx_word' id='word_1_288' title='bbox 2847 1327 3003 1382; x_wconf 82' lang='lat' dir='ltr'><strong>fidem</strong></span> <span class='ocrx_word' id='word_1_289' title='bbox 3030 1343 3187 1397; x_wconf 91' lang='lat' dir='ltr'><strong>quam</strong></span> <span class='ocrx_word' id='word_1_290' title='bbox 3218 1329 3644 1398; x_wconf 88' lang='lat' dir='ltr'><strong>possessionem;</strong></span> 
     </span>
    </p>
   </div>
   <div class='ocr_carea' id='block_1_41' title="bbox 2065 1418 3646 1493">
    <p class='ocr_par' dir='ltr' id='par_1_41' title="bbox 2065 1418 3646 1493">
     <span class='ocr_line' id='line_1_41' title="bbox 2065 1418 3646 1493; baseline 0.003 -18"><span class='ocrx_word' id='word_1_291' title='bbox 2065 1421 2341 1491; x_wconf 90' lang='lat' dir='ltr'><strong>proniores</strong></span> <span class='ocrx_word' id='word_1_292' title='bbox 2394 1436 2581 1475; x_wconf 91' lang='lat' dir='ltr'><strong>sumus</strong></span> <span class='ocrx_word' id='word_1_293' title='bbox 2631 1421 2901 1476; x_wconf 88' lang='lat' dir='ltr'><strong>dimittere</strong></span> <span class='ocrx_word' id='word_1_294' title='bbox 2953 1418 3075 1477; x_wconf 90' lang='lat' dir='ltr'><strong>odia</strong></span> <span class='ocrx_word' id='word_1_295' title='bbox 3130 1438 3287 1493; x_wconf 89' lang='lat' dir='ltr'><strong>quam</strong></span> <span class='ocrx_word' id='word_1_296' title='bbox 3342 1423 3646 1493; x_wconf 80' lang='lat' dir='ltr'><strong>expendere</strong></span> 
     </span>
    </p>
   </div>
   <div class='ocr_carea' id='block_1_42' title="bbox 2063 1514 3642 1585">
    <p class='ocr_par' dir='ltr' id='par_1_42' title="bbox 2063 1514 3642 1585">
     <span class='ocr_line' id='line_1_42' title="bbox 2063 1514 3642 1585; baseline 0.002 -15"><span class='ocrx_word' id='word_1_297' title='bbox 2063 1525 2265 1570; x_wconf 90' lang='lat' dir='ltr'><strong>nostra.</strong></span> <span class='ocrx_word' id='word_1_298' title='bbox 2314 1515 2435 1569; x_wconf 85' lang='lat' dir='ltr'><strong>ideo</strong></span> <span class='ocrx_word' id='word_1_299' title='bbox 2466 1514 2724 1570; x_wconf 88' lang='lat' dir='ltr'><strong>Dominus</strong></span> <span class='ocrx_word' id='word_1_300' title='bbox 2757 1515 3013 1585; x_wconf 84' lang='lat' dir='ltr'><strong>parabola</strong></span> <span class='ocrx_word' id='word_1_301' title='bbox 3046 1516 3198 1571; x_wconf 91' lang='lat' dir='ltr'><strong>nobis</strong></span> <span class='ocrx_word' id='word_1_302' title='bbox 3232 1515 3295 1569; x_wconf 88' lang='lat' dir='ltr'><strong>ad</strong></span> <span class='ocrx_word' id='word_1_303' title='bbox 3326 1516 3642 1573; x_wconf 84' lang='lat' dir='ltr'><strong>misericor-</strong></span> 
     </span>
    </p>
   </div>
   <div class='ocr_carea' id='block_1_43' title="bbox 2064 1608 3650 1679">
    <p class='ocr_par' dir='ltr' id='par_1_43' title="bbox 2064 1608 3650 1679">
     <span class='ocr_line' id='line_1_43' title="bbox 2064 1608 3650 1679; baseline -0.001 -15"><span class='ocrx_word' id='word_1_304' title='bbox 2064 1609 2204 1664; x_wconf 87' lang='lat' dir='ltr'><strong>diam</strong></span> <span class='ocrx_word' id='word_1_305' title='bbox 2248 1609 2542 1674; x_wconf 90' lang='lat' dir='ltr'><strong>instructis,</strong></span> <span class='ocrx_word' id='word_1_306' title='bbox 2591 1609 2641 1663; x_wconf 90' lang='lat' dir='ltr'><strong>iu</strong></span> <span class='ocrx_word' id='word_1_307' title='bbox 2680 1624 2740 1664; x_wconf 86' lang='lat' dir='ltr'><strong>ea</strong></span> <span class='ocrx_word' id='word_1_308' title='bbox 2777 1618 2925 1679; x_wconf 89' lang='lat' dir='ltr'><strong>parte</strong></span> <span class='ocrx_word' id='word_1_309' title='bbox 2958 1608 3351 1664; x_wconf 71' lang='lat' dir='ltr'><strong>misericordia:</strong></span> <span class='ocrx_word' id='word_1_310' title='bbox 3380 1609 3650 1665; x_wconf 89' lang='lat' dir='ltr'><strong>concludit</strong></span> 
     </span>
    </p>
   </div>
   <div class='ocr_carea' id='block_1_44' title="bbox 2065 1700 3647 1772">
    <p class='ocr_par' dir='ltr' id='par_1_44' title="bbox 2065 1700 3647 1772">
     <span class='ocr_line' id='line_1_44' title="bbox 2065 1700 3647 1772; baseline 0.001 -16"><span class='ocrx_word' id='word_1_311' title='bbox 2065 1716 2392 1765; x_wconf 88' lang='lat' dir='ltr'><strong>sermonem,</strong></span> <span class='ocrx_word' id='word_1_312' title='bbox 2424 1716 2581 1771; x_wconf 89' lang='lat' dir='ltr'><strong>quam</strong></span> <span class='ocrx_word' id='word_1_313' title='bbox 2614 1702 2761 1756; x_wconf 90' lang='lat' dir='ltr'><strong>novit</strong></span> <span class='ocrx_word' id='word_1_314' title='bbox 2785 1716 2906 1757; x_wconf 90' lang='lat' dir='ltr'><strong>esse</strong></span> <span class='ocrx_word' id='word_1_315' title='bbox 2935 1700 3074 1772; x_wconf 89' lang='lat' dir='ltr'><strong>apud</strong></span> <span class='ocrx_word' id='word_1_316' title='bbox 3106 1701 3348 1756; x_wconf 85' lang='lat' dir='ltr'><strong>homines</strong></span> <span class='ocrx_word' id='word_1_317' title='bbox 3378 1700 3647 1757; x_wconf 82' lang='lat' dir='ltr'><strong>difﬁcilio-</strong></span> 
     </span>
    </p>
   </div>
   <div class='ocr_carea' id='block_1_45' title="bbox 2067 1794 3650 1861">
    <p class='ocr_par' dir='ltr' id='par_1_45' title="bbox 2067 1794 3650 1861">
     <span class='ocr_line' id='line_1_45' title="bbox 2067 1794 3650 1861; baseline -0.001 -9"><span class='ocrx_word' id='word_1_318' title='bbox 2067 1812 2211 1861; x_wconf 88' lang='lat' dir='ltr'><strong>rem;</strong></span> <span class='ocrx_word' id='word_1_319' title='bbox 2264 1805 2317 1850; x_wconf 89' lang='lat' dir='ltr'><strong>et</strong></span> <span class='ocrx_word' id='word_1_320' title='bbox 2364 1795 2427 1850; x_wconf 91' lang='lat' dir='ltr'><strong>ad</strong></span> <span class='ocrx_word' id='word_1_321' title='bbox 2478 1812 2595 1850; x_wconf 89' lang='lat' dir='ltr'><strong>eam</strong></span> <span class='ocrx_word' id='word_1_322' title='bbox 2642 1810 2739 1850; x_wconf 91' lang='lat' dir='ltr'><strong>nos</strong></span> <span class='ocrx_word' id='word_1_323' title='bbox 2780 1796 2992 1851; x_wconf 82' lang='lat' dir='ltr'><strong>enixius</strong></span> <span class='ocrx_word' id='word_1_324' title='bbox 3037 1794 3278 1851; x_wconf 88' lang='lat' dir='ltr'><strong>hortatur</strong></span> <span class='ocrx_word' id='word_1_325' title='bbox 3313 1795 3364 1849; x_wconf 90' lang='lat' dir='ltr'><strong>in</strong></span> <span class='ocrx_word' id='word_1_326' title='bbox 3408 1795 3542 1861; x_wconf 87' lang='lat' dir='ltr'><strong>line,</strong></span> <span class='ocrx_word' id='word_1_327' title='bbox 3583 1794 3650 1851; x_wconf 88' lang='lat' dir='ltr'><strong>ad</strong></span> 
     </span>
    </p>
   </div>
   <div class='ocr_carea' id='block_1_46' title="bbox 2070 1887 3649 1961">
    <p class='ocr_par' dir='ltr' id='par_1_46' title="bbox 2070 1887 3649 1961">
     <span class='ocr_line' id='line_1_46' title="bbox 2070 1887 3649 1961; baseline -0.004 -16"><span class='ocrx_word' id='word_1_328' title='bbox 2070 1904 2228 1961; x_wconf 88' lang='lat' dir='ltr'><strong>quam</strong></span> <span class='ocrx_word' id='word_1_329' title='bbox 2258 1888 2404 1944; x_wconf 89' lang='lat' dir='ltr'><strong>videt</strong></span> <span class='ocrx_word' id='word_1_330' title='bbox 2449 1903 2544 1943; x_wconf 92' lang='lat' dir='ltr'><strong>nos</strong></span> <span class='ocrx_word' id='word_1_331' title='bbox 2586 1887 2861 1943; x_wconf 86' lang='lat' dir='ltr'><strong>difficilius</strong></span> <span class='ocrx_word' id='word_1_332' title='bbox 2892 1887 3173 1953; x_wconf 91' lang='lat' dir='ltr'><strong>inclinari,</strong></span> <span class='ocrx_word' id='word_1_333' title='bbox 3207 1888 3329 1957; x_wconf 89' lang='lat' dir='ltr'><strong>quia</strong></span> <span class='ocrx_word' id='word_1_334' title='bbox 3363 1887 3545 1941; x_wconf 86' lang='lat' dir='ltr'><strong>melior</strong></span> <span class='ocrx_word' id='word_1_335' title='bbox 3572 1894 3649 1940; x_wconf 87' lang='lat' dir='ltr'><strong>est</strong></span> 
     </span>
    </p>
   </div>
   <div class='ocr_carea' id='block_1_47' title="bbox 2072 1976 3652 2053">
    <p class='ocr_par' dir='ltr' id='par_1_47' title="bbox 2072 1976 3652 2053">
     <span class='ocr_line' id='line_1_47' title="bbox 2072 1976 3652 2053; baseline -0.003 -17"><span class='ocrx_word' id='word_1_336' title='bbox 2072 1983 2189 2053; x_wconf 82' lang='lat' dir='ltr'><strong>ﬁnis</strong></span> <span class='ocrx_word' id='word_1_337' title='bbox 2221 1982 2465 2036; x_wconf 82' lang='lat' dir='ltr'><strong>orationis</strong></span> <span class='ocrx_word' id='word_1_338' title='bbox 2503 1998 2657 2051; x_wconf 89' lang='lat' dir='ltr'><strong>quam</strong></span> <span class='ocrx_word' id='word_1_339' title='bbox 2698 1979 3030 2050; x_wconf 81' lang='lat' dir='ltr'><strong>principium.</strong></span> <span class='ocrx_word' id='word_1_340' title='bbox 3088 1977 3367 2034; x_wconf 85' lang='lat' dir='ltr'><strong>Faciamus</strong></span> <span class='ocrx_word' id='word_1_341' title='bbox 3413 1992 3541 2049; x_wconf 89' lang='lat' dir='ltr'><strong>ergo</strong></span> <span class='ocrx_word' id='word_1_342' title='bbox 3585 1976 3652 2032; x_wconf 88' lang='lat' dir='ltr'><strong>de</strong></span> 
     </span>
    </p>
   </div>
   <div class='ocr_carea' id='block_1_48' title="bbox 2072 2069 3653 2144">
    <p class='ocr_par' dir='ltr' id='par_1_48' title="bbox 2072 2069 3653 2144">
     <span class='ocr_line' id='line_1_48' title="bbox 2072 2069 3653 2144; baseline -0.004 -14"><span class='ocrx_word' id='word_1_343' title='bbox 2072 2076 2270 2130; x_wconf 90' lang='lat' dir='ltr'><strong>divitiis</strong></span> <span class='ocrx_word' id='word_1_344' title='bbox 2319 2073 2617 2144; x_wconf 87' lang='lat' dir='ltr'><strong>iniquitatis</strong></span> <span class='ocrx_word' id='word_1_345' title='bbox 2666 2072 2907 2138; x_wconf 85' lang='lat' dir='ltr'><strong>amicos,</strong></span> <span class='ocrx_word' id='word_1_346' title='bbox 2958 2071 3280 2143; x_wconf 85' lang='lat' dir='ltr'><strong>pauperibus</strong></span> <span class='ocrx_word' id='word_1_347' title='bbox 3327 2085 3419 2126; x_wconf 85' lang='lat' dir='ltr'><strong>eas</strong></span> <span class='ocrx_word' id='word_1_348' title='bbox 3466 2069 3653 2125; x_wconf 90' lang='lat' dir='ltr'><strong>distri-</strong></span> 
     </span>
    </p>
   </div>
   <div class='ocr_carea' id='block_1_49' title="bbox 2072 2161 3653 2235">
    <p class='ocr_par' dir='ltr' id='par_1_49' title="bbox 2072 2161 3653 2235">
     <span class='ocr_line' id='line_1_49' title="bbox 2072 2161 3653 2235; baseline -0.006 -10"><span class='ocrx_word' id='word_1_349' title='bbox 2072 2169 2306 2234; x_wconf 87' lang='lat' dir='ltr'><strong>buendo,</strong></span> <span class='ocrx_word' id='word_1_350' title='bbox 2340 2178 2393 2222; x_wconf 91' lang='lat' dir='ltr'><strong>et</strong></span> <span class='ocrx_word' id='word_1_351' title='bbox 2421 2167 2753 2223; x_wconf 81' lang='lat' dir='ltr'><strong>debitoribus</strong></span> <span class='ocrx_word' id='word_1_352' title='bbox 2781 2174 2941 2235; x_wconf 88' lang='lat' dir='ltr'><strong>atque</strong></span> <span class='ocrx_word' id='word_1_353' title='bbox 2986 2164 3071 2220; x_wconf 90' lang='lat' dir='ltr'><strong>his</strong></span> <span class='ocrx_word' id='word_1_354' title='bbox 3097 2165 3186 2233; x_wconf 89' lang='lat' dir='ltr'><strong>qui</strong></span> <span class='ocrx_word' id='word_1_355' title='bbox 3215 2178 3307 2219; x_wconf 89' lang='lat' dir='ltr'><strong>eas</strong></span> <span class='ocrx_word' id='word_1_356' title='bbox 3334 2161 3653 2219; x_wconf 85' lang='lat' dir='ltr'><strong>abstulerint</strong></span> 
     </span>
    </p>
   </div>
   <div class='ocr_carea' id='block_1_50' title="bbox 2076 2257 3656 2329">
    <p class='ocr_par' dir='ltr' id='par_1_50' title="bbox 2076 2257 3656 2329">
     <span class='ocr_line' id='line_1_50' title="bbox 2076 2257 3656 2329; baseline -0.004 -13"><span class='ocrx_word' id='word_1_357' title='bbox 2076 2260 2415 2316; x_wconf 81' lang='lat' dir='ltr'><strong>dimittenda.</strong></span> <span class='ocrx_word' id='word_1_358' title='bbox 2448 2257 2552 2314; x_wconf 89' lang='lat' dir='ltr'><strong>Sed</strong></span> <span class='ocrx_word' id='word_1_359' title='bbox 2584 2258 2703 2329; x_wconf 89' lang='lat' dir='ltr'><strong>quia</strong></span> <span class='ocrx_word' id='word_1_360' title='bbox 2735 2258 3030 2328; x_wconf 78' lang='lat' dir='ltr'><strong>iniquitatis</strong></span> <span class='ocrx_word' id='word_1_361' title='bbox 3062 2257 3263 2313; x_wconf 79' lang='lat' dir='ltr'><strong>divitiae</strong></span> <span class='ocrx_word' id='word_1_362' title='bbox 3292 2257 3410 2312; x_wconf 71' lang='lat' dir='ltr'><strong>aliae</strong></span> <span class='ocrx_word' id='word_1_363' title='bbox 3438 2264 3656 2326; x_wconf 87' lang='lat' dir='ltr'><strong>paterna</strong></span> 
     </span>
    </p>
   </div>
   <div class='ocr_carea' id='block_1_51' title="bbox 2072 2349 3659 2425">
    <p class='ocr_par' dir='ltr' id='par_1_51' title="bbox 2072 2349 3659 2425">
     <span class='ocr_line' id='line_1_51' title="bbox 2072 2349 3659 2425; baseline -0.005 -15"><span class='ocrx_word' id='word_1_364' title='bbox 2072 2354 2417 2425; x_wconf 87' lang='lat' dir='ltr'><strong>possidentur</strong></span> <span class='ocrx_word' id='word_1_365' title='bbox 2464 2352 2845 2417; x_wconf 86' lang='lat' dir='ltr'><strong>successione,</strong></span> <span class='ocrx_word' id='word_1_366' title='bbox 2904 2353 3021 2405; x_wconf 72' lang='lat' dir='ltr'><strong>alite</strong></span> <span class='ocrx_word' id='word_1_367' title='bbox 3069 2350 3213 2420; x_wconf 89' lang='lat' dir='ltr'><strong>justo</strong></span> <span class='ocrx_word' id='word_1_368' title='bbox 3264 2349 3659 2406; x_wconf 82' lang='lat' dir='ltr'><strong>conquiruntur</strong></span> 
     </span>
    </p>
   </div>
   <div class='ocr_carea' id='block_1_52' title="bbox 2075 2440 3658 2515">
    <p class='ocr_par' dir='ltr' id='par_1_52' title="bbox 2075 2440 3658 2515">
     <span class='ocr_line' id='line_1_52' title="bbox 2075 2440 3658 2515; baseline -0.006 -12"><span class='ocrx_word' id='word_1_369' title='bbox 2075 2449 2280 2514; x_wconf 89' lang='lat' dir='ltr'><strong>labore,</strong></span> <span class='ocrx_word' id='word_1_370' title='bbox 2313 2446 2432 2501; x_wconf 73' lang='lat' dir='ltr'><strong>alia:</strong></span> <span class='ocrx_word' id='word_1_371' title='bbox 2462 2456 2786 2515; x_wconf 88' lang='lat' dir='ltr'><strong>usurpantur</strong></span> <span class='ocrx_word' id='word_1_372' title='bbox 2817 2459 2879 2498; x_wconf 87' lang='lat' dir='ltr'><strong>ex</strong></span> <span class='ocrx_word' id='word_1_373' title='bbox 2912 2443 3120 2499; x_wconf 87' lang='lat' dir='ltr'><strong>scelere</strong></span> <span class='ocrx_word' id='word_1_374' title='bbox 3146 2442 3231 2499; x_wconf 90' lang='lat' dir='ltr'><strong>vel</strong></span> <span class='ocrx_word' id='word_1_375' title='bbox 3264 2443 3560 2512; x_wconf 85' lang='lat' dir='ltr'><strong>impietate,</strong></span> <span class='ocrx_word' id='word_1_376' title='bbox 3587 2440 3658 2495; x_wconf 87' lang='lat' dir='ltr'><strong>de</strong></span> 
     </span>
    </p>
   </div>
   <div class='ocr_carea' id='block_1_53' title="bbox 2075 2531 3661 2604">
    <p class='ocr_par' dir='ltr' id='par_1_53' title="bbox 2075 2531 3661 2604">
     <span class='ocr_line' id='line_1_53' title="bbox 2075 2531 3661 2604; baseline -0.004 -11"><span class='ocrx_word' id='word_1_377' title='bbox 2075 2538 2158 2593; x_wconf 89' lang='lat' dir='ltr'><strong>his</strong></span> <span class='ocrx_word' id='word_1_378' title='bbox 2188 2546 2338 2593; x_wconf 92' lang='lat' dir='ltr'><strong>certe</strong></span> <span class='ocrx_word' id='word_1_379' title='bbox 2369 2537 2528 2591; x_wconf 90' lang='lat' dir='ltr'><strong>amici</strong></span> <span class='ocrx_word' id='word_1_380' title='bbox 2560 2550 2666 2590; x_wconf 90' lang='lat' dir='ltr'><strong>non</strong></span> <span class='ocrx_word' id='word_1_381' title='bbox 2699 2534 2833 2589; x_wconf 90' lang='lat' dir='ltr'><strong>fiunt</strong></span> <span class='ocrx_word' id='word_1_382' title='bbox 2861 2550 2980 2604; x_wconf 71' lang='lat' dir='ltr'><strong>qua:</strong></span> <span class='ocrx_word' id='word_1_383' title='bbox 3010 2534 3078 2589; x_wconf 86' lang='lat' dir='ltr'><strong>de</strong></span> <span class='ocrx_word' id='word_1_384' title='bbox 3106 2535 3312 2589; x_wconf 86' lang='lat' dir='ltr'><strong>scelere</strong></span> <span class='ocrx_word' id='word_1_385' title='bbox 3344 2532 3428 2588; x_wconf 88' lang='lat' dir='ltr'><strong>vel</strong></span> <span class='ocrx_word' id='word_1_386' title='bbox 3470 2531 3661 2601; x_wconf 84' lang='lat' dir='ltr'><strong>impie-</strong></span> 
     </span>
    </p>
   </div>
   <div class='ocr_carea' id='block_1_54' title="bbox 2075 2622 3662 2698">
    <p class='ocr_par' dir='ltr' id='par_1_54' title="bbox 2075 2622 3662 2698">
     <span class='ocr_line' id='line_1_54' title="bbox 2075 2622 3662 2698; baseline -0.006 -13"><span class='ocrx_word' id='word_1_387' title='bbox 2075 2640 2184 2685; x_wconf 88' lang='lat' dir='ltr'><strong>tate</strong></span> <span class='ocrx_word' id='word_1_388' title='bbox 2214 2631 2451 2684; x_wconf 89' lang='lat' dir='ltr'><strong>veuiunt.</strong></span> <span class='ocrx_word' id='word_1_389' title='bbox 2502 2627 2611 2683; x_wconf 85' lang='lat' dir='ltr'><strong>Nec</strong></span> <span class='ocrx_word' id='word_1_390' title='bbox 2646 2636 2793 2698; x_wconf 89' lang='lat' dir='ltr'><strong>putet</strong></span> <span class='ocrx_word' id='word_1_391' title='bbox 2821 2626 3100 2697; x_wconf 81' lang='lat' dir='ltr'><strong>quisquam</strong></span> <span class='ocrx_word' id='word_1_392' title='bbox 3146 2639 3214 2680; x_wconf 87' lang='lat' dir='ltr'><strong>ex</strong></span> <span class='ocrx_word' id='word_1_393' title='bbox 3262 2625 3345 2679; x_wconf 92' lang='lat' dir='ltr'><strong>his</strong></span> <span class='ocrx_word' id='word_1_394' title='bbox 3383 2622 3662 2693; x_wconf 88' lang='lat' dir='ltr'><strong>adjutores</strong></span> 
     </span>
    </p>
   </div>
   <div class='ocr_carea' id='block_1_55' title="bbox 2076 2713 3660 2791">
    <p class='ocr_par' dir='ltr' id='par_1_55' title="bbox 2076 2713 3660 2791">
     <span class='ocr_line' id='line_1_55' title="bbox 2076 2713 3660 2791; baseline -0.005 -16"><span class='ocrx_word' id='word_1_395' title='bbox 2076 2737 2317 2791; x_wconf 63' lang='lat' dir='ltr'><strong>quaerere</strong></span> <span class='ocrx_word' id='word_1_396' title='bbox 2347 2721 2538 2776; x_wconf 82' lang='lat' dir='ltr'><strong>Salutis</strong></span> <span class='ocrx_word' id='word_1_397' title='bbox 2563 2759 2579 2787; x_wconf 93' lang='lat'><strong>,</strong></span> <span class='ocrx_word' id='word_1_398' title='bbox 2630 2734 2762 2790; x_wconf 85' lang='lat' dir='ltr'><strong>quas</strong></span> <span class='ocrx_word' id='word_1_399' title='bbox 2794 2735 2859 2774; x_wconf 84' lang='lat' dir='ltr'><strong>ex</strong></span> <span class='ocrx_word' id='word_1_400' title='bbox 2892 2720 3246 2774; x_wconf 80' lang='lat' dir='ltr'><strong>mercimonio</strong></span> <span class='ocrx_word' id='word_1_401' title='bbox 3278 2717 3505 2771; x_wconf 86' lang='lat' dir='ltr'><strong>corrasit</strong></span> <span class='ocrx_word' id='word_1_402' title='bbox 3554 2713 3660 2769; x_wconf 90' lang='lat' dir='ltr'><strong>ini-</strong></span> 
     </span>
    </p>
   </div>
   <div class='ocr_carea' id='block_1_56' title="bbox 2075 2807 3662 2883">
    <p class='ocr_par' dir='ltr' id='par_1_56' title="bbox 2075 2807 3662 2883">
     <span class='ocr_line' id='line_1_56' title="bbox 2075 2807 3662 2883; baseline -0.003 -16"><span class='ocrx_word' id='word_1_403' title='bbox 2075 2815 2315 2883; x_wconf 75' lang='lat' dir='ltr'><strong>quitatis.</strong></span> <span class='ocrx_word' id='word_1_404' title='bbox 2368 2812 2640 2882; x_wconf 88' lang='lat' dir='ltr'><strong>Scriptum</strong></span> <span class='ocrx_word' id='word_1_405' title='bbox 2672 2820 2755 2867; x_wconf 89' lang='lat' dir='ltr'><strong>est</strong></span> <span class='ocrx_word' id='word_1_406' title='bbox 2783 2813 2923 2865; x_wconf 90' lang='lat' dir='ltr'><strong>enim</strong></span> <span class='ocrx_word' id='word_1_407' title='bbox 2956 2826 2968 2864; x_wconf 91' lang='lat'><strong>:</strong></span> <span class='ocrx_word' id='word_1_408' title='bbox 3004 2809 3204 2863; x_wconf 79' lang='lat' dir='ltr'><strong>Hostia:</strong></span> <span class='ocrx_word' id='word_1_409' title='bbox 3232 2809 3503 2879; x_wconf 87' lang='lat' dir='ltr'><strong>impiorum</strong></span> <span class='ocrx_word' id='word_1_410' title='bbox 3534 2807 3662 2862; x_wconf 87' lang='lat' dir='ltr'><strong>abo-</strong></span> 
     </span>
    </p>
   </div>
   <div class='ocr_carea' id='block_1_57' title="bbox 2077 2897 3662 2975">
    <p class='ocr_par' dir='ltr' id='par_1_57' title="bbox 2077 2897 3662 2975">
     <span class='ocr_line' id='line_1_57' title="bbox 2077 2897 3662 2975; baseline -0.006 -14"><span class='ocrx_word' id='word_1_411' title='bbox 2077 2906 2370 2970; x_wconf 79' lang='lat' dir='ltr'><strong>minabiles,</strong></span> <span class='ocrx_word' id='word_1_412' title='bbox 2418 2921 2536 2975; x_wconf 73' lang='lat' dir='ltr'><strong>qua:</strong></span> <span class='ocrx_word' id='word_1_413' title='bbox 2569 2905 2857 2973; x_wconf 75' lang='lat' dir='ltr'><strong>o/fernntur</strong></span> <span class='ocrx_word' id='word_1_414' title='bbox 2885 2918 2949 2957; x_wconf 80' lang='lat' dir='ltr'><strong>ea:</strong></span> <span class='ocrx_word' id='word_1_415' title='bbox 2979 2903 3163 2956; x_wconf 85' lang='lat' dir='ltr'><strong>scelere</strong></span> <span class='ocrx_word' id='word_1_416' title='bbox 3193 2898 3375 2969; x_wconf 82' lang='lat' dir='ltr'><strong>(Prov.</strong></span> <span class='ocrx_word' id='word_1_417' title='bbox 3412 2902 3545 2969; x_wconf 67' lang='grc' dir='ltr'><strong>χιι).</strong></span> <span class='ocrx_word' id='word_1_418' title='bbox 3597 2897 3662 2952; x_wconf 83' lang='lat' dir='ltr'><strong>Et</strong></span> 
     </span>
    </p>
   </div>
   <div class='ocr_carea' id='block_1_58' title="bbox 2076 2988 3664 3067">
    <p class='ocr_par' dir='ltr' id='par_1_58' title="bbox 2076 2988 3664 3067">
     <span class='ocr_line' id='line_1_58' title="bbox 2076 2988 3664 3067; baseline -0.005 -14"><span class='ocrx_word' id='word_1_419' title='bbox 2076 2997 2408 3053; x_wconf 81' lang='lat' dir='ltr'><strong>iuunolautis</strong></span> <span class='ocrx_word' id='word_1_420' title='bbox 2453 3011 2517 3051; x_wconf 86' lang='lat' dir='ltr'><strong>ex</strong></span> <span class='ocrx_word' id='word_1_421' title='bbox 2563 2996 2745 3067; x_wconf 90' lang='lat' dir='ltr'><strong>iniquo</strong></span> <span class='ocrx_word' id='word_1_422' title='bbox 2785 2994 2986 3049; x_wconf 88' lang='lat' dir='ltr'><strong>oblatio</strong></span> <span class='ocrx_word' id='word_1_423' title='bbox 3017 3003 3099 3048; x_wconf 90' lang='lat' dir='ltr'><strong>est</strong></span> <span class='ocrx_word' id='word_1_424' title='bbox 3127 2990 3428 3047; x_wconf 87' lang='lat' dir='ltr'><strong>maculata:</strong></span> <span class='ocrx_word' id='word_1_425' title='bbox 3477 2998 3532 3045; x_wconf 90' lang='lat' dir='ltr'><strong>et</strong></span> <span class='ocrx_word' id='word_1_426' title='bbox 3572 2988 3664 3059; x_wconf 88' lang='lat' dir='ltr'><strong>qui</strong></span> 
     </span>
    </p>
   </div>
   <div class='ocr_carea' id='block_1_59' title="bbox 2075 3081 3663 3158">
    <p class='ocr_par' dir='ltr' id='par_1_59' title="bbox 2075 3081 3663 3158">
     <span class='ocr_line' id='line_1_59' title="bbox 2075 3081 3663 3158; baseline -0.005 -12"><span class='ocrx_word' id='word_1_427' title='bbox 2075 3092 2315 3147; x_wconf 85' lang='lat' dir='ltr'><strong>vietimat</strong></span> <span class='ocrx_word' id='word_1_428' title='bbox 2342 3090 2503 3145; x_wconf 87' lang='lat' dir='ltr'><strong>filium</strong></span> <span class='ocrx_word' id='word_1_429' title='bbox 2538 3090 2591 3144; x_wconf 91' lang='lat' dir='ltr'><strong>in</strong></span> <span class='ocrx_word' id='word_1_430' title='bbox 2620 3099 2910 3158; x_wconf 89' lang='lat' dir='ltr'><strong>conspectu</strong></span> <span class='ocrx_word' id='word_1_431' title='bbox 2938 3086 3124 3158; x_wconf 87' lang='lat' dir='ltr'><strong>patris.</strong></span> <span class='ocrx_word' id='word_1_432' title='bbox 3157 3085 3287 3139; x_wconf 86' lang='lat' dir='ltr'><strong>Cum</strong></span> <span class='ocrx_word' id='word_1_433' title='bbox 3320 3099 3447 3155; x_wconf 88' lang='lat' dir='ltr'><strong>ergo</strong></span> <span class='ocrx_word' id='word_1_434' title='bbox 3477 3081 3663 3153; x_wconf 72' lang='lat' dir='ltr'><strong>prtcci-</strong></span> 
     </span>
    </p>
   </div>
   <div class='ocr_carea' id='block_1_60' title="bbox 2077 3175 3659 3257">
    <p class='ocr_par' dir='ltr' id='par_1_60' title="bbox 2077 3175 3659 3257">
     <span class='ocr_line' id='line_1_60' title="bbox 2077 3175 3659 3257; baseline -0.005 -17"><span class='ocrx_word' id='word_1_435' title='bbox 2077 3188 2219 3257; x_wconf 88' lang='lat' dir='ltr'><strong>pitur</strong></span> <span class='ocrx_word' id='word_1_436' title='bbox 2248 3186 2361 3242; x_wconf 82' lang='lat' dir='ltr'><strong>ﬁeri</strong></span> <span class='ocrx_word' id='word_1_437' title='bbox 2400 3186 2587 3239; x_wconf 85' lang='lat' dir='ltr'><strong>amicos</strong></span> <span class='ocrx_word' id='word_1_438' title='bbox 2631 3190 2694 3238; x_wconf 89' lang='lat' dir='ltr'><strong>de</strong></span> <span class='ocrx_word' id='word_1_439' title='bbox 2740 3198 3031 3237; x_wconf 86' lang='lat' dir='ltr'><strong>mammona</strong></span> <span class='ocrx_word' id='word_1_440' title='bbox 3067 3180 3388 3252; x_wconf 85' lang='lat' dir='ltr'><strong>iniquitatis,</strong></span> <span class='ocrx_word' id='word_1_441' title='bbox 3441 3175 3659 3234; x_wconf 88' lang='lat' dir='ltr'><strong>discer-</strong></span> 
     </span>
    </p>
   </div>
   <div class='ocr_carea' id='block_1_61' title="bbox 389 3268 3660 3378">
    <p class='ocr_par' dir='ltr' id='par_1_61' title="bbox 389 3268 3660 3378">
     <span class='ocr_line' id='line_1_61' title="bbox 389 3268 3660 3378; baseline -0.002 -47"><span class='ocrx_word' id='word_1_442' title='bbox 389 3268 591 3331; x_wconf 72' lang='lat' dir='ltr'><strong>zeterna</strong></span> <span class='ocrx_word' id='word_1_443' title='bbox 627 3277 945 3347; x_wconf 88' lang='lat' dir='ltr'><strong>perciperet.</strong></span> <span class='ocrx_word' id='word_1_444' title='bbox 997 3278 1252 3334; x_wconf 83' lang='lat' dir='ltr'><strong>Audierat</strong></span> <span class='ocrx_word' id='word_1_445' title='bbox 1280 3282 1422 3335; x_wconf 90' lang='lat' dir='ltr'><strong>enim</strong></span> <span class='ocrx_word' id='word_1_446' title='bbox 1452 3298 1466 3335; x_wconf 90' lang='lat'>:</span> <span class='ocrx_word' id='word_1_447' title='bbox 1498 3279 1780 3349; x_wconf 85' lang='lat' dir='ltr'><strong>Dimittite,</strong></span> <span class='ocrx_word' id='word_1_448' title='bbox 1812 3292 1858 3335; x_wconf 89' lang='lat' dir='ltr'><strong>et</strong></span> <span class='ocrx_word' id='word_1_449' title='bbox 1889 3282 1971 3336; x_wconf 86' lang='lat' dir='ltr'><strong>di-</strong></span> <span class='ocrx_word' id='word_1_450' title='bbox 1997 3311 2047 3378; x_wconf 61' lang='grc' dir='ltr'>α</span> <span class='ocrx_word' id='word_1_451' title='bbox 2076 3283 2306 3337; x_wconf 90' lang='lat' dir='ltr'><strong>nendum</strong></span> <span class='ocrx_word' id='word_1_452' title='bbox 2339 3289 2443 3346; x_wconf 76' lang='lat' dir='ltr'><strong>est,</strong></span> <span class='ocrx_word' id='word_1_453' title='bbox 2475 3288 2532 3333; x_wconf 90' lang='lat' dir='ltr'><strong>ut</strong></span> <span class='ocrx_word' id='word_1_454' title='bbox 2561 3292 2650 3333; x_wconf 89' lang='lat' dir='ltr'><strong>eas</strong></span> <span class='ocrx_word' id='word_1_455' title='bbox 2681 3276 3039 3346; x_wconf 81' lang='lat' dir='ltr'><strong>intelligamus</strong></span> <span class='ocrx_word' id='word_1_456' title='bbox 3069 3290 3190 3345; x_wconf 64' lang='lat' dir='ltr'><strong>quae</strong></span> <span class='ocrx_word' id='word_1_457' title='bbox 3218 3272 3286 3327; x_wconf 88' lang='lat' dir='ltr'><strong>de</strong></span> <span class='ocrx_word' id='word_1_458' title='bbox 3313 3270 3660 3327; x_wconf 88' lang='lat' dir='ltr'><strong>successione</strong></span> 
     </span>
    </p>
   </div>
   <div class='ocr_carea' id='block_1_62' title="bbox 390 3368 1970 3442">
    <p class='ocr_par' dir='ltr' id='par_1_62' title="bbox 390 3368 1970 3442">
     <span class='ocr_line' id='line_1_62' title="bbox 390 3368 1970 3442; baseline 0.004 -19"><span class='ocrx_word' id='word_1_459' title='bbox 390 3369 616 3423; x_wconf 82' lang='lat' dir='ltr'><strong>mittetur</strong></span> <span class='ocrx_word' id='word_1_460' title='bbox 637 3369 774 3425; x_wconf 83' lang='lat' dir='ltr'><strong>vobis</strong></span> <span class='ocrx_word' id='word_1_461' title='bbox 795 3368 946 3442; x_wconf 90' lang='lat' dir='ltr'><strong>(Luc.</strong></span> <span class='ocrx_word' id='word_1_462' title='bbox 975 3372 1072 3440; x_wconf 83' lang='lat' dir='ltr'><strong>vt).</strong></span> <span class='ocrx_word' id='word_1_463' title='bbox 1100 3370 1167 3425; x_wconf 87' lang='lat' dir='ltr'><strong>Et</strong></span> <span class='ocrx_word' id='word_1_464' title='bbox 1188 3373 1389 3428; x_wconf 87' lang='lat' dir='ltr'><strong>dimitte</strong></span> <span class='ocrx_word' id='word_1_465' title='bbox 1419 3374 1562 3429; x_wconf 87' lang='lat' dir='ltr'><strong>nobis</strong></span> <span class='ocrx_word' id='word_1_466' title='bbox 1583 3375 1750 3429; x_wconf 86' lang='lat' dir='ltr'><strong>debita</strong></span> <span class='ocrx_word' id='word_1_467' title='bbox 1775 3386 1970 3441; x_wconf 73' lang='lat' dir='ltr'><strong>nostra,</strong></span> 
     </span>
    </p>
   </div>
   <div class='ocr_carea' id='block_1_63' title="bbox 388 3462 1976 3539">
    <p class='ocr_par' dir='ltr' id='par_1_63' title="bbox 388 3462 1976 3539">
     <span class='ocr_line' id='line_1_63' title="bbox 388 3462 1976 3539; baseline 0.004 -22"><span class='ocrx_word' id='word_1_468' title='bbox 388 3464 519 3517; x_wconf 88' lang='lat' dir='ltr'><strong>sicut</strong></span> <span class='ocrx_word' id='word_1_469' title='bbox 550 3472 595 3516; x_wconf 91' lang='lat' dir='ltr'><strong>et</strong></span> <span class='ocrx_word' id='word_1_470' title='bbox 626 3479 716 3516; x_wconf 87' lang='lat' dir='ltr'><strong>nos</strong></span> <span class='ocrx_word' id='word_1_471' title='bbox 743 3462 1049 3518; x_wconf 84' lang='lat' dir='ltr'><strong>dimittimus</strong></span> <span class='ocrx_word' id='word_1_472' title='bbox 1076 3465 1389 3520; x_wconf 87' lang='lat' dir='ltr'><strong>debitoribus</strong></span> <span class='ocrx_word' id='word_1_473' title='bbox 1421 3468 1606 3521; x_wconf 86' lang='lat' dir='ltr'><strong>nostris</strong></span> <span class='ocrx_word' id='word_1_474' title='bbox 1631 3467 1847 3537; x_wconf 76' lang='lat' dir='ltr'><strong>(Matth.</strong></span> <span class='ocrx_word' id='word_1_475' title='bbox 1875 3469 1976 3539; x_wconf 88' lang='lat' dir='ltr'><strong>vt).</strong></span> 
     </span>
    </p>
   </div>
   <div class='ocr_carea' id='block_1_64' title="bbox 393 3554 1981 3626">
    <p class='ocr_par' dir='ltr' id='par_1_64' title="bbox 393 3554 1981 3626">
     <span class='ocr_line' id='line_1_64' title="bbox 393 3554 1981 3626; baseline 0.005 -17"><span class='ocrx_word' id='word_1_476' title='bbox 393 3554 535 3610; x_wconf 78' lang='lat' dir='ltr'><strong>Vere</strong></span> <span class='ocrx_word' id='word_1_477' title='bbox 565 3555 854 3625; x_wconf 86' lang='lat' dir='ltr'><strong>prudenter</strong></span> <span class='ocrx_word' id='word_1_478' title='bbox 880 3559 991 3626; x_wconf 87' lang='lat' dir='ltr'><strong>egit</strong></span> <span class='ocrx_word' id='word_1_479' title='bbox 1038 3557 1126 3624; x_wconf 90' lang='lat' dir='ltr'><strong>qui</strong></span> <span class='ocrx_word' id='word_1_480' title='bbox 1175 3556 1341 3611; x_wconf 90' lang='lat' dir='ltr'><strong>Deum</strong></span> <span class='ocrx_word' id='word_1_481' title='bbox 1376 3560 1593 3615; x_wconf 89' lang='lat' dir='ltr'><strong>molitur</strong></span> <span class='ocrx_word' id='word_1_482' title='bbox 1623 3560 1801 3617; x_wconf 83' lang='lat' dir='ltr'><strong>facere</strong></span> <span class='ocrx_word' id='word_1_483' title='bbox 1831 3561 1981 3617; x_wconf 88' lang='lat' dir='ltr'><strong>debi-</strong></span> 
     </span>
    </p>
   </div>
   <div class='ocr_carea' id='block_1_65' title="bbox 393 3647 1971 3718">
    <p class='ocr_par' dir='ltr' id='par_1_65' title="bbox 393 3647 1971 3718">
     <span class='ocr_line' id='line_1_65' title="bbox 393 3647 1971 3718; baseline 0.003 -17"><span class='ocrx_word' id='word_1_484' title='bbox 393 3655 566 3701; x_wconf 88' lang='lat' dir='ltr'><strong>torem</strong></span> <span class='ocrx_word' id='word_1_485' title='bbox 595 3662 782 3716; x_wconf 93' lang='lat' dir='ltr'><strong>suum,</strong></span> <span class='ocrx_word' id='word_1_486' title='bbox 815 3656 870 3701; x_wconf 92' lang='lat' dir='ltr'><strong>ut</strong></span> <span class='ocrx_word' id='word_1_487' title='bbox 901 3647 1077 3718; x_wconf 84' lang='lat' dir='ltr'><strong>exigat</strong></span> <span class='ocrx_word' id='word_1_488' title='bbox 1107 3648 1174 3702; x_wconf 89' lang='lat' dir='ltr'><strong>ab</strong></span> <span class='ocrx_word' id='word_1_489' title='bbox 1202 3665 1267 3705; x_wconf 90' lang='lat' dir='ltr'><strong>eo</strong></span> <span class='ocrx_word' id='word_1_490' title='bbox 1296 3649 1534 3705; x_wconf 87' lang='lat' dir='ltr'><strong>debitam</strong></span> <span class='ocrx_word' id='word_1_491' title='bbox 1568 3654 1971 3718; x_wconf 79' lang='lat' dir='ltr'><strong>remissionem,</strong></span> 
     </span>
    </p>
   </div>
   <div class='ocr_carea' id='block_1_66' title="bbox 393 3736 1980 3814">
    <p class='ocr_par' dir='ltr' id='par_1_66' title="bbox 393 3736 1980 3814">
     <span class='ocr_line' id='line_1_66' title="bbox 393 3736 1980 3814; baseline 0.006 -23"><span class='ocrx_word' id='word_1_492' title='bbox 393 3736 517 3809; x_wconf 88' lang='lat' dir='ltr'><strong>quia</strong></span> <span class='ocrx_word' id='word_1_493' title='bbox 545 3740 769 3794; x_wconf 80' lang='lat' dir='ltr'><strong>remisit.</strong></span> <span class='ocrx_word' id='word_1_494' title='bbox 803 3738 1101 3795; x_wconf 85' lang='lat' dir='ltr'><strong>Prudenter</strong></span> <span class='ocrx_word' id='word_1_495' title='bbox 1129 3743 1256 3813; x_wconf 89' lang='lat' dir='ltr'><strong>egit,</strong></span> <span class='ocrx_word' id='word_1_496' title='bbox 1284 3743 1406 3809; x_wconf 87' lang='lat' dir='ltr'><strong>quia</strong></span> <span class='ocrx_word' id='word_1_497' title='bbox 1436 3743 1520 3797; x_wconf 91' lang='lat' dir='ltr'><strong>cui</strong></span> <span class='ocrx_word' id='word_1_498' title='bbox 1550 3753 1666 3798; x_wconf 83' lang='lat' dir='ltr'><strong>erat</strong></span> <span class='ocrx_word' id='word_1_499' title='bbox 1689 3744 1980 3814; x_wconf 84' lang='lat' dir='ltr'><strong>obnoxius,</strong></span> 
     </span>
    </p>
   </div>
   <div class='ocr_carea' id='block_1_67' title="bbox 395 3829 1983 3904">
    <p class='ocr_par' dir='ltr' id='par_1_67' title="bbox 395 3829 1983 3904">
     <span class='ocr_line' id='line_1_67' title="bbox 395 3829 1983 3904; baseline 0.004 -20"><span class='ocrx_word' id='word_1_500' title='bbox 395 3831 567 3901; x_wconf 90' lang='lat' dir='ltr'><strong>ipsum</strong></span> <span class='ocrx_word' id='word_1_501' title='bbox 598 3829 697 3885; x_wconf 83' lang='lat' dir='ltr'><strong>Sibi</strong></span> <span class='ocrx_word' id='word_1_502' title='bbox 732 3829 858 3885; x_wconf 80' lang='lat' dir='ltr'><strong>facit</strong></span> <span class='ocrx_word' id='word_1_503' title='bbox 882 3833 1173 3887; x_wconf 83' lang='lat' dir='ltr'><strong>obnoxium</strong></span> <span class='ocrx_word' id='word_1_504' title='bbox 1204 3850 1218 3888; x_wconf 91' lang='lat'><strong>:</strong></span> <span class='ocrx_word' id='word_1_505' title='bbox 1261 3842 1314 3888; x_wconf 91' lang='lat' dir='ltr'><strong>et</strong></span> <span class='ocrx_word' id='word_1_506' title='bbox 1344 3850 1503 3904; x_wconf 90' lang='lat' dir='ltr'><strong>quem</strong></span> <span class='ocrx_word' id='word_1_507' title='bbox 1538 3834 1765 3890; x_wconf 83' lang='lat' dir='ltr'><strong>habebat</strong></span> <span class='ocrx_word' id='word_1_508' title='bbox 1793 3838 1983 3891; x_wconf 89' lang='lat' dir='ltr'><strong>durum</strong></span> 
     </span>
    </p>
   </div>
   <div class='ocr_carea' id='block_1_68' title="bbox 397 3924 1985 3994">
    <p class='ocr_par' dir='ltr' id='par_1_68' title="bbox 397 3924 1985 3994">
     <span class='ocr_line' id='line_1_68' title="bbox 397 3924 1985 3994; baseline 0.005 -18"><span class='ocrx_word' id='word_1_509' title='bbox 397 3931 702 3978; x_wconf 74' lang='lat' dir='ltr'><strong>exactorem</strong></span> <span class='ocrx_word' id='word_1_510' title='bbox 723 3964 737 3989; x_wconf 94' lang='lat'><strong>,</strong></span> <span class='ocrx_word' id='word_1_511' title='bbox 770 3939 909 3979; x_wconf 91' lang='lat' dir='ltr'><strong>nunc</strong></span> <span class='ocrx_word' id='word_1_512' title='bbox 942 3924 1085 3993; x_wconf 91' lang='lat' dir='ltr'><strong>pium</strong></span> <span class='ocrx_word' id='word_1_513' title='bbox 1116 3926 1276 3980; x_wconf 89' lang='lat' dir='ltr'><strong>habet</strong></span> <span class='ocrx_word' id='word_1_514' title='bbox 1305 3925 1639 3994; x_wconf 87' lang='lat' dir='ltr'><strong>debitorem,</strong></span> <span class='ocrx_word' id='word_1_515' title='bbox 1674 3938 1729 3982; x_wconf 93' lang='lat' dir='ltr'><strong>ut</strong></span> <span class='ocrx_word' id='word_1_516' title='bbox 1762 3928 1985 3984; x_wconf 88' lang='lat' dir='ltr'><strong>fiducia-</strong></span> 
     </span>
    </p>
   </div>
   <div class='ocr_carea' id='block_1_69' title="bbox 398 4015 1982 4092">
    <p class='ocr_par' dir='ltr' id='par_1_69' title="bbox 398 4015 1982 4092">
     <span class='ocr_line' id='line_1_69' title="bbox 398 4015 1982 4092; baseline 0.004 -21"><span class='ocrx_word' id='word_1_517' title='bbox 398 4015 518 4072; x_wconf 89' lang='lat' dir='ltr'><strong>liter</strong></span> <span class='ocrx_word' id='word_1_518' title='bbox 548 4016 688 4071; x_wconf 90' lang='lat' dir='ltr'><strong>dicat</strong></span> <span class='ocrx_word' id='word_1_519' title='bbox 715 4035 729 4073; x_wconf 90' lang='lat'><strong>:</strong></span> <span class='ocrx_word' id='word_1_520' title='bbox 764 4018 993 4086; x_wconf 90' lang='lat' dir='ltr'><strong>dimitte,</strong></span> <span class='ocrx_word' id='word_1_521' title='bbox 1026 4021 1148 4089; x_wconf 89' lang='lat' dir='ltr'><strong>quia</strong></span> <span class='ocrx_word' id='word_1_522' title='bbox 1178 4020 1354 4075; x_wconf 92' lang='lat' dir='ltr'><strong>dimisi</strong></span> <span class='ocrx_word' id='word_1_523' title='bbox 1382 4038 1396 4075; x_wconf 89' lang='lat'><strong>:</strong></span> <span class='ocrx_word' id='word_1_524' title='bbox 1436 4022 1599 4077; x_wconf 89' lang='lat' dir='ltr'><strong>redde</strong></span> <span class='ocrx_word' id='word_1_525' title='bbox 1628 4038 1785 4092; x_wconf 91' lang='lat' dir='ltr'><strong>quam</strong></span> <span class='ocrx_word' id='word_1_526' title='bbox 1817 4022 1982 4079; x_wconf 86' lang='lat' dir='ltr'><strong>debes</strong></span> 
     </span>
    </p>
   </div>
   <div class='ocr_carea' id='block_1_70' title="bbox 397 4110 1985 4188">
    <p class='ocr_par' dir='ltr' id='par_1_70' title="bbox 397 4110 1985 4188">
     <span class='ocr_line' id='line_1_70' title="bbox 397 4110 1985 4188; baseline 0.006 -26"><span class='ocrx_word' id='word_1_527' title='bbox 397 4110 632 4178; x_wconf 89' lang='lat' dir='ltr'><strong>veniam,</strong></span> <span class='ocrx_word' id='word_1_528' title='bbox 665 4110 783 4182; x_wconf 90' lang='lat' dir='ltr'><strong>quia</strong></span> <span class='ocrx_word' id='word_1_529' title='bbox 817 4128 916 4182; x_wconf 82' lang='lat' dir='ltr'><strong>ego</strong></span> <span class='ocrx_word' id='word_1_530' title='bbox 947 4112 1067 4168; x_wconf 88' lang='lat' dir='ltr'><strong>dedi</strong></span> <span class='ocrx_word' id='word_1_531' title='bbox 1096 4112 1328 4169; x_wconf 81' lang='lat' dir='ltr'><strong>veniam.</strong></span> <span class='ocrx_word' id='word_1_532' title='bbox 1379 4115 1510 4180; x_wconf 84' lang='lat' dir='ltr'><strong>Quia</strong></span> <span class='ocrx_word' id='word_1_533' title='bbox 1556 4116 1655 4185; x_wconf 77' lang='lat' dir='ltr'><strong>filii</strong></span> <span class='ocrx_word' id='word_1_534' title='bbox 1700 4118 1853 4188; x_wconf 80' lang='lat' dir='ltr'><strong>hujus</strong></span> <span class='ocrx_word' id='word_1_535' title='bbox 1884 4133 1985 4172; x_wconf 77' lang='lat' dir='ltr'><strong>ste-</strong></span> 
     </span>
    </p>
   </div>
   <div class='ocr_carea' id='block_1_71' title="bbox 398 4201 1981 4277">
    <p class='ocr_par' dir='ltr' id='par_1_71' title="bbox 398 4201 1981 4277">
     <span class='ocr_line' id='line_1_71' title="bbox 398 4201 1981 4277; baseline 0.004 -21"><span class='ocrx_word' id='word_1_536' title='bbox 398 4201 501 4256; x_wconf 86' lang='lat' dir='ltr'><strong>culi</strong></span> <span class='ocrx_word' id='word_1_537' title='bbox 534 4203 885 4272; x_wconf 81' lang='lat' dir='ltr'><strong>prudentiores</strong></span> <span class='ocrx_word' id='word_1_538' title='bbox 918 4206 1039 4274; x_wconf 81' lang='lat' dir='ltr'><strong>ﬁliis</strong></span> <span class='ocrx_word' id='word_1_539' title='bbox 1078 4206 1209 4259; x_wconf 88' lang='lat' dir='ltr'><strong>lucis</strong></span> <span class='ocrx_word' id='word_1_540' title='bbox 1252 4207 1306 4259; x_wconf 88' lang='lat' dir='ltr'><strong>in</strong></span> <span class='ocrx_word' id='word_1_541' title='bbox 1348 4209 1672 4277; x_wconf 83' lang='lat' dir='ltr'><strong>generatione</strong></span> <span class='ocrx_word' id='word_1_542' title='bbox 1708 4226 1802 4262; x_wconf 88' lang='lat' dir='ltr'><strong>sua</strong></span> <span class='ocrx_word' id='word_1_543' title='bbox 1840 4219 1981 4264; x_wconf 83' lang='lat' dir='ltr'><strong>sunt.</strong></span> 
     </span>
    </p>
   </div>
   <div class='ocr_carea' id='block_1_72' title="bbox 402 4292 1989 4369">
    <p class='ocr_par' dir='ltr' id='par_1_72' title="bbox 402 4292 1989 4369">
     <span class='ocr_line' id='line_1_72' title="bbox 402 4292 1989 4369; baseline 0.001 -18"><span class='ocrx_word' id='word_1_544' title='bbox 402 4292 517 4351; x_wconf 76' lang='lat' dir='ltr'><strong>Filii</strong></span> <span class='ocrx_word' id='word_1_545' title='bbox 552 4297 681 4351; x_wconf 88' lang='lat' dir='ltr'><strong>lucis</strong></span> <span class='ocrx_word' id='word_1_546' title='bbox 710 4297 973 4365; x_wconf 89' lang='lat' dir='ltr'><strong>laborant,</strong></span> <span class='ocrx_word' id='word_1_547' title='bbox 1018 4309 1069 4353; x_wconf 91' lang='lat' dir='ltr'><strong>et</strong></span> <span class='ocrx_word' id='word_1_548' title='bbox 1118 4300 1203 4351; x_wconf 85' lang='lat' dir='ltr'><strong>vix</strong></span> <span class='ocrx_word' id='word_1_549' title='bbox 1236 4309 1511 4354; x_wconf 88' lang='lat' dir='ltr'><strong>merentur</strong></span> <span class='ocrx_word' id='word_1_550' title='bbox 1546 4300 1809 4369; x_wconf 88' lang='lat' dir='ltr'><strong>pretium;</strong></span> <span class='ocrx_word' id='word_1_551' title='bbox 1865 4316 1989 4355; x_wconf 90' lang='lat' dir='ltr'><strong>cur-</strong></span> 
     </span>
    </p>
   </div>
   <div class='ocr_carea' id='block_1_73' title="bbox 399 4388 1989 4463">
    <p class='ocr_par' dir='ltr' id='par_1_73' title="bbox 399 4388 1989 4463">
     <span class='ocr_line' id='line_1_73' title="bbox 399 4388 1989 4463; baseline 0.001 -18"><span class='ocrx_word' id='word_1_552' title='bbox 399 4398 552 4455; x_wconf 86' lang='lat' dir='ltr'><strong>runt,</strong></span> <span class='ocrx_word' id='word_1_553' title='bbox 595 4401 645 4445; x_wconf 91' lang='lat' dir='ltr'><strong>et</strong></span> <span class='ocrx_word' id='word_1_554' title='bbox 675 4390 760 4445; x_wconf 83' lang='lat' dir='ltr'><strong>vix</strong></span> <span class='ocrx_word' id='word_1_555' title='bbox 798 4390 860 4445; x_wconf 90' lang='lat' dir='ltr'><strong>ad</strong></span> <span class='ocrx_word' id='word_1_556' title='bbox 896 4388 1132 4445; x_wconf 88' lang='lat' dir='ltr'><strong>bravium</strong></span> <span class='ocrx_word' id='word_1_557' title='bbox 1167 4392 1515 4460; x_wconf 85' lang='lat' dir='ltr'><strong>perveniunt;</strong></span> <span class='ocrx_word' id='word_1_558' title='bbox 1560 4395 1896 4463; x_wconf 88' lang='lat' dir='ltr'><strong>parturiunt,</strong></span> <span class='ocrx_word' id='word_1_559' title='bbox 1930 4402 1989 4449; x_wconf 91' lang='lat' dir='ltr'><strong>et</strong></span> 
     </span>
    </p>
   </div>
   <div class='ocr_carea' id='block_1_74' title="bbox 401 4480 1983 4552">
    <p class='ocr_par' dir='ltr' id='par_1_74' title="bbox 401 4480 1983 4552">
     <span class='ocr_line' id='line_1_74' title="bbox 401 4480 1983 4552; baseline 0.004 -18"><span class='ocrx_word' id='word_1_560' title='bbox 401 4482 486 4535; x_wconf 85' lang='lat' dir='ltr'><strong>vix</strong></span> <span class='ocrx_word' id='word_1_561' title='bbox 518 4480 769 4536; x_wconf 91' lang='lat' dir='ltr'><strong>evadunt.</strong></span> <span class='ocrx_word' id='word_1_562' title='bbox 822 4480 941 4537; x_wconf 87' lang='lat' dir='ltr'><strong>Filii</strong></span> <span class='ocrx_word' id='word_1_563' title='bbox 994 4482 1176 4535; x_wconf 75' lang='lat' dir='ltr'><strong>szeculi</strong></span> <span class='ocrx_word' id='word_1_564' title='bbox 1220 4491 1338 4552; x_wconf 90' lang='lat' dir='ltr'><strong>post</strong></span> <span class='ocrx_word' id='word_1_565' title='bbox 1366 4483 1581 4538; x_wconf 87' lang='lat' dir='ltr'><strong>fraudes</strong></span> <span class='ocrx_word' id='word_1_566' title='bbox 1613 4495 1666 4539; x_wconf 91' lang='lat' dir='ltr'><strong>et</strong></span> <span class='ocrx_word' id='word_1_567' title='bbox 1700 4485 1983 4541; x_wconf 86' lang='lat' dir='ltr'><strong>illecebras</strong></span> 
     </span>
    </p>
   </div>
   <div class='ocr_carea' id='block_1_75' title="bbox 402 4572 1986 4646">
    <p class='ocr_par' dir='ltr' id='par_1_75' title="bbox 402 4572 1986 4646">
     <span class='ocr_line' id='line_1_75' title="bbox 402 4572 1986 4646; baseline 0.004 -20"><span class='ocrx_word' id='word_1_568' title='bbox 402 4586 461 4626; x_wconf 89' lang='lat' dir='ltr'><strong>ac</strong></span> <span class='ocrx_word' id='word_1_569' title='bbox 493 4572 710 4628; x_wconf 89' lang='lat' dir='ltr'><strong>illicitos</strong></span> <span class='ocrx_word' id='word_1_570' title='bbox 740 4588 949 4640; x_wconf 89' lang='lat' dir='ltr'><strong>mores,</strong></span> <span class='ocrx_word' id='word_1_571' title='bbox 991 4574 1329 4631; x_wconf 89' lang='lat' dir='ltr'><strong>solummodo</strong></span> <span class='ocrx_word' id='word_1_572' title='bbox 1355 4577 1667 4646; x_wconf 88' lang='lat' dir='ltr'><strong>dimittunt,</strong></span> <span class='ocrx_word' id='word_1_573' title='bbox 1718 4588 1772 4632; x_wconf 91' lang='lat' dir='ltr'><strong>et</strong></span> <span class='ocrx_word' id='word_1_574' title='bbox 1823 4579 1986 4632; x_wconf 91' lang='lat' dir='ltr'><strong>Deum</strong></span> 
     </span>
    </p>
   </div>
   <div class='ocr_carea' id='block_1_76' title="bbox 2083 3362 3668 3446">
    <p class='ocr_par' dir='ltr' id='par_1_76' title="bbox 2083 3362 3668 3446">
     <span class='ocr_line' id='line_1_76' title="bbox 2083 3362 3668 3446; baseline -0.009 -14"><span class='ocrx_word' id='word_1_575' title='bbox 2083 3377 2167 3432; x_wconf 89' lang='lat' dir='ltr'><strong>vel</strong></span> <span class='ocrx_word' id='word_1_576' title='bbox 2213 3375 2358 3446; x_wconf 85' lang='lat' dir='ltr'><strong>justo</strong></span> <span class='ocrx_word' id='word_1_577' title='bbox 2412 3374 2594 3428; x_wconf 89' lang='lat' dir='ltr'><strong>labore</strong></span> <span class='ocrx_word' id='word_1_578' title='bbox 2626 3372 2967 3441; x_wconf 90' lang='lat' dir='ltr'><strong>proveniunt.</strong></span> <span class='ocrx_word' id='word_1_579' title='bbox 3023 3369 3154 3437; x_wconf 63' lang='lat' dir='ltr'><strong>Quae</strong></span> <span class='ocrx_word' id='word_1_580' title='bbox 3206 3376 3385 3421; x_wconf 88' lang='lat' dir='ltr'><strong>tamen</strong></span> <span class='ocrx_word' id='word_1_581' title='bbox 3438 3373 3493 3420; x_wconf 88' lang='lat' dir='ltr'><strong>et</strong></span> <span class='ocrx_word' id='word_1_582' title='bbox 3538 3362 3668 3433; x_wconf 66' lang='lat' dir='ltr'><strong>ipsa</strong></span> 
     </span>
    </p>
   </div>
   <div class='ocr_carea' id='block_1_77' title="bbox 2085 3459 3669 3537">
    <p class='ocr_par' dir='ltr' id='par_1_77' title="bbox 2085 3459 3669 3537">
     <span class='ocr_line' id='line_1_77' title="bbox 2085 3459 3669 3537; baseline -0.007 -14"><span class='ocrx_word' id='word_1_583' title='bbox 2085 3467 2384 3537; x_wconf 85' lang='lat' dir='ltr'><strong>iniquitatis</strong></span> <span class='ocrx_word' id='word_1_584' title='bbox 2412 3467 2682 3532; x_wconf 90' lang='lat' dir='ltr'><strong>dicuntur,</strong></span> <span class='ocrx_word' id='word_1_585' title='bbox 2716 3464 2866 3535; x_wconf 90' lang='lat' dir='ltr'><strong>quasi</strong></span> <span class='ocrx_word' id='word_1_586' title='bbox 2913 3461 3331 3532; x_wconf 64' lang='lat' dir='ltr'><strong>inaequalitatis:</strong></span> <span class='ocrx_word' id='word_1_587' title='bbox 3379 3459 3503 3530; x_wconf 89' lang='lat' dir='ltr'><strong>quia</strong></span> <span class='ocrx_word' id='word_1_588' title='bbox 3544 3472 3669 3513; x_wconf 84' lang='lat' dir='ltr'><strong>cum</strong></span> 
     </span>
    </p>
   </div>
   <div class='ocr_carea' id='block_1_78' title="bbox 2085 3550 3669 3630">
    <p class='ocr_par' dir='ltr' id='par_1_78' title="bbox 2085 3550 3669 3630">
     <span class='ocr_line' id='line_1_78' title="bbox 2085 3550 3669 3630; baseline -0.007 -14"><span class='ocrx_word' id='word_1_589' title='bbox 2085 3576 2179 3616; x_wconf 91' lang='lat' dir='ltr'><strong>eas</strong></span> <span class='ocrx_word' id='word_1_590' title='bbox 2219 3562 2273 3616; x_wconf 90' lang='lat' dir='ltr'><strong>in</strong></span> <span class='ocrx_word' id='word_1_591' title='bbox 2316 3560 2646 3630; x_wconf 88' lang='lat' dir='ltr'><strong>proprietate</strong></span> <span class='ocrx_word' id='word_1_592' title='bbox 2690 3569 2954 3622; x_wconf 89' lang='lat' dir='ltr'><strong>tenemus,</strong></span> <span class='ocrx_word' id='word_1_593' title='bbox 2984 3555 3341 3626; x_wconf 68' lang='lat' dir='ltr'><strong>aequalitatem</strong></span> <span class='ocrx_word' id='word_1_594' title='bbox 3385 3566 3506 3608; x_wconf 85' lang='lat' dir='ltr'><strong>cum</strong></span> <span class='ocrx_word' id='word_1_595' title='bbox 3548 3550 3669 3606; x_wconf 81' lang='lat' dir='ltr'><strong>aliis</strong></span> 
     </span>
    </p>
   </div>
   <div class='ocr_carea' id='block_1_79' title="bbox 2087 3646 3668 3721">
    <p class='ocr_par' dir='ltr' id='par_1_79' title="bbox 2087 3646 3668 3721">
     <span class='ocr_line' id='line_1_79' title="bbox 2087 3646 3668 3721; baseline -0.004 -13"><span class='ocrx_word' id='word_1_596' title='bbox 2087 3655 2393 3709; x_wconf 89' lang='lat' dir='ltr'><strong>hominibus</strong></span> <span class='ocrx_word' id='word_1_597' title='bbox 2421 3670 2527 3709; x_wconf 90' lang='lat' dir='ltr'><strong>non</strong></span> <span class='ocrx_word' id='word_1_598' title='bbox 2566 3646 2879 3709; x_wconf 61' lang='lat' dir='ltr'><strong>servamus.</strong></span> <span class='ocrx_word' id='word_1_599' title='bbox 2914 3653 3052 3709; x_wconf 90' lang='lat' dir='ltr'><strong>Sunt</strong></span> <span class='ocrx_word' id='word_1_600' title='bbox 3089 3666 3218 3721; x_wconf 90' lang='lat' dir='ltr'><strong>ergo</strong></span> <span class='ocrx_word' id='word_1_601' title='bbox 3247 3649 3353 3704; x_wconf 67' lang='lat' dir='ltr'><strong>illa:</strong></span> <span class='ocrx_word' id='word_1_602' title='bbox 3380 3648 3449 3704; x_wconf 82' lang='lat' dir='ltr'><strong>de</strong></span> <span class='ocrx_word' id='word_1_603' title='bbox 3475 3646 3668 3717; x_wconf 86' lang='lat' dir='ltr'><strong>quibus</strong></span> 
     </span>
    </p>
   </div>
   <div class='ocr_carea' id='block_1_80' title="bbox 2088 3741 3670 3815">
    <p class='ocr_par' dir='ltr' id='par_1_80' title="bbox 2088 3741 3670 3815">
     <span class='ocr_line' id='line_1_80' title="bbox 2088 3741 3670 3815; baseline -0.002 -16"><span class='ocrx_word' id='word_1_604' title='bbox 2088 3748 2291 3801; x_wconf 89' lang='lat' dir='ltr'><strong>amicos</strong></span> <span class='ocrx_word' id='word_1_605' title='bbox 2323 3746 2498 3800; x_wconf 87' lang='lat' dir='ltr'><strong>facere</strong></span> <span class='ocrx_word' id='word_1_606' title='bbox 2526 3745 2887 3815; x_wconf 64' lang='lat' dir='ltr'><strong>praecipimur,</strong></span> <span class='ocrx_word' id='word_1_607' title='bbox 2921 3743 3122 3798; x_wconf 72' lang='lat' dir='ltr'><strong>divitia:</strong></span> <span class='ocrx_word' id='word_1_608' title='bbox 3163 3751 3216 3798; x_wconf 91' lang='lat' dir='ltr'><strong>et</strong></span> <span class='ocrx_word' id='word_1_609' title='bbox 3244 3741 3572 3811; x_wconf 84' lang='lat' dir='ltr'><strong>iniquitatis,</strong></span> <span class='ocrx_word' id='word_1_610' title='bbox 3614 3747 3670 3796; x_wconf 88' lang='lat' dir='ltr'><strong>et</strong></span> 
     </span>
    </p>
   </div>
   <div class='ocr_carea' id='block_1_81' title="bbox 2083 3831 3669 3905">
    <p class='ocr_par' dir='ltr' id='par_1_81' title="bbox 2083 3831 3669 3905">
     <span class='ocr_line' id='line_1_81' title="bbox 2083 3831 3669 3905; baseline -0.002 -17"><span class='ocrx_word' id='word_1_611' title='bbox 2083 3833 2330 3905; x_wconf 68' lang='lat' dir='ltr'><strong>justitite.</strong></span> <span class='ocrx_word' id='word_1_612' title='bbox 2384 3835 2683 3905; x_wconf 87' lang='lat' dir='ltr'><strong>lniquitatis</strong></span> <span class='ocrx_word' id='word_1_613' title='bbox 2712 3835 2925 3904; x_wconf 86' lang='lat' dir='ltr'><strong>quidem</strong></span> <span class='ocrx_word' id='word_1_614' title='bbox 2958 3844 3214 3904; x_wconf 89' lang='lat' dir='ltr'><strong>quantum</strong></span> <span class='ocrx_word' id='word_1_615' title='bbox 3244 3832 3309 3887; x_wconf 85' lang='lat' dir='ltr'><strong>ad</strong></span> <span class='ocrx_word' id='word_1_616' title='bbox 3343 3832 3531 3896; x_wconf 91' lang='lat' dir='ltr'><strong>Deum,</strong></span> <span class='ocrx_word' id='word_1_617' title='bbox 3580 3831 3669 3900; x_wconf 88' lang='lat' dir='ltr'><strong>qui</strong></span> 
     </span>
    </p>
   </div>
   <div class='ocr_carea' id='block_1_82' title="bbox 2088 3925 3667 3993">
    <p class='ocr_par' dir='ltr' id='par_1_82' title="bbox 2088 3925 3667 3993">
     <span class='ocr_line' id='line_1_82' title="bbox 2088 3925 3667 3993; baseline -0.004 -10"><span class='ocrx_word' id='word_1_618' title='bbox 2088 3930 2266 3983; x_wconf 91' lang='lat' dir='ltr'><strong>omnia</strong></span> <span class='ocrx_word' id='word_1_619' title='bbox 2291 3928 2665 3983; x_wconf 89' lang='lat' dir='ltr'><strong>communibus</strong></span> <span class='ocrx_word' id='word_1_620' title='bbox 2686 3939 2831 3983; x_wconf 89' lang='lat' dir='ltr'><strong>creat</strong></span> <span class='ocrx_word' id='word_1_621' title='bbox 2862 3928 3064 3980; x_wconf 82' lang='lat' dir='ltr'><strong>usibus.</strong></span> <span class='ocrx_word' id='word_1_622' title='bbox 3092 3925 3320 3981; x_wconf 73' lang='lat' dir='ltr'><strong>Justitize</strong></span> <span class='ocrx_word' id='word_1_623' title='bbox 3346 3939 3474 3979; x_wconf 84' lang='lat' dir='ltr'><strong>vero</strong></span> <span class='ocrx_word' id='word_1_624' title='bbox 3498 3938 3667 3993; x_wconf 85' lang='lat' dir='ltr'><strong>quan-</strong></span> 
     </span>
    </p>
   </div>
   <div class='ocr_carea' id='block_1_83' title="bbox 2091 4018 3672 4092">
    <p class='ocr_par' dir='ltr' id='par_1_83' title="bbox 2091 4018 3672 4092">
     <span class='ocr_line' id='line_1_83' title="bbox 2091 4018 3672 4092; baseline -0.006 -12"><span class='ocrx_word' id='word_1_625' title='bbox 2091 4034 2200 4080; x_wconf 93' lang='lat' dir='ltr'><strong>tum</strong></span> <span class='ocrx_word' id='word_1_626' title='bbox 2239 4023 2304 4077; x_wconf 89' lang='lat' dir='ltr'><strong>ad</strong></span> <span class='ocrx_word' id='word_1_627' title='bbox 2337 4022 2591 4078; x_wconf 56' lang='lat' dir='ltr'><strong>saeculum</strong></span> <span class='ocrx_word' id='word_1_628' title='bbox 2611 4063 2626 4089; x_wconf 92' lang='lat'><strong>,</strong></span> <span class='ocrx_word' id='word_1_629' title='bbox 2671 4022 2796 4092; x_wconf 90' lang='lat' dir='ltr'><strong>quia</strong></span> <span class='ocrx_word' id='word_1_630' title='bbox 2824 4020 3024 4091; x_wconf 88' lang='lat' dir='ltr'><strong>justitia</strong></span> <span class='ocrx_word' id='word_1_631' title='bbox 3055 4020 3298 4075; x_wconf 70' lang='lat' dir='ltr'><strong>saeculari</strong></span> <span class='ocrx_word' id='word_1_632' title='bbox 3329 4018 3672 4088; x_wconf 84' lang='lat' dir='ltr'><strong>possidentur</strong></span> 
     </span>
    </p>
   </div>
   <div class='ocr_carea' id='block_1_84' title="bbox 2088 4112 3673 4185">
    <p class='ocr_par' dir='ltr' id='par_1_84' title="bbox 2088 4112 3673 4185">
     <span class='ocr_line' id='line_1_84' title="bbox 2088 4112 3673 4185; baseline -0.002 -16"><span class='ocrx_word' id='word_1_633' title='bbox 2088 4116 2156 4171; x_wconf 90' lang='lat' dir='ltr'><strong>ab</strong></span> <span class='ocrx_word' id='word_1_634' title='bbox 2188 4115 2515 4170; x_wconf 87' lang='lat' dir='ltr'><strong>hominibus.</strong></span> <span class='ocrx_word' id='word_1_635' title='bbox 2555 4116 2763 4171; x_wconf 66' lang='lat' dir='ltr'><strong>Divitiae</strong></span> <span class='ocrx_word' id='word_1_636' title='bbox 2789 4130 2916 4185; x_wconf 89' lang='lat' dir='ltr'><strong>ergo</strong></span> <span class='ocrx_word' id='word_1_637' title='bbox 2943 4130 3060 4185; x_wconf 76' lang='lat' dir='ltr'><strong>qua:</strong></span> <span class='ocrx_word' id='word_1_638' title='bbox 3085 4116 3227 4183; x_wconf 80' lang='lat' dir='ltr'><strong>juste</strong></span> <span class='ocrx_word' id='word_1_639' title='bbox 3252 4112 3593 4182; x_wconf 86' lang='lat' dir='ltr'><strong>possidentur</strong></span> <span class='ocrx_word' id='word_1_640' title='bbox 3620 4114 3673 4167; x_wconf 91' lang='lat' dir='ltr'><strong>in</strong></span> 
     </span>
    </p>
   </div>
   <div class='ocr_carea' id='block_1_85' title="bbox 2092 4205 3671 4279">
    <p class='ocr_par' dir='ltr' id='par_1_85' title="bbox 2092 4205 3671 4279">
     <span class='ocr_line' id='line_1_85' title="bbox 2092 4205 3671 4279; baseline -0.002 -17"><span class='ocrx_word' id='word_1_641' title='bbox 2092 4219 2255 4274; x_wconf 87' lang='lat' dir='ltr'><strong>terra,</strong></span> <span class='ocrx_word' id='word_1_642' title='bbox 2288 4219 2345 4264; x_wconf 91' lang='lat' dir='ltr'><strong>et</strong></span> <span class='ocrx_word' id='word_1_643' title='bbox 2378 4210 2589 4279; x_wconf 60' lang='lat' dir='ltr'><strong>injustas</strong></span> <span class='ocrx_word' id='word_1_644' title='bbox 2615 4219 2738 4264; x_wconf 87' lang='lat' dir='ltr'><strong>sunt</strong></span> <span class='ocrx_word' id='word_1_645' title='bbox 2764 4218 3020 4277; x_wconf 88' lang='lat' dir='ltr'><strong>quantum</strong></span> <span class='ocrx_word' id='word_1_646' title='bbox 3043 4208 3107 4261; x_wconf 89' lang='lat' dir='ltr'><strong>ad</strong></span> <span class='ocrx_word' id='word_1_647' title='bbox 3131 4206 3366 4261; x_wconf 88' lang='lat' dir='ltr'><strong>divinam</strong></span> <span class='ocrx_word' id='word_1_648' title='bbox 3386 4205 3671 4277; x_wconf 84' lang='lat' dir='ltr'><strong>justitiam,</strong></span> 
     </span>
    </p>
   </div>
   <div class='ocr_carea' id='block_1_86' title="bbox 2090 4296 3675 4371">
    <p class='ocr_par' dir='ltr' id='par_1_86' title="bbox 2090 4296 3675 4371">
     <span class='ocr_line' id='line_1_86' title="bbox 2090 4296 3675 4371; baseline -0.003 -15"><span class='ocrx_word' id='word_1_649' title='bbox 2090 4310 2144 4356; x_wconf 92' lang='lat' dir='ltr'><strong>et</strong></span> <span class='ocrx_word' id='word_1_650' title='bbox 2166 4301 2326 4370; x_wconf 74' lang='lat' dir='ltr'><strong>justtc</strong></span> <span class='ocrx_word' id='word_1_651' title='bbox 2356 4310 2615 4371; x_wconf 90' lang='lat' dir='ltr'><strong>quantum</strong></span> <span class='ocrx_word' id='word_1_652' title='bbox 2641 4301 2706 4355; x_wconf 90' lang='lat' dir='ltr'><strong>ad</strong></span> <span class='ocrx_word' id='word_1_653' title='bbox 2735 4310 3025 4355; x_wconf 89' lang='lat' dir='ltr'><strong>terrenam.</strong></span> <span class='ocrx_word' id='word_1_654' title='bbox 3062 4299 3243 4353; x_wconf 87' lang='lat' dir='ltr'><strong>Divina</strong></span> <span class='ocrx_word' id='word_1_655' title='bbox 3270 4298 3472 4368; x_wconf 89' lang='lat' dir='ltr'><strong>justitia</strong></span> <span class='ocrx_word' id='word_1_656' title='bbox 3494 4296 3675 4367; x_wconf 81' lang='lat' dir='ltr'><strong>cujus-</strong></span> 
     </span>
    </p>
   </div>
   <div class='ocr_carea' id='block_1_87' title="bbox 2092 4389 3676 4463">
    <p class='ocr_par' dir='ltr' id='par_1_87' title="bbox 2092 4389 3676 4463">
     <span class='ocr_line' id='line_1_87' title="bbox 2092 4389 3676 4463; baseline -0.003 -16"><span class='ocrx_word' id='word_1_657' title='bbox 2092 4392 2242 4462; x_wconf 86' lang='lat' dir='ltr'><strong>libet,</strong></span> <span class='ocrx_word' id='word_1_658' title='bbox 2268 4396 2570 4463; x_wconf 88' lang='lat' dir='ltr'><strong>proprietas</strong></span> <span class='ocrx_word' id='word_1_659' title='bbox 2597 4392 2822 4460; x_wconf 89' lang='lat' dir='ltr'><strong>alicujus</strong></span> <span class='ocrx_word' id='word_1_660' title='bbox 2855 4393 3248 4461; x_wconf 86' lang='lat' dir='ltr'><strong>possessionem</strong></span> <span class='ocrx_word' id='word_1_661' title='bbox 3281 4389 3537 4445; x_wconf 88' lang='lat' dir='ltr'><strong>delendlt.</strong></span> <span class='ocrx_word' id='word_1_662' title='bbox 3573 4390 3676 4445; x_wconf 82' lang='lat' dir='ltr'><strong>Per</strong></span> 
     </span>
    </p>
   </div>
   <div class='ocr_carea' id='block_1_88' title="bbox 2093 4484 3677 4557">
    <p class='ocr_par' dir='ltr' id='par_1_88' title="bbox 2093 4484 3677 4557">
     <span class='ocr_line' id='line_1_88' title="bbox 2093 4484 3677 4557; baseline -0.004 -16"><span class='ocrx_word' id='word_1_663' title='bbox 2093 4495 2361 4542; x_wconf 84' lang='lat' dir='ltr'><strong>terrenam</strong></span> <span class='ocrx_word' id='word_1_664' title='bbox 2400 4487 2658 4557; x_wconf 89' lang='lat' dir='ltr'><strong>justitiam</strong></span> <span class='ocrx_word' id='word_1_665' title='bbox 2699 4485 2943 4541; x_wconf 86' lang='lat' dir='ltr'><strong>homines</strong></span> <span class='ocrx_word' id='word_1_666' title='bbox 2986 4486 3197 4554; x_wconf 88' lang='lat' dir='ltr'><strong>propria</strong></span> <span class='ocrx_word' id='word_1_667' title='bbox 3226 4484 3525 4555; x_wconf 85' lang='lat' dir='ltr'><strong>colligunt,</strong></span> <span class='ocrx_word' id='word_1_668' title='bbox 3580 4496 3677 4551; x_wconf 90' lang='lat' dir='ltr'><strong>per</strong></span> 
     </span>
    </p>
   </div>
   <div class='ocr_carea' id='block_1_89' title="bbox 2094 4574 3677 4649">
    <p class='ocr_par' dir='ltr' id='par_1_89' title="bbox 2094 4574 3677 4649">
     <span class='ocr_line' id='line_1_89' title="bbox 2094 4574 3677 4649; baseline -0.003 -17"><span class='ocrx_word' id='word_1_669' title='bbox 2094 4578 2328 4633; x_wconf 88' lang='lat' dir='ltr'><strong>divinam</strong></span> <span class='ocrx_word' id='word_1_670' title='bbox 2377 4580 2635 4649; x_wconf 83' lang='lat' dir='ltr'><strong>justitiam</strong></span> <span class='ocrx_word' id='word_1_671' title='bbox 2685 4595 2778 4633; x_wconf 89' lang='lat' dir='ltr'><strong>sua</strong></span> <span class='ocrx_word' id='word_1_672' title='bbox 2831 4577 3135 4635; x_wconf 89' lang='lat' dir='ltr'><strong>communia</strong></span> <span class='ocrx_word' id='word_1_673' title='bbox 3186 4577 3408 4633; x_wconf 85' lang='lat' dir='ltr'><strong>faciunt.</strong></span> <span class='ocrx_word' id='word_1_674' title='bbox 3468 4574 3677 4630; x_wconf 67' lang='lat' dir='ltr'><strong>Divitiae</strong></span> 
     </span>
    </p>
   </div>
   <div class='ocr_carea' id='block_1_90' title="bbox 401 4664 3676 4742">
    <p class='ocr_par' dir='ltr' id='par_1_90' title="bbox 401 4664 3676 4742">
     <span class='ocr_line' id='line_1_90' title="bbox 401 4664 3676 4742; baseline 0.001 -23"><span class='ocrx_word' id='word_1_675' title='bbox 401 4664 702 4720; x_wconf 87' lang='lat' dir='ltr'><strong>debitorem</strong></span> <span class='ocrx_word' id='word_1_676' title='bbox 735 4674 953 4733; x_wconf 87' lang='lat' dir='ltr'><strong>tenent;</strong></span> <span class='ocrx_word' id='word_1_677' title='bbox 996 4678 1247 4737; x_wconf 90' lang='lat' dir='ltr'><strong>parcunt,</strong></span> <span class='ocrx_word' id='word_1_678' title='bbox 1281 4679 1335 4723; x_wconf 90' lang='lat' dir='ltr'><strong>et</strong></span> <span class='ocrx_word' id='word_1_679' title='bbox 1366 4671 1600 4738; x_wconf 89' lang='lat' dir='ltr'><strong>parcitur</strong></span> <span class='ocrx_word' id='word_1_680' title='bbox 1628 4670 1740 4739; x_wconf 90' lang='lat' dir='ltr'><strong>eis;</strong></span> <span class='ocrx_word' id='word_1_681' title='bbox 1782 4673 1983 4727; x_wconf 86' lang='lat' dir='ltr'><strong>condo-</strong></span> <span class='ocrx_word' id='word_1_682' title='bbox 2012 4672 2067 4735; x_wconf 88' lang='lat' dir='ltr'><strong>D</strong></span> <span class='ocrx_word' id='word_1_683' title='bbox 2092 4687 2219 4728; x_wconf 92' lang='lat' dir='ltr'><strong>vero</strong></span> <span class='ocrx_word' id='word_1_684' title='bbox 2246 4687 2366 4742; x_wconf 78' lang='lat' dir='ltr'><strong>qua:</strong></span> <span class='ocrx_word' id='word_1_685' title='bbox 2393 4681 2518 4728; x_wconf 90' lang='lat' dir='ltr'><strong>sunt</strong></span> <span class='ocrx_word' id='word_1_686' title='bbox 2545 4688 2609 4727; x_wconf 87' lang='lat' dir='ltr'><strong>ex</strong></span> <span class='ocrx_word' id='word_1_687' title='bbox 2639 4673 2866 4741; x_wconf 88' lang='lat' dir='ltr'><strong>scelere,</strong></span> <span class='ocrx_word' id='word_1_688' title='bbox 2901 4673 3121 4727; x_wconf 88' lang='lat' dir='ltr'><strong>omnino</strong></span> <span class='ocrx_word' id='word_1_689' title='bbox 3152 4680 3276 4725; x_wconf 86' lang='lat' dir='ltr'><strong>sunt</strong></span> <span class='ocrx_word' id='word_1_690' title='bbox 3306 4670 3543 4740; x_wconf 71' lang='lat' dir='ltr'><strong>injustm,</strong></span> <span class='ocrx_word' id='word_1_691' title='bbox 3577 4682 3676 4722; x_wconf 89' lang='lat' dir='ltr'><strong>nec</strong></span> 
     </span>
    </p>
   </div>
   <div class='ocr_carea' id='block_1_91' title="bbox 401 4758 1979 4833">
    <p class='ocr_par' dir='ltr' id='par_1_91' title="bbox 401 4758 1979 4833">
     <span class='ocr_line' id='line_1_91' title="bbox 401 4758 1979 4833; baseline 0.004 -21"><span class='ocrx_word' id='word_1_692' title='bbox 401 4766 623 4822; x_wconf 89' lang='lat' dir='ltr'><strong>nouant,</strong></span> <span class='ocrx_word' id='word_1_693' title='bbox 650 4768 704 4814; x_wconf 85' lang='lat' dir='ltr'><strong>et</strong></span> <span class='ocrx_word' id='word_1_694' title='bbox 735 4758 1027 4816; x_wconf 91' lang='lat' dir='ltr'><strong>donantur.</strong></span> <span class='ocrx_word' id='word_1_695' title='bbox 1076 4759 1198 4816; x_wconf 90' lang='lat' dir='ltr'><strong>Ideo</strong></span> <span class='ocrx_word' id='word_1_696' title='bbox 1228 4763 1580 4831; x_wconf 82' lang='lat' dir='ltr'><strong>prudentiores</strong></span> <span class='ocrx_word' id='word_1_697' title='bbox 1608 4772 1727 4817; x_wconf 89' lang='lat' dir='ltr'><strong>sunt</strong></span> <span class='ocrx_word' id='word_1_698' title='bbox 1757 4764 1854 4833; x_wconf 81' lang='lat' dir='ltr'><strong>ﬁlii</strong></span> <span class='ocrx_word' id='word_1_699' title='bbox 1883 4781 1979 4819; x_wconf 74' lang='lat' dir='ltr'><strong>sa:-</strong></span> 
     </span>
    </p>
   </div>
   <div class='ocr_carea' id='block_1_92' title="bbox 401 4856 1981 4934">
    <p class='ocr_par' dir='ltr' id='par_1_92' title="bbox 401 4856 1981 4934">
     <span class='ocr_line' id='line_1_92' title="bbox 401 4856 1981 4934; baseline 0.005 -25"><span class='ocrx_word' id='word_1_700' title='bbox 401 4856 505 4909; x_wconf 86' lang='lat' dir='ltr'><strong>cuti</strong></span> <span class='ocrx_word' id='word_1_701' title='bbox 552 4857 674 4925; x_wconf 82' lang='lat' dir='ltr'><strong>[iliis</strong></span> <span class='ocrx_word' id='word_1_702' title='bbox 726 4857 852 4910; x_wconf 85' lang='lat' dir='ltr'><strong>lucis</strong></span> <span class='ocrx_word' id='word_1_703' title='bbox 899 4859 951 4912; x_wconf 88' lang='lat' dir='ltr'><strong>in</strong></span> <span class='ocrx_word' id='word_1_704' title='bbox 1002 4862 1322 4930; x_wconf 83' lang='lat' dir='ltr'><strong>generatione</strong></span> <span class='ocrx_word' id='word_1_705' title='bbox 1366 4878 1480 4925; x_wconf 88' lang='lat' dir='ltr'><strong>sua,</strong></span> <span class='ocrx_word' id='word_1_706' title='bbox 1518 4861 1715 4929; x_wconf 87' lang='lat' dir='ltr'><strong>idest,</strong></span> <span class='ocrx_word' id='word_1_707' title='bbox 1769 4865 1981 4934; x_wconf 86' lang='lat' dir='ltr'><strong>quando</strong></span> 
     </span>
    </p>
   </div>
   <div class='ocr_carea' id='block_1_93' title="bbox 402 4948 1983 5022">
    <p class='ocr_par' dir='ltr' id='par_1_93' title="bbox 402 4948 1983 5022">
     <span class='ocr_line' id='line_1_93' title="bbox 402 4948 1983 5022; baseline 0.005 -20"><span class='ocrx_word' id='word_1_708' title='bbox 402 4958 787 5016; x_wconf 81' lang='lat' dir='ltr'><strong>regenerantur</strong></span> <span class='ocrx_word' id='word_1_709' title='bbox 816 4948 946 5017; x_wconf 89' lang='lat' dir='ltr'><strong>Deo,</strong></span> <span class='ocrx_word' id='word_1_710' title='bbox 992 4960 1044 5004; x_wconf 90' lang='lat' dir='ltr'><strong>et</strong></span> <span class='ocrx_word' id='word_1_711' title='bbox 1082 4962 1412 5007; x_wconf 87' lang='lat' dir='ltr'><strong>renovantur</strong></span> <span class='ocrx_word' id='word_1_712' title='bbox 1440 4952 1698 5022; x_wconf 91' lang='lat' dir='ltr'><strong>spirituali</strong></span> <span class='ocrx_word' id='word_1_713' title='bbox 1731 4955 1861 5009; x_wconf 90' lang='lat' dir='ltr'><strong>vita.</strong></span> <span class='ocrx_word' id='word_1_714' title='bbox 1914 4955 1983 5010; x_wconf 84' lang='lat' dir='ltr'><strong>Et</strong></span> 
     </span>
    </p>
   </div>
   <div class='ocr_carea' id='block_1_94' title="bbox 403 5039 1981 5110">
    <p class='ocr_par' dir='ltr' id='par_1_94' title="bbox 403 5039 1981 5110">
     <span class='ocr_line' id='line_1_94' title="bbox 403 5039 1981 5110; baseline 0.004 -16"><span class='ocrx_word' id='word_1_715' title='bbox 403 5056 493 5110; x_wconf 82' lang='lat' dir='ltr'><strong>ego</strong></span> <span class='ocrx_word' id='word_1_716' title='bbox 524 5040 637 5094; x_wconf 89' lang='lat' dir='ltr'><strong>dico</strong></span> <span class='ocrx_word' id='word_1_717' title='bbox 666 5040 803 5095; x_wconf 79' lang='lat' dir='ltr'><strong>vobis</strong></span> <span class='ocrx_word' id='word_1_718' title='bbox 824 5057 844 5095; x_wconf 89' lang='lat'><strong><em>:</em></strong></span> <span class='ocrx_word' id='word_1_719' title='bbox 878 5039 1056 5096; x_wconf 81' lang='lat' dir='ltr'><strong>Facite</strong></span> <span class='ocrx_word' id='word_1_720' title='bbox 1086 5044 1221 5096; x_wconf 79' lang='lat' dir='ltr'><strong>vobis</strong></span> <span class='ocrx_word' id='word_1_721' title='bbox 1249 5046 1438 5098; x_wconf 88' lang='lat' dir='ltr'><strong>amicos</strong></span> <span class='ocrx_word' id='word_1_722' title='bbox 1468 5049 1531 5100; x_wconf 89' lang='lat' dir='ltr'><strong>de</strong></span> <span class='ocrx_word' id='word_1_723' title='bbox 1563 5064 1850 5102; x_wconf 86' lang='lat' dir='ltr'><strong>mammona</strong></span> <span class='ocrx_word' id='word_1_724' title='bbox 1880 5049 1981 5102; x_wconf 88' lang='lat' dir='ltr'><strong>ini-</strong></span> 
     </span>
    </p>
   </div>
   <div class='ocr_carea' id='block_1_95' title="bbox 402 5131 1982 5208">
    <p class='ocr_par' dir='ltr' id='par_1_95' title="bbox 402 5131 1982 5208">
     <span class='ocr_line' id='line_1_95' title="bbox 402 5131 1982 5208; baseline 0.009 -26"><span class='ocrx_word' id='word_1_725' title='bbox 402 5132 632 5200; x_wconf 83' lang='lat' dir='ltr'><strong>quitatis.</strong></span> <span class='ocrx_word' id='word_1_726' title='bbox 677 5131 1007 5199; x_wconf 79' lang='lat' dir='ltr'><strong>Mammona,</strong></span> <span class='ocrx_word' id='word_1_727' title='bbox 1050 5133 1100 5187; x_wconf 91' lang='lat' dir='ltr'><strong>id</strong></span> <span class='ocrx_word' id='word_1_728' title='bbox 1130 5143 1212 5189; x_wconf 90' lang='lat' dir='ltr'><strong>est</strong></span> <span class='ocrx_word' id='word_1_729' title='bbox 1239 5135 1470 5204; x_wconf 66' lang='lat' dir='ltr'><strong>divitiae,</strong></span> <span class='ocrx_word' id='word_1_730' title='bbox 1522 5154 1641 5208; x_wconf 63' lang='lat' dir='ltr'><strong>qua;</strong></span> <span class='ocrx_word' id='word_1_731' title='bbox 1685 5139 1982 5207; x_wconf 84' lang='lat' dir='ltr'><strong>iniquitatis</strong></span> 
     </span>
    </p>
   </div>
   <div class='ocr_carea' id='block_1_96' title="bbox 402 5223 1983 5302">
    <p class='ocr_par' dir='ltr' id='par_1_96' title="bbox 402 5223 1983 5302">
     <span class='ocr_line' id='line_1_96' title="bbox 402 5223 1983 5302; baseline 0.008 -25"><span class='ocrx_word' id='word_1_732' title='bbox 402 5223 671 5293; x_wconf 90' lang='lat' dir='ltr'><strong>dicuntur,</strong></span> <span class='ocrx_word' id='word_1_733' title='bbox 697 5223 817 5291; x_wconf 89' lang='lat' dir='ltr'><strong>quia</strong></span> <span class='ocrx_word' id='word_1_734' title='bbox 849 5224 966 5280; x_wconf 89' lang='lat' dir='ltr'><strong>sine</strong></span> <span class='ocrx_word' id='word_1_735' title='bbox 994 5225 1271 5295; x_wconf 89' lang='lat' dir='ltr'><strong>iniquitate</strong></span> <span class='ocrx_word' id='word_1_736' title='bbox 1295 5243 1397 5282; x_wconf 92' lang='lat' dir='ltr'><strong>non</strong></span> <span class='ocrx_word' id='word_1_737' title='bbox 1427 5240 1708 5299; x_wconf 90' lang='lat' dir='ltr'><strong>captantur</strong></span> <span class='ocrx_word' id='word_1_738' title='bbox 1737 5248 1749 5286; x_wconf 95' lang='lat'>:</span> <span class='ocrx_word' id='word_1_739' title='bbox 1781 5241 1835 5289; x_wconf 88' lang='lat' dir='ltr'><strong>et</strong></span> <span class='ocrx_word' id='word_1_740' title='bbox 1862 5236 1983 5302; x_wconf 89' lang='lat' dir='ltr'><strong>quia</strong></span> 
     </span>
    </p>
   </div>
   <div class='ocr_carea' id='block_1_97' title="bbox 402 5319 1986 5400">
    <p class='ocr_par' dir='ltr' id='par_1_97' title="bbox 402 5319 1986 5400">
     <span class='ocr_line' id='line_1_97' title="bbox 402 5319 1986 5400; baseline 0.008 -27"><span class='ocrx_word' id='word_1_741' title='bbox 402 5319 644 5389; x_wconf 91' lang='lat' dir='ltr'><strong>iniquum</strong></span> <span class='ocrx_word' id='word_1_742' title='bbox 695 5333 778 5377; x_wconf 90' lang='lat' dir='ltr'><strong>est</strong></span> <span class='ocrx_word' id='word_1_743' title='bbox 828 5338 921 5379; x_wconf 89' lang='lat' dir='ltr'><strong>eas</strong></span> <span class='ocrx_word' id='word_1_744' title='bbox 972 5339 1227 5381; x_wconf 89' lang='lat' dir='ltr'><strong>revocare</strong></span> <span class='ocrx_word' id='word_1_745' title='bbox 1277 5328 1326 5381; x_wconf 92' lang='lat' dir='ltr'><strong>in</strong></span> <span class='ocrx_word' id='word_1_746' title='bbox 1381 5330 1624 5397; x_wconf 87' lang='lat' dir='ltr'><strong>pr0prios</strong></span> <span class='ocrx_word' id='word_1_747' title='bbox 1654 5344 1805 5398; x_wconf 91' lang='lat' dir='ltr'><strong>usus,</strong></span> <span class='ocrx_word' id='word_1_748' title='bbox 1852 5345 1986 5400; x_wconf 87' lang='lat' dir='ltr'><strong>quas</strong></span> 
     </span>
    </p>
   </div>
   <div class='ocr_carea' id='block_1_98' title="bbox 404 5413 1983 5493">
    <p class='ocr_par' dir='ltr' id='par_1_98' title="bbox 404 5413 1983 5493">
     <span class='ocr_line' id='line_1_98' title="bbox 404 5413 1983 5493; baseline 0.008 -27"><span class='ocrx_word' id='word_1_749' title='bbox 404 5413 604 5468; x_wconf 85' lang='lat' dir='ltr'><strong>creavit</strong></span> <span class='ocrx_word' id='word_1_750' title='bbox 648 5428 961 5474; x_wconf 89' lang='lat' dir='ltr'><strong>communes</strong></span> <span class='ocrx_word' id='word_1_751' title='bbox 1010 5418 1284 5475; x_wconf 89' lang='lat' dir='ltr'><strong>Dominus.</strong></span> <span class='ocrx_word' id='word_1_752' title='bbox 1346 5420 1493 5476; x_wconf 90' lang='lat' dir='ltr'><strong>Unde</strong></span> <span class='ocrx_word' id='word_1_753' title='bbox 1544 5423 1804 5493; x_wconf 89' lang='lat' dir='ltr'><strong>scriptum</strong></span> <span class='ocrx_word' id='word_1_754' title='bbox 1858 5433 1983 5492; x_wconf 91' lang='lat' dir='ltr'><strong>est,</strong></span> 
     </span>
    </p>
   </div>
   <div class='ocr_carea' id='block_1_99' title="bbox 405 5506 1977 5589">
    <p class='ocr_par' dir='ltr' id='par_1_99' title="bbox 405 5506 1977 5589">
     <span class='ocr_line' id='line_1_99' title="bbox 405 5506 1977 5589; baseline 0.007 -28"><span class='ocrx_word' id='word_1_755' title='bbox 405 5506 507 5561; x_wconf 84' lang='lat' dir='ltr'><strong>Pro</strong></span> <span class='ocrx_word' id='word_1_756' title='bbox 536 5509 806 5580; x_wconf 86' lang='lat' dir='ltr'><strong>iniquitate</strong></span> <span class='ocrx_word' id='word_1_757' title='bbox 834 5513 939 5566; x_wconf 85' lang='lat' dir='ltr'><strong>vidi</strong></span> <span class='ocrx_word' id='word_1_758' title='bbox 968 5515 1184 5567; x_wconf 88' lang='lat' dir='ltr'><strong>tentoria</strong></span> <span class='ocrx_word' id='word_1_759' title='bbox 1207 5513 1494 5583; x_wconf 45' lang='lat' dir='ltr'><strong>[Ethiopiw</strong></span> <span class='ocrx_word' id='word_1_760' title='bbox 1519 5516 1745 5585; x_wconf 83' lang='lat' dir='ltr'><strong>(Ilabac.</strong></span> <span class='ocrx_word' id='word_1_761' title='bbox 1776 5519 1881 5589; x_wconf 90' lang='lat' dir='ltr'><strong>tu),</strong></span> <span class='ocrx_word' id='word_1_762' title='bbox 1925 5517 1977 5572; x_wconf 91' lang='lat' dir='ltr'><strong>id</strong></span> 
     </span>
    </p>
   </div>
   <div class='ocr_carea' id='block_1_100' title="bbox 402 5603 1983 5677">
    <p class='ocr_par' dir='ltr' id='par_1_100' title="bbox 402 5603 1983 5677">
     <span class='ocr_line' id='line_1_100' title="bbox 402 5603 1983 5677; baseline 0.007 -21"><span class='ocrx_word' id='word_1_763' title='bbox 402 5611 504 5669; x_wconf 87' lang='lat' dir='ltr'><strong>est,</strong></span> <span class='ocrx_word' id='word_1_764' title='bbox 535 5617 631 5672; x_wconf 90' lang='lat' dir='ltr'><strong>pro</strong></span> <span class='ocrx_word' id='word_1_765' title='bbox 660 5603 861 5660; x_wconf 86' lang='lat' dir='ltr'><strong>divitiis</strong></span> <span class='ocrx_word' id='word_1_766' title='bbox 887 5607 1160 5677; x_wconf 89' lang='lat' dir='ltr'><strong>captandis</strong></span> <span class='ocrx_word' id='word_1_767' title='bbox 1192 5608 1300 5661; x_wconf 90' lang='lat' dir='ltr'><strong>vidi</strong></span> <span class='ocrx_word' id='word_1_768' title='bbox 1335 5609 1578 5664; x_wconf 86' lang='lat' dir='ltr'><strong>homines</strong></span> <span class='ocrx_word' id='word_1_769' title='bbox 1607 5610 1776 5666; x_wconf 87' lang='lat' dir='ltr'><strong>factos</strong></span> <span class='ocrx_word' id='word_1_770' title='bbox 1807 5613 1983 5667; x_wconf 84' lang='lat' dir='ltr'><strong>taber-</strong></span> 
     </span>
    </p>
   </div>
   <div class='ocr_carea' id='block_1_101' title="bbox 403 5696 1984 5774">
    <p class='ocr_par' dir='ltr' id='par_1_101' title="bbox 403 5696 1984 5774">
     <span class='ocr_line' id='line_1_101' title="bbox 403 5696 1984 5774; baseline 0.006 -24"><span class='ocrx_word' id='word_1_771' title='bbox 403 5696 591 5751; x_wconf 86' lang='lat' dir='ltr'><strong>nacula</strong></span> <span class='ocrx_word' id='word_1_772' title='bbox 621 5699 936 5769; x_wconf 82' lang='lat' dir='ltr'><strong>nigredinis,</strong></span> <span class='ocrx_word' id='word_1_773' title='bbox 983 5700 1036 5757; x_wconf 93' lang='lat' dir='ltr'><strong>id</strong></span> <span class='ocrx_word' id='word_1_774' title='bbox 1068 5709 1170 5766; x_wconf 89' lang='lat' dir='ltr'><strong>est,</strong></span> <span class='ocrx_word' id='word_1_775' title='bbox 1203 5698 1452 5756; x_wconf 84' lang='lat' dir='ltr'><strong>vitiorum</strong></span> <span class='ocrx_word' id='word_1_776' title='bbox 1481 5712 1535 5757; x_wconf 89' lang='lat' dir='ltr'><strong>et</strong></span> <span class='ocrx_word' id='word_1_777' title='bbox 1562 5703 1891 5774; x_wconf 84' lang='lat' dir='ltr'><strong>daemonum,</strong></span> <span class='ocrx_word' id='word_1_778' title='bbox 1924 5712 1984 5759; x_wconf 92' lang='lat' dir='ltr'><strong>ut</strong></span> 
     </span>
    </p>
   </div>
   <div class='ocr_carea' id='block_1_102' title="bbox 404 5792 1981 5863">
    <p class='ocr_par' dir='ltr' id='par_1_102' title="bbox 404 5792 1981 5863">
     <span class='ocr_line' id='line_1_102' title="bbox 404 5792 1981 5863; baseline 0.006 -18"><span class='ocrx_word' id='word_1_779' title='bbox 404 5792 491 5863; x_wconf 89' lang='lat' dir='ltr'><strong>qui</strong></span> <span class='ocrx_word' id='word_1_780' title='bbox 547 5803 795 5861; x_wconf 88' lang='lat' dir='ltr'><strong>poterant</strong></span> <span class='ocrx_word' id='word_1_781' title='bbox 843 5810 962 5851; x_wconf 88' lang='lat' dir='ltr'><strong>esse</strong></span> <span class='ocrx_word' id='word_1_782' title='bbox 1017 5796 1359 5850; x_wconf 90' lang='lat' dir='ltr'><strong>tabernacula</strong></span> <span class='ocrx_word' id='word_1_783' title='bbox 1411 5798 1666 5852; x_wconf 89' lang='lat' dir='ltr'><strong>virtutum</strong></span> <span class='ocrx_word' id='word_1_784' title='bbox 1722 5799 1981 5855; x_wconf 90' lang='lat' dir='ltr'><strong>sectando</strong></span> 
     </span>
    </p>
   </div>
   <div class='ocr_carea' id='block_1_103' title="bbox 407 5885 1983 5964">
    <p class='ocr_par' dir='ltr' id='par_1_103' title="bbox 407 5885 1983 5964">
     <span class='ocr_line' id='line_1_103' title="bbox 407 5885 1983 5964; baseline 0.009 -29"><span class='ocrx_word' id='word_1_785' title='bbox 407 5895 806 5954; x_wconf 86' lang='lat' dir='ltr'><strong>paupertatem,</strong></span> <span class='ocrx_word' id='word_1_786' title='bbox 839 5885 960 5942; x_wconf 89' lang='lat' dir='ltr'><strong>facti</strong></span> <span class='ocrx_word' id='word_1_787' title='bbox 993 5886 1101 5943; x_wconf 88' lang='lat' dir='ltr'><strong>sint</strong></span> <span class='ocrx_word' id='word_1_788' title='bbox 1126 5887 1373 5942; x_wconf 91' lang='lat' dir='ltr'><strong>vitiorum</strong></span> <span class='ocrx_word' id='word_1_789' title='bbox 1405 5890 1628 5946; x_wconf 87' lang='lat' dir='ltr'><strong>tentoria</strong></span> <span class='ocrx_word' id='word_1_790' title='bbox 1661 5907 1757 5959; x_wconf 89' lang='lat' dir='ltr'><strong>pro</strong></span> <span class='ocrx_word' id='word_1_791' title='bbox 1790 5894 1983 5964; x_wconf 86' lang='lat' dir='ltr'><strong>iniqui-</strong></span> 
     </span>
    </p>
   </div>
   <div class='ocr_carea' id='block_1_104' title="bbox 2095 4766 3673 4837">
    <p class='ocr_par' dir='ltr' id='par_1_104' title="bbox 2095 4766 3673 4837">
     <span class='ocr_line' id='line_1_104' title="bbox 2095 4766 3673 4837; baseline -0.005 -15"><span class='ocrx_word' id='word_1_792' title='bbox 2095 4768 2214 4824; x_wconf 88' lang='lat' dir='ltr'><strong>illas</strong></span> <span class='ocrx_word' id='word_1_793' title='bbox 2240 4766 2450 4837; x_wconf 88' lang='lat' dir='ltr'><strong>justitia</strong></span> <span class='ocrx_word' id='word_1_794' title='bbox 2480 4766 2660 4819; x_wconf 90' lang='lat' dir='ltr'><strong>divina</strong></span> <span class='ocrx_word' id='word_1_795' title='bbox 2692 4766 3037 4833; x_wconf 81' lang='lat' dir='ltr'><strong>comprobat,</strong></span> <span class='ocrx_word' id='word_1_796' title='bbox 3080 4779 3214 4835; x_wconf 84' lang='lat' dir='ltr'><strong>quas</strong></span> <span class='ocrx_word' id='word_1_797' title='bbox 3254 4767 3415 4819; x_wconf 90' lang='lat' dir='ltr'><strong>etiam</strong></span> <span class='ocrx_word' id='word_1_798' title='bbox 3464 4771 3673 4816; x_wconf 85' lang='lat' dir='ltr'><strong>terrena</strong></span> 
     </span>
    </p>
   </div>
   <div class='ocr_carea' id='block_1_105' title="bbox 2095 4853 3674 4919">
    <p class='ocr_par' dir='ltr' id='par_1_105' title="bbox 2095 4853 3674 4919">
     <span class='ocr_line' id='line_1_105' title="bbox 2095 4853 3674 4919; baseline -0.007 -3"><span class='ocrx_word' id='word_1_799' title='bbox 2095 4862 2437 4916; x_wconf 88' lang='lat' dir='ltr'><strong>condemnat.</strong></span> <span class='ocrx_word' id='word_1_800' title='bbox 2472 4859 2537 4913; x_wconf 86' lang='lat' dir='ltr'><strong>Et</strong></span> <span class='ocrx_word' id='word_1_801' title='bbox 2568 4859 2682 4914; x_wconf 64' lang='lat' dir='ltr'><strong>ista:</strong></span> <span class='ocrx_word' id='word_1_802' title='bbox 2712 4859 2822 4913; x_wconf 91' lang='lat' dir='ltr'><strong>Deo</strong></span> <span class='ocrx_word' id='word_1_803' title='bbox 2852 4859 2996 4912; x_wconf 88' lang='lat' dir='ltr'><strong>nullo</strong></span> <span class='ocrx_word' id='word_1_804' title='bbox 3027 4858 3187 4911; x_wconf 89' lang='lat' dir='ltr'><strong>modo</strong></span> <span class='ocrx_word' id='word_1_805' title='bbox 3213 4865 3336 4911; x_wconf 89' lang='lat' dir='ltr'><strong>sunt</strong></span> <span class='ocrx_word' id='word_1_806' title='bbox 3359 4853 3674 4919; x_wconf 65' lang='lat' dir='ltr'><strong>offerendtu,</strong></span> 
     </span>
    </p>
   </div>
   <div class='ocr_carea' id='block_1_106' title="bbox 2095 4946 3679 5023">
    <p class='ocr_par' dir='ltr' id='par_1_106' title="bbox 2095 4946 3679 5023">
     <span class='ocr_line' id='line_1_106' title="bbox 2095 4946 3679 5023; baseline -0.005 -16"><span class='ocrx_word' id='word_1_807' title='bbox 2095 4971 2214 5023; x_wconf 74' lang='lat' dir='ltr'><strong>qua:</strong></span> <span class='ocrx_word' id='word_1_808' title='bbox 2244 4956 2310 5009; x_wconf 88' lang='lat' dir='ltr'><strong>de</strong></span> <span class='ocrx_word' id='word_1_809' title='bbox 2340 4954 2543 5008; x_wconf 86' lang='lat' dir='ltr'><strong>scelere</strong></span> <span class='ocrx_word' id='word_1_810' title='bbox 2587 4960 2715 5005; x_wconf 89' lang='lat' dir='ltr'><strong>sunt</strong></span> <span class='ocrx_word' id='word_1_811' title='bbox 2757 4952 3053 5020; x_wconf 76' lang='lat' dir='ltr'><strong>acquisitte.</strong></span> <span class='ocrx_word' id='word_1_812' title='bbox 3110 4950 3175 5003; x_wconf 88' lang='lat' dir='ltr'><strong>Et</strong></span> <span class='ocrx_word' id='word_1_813' title='bbox 3204 4951 3314 5003; x_wconf 86' lang='lat' dir='ltr'><strong>cito</strong></span> <span class='ocrx_word' id='word_1_814' title='bbox 3342 4961 3519 5003; x_wconf 80' lang='lat' dir='ltr'><strong>tamen</strong></span> <span class='ocrx_word' id='word_1_815' title='bbox 3551 4946 3679 5000; x_wconf 83' lang='lat' dir='ltr'><strong>red-</strong></span> 
     </span>
    </p>
   </div>
   <div class='ocr_carea' id='block_1_107' title="bbox 2096 5042 3677 5114">
    <p class='ocr_par' dir='ltr' id='par_1_107' title="bbox 2096 5042 3677 5114">
     <span class='ocr_line' id='line_1_107' title="bbox 2096 5042 3677 5114; baseline -0.001 -14"><span class='ocrx_word' id='word_1_816' title='bbox 2096 5046 2285 5103; x_wconf 72' lang='lat' dir='ltr'><strong>denda:</strong></span> <span class='ocrx_word' id='word_1_817' title='bbox 2311 5058 2435 5101; x_wconf 90' lang='lat' dir='ltr'><strong>sunt</strong></span> <span class='ocrx_word' id='word_1_818' title='bbox 2460 5089 2474 5113; x_wconf 83' lang='lat'><strong>,</strong></span> <span class='ocrx_word' id='word_1_819' title='bbox 2528 5046 2635 5099; x_wconf 89' lang='lat' dir='ltr'><strong>imo</strong></span> <span class='ocrx_word' id='word_1_820' title='bbox 2665 5046 3006 5114; x_wconf 71' lang='lat' dir='ltr'><strong>projicienda:</strong></span> <span class='ocrx_word' id='word_1_821' title='bbox 3027 5086 3042 5110; x_wconf 93' lang='lat'><strong>,</strong></span> <span class='ocrx_word' id='word_1_822' title='bbox 3091 5060 3156 5100; x_wconf 87' lang='lat' dir='ltr'><strong>ne</strong></span> <span class='ocrx_word' id='word_1_823' title='bbox 3183 5042 3495 5099; x_wconf 87' lang='lat' dir='ltr'><strong>malefactor</strong></span> <span class='ocrx_word' id='word_1_824' title='bbox 3525 5046 3677 5099; x_wconf 85' lang='lat' dir='ltr'><strong>inve-</strong></span> 
     </span>
    </p>
   </div>
   <div class='ocr_carea' id='block_1_108' title="bbox 2095 5137 3673 5209">
    <p class='ocr_par' dir='ltr' id='par_1_108' title="bbox 2095 5137 3673 5209">
     <span class='ocr_line' id='line_1_108' title="bbox 2095 5137 3673 5209; baseline -0.004 -12"><span class='ocrx_word' id='word_1_825' title='bbox 2095 5144 2271 5199; x_wconf 85' lang='lat' dir='ltr'><strong>niatur</strong></span> <span class='ocrx_word' id='word_1_826' title='bbox 2292 5143 2341 5196; x_wconf 91' lang='lat' dir='ltr'><strong>in</strong></span> <span class='ocrx_word' id='word_1_827' title='bbox 2365 5144 2504 5197; x_wconf 82' lang='lat' dir='ltr'><strong>malo</strong></span> <span class='ocrx_word' id='word_1_828' title='bbox 2526 5150 2701 5209; x_wconf 69' lang='lat' dir='ltr'><strong>coepto</strong></span> <span class='ocrx_word' id='word_1_829' title='bbox 2729 5154 3091 5208; x_wconf 84' lang='lat' dir='ltr'><strong>perseverare.</strong></span> <span class='ocrx_word' id='word_1_830' title='bbox 3130 5138 3199 5195; x_wconf 81' lang='lat' dir='ltr'><strong>Ut</strong></span> <span class='ocrx_word' id='word_1_831' title='bbox 3218 5153 3332 5193; x_wconf 83' lang='lat' dir='ltr'><strong>cum</strong></span> <span class='ocrx_word' id='word_1_832' title='bbox 3361 5137 3673 5208; x_wconf 78' lang='lat' dir='ltr'><strong>defeceritis,</strong></span> 
     </span>
    </p>
   </div>
   <div class='ocr_carea' id='block_1_109' title="bbox 2090 5228 3671 5308">
    <p class='ocr_par' dir='ltr' id='par_1_109' title="bbox 2090 5228 3671 5308">
     <span class='ocr_line' id='line_1_109' title="bbox 2090 5228 3671 5308; baseline -0.005 -17"><span class='ocrx_word' id='word_1_833' title='bbox 2090 5238 2338 5308; x_wconf 87' lang='lat' dir='ltr'><strong>recipiant</strong></span> <span class='ocrx_word' id='word_1_834' title='bbox 2368 5251 2453 5288; x_wconf 84' lang='lat' dir='ltr'><strong>vos</strong></span> <span class='ocrx_word' id='word_1_835' title='bbox 2484 5236 2533 5287; x_wconf 91' lang='lat' dir='ltr'><strong>in</strong></span> <span class='ocrx_word' id='word_1_836' title='bbox 2560 5244 2753 5287; x_wconf 75' lang='lat' dir='ltr'><strong>wterna</strong></span> <span class='ocrx_word' id='word_1_837' title='bbox 2778 5232 3117 5286; x_wconf 80' lang='lat' dir='ltr'><strong>tabernacula.</strong></span> <span class='ocrx_word' id='word_1_838' title='bbox 3160 5231 3394 5301; x_wconf 86' lang='lat' dir='ltr'><strong>Exponit</strong></span> <span class='ocrx_word' id='word_1_839' title='bbox 3422 5230 3508 5285; x_wconf 86' lang='lat' dir='ltr'><strong>hic</strong></span> <span class='ocrx_word' id='word_1_840' title='bbox 3530 5228 3671 5300; x_wconf 87' lang='lat' dir='ltr'><strong>quod</strong></span> 
     </span>
    </p>
   </div>
   <div class='ocr_carea' id='block_1_110' title="bbox 2090 5322 3669 5395">
    <p class='ocr_par' dir='ltr' id='par_1_110' title="bbox 2090 5322 3669 5395">
     <span class='ocr_line' id='line_1_110' title="bbox 2090 5322 3669 5395; baseline -0.005 -12"><span class='ocrx_word' id='word_1_841' title='bbox 2090 5328 2315 5392; x_wconf 86' lang='lat' dir='ltr'><strong>dixerat,</strong></span> <span class='ocrx_word' id='word_1_842' title='bbox 2347 5326 2593 5395; x_wconf 78' lang='lat' dir='ltr'><strong>recipiunt</strong></span> <span class='ocrx_word' id='word_1_843' title='bbox 2620 5340 2706 5378; x_wconf 87' lang='lat' dir='ltr'><strong>vos</strong></span> <span class='ocrx_word' id='word_1_844' title='bbox 2734 5325 2786 5377; x_wconf 89' lang='lat' dir='ltr'><strong>in</strong></span> <span class='ocrx_word' id='word_1_845' title='bbox 2814 5324 2989 5378; x_wconf 85' lang='lat' dir='ltr'><strong>domos</strong></span> <span class='ocrx_word' id='word_1_846' title='bbox 3017 5338 3157 5377; x_wconf 85' lang='lat' dir='ltr'><strong>suas.</strong></span> <span class='ocrx_word' id='word_1_847' title='bbox 3194 5323 3500 5377; x_wconf 81' lang='lat' dir='ltr'><strong>Mansiones</strong></span> <span class='ocrx_word' id='word_1_848' title='bbox 3524 5322 3669 5377; x_wconf 89' lang='lat' dir='ltr'><strong>enlm</strong></span> 
     </span>
    </p>
   </div>
   <div class='ocr_carea' id='block_1_111' title="bbox 2092 5414 3674 5485">
    <p class='ocr_par' dir='ltr' id='par_1_111' title="bbox 2092 5414 3674 5485">
     <span class='ocr_line' id='line_1_111' title="bbox 2092 5414 3674 5485; baseline -0.004 -10"><span class='ocrx_word' id='word_1_849' title='bbox 2092 5430 2329 5483; x_wconf 59' lang='lat' dir='ltr'><strong>aeternae,</strong></span> <span class='ocrx_word' id='word_1_850' title='bbox 2360 5418 2551 5471; x_wconf 89' lang='lat' dir='ltr'><strong>domus</strong></span> <span class='ocrx_word' id='word_1_851' title='bbox 2581 5426 2705 5470; x_wconf 87' lang='lat' dir='ltr'><strong>sunt</strong></span> <span class='ocrx_word' id='word_1_852' title='bbox 2729 5432 2913 5471; x_wconf 91' lang='lat' dir='ltr'><strong>eorum</strong></span> <span class='ocrx_word' id='word_1_853' title='bbox 2939 5417 3132 5485; x_wconf 85' lang='lat' dir='ltr'><strong>quibus</strong></span> <span class='ocrx_word' id='word_1_854' title='bbox 3158 5414 3482 5484; x_wconf 88' lang='lat' dir='ltr'><strong>impenditur</strong></span> <span class='ocrx_word' id='word_1_855' title='bbox 3509 5414 3674 5469; x_wconf 79' lang='lat' dir='ltr'><strong>mise-</strong></span> 
     </span>
    </p>
   </div>
   <div class='ocr_carea' id='block_1_112' title="bbox 2092 5508 3662 5581">
    <p class='ocr_par' dir='ltr' id='par_1_112' title="bbox 2092 5508 3662 5581">
     <span class='ocr_line' id='line_1_112' title="bbox 2092 5508 3662 5581; baseline -0.004 -13"><span class='ocrx_word' id='word_1_856' title='bbox 2092 5514 2342 5569; x_wconf 88' lang='lat' dir='ltr'><strong>ricordia.</strong></span> <span class='ocrx_word' id='word_1_857' title='bbox 2399 5512 2596 5566; x_wconf 85' lang='lat' dir='ltr'><strong>Domus</strong></span> <span class='ocrx_word' id='word_1_858' title='bbox 2628 5511 2843 5581; x_wconf 91' lang='lat' dir='ltr'><strong>inquam</strong></span> <span class='ocrx_word' id='word_1_859' title='bbox 2874 5526 3082 5576; x_wconf 90' lang='lat' dir='ltr'><strong>eorum,</strong></span> <span class='ocrx_word' id='word_1_860' title='bbox 3135 5524 3241 5564; x_wconf 91' lang='lat' dir='ltr'><strong>non</strong></span> <span class='ocrx_word' id='word_1_861' title='bbox 3288 5508 3662 5578; x_wconf 84' lang='lat' dir='ltr'><strong>possessione,</strong></span> 
     </span>
    </p>
   </div>
   <div class='ocr_carea' id='block_1_113' title="bbox 2089 5599 3671 5672">
    <p class='ocr_par' dir='ltr' id='par_1_113' title="bbox 2089 5599 3671 5672">
     <span class='ocr_line' id='line_1_113' title="bbox 2089 5599 3671 5672; baseline -0.005 -11"><span class='ocrx_word' id='word_1_862' title='bbox 2089 5606 2183 5662; x_wconf 89' lang='lat' dir='ltr'><strong>sed</strong></span> <span class='ocrx_word' id='word_1_863' title='bbox 2212 5618 2393 5659; x_wconf 85' lang='lat' dir='ltr'><strong>causa.</strong></span> <span class='ocrx_word' id='word_1_864' title='bbox 2444 5603 2559 5657; x_wconf 89' lang='lat' dir='ltr'><strong>Non</strong></span> <span class='ocrx_word' id='word_1_865' title='bbox 2611 5605 2973 5672; x_wconf 88' lang='lat' dir='ltr'><strong>possessione,</strong></span> <span class='ocrx_word' id='word_1_866' title='bbox 3022 5603 3166 5671; x_wconf 85' lang='lat' dir='ltr'><strong>quod</strong></span> <span class='ocrx_word' id='word_1_867' title='bbox 3215 5616 3307 5657; x_wconf 85' lang='lat' dir='ltr'><strong>eas</strong></span> <span class='ocrx_word' id='word_1_868' title='bbox 3359 5599 3671 5672; x_wconf 85' lang='lat' dir='ltr'><strong>possideant</strong></span> 
     </span>
    </p>
   </div>
   <div class='ocr_carea' id='block_1_114' title="bbox 2090 5693 3667 5771">
    <p class='ocr_par' dir='ltr' id='par_1_114' title="bbox 2090 5693 3667 5771">
     <span class='ocr_line' id='line_1_114' title="bbox 2090 5693 3667 5771; baseline -0.003 -18"><span class='ocrx_word' id='word_1_869' title='bbox 2090 5714 2222 5771; x_wconf 86' lang='lat' dir='ltr'><strong>quas</strong></span> <span class='ocrx_word' id='word_1_870' title='bbox 2272 5700 2488 5753; x_wconf 84' lang='lat' dir='ltr'><strong>forsitan</strong></span> <span class='ocrx_word' id='word_1_871' title='bbox 2540 5714 2644 5753; x_wconf 90' lang='lat' dir='ltr'><strong>non</strong></span> <span class='ocrx_word' id='word_1_872' title='bbox 2698 5699 3081 5769; x_wconf 88' lang='lat' dir='ltr'><strong>possidebunt;</strong></span> <span class='ocrx_word' id='word_1_873' title='bbox 3137 5696 3230 5752; x_wconf 88' lang='lat' dir='ltr'><strong>sed</strong></span> <span class='ocrx_word' id='word_1_874' title='bbox 3279 5711 3476 5765; x_wconf 89' lang='lat' dir='ltr'><strong>causa,</strong></span> <span class='ocrx_word' id='word_1_875' title='bbox 3527 5693 3667 5766; x_wconf 91' lang='lat' dir='ltr'><strong>quod</strong></span> 
     </span>
    </p>
   </div>
   <div class='ocr_carea' id='block_1_115' title="bbox 2091 5789 3675 5861">
    <p class='ocr_par' dir='ltr' id='par_1_115' title="bbox 2091 5789 3675 5861">
     <span class='ocr_line' id='line_1_115' title="bbox 2091 5789 3675 5861; baseline -0.004 -12"><span class='ocrx_word' id='word_1_876' title='bbox 2091 5795 2297 5850; x_wconf 90' lang='lat' dir='ltr'><strong>scilicet</strong></span> <span class='ocrx_word' id='word_1_877' title='bbox 2338 5807 2497 5847; x_wconf 90' lang='lat' dir='ltr'><strong>causa</strong></span> <span class='ocrx_word' id='word_1_878' title='bbox 2538 5800 2667 5847; x_wconf 90' lang='lat' dir='ltr'><strong>sunt</strong></span> <span class='ocrx_word' id='word_1_879' title='bbox 2705 5792 2817 5847; x_wconf 88' lang='lat' dir='ltr'><strong>suis</strong></span> <span class='ocrx_word' id='word_1_880' title='bbox 2863 5790 3297 5847; x_wconf 89' lang='lat' dir='ltr'><strong>benefactoribus</strong></span> <span class='ocrx_word' id='word_1_881' title='bbox 3336 5789 3675 5861; x_wconf 67' lang='lat' dir='ltr'><strong>possidendi.</strong></span> 
     </span>
    </p>
   </div>
   <div class='ocr_carea' id='block_1_116' title="bbox 2093 5884 3666 5977">
    <p class='ocr_par' dir='ltr' id='par_1_116' title="bbox 2093 5884 3666 5977">
     <span class='ocr_line' id='line_1_116' title="bbox 2093 5884 3666 5977; baseline -0.004 -33"><span class='ocrx_word' id='word_1_882' title='bbox 2093 5888 2148 5944; x_wconf 91' lang='lat' dir='ltr'><strong>lu</strong></span> <span class='ocrx_word' id='word_1_883' title='bbox 2178 5902 2302 5944; x_wconf 88' lang='lat' dir='ltr'><strong>suas</strong></span> <span class='ocrx_word' id='word_1_884' title='bbox 2332 5901 2460 5956; x_wconf 86' lang='lat' dir='ltr'><strong>ergo</strong></span> <span class='ocrx_word' id='word_1_885' title='bbox 2490 5886 2681 5943; x_wconf 90' lang='lat' dir='ltr'><strong>domos</strong></span> <span class='ocrx_word' id='word_1_886' title='bbox 2713 5901 2811 5943; x_wconf 90' lang='lat' dir='ltr'><strong>nos</strong></span> <span class='ocrx_word' id='word_1_887' title='bbox 2841 5886 3137 5961; x_wconf 78' lang='lat' dir='ltr'><strong>recipiunt,</strong></span> <span class='ocrx_word' id='word_1_888' title='bbox 3184 5884 3405 5977; x_wconf 77' lang='lat' dir='ltr'><strong>quando</strong></span> <span class='ocrx_word' id='word_1_889' title='bbox 3427 5887 3479 5941; x_wconf 92' lang='lat' dir='ltr'><strong>in</strong></span> <span class='ocrx_word' id='word_1_890' title='bbox 3512 5894 3666 5959; x_wconf 48' lang='lat' dir='ltr'><strong>(ctera</strong></span> 
     </span>
    </p>
   </div>
  </div>
