3972 6340
331 410 466 472 1575

1212 414 1417 472 PAULI
1458 411 1731 470 DlACUNl
1770 410 1923 468 OPP.
1965 409 2142 470 PARS
2182 411 2246 472 11.
2288 444 2358 458 -
2395 414 2753 476 ASCETICA.

3460 417 3605 484 1⁸576

328 561 424 604 nas
445 550 874 606 mansionesnos
896 549 974 607 ire
998 550 1217 607 iaciunt.
1247 552 1381 609 Suas
1401 557 1542 610 enim
1567 562 1899 625 reputamus,

2009 530 2292 603 famosum,
2324 534 2467 605 quod
2495 549 2525 588 a
2554 536 2842 591 Salomone
2870 532 3281 610 Hierosolymis.
3304 544 3604 598 amuentis-

326 653 458 711 quas
489 655 596 695 non
641 641 745 696 nisi
790 657 884 709 per
911 658 1003 699 eos
1032 644 1346 714 accipimus.
1394 647 1537 715 Quas
1568 647 1722 703 nobis
1750 647 1902 717 quasi

327 733 632 788 retribuunt
687 742 903 803 pr0pter
958 736 1212 792 beneﬁcia
1267 755 1385 808 quas
1436 750 1799 811 receperunt:
1849 750 1904 797 et

326 836 545 896 propter
566 825 965 884 misericordias
994 844 1126 899 quas
1152 843 1472 901 acceperunt
1504 833 1899 904 temporalium,

325 925 647 973 aeternorum
678 919 1030 977 retributores
1061 920 1326 990 existunt,
1374 940 1469 994 per
1504 941 1623 981 cum
1669 927 1761 999 qui
1806 940 1903 996 pro

325 1010 455 1079 ipsis
484 1010 715 1066 reddidit
754 1013 896 1078 quod
938 1013 1239 1070 debuerunt
1264 1058 1279 1084 ,
1328 1018 1612 1075 Dominum
1658 1029 1901 1075 nostrum

323 1098 504 1158 Jesum
528 1101 819 1169 Christum,
846 1106 934 1175 qui
958 1105 1086 1160 vivit
1107 1115 1161 1162 et
1181 1119 1363 1180 regnat
1388 1125 1482 1181 per
1501 1112 1681 1166 omnia
1701 1111 1901 1167 sarcula

321 1192 663 1250 saeculorum.
698 1196 891 1252 Amen.

833 1290 1113 1348 llOMlLlA
1151 1293 1383 1350 CLXIX.

564 1400 617 1441 IN
657 1402 909 1443 DOHINICA
947 1406 998 1444 XI
1040 1406 1168 1447 POST
1209 1406 1610 1448 PENTECOSTEN.

640 1466 743 1539 (Ex
775 1469 911 1539 Opp.
940 1469 1084 1525 beati
1113 1471 1352 1541 Gregorii
1388 1472 1587 1543 papae.)

392 1557 458 1613 In
487 1559 576 1613 illo
604 1566 830 1629 tempore
859 1579 973 1617 cum
997 1566 1451 1637 appmpinquassel
1473 1565 1626 1621 Iesus
1649 1565 1903 1622 Hierusa-

318 1652 437 1720 lem,
467 1652 641 1707 videns
671 1654 944 1722 civitatem,
975 1658 1115 1727 ﬂevit
1142 1674 1295 1728 super
1321 1659 1486 1725 illam,
1523 1660 1694 1713 dicens
1719 1675 1737 1713 :
1769 1659 1901 1728 Quia

316 1746 364 1798 si
387 1746 720 1816 cognovisses,
751 1754 797 1801 et
826 1755 900 1815 tu,
931 1757 1034 1803 etc.
1071 1748 1219 1818 (Luc.
1251 1751 1394 1821 xix.)

389 1834 697 1890 Lectionem
732 1837 947 1893 brevem
975 1840 1149 1896 sancti
1176 1842 1469 1913 Evangelii,
1501 1843 1671 1911 brevi,
1700 1844 1743 1899 si
1775 1859 1898 1914 pos-

314 1940 456 1993 sum,
490 1927 609 1982 volo
650 1944 898 1987 sermone
944 1947 1279 2001 percurrere,
1311 1946 1416 1991 etc.
1471 1936 1687 2008 Reliqua
1712 1939 1894 1995 tvitlesis

314 2018 455 2086 apud
482 2027 711 2072 sanctum
741 2018 1070 2094 Gregorium,
1104 2026 1329 2096 Operam
1356 2030 1465 2099 ejus
1494 2039 1628 2084 tanto
1656 2027 1745 2099 II,
1782 2030 1894 2086 Pa-

316 2111 547 2181 trologite
571 2111 830 2181 LXXVI,
861 2116 962 2171 col.
994 2116 1151 2173 1294.

837 2208 1120 2264 llOlllLlA
1161 2211 1370 2267 CLXX.

571 2298 624 2339 IN
665 2300 913 2342 DOXINICA
956 2303 1029 2343 XII
1069 2304 1197 2345 POST
1236 2307 1633 2349 PENTECOSTEN.

702 2377 803 2447 (Ex
834 2378 971 2447 Opp.
1006 2379 1147 2435 beati
1178 2381 1508 2455 Augustini.)

381 2465 447 2519 In
469 2465 560 2521 illo
586 2476 809 2536 tempore
838 2469 967 2525 dixit
987 2469 1138 2526 Jesus
1162 2474 1230 2525 ad
1252 2475 1497 2543 quosdam
1518 2478 1606 2546 qui
1626 2478 1679 2531 in
1706 2494 1757 2533 se
1774 2495 1896 2535 con-

310 2558 539 2628 ﬁdebant
564 2568 809 2631 tanquam
828 2563 992 2635 justi,
1028 2572 1076 2617 et
1106 2567 1513 2635 aspernabantur
1540 2578 1768 2637 cteteror,
1803 2589 1896 2642 pa-

309 2652 559 2719 rabolam,
594 2654 810 2709 dicens:
844 2655 959 2709 Duo
1002 2658 1234 2713 homines
1280 2663 1615 2717 ascenderunt
1666 2667 1719 2719 in
1770 2676 1894 2721 tem.

309 2745 451 2813 plant
481 2755 534 2798 ut
561 2758 800 2803 orarent:
823 2765 953 2803 unus
986 2747 1306 2821 Pharisa'us,
1340 2762 1388 2808 et
1413 2755 1544 2811 alter
1567 2758 1890 2829 publicanus,

308 2848 413 2894 etc.
448 2838 597 2909 (Luc.
624 2842 800 2912 xvttt.)

380 2930 564 2987 Lectio
598 2935 764 2990 sancti
790 2934 1067 3008 Evangelii
1095 2938 1323 2997 aediﬁcat
1350 2956 1447 2997 nos
1477 2943 1542 2997 ad
1561 2946 1816 3001 orandum
1841 2956 1894 3001 et

306 3024 651 3095 credendum,
667 3036 772 3084 etc.
789 3028 1003 3101 Reliqua
1016 3032 1129 3086 vide
1141 3036 1281 3104 apud
1292 3045 1519 3088 sanctum
1534 3037 1891 3106 Augustinum,

310 3118 535 3190 Operam
565 3124 675 3194 ejus
703 3132 837 3179 tomo
865 3124 930 3193 V,
949 3125 1268 3199 Patrologite
1283 3129 1439 3184 XXX
1458 3129 1619 3199 VIII,
1639 3134 1737 3188 col.
1764 3132 1888 3191 655.

826 3215 1109 3271 llOMlLlA
1149 3217 1382 3275 CLXXI.

770 3309 838 3350 DI
906 3312 1085 3351 EADEM
1155 3314 1426 3355 DOMINICA.

507 3379 609 3450 (Ex
641 3379 853 3446 Herico,
884 3383 1147 3437 monacho
1173 3385 1674 3459 Autissiodurensi.)

379 3470 447 3525 In
472 3472 564 3525 illo
591 3482 812 3544 tempore
833 3474 935 3528 duo
958 3474 1190 3531 homines
1212 3479 1550 3536 ascenderunt
1574 3485 1627 3538 in
1650 3476 1892 3555 templum

307 3574 361 3620 ut
390 3574 610 3631 orarent,
644 3581 776 3620 unus
821 3563 1119 3623 I’Itaristeus
1168 3578 1215 3624 et
1264 3572 1393 3627 alter
1422 3574 1754 3646 publicanus,
1781 3592 1886 3636 etc.

307 3657 458 3737 (μισ.
491 3656 666 3728 xvm.)

376 3748 581 3805 Sensus
615 3750 774 3822 hujus
804 3752 1053 3811 lectionis
1078 3755 1248 3812 lueret
1276 3771 1370 3828 per
1393 3759 1571 3815 omnia
1599 3764 1891 3831 superiori-

304 3839 425 3908 bus,
457 3841 545 3897 ubi
576 3842 832 3900 Dominus
860 3845 1152 3917 discipulos
1186 3850 1252 3905 ad
1292 3850 1599 3911 instantiam
1630 3859 1890 3915 orationis

304 3944 589 4005 provocat,
614 3936 811 4006 judicis
854 3939 1021 3995 Deum
1065 3957 1169 3998 non
1214 3944 1449 4003 timentis
1469 3989 1483 4014 ,
1515 3957 1569 4005 et
1599 3951 1777 4007 vidua:
1809 3956 1889 4009 in-

304 4028 587 4085 clamantis
617 4031 916 4088 introducta
959 4035 1235 4107 parabola,
1270 4053 1571 4111 quanquam
1604 4044 1705 4099 hoc
1728 4045 1888 4102 modo

304 4119 646 4177 terminavit:
685 4122 1044 4180 Verumtamen
1074 4124 1246 4183 Filius
1273 4130 1492 4187 hominis
1533 4136 1761 4203 veniens,
1794 4155 1889 4208 pu-

303 4218 382 4265 tas
410 4210 624 4267 inveniet
651 4214 809 4283 ﬁdem
833 4217 887 4271 in
915 4219 1087 4273 terra?
1109 4218 1186 4275 Ne
1214 4236 1341 4276 vero
1361 4222 1461 4278 sibi
1490 4224 1766 4296 quisquam
1795 4229 1890 4283 im-

303 4302 474 4372 probe
498 4303 566 4361 de
594 4319 691 4360 sua
723 4307 826 4364 ﬁde
853 4308 1206 4379 applauderet
1224 4349 1239 4375 ,
1272 4312 1587 4371 humilitatis
1613 4317 1756 4373 illico
1784 4318 1885 4375 do-

302 4403 611 4449 cumentum
642 4396 939 4467 subiunxit,
967 4414 1085 4455 eam
1117 4401 1255 4457 inter
1276 4413 1593 4460 cunctorum
1617 4406 1883 4466 bonorum

306 4500 530 4555 operum
562 4487 816 4543 exercitia
866 4489 986 4558 plus
1031 4492 1239 4560 valere,
1270 4505 1603 4567 matremque
1628 4501 1885 4559 virtutum

303 4590 425 4632 esse
450 4576 847 4647 demonstrans,
879 4581 1018 4637 sicut
1042 4594 1255 4640 constat
1287 4589 1595 4654 superbiam
1632 4593 1880 4650 vitiorum

303 4668 542 4727 omnium
572 4679 730 4739 caput
759 4671 1011 4728 existere.
1042 4676 1121 4728 Ad
1153 4675 1307 4746 hujus
1326 4692 1455 4750 ergo
1476 4684 1746 4753 singulare
1772 4701 1884 4743 me-

302 4760 464 4815 ritum
495 4758 878 4815 declarandum
930 4774 1055 4817 usus
1085 4774 1168 4818 est
1208 4768 1607 4835 comparatione
1654 4772 1884 4828 duorum

302 4855 603 4924 hominum,
635 4856 688 4913 in
724 4857 895 4914 altero
927 4858 1140 4930 quidem
1166 4862 1521 4919 humilitatem
1554 4866 1800 4935 laudans,
1830 4870 1882 4925 in

302 4950 472 5006 altero
501 4951 805 5021 superbiam
837 4953 1169 5022 vituperans.
1198 4953 1336 5025 Duo,
1359 4955 1627 5027 inquiens,
1650 4961 1883 5017 homines

298 5042 634 5098 ascenderunt
662 5044 717 5099 in
742 5045 986 5115 templum
1007 5053 1059 5099 ut
1087 5055 1309 5113 orarent,
1335 5058 1439 5123 (ne.
1468 5050 1667 5106 Videas
1698 5054 1883 5108 Domi-

299 5147 398 5194 nae
427 5137 685 5209 quosdam
716 5138 1023 5196 Iudaeorum
1055 5139 1122 5197 de
1150 5142 1270 5197 licta
1300 5157 1360 5198 se
1392 5146 1679 5199 sanctitate
1708 5147 1854 5201 extol

296 5229 436 5295 lere,
480 5244 543 5285 ac
588 5245 683 5300 per
712 5231 812 5287 hoc
842 5232 1012 5303 (quasi
1050 5236 1440 5292 excellentioris
1472 5236 1649 5291 meriti
1677 5238 1880 5309 essent)

298 5323 507 5380 caeteris
538 5325 996 5395 praeferrezhane
1041 5331 1343 5398 parabolam
1397 5330 1615 5386 deduxit
1662 5331 1715 5386 in
1764 5347 1879 5389 me-

298 5418 463 5484 dium,
499 5421 550 5474 in
580 5434 687 5490 qua
739 5430 795 5476 et
847 5422 1021 5478 virtus
1059 5422 1373 5479 humilitatis
1422 5426 1688 5496 praecipue
1731 5443 1878 5485 com-

297 5510 600 5577 mendatur,
623 5522 677 5569 et
696 5514 1073 5584 prmsumptiva
1101 5518 1350 5585 superbia
1366 5533 1522 5587 quam
1547 5520 1615 5574 sit
1637 5524 1872 5579 cavenda

295 5602 614 5658 ostenditur.
644 5605 788 5660 Dixit
814 5616 1004 5673 autem,
1033 5606 1202 5678 inquit
1245 5612 1601 5681 evangelista,
1627 5615 1695 5670 ad
1723 5632 1874 5688 quos-

296 5692 415 5746 dam
455 5694 541 5761 qui
581 5694 634 5747 in
672 5711 724 5749 se
753 5698 1075 5765 conﬁdebant
1102 5710 1344 5763 tanquam
1364 5704 1514 5774 justi,
1550 5717 1597 5761 et
1628 5725 1876 5778 asperna.

294 5782 475 5838 bantur
498 5796 722 5854 cteteros,
754 5791 1049 5858 parabolam
1078 5794 1268 5850 istam:
1300 5795 1417 5851 Duo
1446 5804 1672 5854 nomines
1698 5818 1877 5858 ascen-

293 5878 472 5934 derunt
499 5880 550 5934 in
582 5886 838 5948 templum.
865 5884 1061 5943 Nobile
1091 5887 1220 5945 illud
1247 5893 1498 5961 templum
1530 5903 1584 5950 et
1616 5902 1728 5949 toto
1750 5894 1881 5950 orbe

1914 3269 1965 3337 ο

2001 626 2154 681 simis
2202 628 2502 698 sumptibus
2549 628 2724 684 fuerat
2754 629 3083 685 tedilleatum
3106 674 3121 698 ,
3154 632 3207 686 in
3247 634 3603 695 eminentiora

2002 724 2171 793 ipsius
2202 724 2440 779 civitatis
2468 732 2620 795 parte
2647 725 2809 780 situm
2837 724 3046 793 fuerat,
3081 728 3135 780 in
3167 738 3352 783 monte
3393 740 3603 786 sentcet

2003 815 2191 872 Moria.
2220 814 2451 872 Pulchre
2498 816 2664 888 igitur
2693 817 2894 872 dictum
2924 826 3038 885 est,
3068 823 3441 884 ascenderunt,
3474 823 3601 892 quia

2002 909 2193 965 civitas
2222 908 2555 967 Hierusalem
2606 910 2661 966 in
2709 912 2852 967 clivo
2878 913 3112 980 montis,
3143 912 3244 969 hoc
3280 923 3386 982 est,
3421 917 3473 969 in
3506 916 3603 970 dc-

2002 1016 2199 1059 scensu
2226 1002 2350 1069 sita,
2381 1017 2447 1057 ex
2475 1011 2626 1075 parte
2654 1010 2771 1058 erat
2820 1002 2876 1059 in
2923 1014 3107 1061 monte
3151 1014 3205 1061 et
3254 1020 3319 1061 ex
3362 1016 3515 1076 parte
3548 1007 3600 1061 itt

2001 1098 2143 1155 valle
2170 1116 2183 1153 :
2218 1098 2481 1170 templum
2512 1106 2691 1154 autem
2718 1098 2957 1166 Domini,
2990 1108 3046 1155 ut
3077 1099 3345 1169 diximus,
3372 1104 3429 1156 in
3458 1100 3599 1155 etni-

2004 1189 2236 1247 nentiori
2270 1191 2390 1246 loco
2419 1190 2588 1260 ipsius
2617 1190 2851 1246 civitatis
2896 1190 2998 1247 luit
3025 1190 3343 1247 collocatum
3376 1209 3388 1245 :
3418 1200 3473 1246 et
3508 1192 3599 1261 qui

2002 1285 2069 1339 ad
2097 1285 2227 1340 illud
2257 1284 2444 1341 venire
2486 1284 2760 1356 cupiebat,
2784 1300 3010 1341 necesse
3031 1294 3147 1341 erat
3183 1293 3241 1340 ut
3263 1285 3389 1341 illuc
3411 1300 3599 1341 ascen—

2003 1378 2180 1434 dendo
2231 1377 2557 1448 perveniret.
2587 1377 2739 1434 Unde
2780 1385 2834 1434 et
2881 1378 2933 1432 in
2981 1377 3330 1449 sequentibus
3360 1376 3597 1448 legitur:

2003 1467 2275 1524 Descendit
2304 1470 2383 1524 hic
2411 1470 2717 1539 iustificatus
2739 1469 2793 1524 in
2821 1469 3027 1524 domum
3054 1485 3199 1524 suam
3236 1469 3297 1524 ab
3339 1469 3430 1524 illo
3448 1514 3462 1539 ,
3494 1468 3599 1525 hoc

2003 1572 2106 1631 est,
2141 1562 2378 1630 templo;
2411 1561 2495 1618 vel
2525 1562 2783 1617 descendit
2819 1563 3142 1634 justi/icatus
3180 1562 3495 1636 publicanus
3533 1566 3599 1618 ab

2003 1651 2121 1721 illo,
2157 1653 2208 1708 id
2242 1662 2358 1720 est,
2394 1668 2459 1708 ex
2488 1654 2896 1725 comparatione
2944 1654 3221 1712 Pharisazi.
3263 1655 3437 1711 Et‘in
3490 1656 3598 1712 alio

2007 1744 2301 1817 Evangelio
2333 1746 2495 1803 homo
2527 1747 2721 1819 legitur
2770 1748 3119 1805 descendisse
3163 1750 3229 1804 ab
3259 1750 3598 1808 Hierusalem

2004 1834 2056 1891 in
2086 1836 2363 1904 lliericho,
2398 1847 2452 1893 et
2478 1838 2731 1895 incidisse
2762 1842 2814 1895 in
2847 1840 3086 1896 latrones
3129 1840 3282 1909 (Luc.
3310 1841 3389 1912 x).
3420 1840 3596 1897 Causa

2001 1942 2214 1999 quoque
2243 1928 2574 1983 ascensionis
2602 1944 2789 1985 eorum
2836 1930 3084 1986 subditur
3109 1949 3119 1985 :
3149 1931 3218 1987 Ut
3257 1944 3482 1988 orarent.
3514 1934 3596 1989 Ad

1996 2017 2099 2074 hoc
2148 2020 2291 2080 enim
2336 2019 2464 2075 illud
2498 2020 2752 2091 templum
2799 2031 3008 2077 constat
3048 2023 3403 2091 tedillcatum,
3436 2035 3495 2081 ut
3522 2026 3597 2082 ibi

1998 2110 2222 2181 p0pulus
2269 2120 2378 2167 tum
2429 2112 2697 2182 primitiva
2744 2129 2837 2169 sua
2885 2122 2941 2170 et
2990 2114 3193 2185 reliqua
3233 2131 3352 2186 qua:
3380 2116 3433 2171 in
3467 2117 3588 2187 lege

1996 2204 2463 2273 praecipiebantur,
2503 2204 2759 2262 ollerrct:
2793 2216 2902 2261 tum
2950 2210 3112 2263 etiam
3159 2224 3257 2279 pro
3296 2225 3355 2266 se
3400 2211 3593 2282 suique

1996 2298 2147 2366 regni
2180 2306 2325 2352 Statu
2354 2299 2520 2355 certis
2550 2300 2879 2369 temporibus
2921 2301 3237 2371 postularet.
3276 2303 3349 2357 Ex
3382 2303 3468 2359 his
3494 2320 3594 2358 au-

1997 2396 2104 2442 tem
2133 2388 2343 2444 duobus
2390 2388 2697 2446 hominibus
2727 2392 2815 2462 qui
2856 2392 3217 2449 ascenderunt
3248 2394 3300 2448 in
3332 2395 3594 2465 templmn

1996 2493 2053 2536 ut
2081 2493 2482 2561 orarenthunus
2503 2484 2801 2540 Pliaristrus
2843 2494 2892 2541 et
2931 2487 3062 2541 alter
3090 2486 3415 2558 publicanus.
3448 2488 3595 2543 Pha-

1998 2574 2141 2630 tiszei
2170 2576 2351 2632 clerici
2383 2587 2436 2632 et
2468 2577 2765 2650 presbyteri
2816 2587 2972 2633 erant
2997 2578 3307 2635 Iudaeorum
3327 2622 3342 2647 ,
3372 2581 3462 2651 qui
3497 2597 3595 2652 pro

1997 2680 2064 2723 eo
2092 2666 2231 2736 quod
2261 2682 2291 2722 a
2322 2671 2534 2724 caneris
2563 2684 2621 2724 se
2651 2670 2983 2737 dividebant,
3016 2681 3272 2742 tanquam
3304 2673 3593 2731 sanctioris

1995 2770 2058 2812 ac
2106 2756 2333 2827 potioris
2383 2760 2593 2825 meriti,
2642 2760 2803 2817 divisi
2856 2764 3297 2833 interpretantur,
3328 2781 3360 2821 a
3391 2765 3593 2822 Phares

1997 2846 2106 2901 lilio
2131 2847 2287 2903 Iudae
2310 2859 2553 2906 mutuato
2577 2852 2861 2908 vocabulo.
2883 2855 2923 2908 E
2948 2854 3142 2923 quibus
3164 2856 3266 2912 iste
3296 2857 3461 2913 fuisse
3491 2857 3589 2913 de-

1997 2938 2367 3011 prehenditur,
2417 2943 2506 3013 qui
2560 2945 2863 3016 arrcgantia
2914 2955 3163 3016 tumens,
3219 2948 3272 3003 in
3328 2949 3586 3020 templum

1995 3035 2255 3103 ascendit,
2287 3052 2392 3091 non
2426 3046 2532 3093 tam
2561 3038 2729 3094 Deum
2756 3050 3042 3110 oraturus,
3072 3057 3229 3111 quam
3257 3058 3315 3099 se
3340 3043 3589 3098 laudatu-

1995 3142 2109 3183 rus.
2145 3128 2420 3185 Publicani
2450 3141 2630 3189 autem
2653 3132 2992 3202 dict-bantur,
3013 3135 3096 3190 vel
3121 3136 3209 3205 qui
3238 3135 3463 3205 publicis
3486 3135 3589 3191 lla-

1993 3220 2137 3290 gitiis
2166 3219 2569 3292 incumbebant,
2603 3225 2687 3280 vel
2716 3227 2806 3296 qui
2856 3227 3082 3299 publicis
3132 3230 3359 3301 negotiis
3409 3230 3589 3286 inser-

1996 3311 2230 3381 viebant,
2262 3313 2546 3385 vectigalia
2580 3316 2893 3388 reipublicze
2923 3323 3291 3388 persolventes
3316 3361 3333 3389 ,
3376 3320 3429 3377 id
3460 3331 3539 3376 est
3567 3360 3586 3389 ,

1993 3404 2253 3474 telonarii,
2280 3407 2364 3463 vel
2395 3408 2559 3463 etiam
2590 3425 2778 3465 omnes
2810 3412 2898 3482 qui
2949 3427 3045 3482 per
3076 3412 3158 3468 las
3187 3423 3240 3468 et
3268 3416 3419 3470 nefas
3449 3413 3586 3468 divi-

1993 3498 2094 3556 tias
2125 3501 2227 3556 sibi
2269 3502 2702 3558 accumulabant.
2755 3505 2955 3561 Deinde
3004 3506 3316 3576 publicanus
3368 3508 3471 3564 iste
3516 3508 3587 3563 ad

1992 3592 2232 3647 membra
2262 3593 2584 3663 supradictm
2616 3597 2849 3665 pertinet
2893 3598 3135 3653 mulieris
3161 3607 3365 3655 sancta
3392 3600 3586 3656 Eccle-

1992 3687 2109 3754 size,
2142 3688 2209 3743 de
2238 3690 2431 3759 quibus
2460 3705 2620 3760 supra
2648 3691 2844 3748 dicitur
2870 3711 2882 3747 :
2917 3693 3053 3749 Deus
3082 3704 3250 3749 autem
3288 3711 3389 3750 non
3432 3699 3587 3767 faciet

1988 3780 2269 3835 uindictam
2299 3782 2575 3837 electorum
2602 3800 2810 3840 suorum
2839 3787 3167 3842 clamantium
3208 3789 3276 3842 ad
3302 3790 3396 3844 se?
3425 3788 3584 3857 (Luc.

1989 3872 2168 3947 xvttt.)
2199 3874 2500 3932 Pharisteus
2526 3893 2654 3933 vero
2684 3880 2749 3934 ad
2782 3879 2899 3936 illos
2930 3881 2995 3936 de
3026 3882 3221 3952 quibus
3267 3880 3586 3939 formidabi-

1990 3964 2056 4022 lis
2107 3966 2161 4020 in
2214 3968 2563 4025 conclusione
2592 3971 2858 4027 sententia
2902 3972 3185 4029 subditur:
3219 3971 3588 4030 Verumtamen

1989 4056 2159 4114 Filius
2200 4061 2418 4117 hominis
2446 4063 2646 4118 veniens
2664 4104 2683 4131 ,
2713 4074 2858 4136 putas
2884 4065 3098 4122 inveniet
3125 4067 3278 4137 ﬁdem
3320 4068 3379 4122 in
3406 4078 3541 4123 terra
3560 4069 3588 4123 2

1989 4148 2286 4206 Pharisteus
2333 4163 2500 4220 stans,
2554 4158 2661 4219 htec
2707 4157 2846 4228 apud
2894 4175 2946 4212 se
2998 4158 3197 4215 orabat.
3226 4159 3382 4229 Quod
3430 4168 3584 4217 stans

1988 4242 2290 4301 Pharismus
2339 4245 2428 4301 hic
2474 4262 2658 4305 orasse
2703 4249 3035 4319 perhibetur,
3082 4251 3150 4307 ad
3190 4268 3395 4310 morem
3439 4255 3582 4311 illius

1990 4336 2171 4408 populi
2204 4338 2455 4408 refertur,
2487 4342 2579 4411 qui
2607 4342 2673 4397 ad
2709 4344 2967 4412 templum
3003 4344 3097 4401 Dei
3127 4348 3405 4405 venientes
3426 4390 3442 4414 ,
3469 4365 3578 4405 non

1987 4431 2160 4487 solum
2194 4435 2467 4502 prostrati,
2502 4437 2596 4492 sed
2623 4446 2734 4493 toto
2759 4454 2989 4509 corpore
3020 4442 3187 4499 erecti
3238 4457 3400 4500 orare
3447 4458 3581 4500 eoa-

1986 4534 2291 4593 sueverant,
2327 4528 2467 4597 quod
2497 4539 2683 4598 gestus
2712 4534 2952 4602 corporis
2982 4542 3226 4591 tesmtur.
3262 4533 3423 4604 Deus,
3450 4555 3577 4607 gra-

1987 4618 2085 4672 tias
2130 4618 2219 4672 tibi
2263 4635 2382 4691 ago,
2431 4621 2553 4690 quia
2605 4640 2705 4677 non
2756 4642 2870 4680 sum
2919 4628 3051 4682 sicut
3093 4630 3263 4685 cteteri
3289 4631 3573 4689 hominum.

1989 4706 2230 4775 Quatuor
2280 4711 2488 4779 species
2538 4727 2567 4767 a
2614 4715 2817 4771 sanctis
2862 4716 3173 4775 doctoribus
3204 4732 3572 4789 numerantur,

1986 4800 2177 4868 quibus
2227 4802 2402 4858 omnis
2465 4811 2641 4860 tumor
2705 4810 3070 4879 arrogantium
3127 4813 3574 4884 deprehenditur.

1988 4886 2164 4943 Prima
2195 4891 2242 4943 si
2272 4891 2486 4961 quidem
2517 4895 2725 4963 species
2751 4908 2855 4952 est.
2882 4915 3004 4955 cum
3033 4902 3195 4957 homo
3220 4915 3369 4973 putat
3390 4921 3449 4963 se
3479 4908 3573 4962 ha-

1983 4982 2111 5037 bere
2143 4983 2342 5039 bonum
2377 4988 2520 5055 quod
2552 5005 2659 5045 non
2690 4992 2885 5061 habet,
2919 5009 3081 5061 quem
3128 5001 3571 5071 sententia'Apo-

1982 5072 2106 5124 stoli
2134 5088 2198 5126 ex
2230 5074 2448 5146 obliquo
2477 5082 2787 5152 repercutit,
2821 5083 3007 5142 dicens
3034 5106 3045 5140 :
3075 5089 3138 5144 Si
3161 5093 3273 5160 quis
3314 5095 3571 5149 existimat

1982 5179 2037 5217 se
2060 5163 2256 5233 aliquid
2281 5184 2407 5236 esse,
2439 5187 2553 5224 cum
2581 5174 2711 5227 nihil
2732 5176 2814 5240 sit,
2855 5178 2963 5247 ipse
2981 5195 3035 5234 se
3062 5182 3255 5237 seducit
3297 5183 3441 5255 (Gal.
3472 5188 3569 5259 γι).

1983 5253 2229 5312 Secunda
2258 5259 2469 5327 species
2499 5272 2601 5331 est,
2635 5280 2755 5320 cum
2779 5268 2971 5337 aliquis
3003 5271 3203 5327 bonum
3227 5253 3363 5344 quod
3388 5253 3566 5345 habet,

1982 5362 2013 5403 a
2038 5362 2098 5404 se
2120 5349 2238 5420 ipso
2261 5350 2459 5409 habere
2484 5371 2543 5412 se
2567 5358 2873 5427 arbitratur,
2898 5362 3164 5421 diabolum
3189 5368 3428 5436 profecto
3452 5372 3568 5426 imi-

1985 5448 2105 5497 tans
2137 5443 2224 5510 qui
2276 5459 2371 5513 per
2396 5446 2683 5504 elationem
2722 5452 2857 5508 dixit
2887 5473 2898 5508 :
2936 5455 3125 5512 Nescio
3170 5458 3488 5530 Dominum,
3520 5472 3567 5518 et

1980 5547 2071 5601 ego
2117 5532 2215 5602 feci
2261 5536 2545 5604 meipsunt;
2573 5555 2729 5609 quem
2763 5544 3033 5617 redarguit
3072 5550 3312 5620 Apostoli
3351 5565 3565 5609 senten-

1981 5620 2083 5690 tia,
2131 5622 2357 5679 dicentis
2386 5644 2397 5678 :
2431 5627 2568 5692 Quid
2616 5633 2750 5685 enim
2780 5633 2934 5691 habes
2961 5639 3102 5708 quod
3134 5656 3237 5695 non
3287 5644 3565 5699 accepisti?

1982 5716 2036 5788 (I
2059 5718 2177 5773 Cor.
2199 5720 2300 5789 tv.)
2335 5720 2512 5777 Tertia
2542 5739 2664 5781 vero
2686 5736 2786 5794 est,
2812 5746 2935 5787 eum
2968 5734 3212 5804 quilibet,
3243 5738 3343 5792 etsi
3366 5736 3561 5793 bonunt

1985 5808 2198 5876 quidem
2222 5811 2365 5880 quod
2396 5813 2574 5882 habet,
2600 5818 2812 5875 ccelitus
2840 5821 2943 5879 sibi
2974 5824 3154 5881 datum
3182 5828 3363 5905 novit,
3390 5827 3578 5885 tamen

1988 5899 2091 5957 hoc
2116 5917 2210 5975 pro
2232 5904 2346 5961 suis
2370 5907 2573 5965 meritis
2603 5925 2663 5969 se
2684 5915 2959 5986 accepisse
2978 5920 3194 5976 conﬁdit
3219 5964 3231 5982 .
3262 5899 3558 5978 contrarius
