  <div class='ocr_page' id='page_1' title='image "/cluster/home/n/w/nwhite01/storage/ocr_20150623/95/hvd.32044010719722/718.png"; bbox 0 0 3972 6340; ppageno 0'>
   <div class='ocr_carea' id='block_1_1' title="bbox 375 400 512 466">
    <p class='ocr_par' dir='ltr' id='par_1_1' title="bbox 375 400 512 466">
     <span class='ocr_line' id='line_1_1' title="bbox 375 400 512 466; baseline -0.007 0"><span class='ocrx_word' id='word_1_1' title='bbox 375 400 512 466; x_wconf 73' lang='grc'><strong>13⁸17</strong></span> 
     </span>
    </p>
   </div>
   <div class='ocr_carea' id='block_1_2' title="bbox 1356 413 2660 476">
    <p class='ocr_par' dir='ltr' id='par_1_2' title="bbox 1356 413 2660 476">
     <span class='ocr_line' id='line_1_2' title="bbox 1356 413 2660 476; baseline -0.002 -4"><span class='ocrx_word' id='word_1_2' title='bbox 1356 414 1823 476; x_wconf 79' lang='lat' dir='ltr'><strong>HOMILIARIUS.</strong></span> <span class='ocrx_word' id='word_1_3' title='bbox 1863 448 1934 462; x_wconf 86' lang='lat'><em>-</em></span> <span class='ocrx_word' id='word_1_4' title='bbox 1976 416 2138 473; x_wconf 77' lang='lat' dir='ltr'><strong>“0M.</strong></span> <span class='ocrx_word' id='word_1_5' title='bbox 2184 417 2270 473; x_wconf 84' lang='lat' dir='ltr'><strong>DE</strong></span> <span class='ocrx_word' id='word_1_6' title='bbox 2310 413 2660 472; x_wconf 82' lang='lat' dir='ltr'><strong>TEMPORE.</strong></span> 
     </span>
    </p>
   </div>
   <div class='ocr_carea' id='block_1_3' title="bbox 3500 417 3634 475">
    <p class='ocr_par' dir='ltr' id='par_1_3' title="bbox 3500 417 3634 475">
     <span class='ocr_line' id='line_1_3' title="bbox 3500 417 3634 475; baseline 0.007 -1"><span class='ocrx_word' id='word_1_7' title='bbox 3500 417 3634 475; x_wconf 79' lang='lat' dir='ltr'><strong>i378</strong></span> 
     </span>
    </p>
   </div>
   <div class='ocr_carea' id='block_1_4' title="bbox 371 528 1973 623">
    <p class='ocr_par' dir='ltr' id='par_1_4' title="bbox 371 528 1955 607">
     <span class='ocr_line' id='line_1_4' title="bbox 371 528 1955 607; baseline 0.007 -26"><span class='ocrx_word' id='word_1_8' title='bbox 371 535 616 596; x_wconf 90' lang='lat' dir='ltr'><strong>apostolo</strong></span> <span class='ocrx_word' id='word_1_9' title='bbox 645 528 808 585; x_wconf 88' lang='lat' dir='ltr'><strong>Paulo</strong></span> <span class='ocrx_word' id='word_1_10' title='bbox 837 532 1027 588; x_wconf 92' lang='lat' dir='ltr'><strong>dicenti</strong></span> <span class='ocrx_word' id='word_1_11' title='bbox 1064 551 1075 586; x_wconf 92' lang='lat'>:</span> <span class='ocrx_word' id='word_1_12' title='bbox 1105 535 1235 600; x_wconf 83' lang='lat' dir='ltr'><strong>Quis</strong></span> <span class='ocrx_word' id='word_1_13' title='bbox 1263 538 1405 606; x_wconf 86' lang='lat' dir='ltr'><strong>prior</strong></span> <span class='ocrx_word' id='word_1_14' title='bbox 1427 539 1566 593; x_wconf 82' lang='lat' dir='ltr'><strong>dedit</strong></span> <span class='ocrx_word' id='word_1_15' title='bbox 1598 540 1775 607; x_wconf 84' lang='lat' dir='ltr'><strong>illi,-et</strong></span> <span class='ocrx_word' id='word_1_16' title='bbox 1798 541 1955 593; x_wconf 84' lang='lat' dir='ltr'><strong>retri-</strong></span> 
     </span>
    </p>
   </div>
   <div class='ocr_carea' id='block_1_5' title="bbox 2077 528 3636 623">
    <p class='ocr_par' dir='ltr' id='par_1_5' title="bbox 2077 553 3636 623">
     <span class='ocr_line' id='line_1_5' title="bbox 2077 553 3636 623; baseline -0.001 -13"><span class='ocrx_word' id='word_1_17' title='bbox 2077 555 2242 623; x_wconf 79' lang='lat' dir='ltr'><strong>sagaci</strong></span> <span class='ocrx_word' id='word_1_18' title='bbox 2288 554 2442 609; x_wconf 92' lang='lat' dir='ltr'><strong>oculo</strong></span> <span class='ocrx_word' id='word_1_19' title='bbox 2476 554 2743 621; x_wconf 90' lang='lat' dir='ltr'><strong>intendit,</strong></span> <span class='ocrx_word' id='word_1_20' title='bbox 2774 553 2866 608; x_wconf 90' lang='lat' dir='ltr'><strong>sed</strong></span> <span class='ocrx_word' id='word_1_21' title='bbox 2910 553 2976 608; x_wconf 91' lang='lat' dir='ltr'><strong>ad</strong></span> <span class='ocrx_word' id='word_1_22' title='bbox 3005 553 3320 608; x_wconf 77' lang='lat' dir='ltr'><strong>humilitatis</strong></span> <span class='ocrx_word' id='word_1_23' title='bbox 3347 555 3636 610; x_wconf 84' lang='lat' dir='ltr'><strong>observan-</strong></span> 
     </span>
    </p>
   </div>
   <div class='ocr_carea' id='block_1_6' title="bbox 374 619 1954 693">
    <p class='ocr_par' dir='ltr' id='par_1_6' title="bbox 374 619 1954 693">
     <span class='ocr_line' id='line_1_6' title="bbox 374 619 1954 693; baseline 0.008 -21"><span class='ocrx_word' id='word_1_24' title='bbox 374 621 551 672; x_wconf 87' lang='lat' dir='ltr'><strong>buetur</strong></span> <span class='ocrx_word' id='word_1_25' title='bbox 578 621 624 674; x_wconf 86' lang='lat' dir='ltr'><strong>ei</strong></span> <span class='ocrx_word' id='word_1_26' title='bbox 648 619 821 689; x_wconf 87' lang='lat' dir='ltr'><strong>(Rom.</strong></span> <span class='ocrx_word' id='word_1_27' title='bbox 846 623 985 692; x_wconf 69' lang='lat' dir='ltr'><strong>XL)?</strong></span> <span class='ocrx_word' id='word_1_28' title='bbox 1009 625 1207 693; x_wconf 82' lang='lat' dir='ltr'><strong>Quarta</strong></span> <span class='ocrx_word' id='word_1_29' title='bbox 1241 627 1579 684; x_wconf 83' lang='lat' dir='ltr'><strong>nihilominus</strong></span> <span class='ocrx_word' id='word_1_30' title='bbox 1602 641 1683 685; x_wconf 88' lang='lat' dir='ltr'><strong>est</strong></span> <span class='ocrx_word' id='word_1_31' title='bbox 1709 644 1826 684; x_wconf 93' lang='lat' dir='ltr'><strong>cum</strong></span> <span class='ocrx_word' id='word_1_32' title='bbox 1845 631 1954 685; x_wconf 89' lang='lat' dir='ltr'><strong>sin-</strong></span> 
     </span>
    </p>
   </div>
   <div class='ocr_carea' id='block_1_7' title="bbox 373 714 1955 788">
    <p class='ocr_par' dir='ltr' id='par_1_7' title="bbox 373 714 1955 788">
     <span class='ocr_line' id='line_1_7' title="bbox 373 714 1955 788; baseline 0.009 -25"><span class='ocrx_word' id='word_1_33' title='bbox 373 714 626 782; x_wconf 82' lang='lat' dir='ltr'><strong>gulariter</strong></span> <span class='ocrx_word' id='word_1_34' title='bbox 654 729 712 769; x_wconf 89' lang='lat' dir='ltr'><strong>se</strong></span> <span class='ocrx_word' id='word_1_35' title='bbox 755 716 946 786; x_wconf 84' lang='lat' dir='ltr'><strong>aliquis</strong></span> <span class='ocrx_word' id='word_1_36' title='bbox 986 719 1180 773; x_wconf 90' lang='lat' dir='ltr'><strong>bonum</strong></span> <span class='ocrx_word' id='word_1_37' title='bbox 1217 731 1363 788; x_wconf 83' lang='lat' dir='ltr'><strong>putat</strong></span> <span class='ocrx_word' id='word_1_38' title='bbox 1393 723 1591 776; x_wconf 88' lang='lat' dir='ltr'><strong>habere</strong></span> <span class='ocrx_word' id='word_1_39' title='bbox 1612 764 1625 787; x_wconf 90' lang='lat'><strong>,</strong></span> <span class='ocrx_word' id='word_1_40' title='bbox 1670 732 1721 778; x_wconf 91' lang='lat' dir='ltr'><strong>et</strong></span> <span class='ocrx_word' id='word_1_41' title='bbox 1750 723 1955 777; x_wconf 69' lang='lat' dir='ltr'><strong>cmteris</strong></span> 
     </span>
    </p>
   </div>
   <div class='ocr_carea' id='block_1_8' title="bbox 375 807 1954 886">
    <p class='ocr_par' dir='ltr' id='par_1_8' title="bbox 375 807 1954 886">
     <span class='ocr_line' id='line_1_8' title="bbox 375 807 1954 886; baseline 0.007 -26"><span class='ocrx_word' id='word_1_42' title='bbox 375 807 640 875; x_wconf 85' lang='lat' dir='ltr'><strong>despectis</strong></span> <span class='ocrx_word' id='word_1_43' title='bbox 660 809 964 878; x_wconf 82' lang='lat' dir='ltr'><strong>specialiter</strong></span> <span class='ocrx_word' id='word_1_44' title='bbox 994 813 1165 868; x_wconf 88' lang='lat' dir='ltr'><strong>bonus</strong></span> <span class='ocrx_word' id='word_1_45' title='bbox 1191 815 1355 870; x_wconf 89' lang='lat' dir='ltr'><strong>videri</strong></span> <span class='ocrx_word' id='word_1_46' title='bbox 1380 817 1608 886; x_wconf 88' lang='lat' dir='ltr'><strong>appetit.</strong></span> <span class='ocrx_word' id='word_1_47' title='bbox 1628 817 1743 883; x_wconf 88' lang='lat' dir='ltr'><strong>Quo</strong></span> <span class='ocrx_word' id='word_1_48' title='bbox 1767 817 1954 870; x_wconf 91' lang='lat' dir='ltr'><strong>morbo</strong></span> 
     </span>
    </p>
   </div>
   <div class='ocr_carea' id='block_1_9' title="bbox 375 899 1956 977">
    <p class='ocr_par' dir='ltr' id='par_1_9' title="bbox 375 899 1956 977">
     <span class='ocr_line' id='line_1_9' title="bbox 375 899 1956 977; baseline 0.006 -25"><span class='ocrx_word' id='word_1_49' title='bbox 375 899 676 955; x_wconf 71' lang='lat' dir='ltr'><strong>Pbarismus</strong></span> <span class='ocrx_word' id='word_1_50' title='bbox 697 901 797 958; x_wconf 89' lang='lat' dir='ltr'><strong>iste</strong></span> <span class='ocrx_word' id='word_1_51' title='bbox 817 904 1152 972; x_wconf 88' lang='lat' dir='ltr'><strong>potissimum</strong></span> <span class='ocrx_word' id='word_1_52' title='bbox 1168 907 1441 962; x_wconf 90' lang='lat' dir='ltr'><strong>laborasse</strong></span> <span class='ocrx_word' id='word_1_53' title='bbox 1459 907 1733 975; x_wconf 87' lang='lat' dir='ltr'><strong>probatur,</strong></span> <span class='ocrx_word' id='word_1_54' title='bbox 1751 909 1838 977; x_wconf 88' lang='lat' dir='ltr'><strong>qui</strong></span> <span class='ocrx_word' id='word_1_55' title='bbox 1857 909 1956 961; x_wconf 91' lang='lat' dir='ltr'><strong>sub</strong></span> 
     </span>
    </p>
   </div>
   <div class='ocr_carea' id='block_1_10' title="bbox 372 995 1955 1070">
    <p class='ocr_par' dir='ltr' id='par_1_10' title="bbox 372 995 1955 1070">
     <span class='ocr_line' id='line_1_10' title="bbox 372 995 1955 1070; baseline 0.006 -26"><span class='ocrx_word' id='word_1_56' title='bbox 372 995 596 1064; x_wconf 89' lang='lat' dir='ltr'><strong>quadam</strong></span> <span class='ocrx_word' id='word_1_57' title='bbox 626 998 973 1064; x_wconf 81' lang='lat' dir='ltr'><strong>generalitate</strong></span> <span class='ocrx_word' id='word_1_58' title='bbox 998 1041 1012 1065; x_wconf 93' lang='lat'><strong>,</strong></span> <span class='ocrx_word' id='word_1_59' title='bbox 1048 1001 1296 1054; x_wconf 89' lang='lat' dir='ltr'><strong>omnibus</strong></span> <span class='ocrx_word' id='word_1_60' title='bbox 1344 1002 1480 1055; x_wconf 85' lang='lat' dir='ltr'><strong>inira</strong></span> <span class='ocrx_word' id='word_1_61' title='bbox 1511 1015 1570 1056; x_wconf 89' lang='lat' dir='ltr'><strong>se</strong></span> <span class='ocrx_word' id='word_1_62' title='bbox 1597 1000 1804 1070; x_wconf 78' lang='lat' dir='ltr'><strong>positis,</strong></span> <span class='ocrx_word' id='word_1_63' title='bbox 1834 1015 1955 1054; x_wconf 86' lang='lat' dir='ltr'><strong>sua-</strong></span> 
     </span>
    </p>
   </div>
   <div class='ocr_carea' id='block_1_11' title="bbox 372 1091 1956 1163">
    <p class='ocr_par' dir='ltr' id='par_1_11' title="bbox 372 1091 1956 1163">
     <span class='ocr_line' id='line_1_11' title="bbox 372 1091 1956 1163; baseline 0.005 -23"><span class='ocrx_word' id='word_1_64' title='bbox 372 1105 474 1156; x_wconf 88' lang='lat' dir='ltr'><strong>que</strong></span> <span class='ocrx_word' id='word_1_65' title='bbox 505 1091 923 1159; x_wconf 74' lang='lat' dir='ltr'><strong>praeponderans</strong></span> <span class='ocrx_word' id='word_1_66' title='bbox 952 1093 1165 1159; x_wconf 90' lang='lat' dir='ltr'><strong>merita,</strong></span> <span class='ocrx_word' id='word_1_67' title='bbox 1195 1095 1355 1149; x_wconf 90' lang='lat' dir='ltr'><strong>etiarn</strong></span> <span class='ocrx_word' id='word_1_68' title='bbox 1389 1095 1671 1163; x_wconf 87' lang='lat' dir='ltr'><strong>publicano</strong></span> <span class='ocrx_word' id='word_1_69' title='bbox 1700 1094 1872 1147; x_wconf 91' lang='lat' dir='ltr'><strong>oranti</strong></span> <span class='ocrx_word' id='word_1_70' title='bbox 1897 1107 1956 1148; x_wconf 90' lang='lat' dir='ltr'><strong>se</strong></span> 
     </span>
    </p>
   </div>
   <div class='ocr_carea' id='block_1_12' title="bbox 372 1179 1956 1256">
    <p class='ocr_par' dir='ltr' id='par_1_12' title="bbox 372 1179 1956 1256">
     <span class='ocr_line' id='line_1_12' title="bbox 372 1179 1956 1256; baseline 0.004 -24"><span class='ocrx_word' id='word_1_71' title='bbox 372 1179 625 1246; x_wconf 66' lang='lat' dir='ltr'><strong>praetulit.</strong></span> <span class='ocrx_word' id='word_1_72' title='bbox 659 1181 796 1235; x_wconf 88' lang='lat' dir='ltr'><strong>Deus</strong></span> <span class='ocrx_word' id='word_1_73' title='bbox 819 1224 834 1249; x_wconf 95' lang='lat'><strong>,</strong></span> <span class='ocrx_word' id='word_1_74' title='bbox 870 1181 1150 1253; x_wconf 87' lang='lat' dir='ltr'><strong>inquiens,</strong></span> <span class='ocrx_word' id='word_1_75' title='bbox 1183 1186 1375 1255; x_wconf 80' lang='lat' dir='ltr'><strong>gratias</strong></span> <span class='ocrx_word' id='word_1_76' title='bbox 1425 1202 1524 1256; x_wconf 87' lang='lat' dir='ltr'><strong>ago</strong></span> <span class='ocrx_word' id='word_1_77' title='bbox 1570 1186 1654 1238; x_wconf 89' lang='lat' dir='ltr'><strong>tibi</strong></span> <span class='ocrx_word' id='word_1_78' title='bbox 1688 1187 1807 1254; x_wconf 90' lang='lat' dir='ltr'><strong>quia</strong></span> <span class='ocrx_word' id='word_1_79' title='bbox 1856 1201 1956 1238; x_wconf 88' lang='lat' dir='ltr'><strong>non</strong></span> 
     </span>
    </p>
   </div>
   <div class='ocr_carea' id='block_1_13' title="bbox 371 1275 1951 1348">
    <p class='ocr_par' dir='ltr' id='par_1_13' title="bbox 371 1275 1951 1348">
     <span class='ocr_line' id='line_1_13' title="bbox 371 1275 1951 1348; baseline 0.003 -23"><span class='ocrx_word' id='word_1_80' title='bbox 371 1289 484 1325; x_wconf 89' lang='lat' dir='ltr'><strong>sum</strong></span> <span class='ocrx_word' id='word_1_81' title='bbox 512 1275 643 1327; x_wconf 87' lang='lat' dir='ltr'><strong>sicut</strong></span> <span class='ocrx_word' id='word_1_82' title='bbox 673 1276 840 1329; x_wconf 75' lang='lat' dir='ltr'><strong>cazteri</strong></span> <span class='ocrx_word' id='word_1_83' title='bbox 870 1277 1154 1341; x_wconf 83' lang='lat' dir='ltr'><strong>hominum,</strong></span> <span class='ocrx_word' id='word_1_84' title='bbox 1190 1289 1442 1348; x_wconf 81' lang='lat' dir='ltr'><strong>raptores,</strong></span> <span class='ocrx_word' id='word_1_85' title='bbox 1482 1279 1683 1348; x_wconf 86' lang='lat' dir='ltr'><strong>injusti,</strong></span> <span class='ocrx_word' id='word_1_86' title='bbox 1711 1278 1951 1344; x_wconf 84' lang='lat' dir='ltr'><strong>adulteri,</strong></span> 
     </span>
    </p>
   </div>
   <div class='ocr_carea' id='block_1_14' title="bbox 371 1365 1955 1439">
    <p class='ocr_par' dir='ltr' id='par_1_14' title="bbox 371 1365 1955 1439">
     <span class='ocr_line' id='line_1_14' title="bbox 371 1365 1955 1439; baseline 0.003 -22"><span class='ocrx_word' id='word_1_87' title='bbox 371 1365 505 1418; x_wconf 83' lang='lat' dir='ltr'><strong>velut</strong></span> <span class='ocrx_word' id='word_1_88' title='bbox 531 1366 681 1419; x_wconf 90' lang='lat' dir='ltr'><strong>etiam</strong></span> <span class='ocrx_word' id='word_1_89' title='bbox 708 1366 790 1419; x_wconf 89' lang='lat' dir='ltr'><strong>hic</strong></span> <span class='ocrx_word' id='word_1_90' title='bbox 821 1367 1142 1436; x_wconf 78' lang='lat' dir='ltr'><strong>publicanus.</strong></span> <span class='ocrx_word' id='word_1_91' title='bbox 1170 1369 1434 1439; x_wconf 81' lang='lat' dir='ltr'><strong>Raptorcs</strong></span> <span class='ocrx_word' id='word_1_92' title='bbox 1459 1377 1585 1423; x_wconf 90' lang='lat' dir='ltr'><strong>sunt</strong></span> <span class='ocrx_word' id='word_1_93' title='bbox 1613 1370 1698 1438; x_wconf 85' lang='lat' dir='ltr'><strong>qui</strong></span> <span class='ocrx_word' id='word_1_94' title='bbox 1728 1383 1824 1437; x_wconf 87' lang='lat' dir='ltr'><strong>per</strong></span> <span class='ocrx_word' id='word_1_95' title='bbox 1851 1369 1955 1421; x_wconf 88' lang='lat' dir='ltr'><strong>vim</strong></span> 
     </span>
    </p>
   </div>
   <div class='ocr_carea' id='block_1_15' title="bbox 371 1457 1958 1535">
    <p class='ocr_par' dir='ltr' id='par_1_15' title="bbox 371 1457 1958 1535">
     <span class='ocr_line' id='line_1_15' title="bbox 371 1457 1958 1535; baseline 0.004 -24"><span class='ocrx_word' id='word_1_96' title='bbox 371 1457 542 1513; x_wconf 91' lang='lat' dir='ltr'><strong>aliena</strong></span> <span class='ocrx_word' id='word_1_97' title='bbox 573 1460 1108 1534; x_wconf 87' lang='lat' dir='ltr'><strong>diripiunt;-injusti,</strong></span> <span class='ocrx_word' id='word_1_98' title='bbox 1149 1466 1236 1533; x_wconf 91' lang='lat' dir='ltr'><strong>qui</strong></span> <span class='ocrx_word' id='word_1_99' title='bbox 1293 1466 1463 1535; x_wconf 88' lang='lat' dir='ltr'><strong>legem</strong></span> <span class='ocrx_word' id='word_1_100' title='bbox 1511 1465 1627 1532; x_wconf 89' lang='lat' dir='ltr'><strong>Dei,</strong></span> <span class='ocrx_word' id='word_1_101' title='bbox 1663 1480 1782 1533; x_wconf 70' lang='lat' dir='ltr'><strong>qua:</strong></span> <span class='ocrx_word' id='word_1_102' title='bbox 1813 1479 1958 1518; x_wconf 82' lang='lat' dir='ltr'><strong>sum-</strong></span> 
     </span>
    </p>
   </div>
   <div class='ocr_carea' id='block_1_16' title="bbox 372 1551 1953 1624">
    <p class='ocr_par' dir='ltr' id='par_1_16' title="bbox 372 1551 1953 1624">
     <span class='ocr_line' id='line_1_16' title="bbox 372 1551 1953 1624; baseline 0.005 -21"><span class='ocrx_word' id='word_1_103' title='bbox 372 1564 473 1604; x_wconf 69' lang='lat' dir='ltr'><strong>ma:</strong></span> <span class='ocrx_word' id='word_1_104' title='bbox 500 1551 860 1624; x_wconf 58' lang='lat' dir='ltr'><strong>perfectasque</strong></span> <span class='ocrx_word' id='word_1_105' title='bbox 882 1554 1107 1622; x_wconf 80' lang='lat' dir='ltr'><strong>iustitiae</strong></span> <span class='ocrx_word' id='word_1_106' title='bbox 1139 1557 1296 1611; x_wconf 85' lang='lat' dir='ltr'><strong>index</strong></span> <span class='ocrx_word' id='word_1_107' title='bbox 1329 1565 1444 1624; x_wconf 90' lang='lat' dir='ltr'><strong>est,</strong></span> <span class='ocrx_word' id='word_1_108' title='bbox 1481 1571 1583 1611; x_wconf 90' lang='lat' dir='ltr'><strong>non</strong></span> <span class='ocrx_word' id='word_1_109' title='bbox 1614 1557 1953 1618; x_wconf 84' lang='lat' dir='ltr'><strong>custodiunt;</strong></span> 
     </span>
    </p>
   </div>
   <div class='ocr_carea' id='block_1_17' title="bbox 372 1640 1957 1714">
    <p class='ocr_par' dir='ltr' id='par_1_17' title="bbox 372 1640 1957 1714">
     <span class='ocr_line' id='line_1_17' title="bbox 372 1640 1957 1714; baseline 0.005 -22"><span class='ocrx_word' id='word_1_110' title='bbox 372 1640 630 1709; x_wconf 87' lang='lat' dir='ltr'><strong>adulteri,</strong></span> <span class='ocrx_word' id='word_1_111' title='bbox 683 1646 768 1714; x_wconf 88' lang='lat' dir='ltr'><strong>qui</strong></span> <span class='ocrx_word' id='word_1_112' title='bbox 801 1646 1029 1701; x_wconf 90' lang='lat' dir='ltr'><strong>alienum</strong></span> <span class='ocrx_word' id='word_1_113' title='bbox 1065 1649 1274 1703; x_wconf 89' lang='lat' dir='ltr'><strong>thorum</strong></span> <span class='ocrx_word' id='word_1_114' title='bbox 1308 1649 1530 1702; x_wconf 89' lang='lat' dir='ltr'><strong>violant.</strong></span> <span class='ocrx_word' id='word_1_115' title='bbox 1566 1649 1758 1714; x_wconf 80' lang='lat' dir='ltr'><strong>.leiuno</strong></span> <span class='ocrx_word' id='word_1_116' title='bbox 1797 1649 1871 1702; x_wconf 80' lang='lat' dir='ltr'><strong>bis</strong></span> <span class='ocrx_word' id='word_1_117' title='bbox 1903 1649 1957 1701; x_wconf 91' lang='lat' dir='ltr'><strong>in</strong></span> 
     </span>
    </p>
   </div>
   <div class='ocr_carea' id='block_1_18' title="bbox 371 1733 1959 1810">
    <p class='ocr_par' dir='ltr' id='par_1_18' title="bbox 371 1733 1959 1810">
     <span class='ocr_line' id='line_1_18' title="bbox 371 1733 1959 1810; baseline 0.006 -26"><span class='ocrx_word' id='word_1_118' title='bbox 371 1733 600 1790; x_wconf 84' lang='lat' dir='ltr'><strong>sabbato.</strong></span> <span class='ocrx_word' id='word_1_119' title='bbox 628 1734 684 1790; x_wconf 92' lang='lat' dir='ltr'><strong>Si</strong></span> <span class='ocrx_word' id='word_1_120' title='bbox 716 1751 873 1805; x_wconf 91' lang='lat' dir='ltr'><strong>quem</strong></span> <span class='ocrx_word' id='word_1_121' title='bbox 904 1748 1082 1794; x_wconf 85' lang='lat' dir='ltr'><strong>movet</strong></span> <span class='ocrx_word' id='word_1_122' title='bbox 1112 1754 1207 1793; x_wconf 92' lang='lat' dir='ltr'><strong>cur</strong></span> <span class='ocrx_word' id='word_1_123' title='bbox 1256 1754 1314 1795; x_wconf 90' lang='lat' dir='ltr'><strong>se</strong></span> <span class='ocrx_word' id='word_1_124' title='bbox 1358 1740 1437 1795; x_wconf 91' lang='lat' dir='ltr'><strong>bis</strong></span> <span class='ocrx_word' id='word_1_125' title='bbox 1485 1741 1538 1795; x_wconf 89' lang='lat' dir='ltr'><strong>in</strong></span> <span class='ocrx_word' id='word_1_126' title='bbox 1568 1742 1792 1797; x_wconf 86' lang='lat' dir='ltr'><strong>sabbato</strong></span> <span class='ocrx_word' id='word_1_127' title='bbox 1818 1741 1959 1810; x_wconf 89' lang='lat' dir='ltr'><strong>jeju-</strong></span> 
     </span>
    </p>
   </div>
   <div class='ocr_carea' id='block_1_19' title="bbox 375 1826 1954 1901">
    <p class='ocr_par' dir='ltr' id='par_1_19' title="bbox 375 1826 1954 1901">
     <span class='ocr_line' id='line_1_19' title="bbox 375 1826 1954 1901; baseline 0.006 -23"><span class='ocrx_word' id='word_1_128' title='bbox 375 1839 533 1881; x_wconf 89' lang='lat' dir='ltr'><strong>nasse</strong></span> <span class='ocrx_word' id='word_1_129' title='bbox 560 1826 743 1894; x_wconf 79' lang='lat' dir='ltr'><strong>iactet,</strong></span> <span class='ocrx_word' id='word_1_130' title='bbox 776 1829 1077 1899; x_wconf 88' lang='lat' dir='ltr'><strong>bujusmodi</strong></span> <span class='ocrx_word' id='word_1_131' title='bbox 1106 1832 1331 1901; x_wconf 87' lang='lat' dir='ltr'><strong>quaestio</strong></span> <span class='ocrx_word' id='word_1_132' title='bbox 1370 1833 1470 1887; x_wconf 89' lang='lat' dir='ltr'><strong>sub</strong></span> <span class='ocrx_word' id='word_1_133' title='bbox 1499 1832 1586 1888; x_wconf 91' lang='lat' dir='ltr'><strong>tali</strong></span> <span class='ocrx_word' id='word_1_134' title='bbox 1616 1834 1770 1888; x_wconf 89' lang='lat' dir='ltr'><strong>citius</strong></span> <span class='ocrx_word' id='word_1_135' title='bbox 1795 1849 1954 1888; x_wconf 90' lang='lat' dir='ltr'><strong>sensu</strong></span> 
     </span>
    </p>
   </div>
   <div class='ocr_carea' id='block_1_20' title="bbox 2067 647 3637 717">
    <p class='ocr_par' dir='ltr' id='par_1_20' title="bbox 2067 647 3637 717">
     <span class='ocr_line' id='line_1_20' title="bbox 2067 647 3637 717; baseline 0.001 -17"><span class='ocrx_word' id='word_1_136' title='bbox 2067 649 2192 700; x_wconf 86' lang='lat' dir='ltr'><strong>tiam</strong></span> <span class='ocrx_word' id='word_1_137' title='bbox 2224 647 2554 716; x_wconf 82' lang='lat' dir='ltr'><strong>negligenter</strong></span> <span class='ocrx_word' id='word_1_138' title='bbox 2590 647 2789 714; x_wconf 90' lang='lat' dir='ltr'><strong>torpuit</strong></span> <span class='ocrx_word' id='word_1_139' title='bbox 2809 687 2825 713; x_wconf 95' lang='lat'><strong>,</strong></span> <span class='ocrx_word' id='word_1_140' title='bbox 2876 657 2930 701; x_wconf 93' lang='lat' dir='ltr'><strong>et</strong></span> <span class='ocrx_word' id='word_1_141' title='bbox 2959 647 3112 717; x_wconf 89' lang='lat' dir='ltr'><strong>quasi</strong></span> <span class='ocrx_word' id='word_1_142' title='bbox 3142 661 3331 702; x_wconf 90' lang='lat' dir='ltr'><strong>omnes</strong></span> <span class='ocrx_word' id='word_1_143' title='bbox 3362 662 3473 703; x_wconf 72' lang='lat' dir='ltr'><strong>suae</strong></span> <span class='ocrx_word' id='word_1_144' title='bbox 3509 647 3637 702; x_wconf 87' lang='lat' dir='ltr'><strong>civi-</strong></span> 
     </span>
    </p>
   </div>
   <div class='ocr_carea' id='block_1_21' title="bbox 2061 737 3635 810">
    <p class='ocr_par' dir='ltr' id='par_1_21' title="bbox 2061 737 3635 810">
     <span class='ocr_line' id='line_1_21' title="bbox 2061 737 3635 810; baseline 0.001 -18"><span class='ocrx_word' id='word_1_145' title='bbox 2061 740 2186 793; x_wconf 89' lang='lat' dir='ltr'><strong>tatis</strong></span> <span class='ocrx_word' id='word_1_146' title='bbox 2220 738 2396 792; x_wconf 85' lang='lat' dir='ltr'><strong>aditus</strong></span> <span class='ocrx_word' id='word_1_147' title='bbox 2435 737 2725 808; x_wconf 78' lang='lat' dir='ltr'><strong>diligenter</strong></span> <span class='ocrx_word' id='word_1_148' title='bbox 2770 738 3081 808; x_wconf 89' lang='lat' dir='ltr'><strong>emuniens,</strong></span> <span class='ocrx_word' id='word_1_149' title='bbox 3115 740 3377 810; x_wconf 77' lang='lat' dir='ltr'><strong>superbiae</strong></span> <span class='ocrx_word' id='word_1_150' title='bbox 3423 741 3635 795; x_wconf 84' lang='lat' dir='ltr'><strong>cicatri-</strong></span> 
     </span>
    </p>
   </div>
   <div class='ocr_carea' id='block_1_22' title="bbox 2059 827 3636 900">
    <p class='ocr_par' dir='ltr' id='par_1_22' title="bbox 2059 827 3636 900">
     <span class='ocr_line' id='line_1_22' title="bbox 2059 827 3636 900; baseline 0.001 -16"><span class='ocrx_word' id='word_1_151' title='bbox 2059 843 2176 884; x_wconf 90' lang='lat' dir='ltr'><strong>cem</strong></span> <span class='ocrx_word' id='word_1_152' title='bbox 2207 827 2451 898; x_wconf 88' lang='lat' dir='ltr'><strong>reliquit,</strong></span> <span class='ocrx_word' id='word_1_153' title='bbox 2480 844 2577 897; x_wconf 88' lang='lat' dir='ltr'><strong>per</strong></span> <span class='ocrx_word' id='word_1_154' title='bbox 2603 845 2760 898; x_wconf 87' lang='lat' dir='ltr'><strong>quam</strong></span> <span class='ocrx_word' id='word_1_155' title='bbox 2788 829 2953 884; x_wconf 80' lang='lat' dir='ltr'><strong>feroci</strong></span> <span class='ocrx_word' id='word_1_156' title='bbox 2987 829 3220 886; x_wconf 77' lang='lat' dir='ltr'><strong>hosﬁum</strong></span> <span class='ocrx_word' id='word_1_157' title='bbox 3253 830 3636 900; x_wconf 83' lang='lat' dir='ltr'><strong>depraedationi</strong></span> 
     </span>
    </p>
   </div>
   <div class='ocr_carea' id='block_1_23' title="bbox 2057 921 3634 992">
    <p class='ocr_par' dir='ltr' id='par_1_23' title="bbox 2057 921 3634 992">
     <span class='ocr_line' id='line_1_23' title="bbox 2057 921 3634 992; baseline 0.001 -16"><span class='ocrx_word' id='word_1_158' title='bbox 2057 921 2352 992; x_wconf 73' lang='lat' dir='ltr'><strong>subiacuit.</strong></span> <span class='ocrx_word' id='word_1_159' title='bbox 2387 922 2846 988; x_wconf 86' lang='lat' dir='ltr'><strong>Quemadmodum</strong></span> <span class='ocrx_word' id='word_1_160' title='bbox 2878 924 3020 978; x_wconf 89' lang='lat' dir='ltr'><strong>enim</strong></span> <span class='ocrx_word' id='word_1_161' title='bbox 3063 923 3194 977; x_wconf 89' lang='lat' dir='ltr'><strong>nihil</strong></span> <span class='ocrx_word' id='word_1_162' title='bbox 3235 922 3452 992; x_wconf 87' lang='lat' dir='ltr'><strong>prodest</strong></span> <span class='ocrx_word' id='word_1_163' title='bbox 3491 924 3634 992; x_wconf 92' lang='lat' dir='ltr'><strong>quod</strong></span> 
     </span>
    </p>
   </div>
   <div class='ocr_carea' id='block_1_24' title="bbox 2059 1013 3639 1080">
    <p class='ocr_par' dir='ltr' id='par_1_24' title="bbox 2059 1013 3639 1080">
     <span class='ocr_line' id='line_1_24' title="bbox 2059 1013 3639 1080; baseline 0.002 -15"><span class='ocrx_word' id='word_1_164' title='bbox 2059 1020 2168 1065; x_wconf 84' lang='lat' dir='ltr'><strong>tota</strong></span> <span class='ocrx_word' id='word_1_165' title='bbox 2217 1013 2408 1066; x_wconf 87' lang='lat' dir='ltr'><strong>civitas</strong></span> <span class='ocrx_word' id='word_1_166' title='bbox 2439 1022 2624 1068; x_wconf 90' lang='lat' dir='ltr'><strong>contra</strong></span> <span class='ocrx_word' id='word_1_167' title='bbox 2659 1013 2890 1068; x_wconf 91' lang='lat' dir='ltr'><strong>hostium</strong></span> <span class='ocrx_word' id='word_1_168' title='bbox 2923 1013 3224 1068; x_wconf 86' lang='lat' dir='ltr'><strong>custoditur</strong></span> <span class='ocrx_word' id='word_1_169' title='bbox 3256 1015 3560 1080; x_wconf 88' lang='lat' dir='ltr'><strong>incursum,</strong></span> <span class='ocrx_word' id='word_1_170' title='bbox 3593 1013 3639 1068; x_wconf 89' lang='lat' dir='ltr'><strong>si</strong></span> 
     </span>
    </p>
   </div>
   <div class='ocr_carea' id='block_1_25' title="bbox 2058 1102 3636 1179">
    <p class='ocr_par' dir='ltr' id='par_1_25' title="bbox 2058 1102 3636 1179">
     <span class='ocr_line' id='line_1_25' title="bbox 2058 1102 3636 1179; baseline 0.002 -26"><span class='ocrx_word' id='word_1_171' title='bbox 2058 1116 2218 1155; x_wconf 89' lang='lat' dir='ltr'><strong>unum</strong></span> <span class='ocrx_word' id='word_1_172' title='bbox 2254 1103 2306 1156; x_wconf 90' lang='lat' dir='ltr'><strong>in</strong></span> <span class='ocrx_word' id='word_1_173' title='bbox 2334 1117 2396 1156; x_wconf 92' lang='lat' dir='ltr'><strong>ea</strong></span> <span class='ocrx_word' id='word_1_174' title='bbox 2429 1104 2668 1156; x_wconf 82' lang='lat' dir='ltr'><strong>foramen</strong></span> <span class='ocrx_word' id='word_1_175' title='bbox 2701 1103 3021 1172; x_wconf 88' lang='lat' dir='ltr'><strong>relinquitur</strong></span> <span class='ocrx_word' id='word_1_176' title='bbox 3055 1118 3149 1171; x_wconf 92' lang='lat' dir='ltr'><strong>per</strong></span> <span class='ocrx_word' id='word_1_177' title='bbox 3178 1102 3328 1179; x_wconf 86' lang='lat' dir='ltr'><strong>_quod</strong></span> <span class='ocrx_word' id='word_1_178' title='bbox 3363 1103 3429 1156; x_wconf 92' lang='lat' dir='ltr'><strong>ab</strong></span> <span class='ocrx_word' id='word_1_179' title='bbox 3462 1103 3636 1157; x_wconf 65' lang='lat' dir='ltr'><strong>hostio</strong></span> 
     </span>
    </p>
   </div>
   <div class='ocr_carea' id='block_1_26' title="bbox 2059 1191 3641 1262">
    <p class='ocr_par' dir='ltr' id='par_1_26' title="bbox 2059 1191 3641 1262">
     <span class='ocr_line' id='line_1_26' title="bbox 2059 1191 3641 1262; baseline -0.001 -18"><span class='ocrx_word' id='word_1_180' title='bbox 2059 1191 2156 1246; x_wconf 89' lang='lat' dir='ltr'><strong>bus</strong></span> <span class='ocrx_word' id='word_1_181' title='bbox 2202 1191 2449 1258; x_wconf 89' lang='lat' dir='ltr'><strong>intretur,</strong></span> <span class='ocrx_word' id='word_1_182' title='bbox 2501 1193 2579 1247; x_wconf 91' lang='lat' dir='ltr'><strong>sic</strong></span> <span class='ocrx_word' id='word_1_183' title='bbox 2628 1193 2754 1247; x_wconf 86' lang='lat' dir='ltr'><strong>nihil</strong></span> <span class='ocrx_word' id='word_1_184' title='bbox 2799 1193 2950 1261; x_wconf 87' lang='lat' dir='ltr'><strong>juvat</strong></span> <span class='ocrx_word' id='word_1_185' title='bbox 2995 1192 3138 1262; x_wconf 91' lang='lat' dir='ltr'><strong>quod</strong></span> <span class='ocrx_word' id='word_1_186' title='bbox 3181 1193 3376 1247; x_wconf 92' lang='lat' dir='ltr'><strong>multas</strong></span> <span class='ocrx_word' id='word_1_187' title='bbox 3415 1194 3641 1246; x_wconf 89' lang='lat' dir='ltr'><strong>virtutes</strong></span> 
     </span>
    </p>
   </div>
   <div class='ocr_carea' id='block_1_27' title="bbox 2058 1283 3642 1353">
    <p class='ocr_par' dir='ltr' id='par_1_27' title="bbox 2058 1283 3642 1353">
     <span class='ocr_line' id='line_1_27' title="bbox 2058 1283 3642 1353; baseline 0.001 -18"><span class='ocrx_word' id='word_1_188' title='bbox 2058 1295 2479 1353; x_wconf 86' lang='lat' dir='ltr'><strong>congregamus,</strong></span> <span class='ocrx_word' id='word_1_189' title='bbox 2515 1285 2559 1337; x_wconf 93' lang='lat' dir='ltr'><strong>si</strong></span> <span class='ocrx_word' id='word_1_190' title='bbox 2592 1299 2750 1338; x_wconf 92' lang='lat' dir='ltr'><strong>unum</strong></span> <span class='ocrx_word' id='word_1_191' title='bbox 2786 1285 2836 1338; x_wconf 94' lang='lat' dir='ltr'><strong>in</strong></span> <span class='ocrx_word' id='word_1_192' title='bbox 2868 1283 3021 1338; x_wconf 90' lang='lat' dir='ltr'><strong>nobis</strong></span> <span class='ocrx_word' id='word_1_193' title='bbox 3049 1283 3234 1337; x_wconf 88' lang='lat' dir='ltr'><strong>vitium</strong></span> <span class='ocrx_word' id='word_1_194' title='bbox 3269 1283 3642 1352; x_wconf 87' lang='lat' dir='ltr'><strong>relinquimus,</strong></span> 
     </span>
    </p>
   </div>
   <div class='ocr_carea' id='block_1_28' title="bbox 2060 1371 3642 1444">
    <p class='ocr_par' dir='ltr' id='par_1_28' title="bbox 2060 1371 3642 1444">
     <span class='ocr_line' id='line_1_28' title="bbox 2060 1371 3642 1444; baseline 0 -18"><span class='ocrx_word' id='word_1_195' title='bbox 2060 1387 2154 1441; x_wconf 86' lang='lat' dir='ltr'><strong>per</strong></span> <span class='ocrx_word' id='word_1_196' title='bbox 2185 1374 2328 1444; x_wconf 91' lang='lat' dir='ltr'><strong>quod</strong></span> <span class='ocrx_word' id='word_1_197' title='bbox 2356 1389 2384 1428; x_wconf 92' lang='lat' dir='ltr'><strong>a</strong></span> <span class='ocrx_word' id='word_1_198' title='bbox 2418 1373 2630 1429; x_wconf 89' lang='lat' dir='ltr'><strong>diabolo</strong></span> <span class='ocrx_word' id='word_1_199' title='bbox 2660 1375 2952 1442; x_wconf 88' lang='lat' dir='ltr'><strong>capiamur.</strong></span> <span class='ocrx_word' id='word_1_200' title='bbox 2993 1371 3066 1426; x_wconf 85' lang='lat' dir='ltr'><strong>Et</strong></span> <span class='ocrx_word' id='word_1_201' title='bbox 3096 1372 3400 1444; x_wconf 76' lang='lat' dir='ltr'><strong>publicanus</strong></span> <span class='ocrx_word' id='word_1_202' title='bbox 3428 1392 3459 1426; x_wconf 88' lang='grc' dir='ltr'><em>α</em></span> <span class='ocrx_word' id='word_1_203' title='bbox 3489 1374 3642 1441; x_wconf 86' lang='lat' dir='ltr'><strong>longe</strong></span> 
     </span>
    </p>
   </div>
   <div class='ocr_carea' id='block_1_29' title="bbox 2057 1465 3640 1536">
    <p class='ocr_par' dir='ltr' id='par_1_29' title="bbox 2057 1465 3640 1536">
     <span class='ocr_line' id='line_1_29' title="bbox 2057 1465 3640 1536; baseline 0.001 -18"><span class='ocrx_word' id='word_1_204' title='bbox 2057 1475 2198 1518; x_wconf 86' lang='lat' dir='ltr'><strong>stans</strong></span> <span class='ocrx_word' id='word_1_205' title='bbox 2219 1507 2232 1530; x_wconf 96' lang='lat'><strong>,</strong></span> <span class='ocrx_word' id='word_1_206' title='bbox 2278 1465 2487 1520; x_wconf 89' lang='lat' dir='ltr'><strong>nolebat</strong></span> <span class='ocrx_word' id='word_1_207' title='bbox 2529 1483 2618 1520; x_wconf 88' lang='lat' dir='ltr'><strong>nec</strong></span> <span class='ocrx_word' id='word_1_208' title='bbox 2661 1467 2834 1520; x_wconf 86' lang='lat' dir='ltr'><strong>oculos</strong></span> <span class='ocrx_word' id='word_1_209' title='bbox 2871 1467 2937 1520; x_wconf 78' lang='lat' dir='ltr'><strong>ad</strong></span> <span class='ocrx_word' id='word_1_210' title='bbox 2967 1466 3144 1520; x_wconf 78' lang='lat' dir='ltr'><strong>caelum</strong></span> <span class='ocrx_word' id='word_1_211' title='bbox 3172 1467 3372 1535; x_wconf 84' lang='lat' dir='ltr'><strong>levare,</strong></span> <span class='ocrx_word' id='word_1_212' title='bbox 3403 1467 3490 1521; x_wconf 85' lang='lat' dir='ltr'><strong>sed</strong></span> <span class='ocrx_word' id='word_1_213' title='bbox 3520 1482 3640 1536; x_wconf 82' lang='lat' dir='ltr'><strong>pcr-</strong></span> 
     </span>
    </p>
   </div>
   <div class='ocr_carea' id='block_1_30' title="bbox 2058 1556 3641 1628">
    <p class='ocr_par' dir='ltr' id='par_1_30' title="bbox 2058 1556 3641 1628">
     <span class='ocr_line' id='line_1_30' title="bbox 2058 1556 3641 1628; baseline 0.001 -18"><span class='ocrx_word' id='word_1_214' title='bbox 2058 1556 2276 1610; x_wconf 85' lang='lat' dir='ltr'><strong>cutiebat</strong></span> <span class='ocrx_word' id='word_1_215' title='bbox 2324 1568 2495 1628; x_wconf 86' lang='lat' dir='ltr'><strong>pectus</strong></span> <span class='ocrx_word' id='word_1_216' title='bbox 2542 1575 2709 1612; x_wconf 90' lang='lat' dir='ltr'><strong>suum.</strong></span> <span class='ocrx_word' id='word_1_217' title='bbox 2756 1559 2899 1626; x_wconf 84' lang='lat' dir='ltr'><strong>Quot</strong></span> <span class='ocrx_word' id='word_1_218' title='bbox 2927 1559 2979 1612; x_wconf 93' lang='lat' dir='ltr'><strong>in</strong></span> <span class='ocrx_word' id='word_1_219' title='bbox 3010 1557 3281 1612; x_wconf 71' lang='lat' dir='ltr'><strong>Pharistco</strong></span> <span class='ocrx_word' id='word_1_220' title='bbox 3311 1557 3459 1625; x_wconf 92' lang='lat' dir='ltr'><strong>signa</strong></span> <span class='ocrx_word' id='word_1_221' title='bbox 3501 1572 3641 1626; x_wconf 67' lang='lat' dir='ltr'><strong>przeo</strong></span> 
     </span>
    </p>
   </div>
   <div class='ocr_carea' id='block_1_31' title="bbox 2058 1649 3644 1726">
    <p class='ocr_par' dir='ltr' id='par_1_31' title="bbox 2058 1649 3644 1726">
     <span class='ocr_line' id='line_1_31' title="bbox 2058 1649 3644 1726; baseline 0.001 -22"><span class='ocrx_word' id='word_1_222' title='bbox 2058 1660 2340 1704; x_wconf 89' lang='lat' dir='ltr'><strong>cesserunt</strong></span> <span class='ocrx_word' id='word_1_223' title='bbox 2369 1649 2667 1718; x_wconf 87' lang='lat' dir='ltr'><strong>superbiae,</strong></span> <span class='ocrx_word' id='word_1_224' title='bbox 2703 1660 2781 1704; x_wconf 91' lang='lat' dir='ltr'><strong>tot</strong></span> <span class='ocrx_word' id='word_1_225' title='bbox 2823 1660 3218 1726; x_wconf 85' lang='lat' dir='ltr'><strong>consequenter</strong></span> <span class='ocrx_word' id='word_1_226' title='bbox 3264 1652 3314 1704; x_wconf 96' lang='lat' dir='ltr'><strong>in</strong></span> <span class='ocrx_word' id='word_1_227' title='bbox 3361 1650 3644 1718; x_wconf 89' lang='lat' dir='ltr'><strong>publicano</strong></span> 
     </span>
    </p>
   </div>
   <div class='ocr_carea' id='block_1_32' title="bbox 2061 1738 3645 1795">
    <p class='ocr_par' dir='ltr' id='par_1_32' title="bbox 2061 1738 3645 1795">
     <span class='ocr_line' id='line_1_32' title="bbox 2061 1738 3645 1795; baseline 0.002 -3"><span class='ocrx_word' id='word_1_228' title='bbox 2061 1738 2381 1793; x_wconf 83' lang='lat' dir='ltr'><strong>humilitatis</strong></span> <span class='ocrx_word' id='word_1_229' title='bbox 2411 1739 2607 1795; x_wconf 85' lang='lat' dir='ltr'><strong>indicia</strong></span> <span class='ocrx_word' id='word_1_230' title='bbox 2639 1739 3033 1794; x_wconf 88' lang='lat' dir='ltr'><strong>describuntur.</strong></span> <span class='ocrx_word' id='word_1_231' title='bbox 3080 1741 3172 1794; x_wconf 86' lang='lat' dir='ltr'><strong>ille</strong></span> <span class='ocrx_word' id='word_1_232' title='bbox 3213 1740 3357 1794; x_wconf 90' lang='lat' dir='ltr'><strong>enim</strong></span> <span class='ocrx_word' id='word_1_233' title='bbox 3399 1755 3496 1792; x_wconf 89' lang='lat' dir='ltr'><strong>sua</strong></span> <span class='ocrx_word' id='word_1_234' title='bbox 3529 1755 3645 1795; x_wconf 88' lang='lat' dir='ltr'><strong>me—</strong></span> 
     </span>
    </p>
   </div>
   <div class='ocr_carea' id='block_1_33' title="bbox 2060 1829 3642 1900">
    <p class='ocr_par' dir='ltr' id='par_1_33' title="bbox 2060 1829 3642 1900">
     <span class='ocr_line' id='line_1_33' title="bbox 2060 1829 3642 1900; baseline 0.001 -16"><span class='ocrx_word' id='word_1_235' title='bbox 2060 1832 2162 1884; x_wconf 91' lang='lat' dir='ltr'><strong>rita</strong></span> <span class='ocrx_word' id='word_1_236' title='bbox 2196 1829 2489 1899; x_wconf 73' lang='lat' dir='ltr'><strong>praedicare</strong></span> <span class='ocrx_word' id='word_1_237' title='bbox 2511 1873 2525 1898; x_wconf 95' lang='lat'><strong>,</strong></span> <span class='ocrx_word' id='word_1_238' title='bbox 2559 1830 2677 1886; x_wconf 90' lang='lat' dir='ltr'><strong>aliis</strong></span> <span class='ocrx_word' id='word_1_239' title='bbox 2705 1847 2765 1886; x_wconf 90' lang='lat' dir='ltr'><strong>se</strong></span> <span class='ocrx_word' id='word_1_240' title='bbox 2795 1833 3054 1900; x_wconf 88' lang='lat' dir='ltr'><strong>potiorem</strong></span> <span class='ocrx_word' id='word_1_241' title='bbox 3085 1831 3372 1886; x_wconf 86' lang='lat' dir='ltr'><strong>ostendere</strong></span> <span class='ocrx_word' id='word_1_242' title='bbox 3406 1849 3417 1884; x_wconf 94' lang='lat'><strong>:</strong></span> <span class='ocrx_word' id='word_1_243' title='bbox 3451 1847 3481 1886; x_wconf 92' lang='lat' dir='ltr'><strong>e</strong></span> <span class='ocrx_word' id='word_1_244' title='bbox 3511 1847 3642 1886; x_wconf 88' lang='lat' dir='ltr'><strong>cou-</strong></span> 
     </span>
    </p>
   </div>
   <div class='ocr_carea' id='block_1_34' title="bbox 375 1912 3646 1993">
    <p class='ocr_par' dir='ltr' id='par_1_34' title="bbox 375 1912 3646 1993">
     <span class='ocr_line' id='line_1_34' title="bbox 375 1912 3646 1993; baseline 0.003 -24"><span class='ocrx_word' id='word_1_245' title='bbox 375 1916 694 1975; x_wconf 90' lang='lat' dir='ltr'><strong>dissolvetur</strong></span> <span class='ocrx_word' id='word_1_246' title='bbox 725 1938 736 1973; x_wconf 92' lang='lat'><strong>:</strong></span> <span class='ocrx_word' id='word_1_247' title='bbox 770 1921 985 1977; x_wconf 88' lang='lat' dir='ltr'><strong>Judaeos</strong></span> <span class='ocrx_word' id='word_1_248' title='bbox 1007 1939 1194 1979; x_wconf 89' lang='lat' dir='ltr'><strong>omnes</strong></span> <span class='ocrx_word' id='word_1_249' title='bbox 1222 1926 1336 1980; x_wconf 91' lang='lat' dir='ltr'><strong>dies</strong></span> <span class='ocrx_word' id='word_1_250' title='bbox 1357 1939 1484 1981; x_wconf 91' lang='lat' dir='ltr'><strong>suos</strong></span> <span class='ocrx_word' id='word_1_251' title='bbox 1508 1941 1536 1980; x_wconf 94' lang='lat' dir='ltr'><strong>a</strong></span> <span class='ocrx_word' id='word_1_252' title='bbox 1565 1927 1785 1982; x_wconf 85' lang='lat' dir='ltr'><strong>sabbato</strong></span> <span class='ocrx_word' id='word_1_253' title='bbox 1811 1941 1956 1982; x_wconf 91' lang='lat' dir='ltr'><strong>com-</strong></span> <span class='ocrx_word' id='word_1_254' title='bbox 1985 1912 2033 1974; x_wconf 82' lang='grc' dir='ltr'><em>Β</em></span> <span class='ocrx_word' id='word_1_255' title='bbox 2065 1931 2142 1978; x_wconf 92' lang='lat' dir='ltr'><strong>lra</strong></span> <span class='ocrx_word' id='word_1_256' title='bbox 2172 1923 2272 1978; x_wconf 82' lang='lat' dir='ltr'><strong>iste</strong></span> <span class='ocrx_word' id='word_1_257' title='bbox 2300 1937 2518 1978; x_wconf 87' lang='lat' dir='ltr'><strong>suorum</strong></span> <span class='ocrx_word' id='word_1_258' title='bbox 2547 1924 2887 1980; x_wconf 79' lang='lat' dir='ltr'><strong>confessione</strong></span> <span class='ocrx_word' id='word_1_259' title='bbox 2918 1934 3257 1993; x_wconf 87' lang='lat' dir='ltr'><strong>peccatorum</strong></span> <span class='ocrx_word' id='word_1_260' title='bbox 3279 1963 3294 1989; x_wconf 93' lang='lat'><strong>,</strong></span> <span class='ocrx_word' id='word_1_261' title='bbox 3324 1923 3646 1978; x_wconf 86' lang='lat' dir='ltr'><strong>demissione</strong></span> 
     </span>
    </p>
   </div>
   <div class='ocr_carea' id='block_1_35' title="bbox 373 2011 1955 2086">
    <p class='ocr_par' dir='ltr' id='par_1_35' title="bbox 373 2011 1955 2086">
     <span class='ocr_line' id='line_1_35' title="bbox 373 2011 1955 2086; baseline 0.009 -27"><span class='ocrx_word' id='word_1_262' title='bbox 373 2018 588 2076; x_wconf 89' lang='lat' dir='ltr'><strong>putasse</strong></span> <span class='ocrx_word' id='word_1_263' title='bbox 615 2011 952 2068; x_wconf 78' lang='lat' dir='ltr'><strong>manifestum</strong></span> <span class='ocrx_word' id='word_1_264' title='bbox 982 2023 1097 2082; x_wconf 89' lang='lat' dir='ltr'><strong>est,</strong></span> <span class='ocrx_word' id='word_1_265' title='bbox 1128 2014 1231 2070; x_wconf 94' lang='lat' dir='ltr'><strong>hoc</strong></span> <span class='ocrx_word' id='word_1_266' title='bbox 1268 2016 1461 2072; x_wconf 89' lang='lat' dir='ltr'><strong>modo:</strong></span> <span class='ocrx_word' id='word_1_267' title='bbox 1499 2017 1668 2086; x_wconf 90' lang='lat' dir='ltr'><strong>prima</strong></span> <span class='ocrx_word' id='word_1_268' title='bbox 1707 2017 1955 2081; x_wconf 85' lang='lat' dir='ltr'><strong>sabbati,</strong></span> 
     </span>
    </p>
   </div>
   <div class='ocr_carea' id='block_1_36' title="bbox 372 2101 1961 2178">
    <p class='ocr_par' dir='ltr' id='par_1_36' title="bbox 372 2101 1961 2178">
     <span class='ocr_line' id='line_1_36' title="bbox 372 2101 1961 2178; baseline 0.009 -25"><span class='ocrx_word' id='word_1_269' title='bbox 372 2101 608 2155; x_wconf 87' lang='lat' dir='ltr'><strong>secunda</strong></span> <span class='ocrx_word' id='word_1_270' title='bbox 637 2103 868 2170; x_wconf 89' lang='lat' dir='ltr'><strong>sabbati,</strong></span> <span class='ocrx_word' id='word_1_271' title='bbox 901 2103 1088 2177; x_wconf 87' lang='lat' dir='ltr'><strong>sicque</strong></span> <span class='ocrx_word' id='word_1_272' title='bbox 1117 2107 1308 2178; x_wconf 91' lang='lat' dir='ltr'><strong>reliqui</strong></span> <span class='ocrx_word' id='word_1_273' title='bbox 1350 2123 1378 2162; x_wconf 91' lang='lat' dir='ltr'><strong>a</strong></span> <span class='ocrx_word' id='word_1_274' title='bbox 1409 2110 1633 2166; x_wconf 90' lang='lat' dir='ltr'><strong>sabbato</strong></span> <span class='ocrx_word' id='word_1_275' title='bbox 1670 2111 1786 2165; x_wconf 90' lang='lat' dir='ltr'><strong>dies</strong></span> <span class='ocrx_word' id='word_1_276' title='bbox 1817 2127 1961 2167; x_wconf 91' lang='lat' dir='ltr'><strong>nun-</strong></span> 
     </span>
    </p>
   </div>
   <div class='ocr_carea' id='block_1_37' title="bbox 373 2201 1966 2271">
    <p class='ocr_par' dir='ltr' id='par_1_37' title="bbox 373 2201 1966 2271">
     <span class='ocr_line' id='line_1_37' title="bbox 373 2201 1966 2271; baseline 0.007 -23"><span class='ocrx_word' id='word_1_277' title='bbox 373 2204 634 2262; x_wconf 89' lang='lat' dir='ltr'><strong>cupantur</strong></span> <span class='ocrx_word' id='word_1_278' title='bbox 682 2212 849 2268; x_wconf 89' lang='lat' dir='ltr'><strong>usque</strong></span> <span class='ocrx_word' id='word_1_279' title='bbox 899 2201 1213 2269; x_wconf 89' lang='lat' dir='ltr'><strong>sabbatum,</strong></span> <span class='ocrx_word' id='word_1_280' title='bbox 1262 2203 1398 2257; x_wconf 88' lang='lat' dir='ltr'><strong>sicut</strong></span> <span class='ocrx_word' id='word_1_281' title='bbox 1442 2212 1497 2257; x_wconf 88' lang='lat' dir='ltr'><strong>et</strong></span> <span class='ocrx_word' id='word_1_282' title='bbox 1529 2219 1626 2258; x_wconf 88' lang='lat' dir='ltr'><strong>nos</strong></span> <span class='ocrx_word' id='word_1_283' title='bbox 1658 2204 1883 2271; x_wconf 90' lang='lat' dir='ltr'><strong>primam</strong></span> <span class='ocrx_word' id='word_1_284' title='bbox 1911 2211 1966 2259; x_wconf 92' lang='lat' dir='ltr'><strong>et</strong></span> 
     </span>
    </p>
   </div>
   <div class='ocr_carea' id='block_1_38' title="bbox 374 2286 1964 2364">
    <p class='ocr_par' dir='ltr' id='par_1_38' title="bbox 374 2286 1964 2364">
     <span class='ocr_line' id='line_1_38' title="bbox 374 2286 1964 2364; baseline 0.006 -24"><span class='ocrx_word' id='word_1_285' title='bbox 374 2286 667 2342; x_wconf 89' lang='lat' dir='ltr'><strong>secundam</strong></span> <span class='ocrx_word' id='word_1_286' title='bbox 701 2287 887 2343; x_wconf 82' lang='lat' dir='ltr'><strong>feriam</strong></span> <span class='ocrx_word' id='word_1_287' title='bbox 918 2290 1102 2347; x_wconf 85' lang='lat' dir='ltr'><strong>dicere</strong></span> <span class='ocrx_word' id='word_1_288' title='bbox 1129 2303 1359 2349; x_wconf 89' lang='lat' dir='ltr'><strong>constat.</strong></span> <span class='ocrx_word' id='word_1_289' title='bbox 1394 2293 1509 2350; x_wconf 84' lang='lat' dir='ltr'><strong>Non</strong></span> <span class='ocrx_word' id='word_1_290' title='bbox 1541 2295 1832 2364; x_wconf 80' lang='lat' dir='ltr'><strong>incongrue</strong></span> <span class='ocrx_word' id='word_1_291' title='bbox 1862 2294 1964 2350; x_wconf 92' lang='lat' dir='ltr'><strong>hoc</strong></span> 
     </span>
    </p>
   </div>
   <div class='ocr_carea' id='block_1_39' title="bbox 377 2371 1964 2456">
    <p class='ocr_par' dir='ltr' id='par_1_39' title="bbox 377 2371 1964 2456">
     <span class='ocr_line' id='line_1_39' title="bbox 377 2371 1964 2456; baseline 0.006 -26"><span class='ocrx_word' id='word_1_292' title='bbox 377 2376 497 2431; x_wconf 91' lang='lat' dir='ltr'><strong>loco</strong></span> <span class='ocrx_word' id='word_1_293' title='bbox 527 2378 738 2435; x_wconf 90' lang='lat' dir='ltr'><strong>nomine</strong></span> <span class='ocrx_word' id='word_1_294' title='bbox 762 2379 969 2436; x_wconf 89' lang='lat' dir='ltr'><strong>sabbati</strong></span> <span class='ocrx_word' id='word_1_295' title='bbox 1002 2393 1110 2438; x_wconf 89' lang='lat' dir='ltr'><strong>tota</strong></span> <span class='ocrx_word' id='word_1_296' title='bbox 1138 2384 1473 2440; x_wconf 90' lang='lat' dir='ltr'><strong>hebdomada</strong></span> <span class='ocrx_word' id='word_1_297' title='bbox 1498 2371 1964 2456; x_wconf 75' lang='lat' dir='ltr'><strong>intelligitur,quze</strong></span> 
     </span>
    </p>
   </div>
   <div class='ocr_carea' id='block_1_40' title="bbox 377 2471 1966 2534">
    <p class='ocr_par' dir='ltr' id='par_1_40' title="bbox 377 2471 1966 2534">
     <span class='ocr_line' id='line_1_40' title="bbox 377 2471 1966 2534; baseline 0.006 -10"><span class='ocrx_word' id='word_1_298' title='bbox 377 2471 601 2526; x_wconf 91' lang='lat' dir='ltr'><strong>sabbato</strong></span> <span class='ocrx_word' id='word_1_299' title='bbox 647 2471 936 2529; x_wconf 90' lang='lat' dir='ltr'><strong>clauditur.</strong></span> <span class='ocrx_word' id='word_1_300' title='bbox 982 2475 1148 2532; x_wconf 86' lang='lat' dir='ltr'><strong>Nemo</strong></span> <span class='ocrx_word' id='word_1_301' title='bbox 1192 2478 1335 2534; x_wconf 91' lang='lat' dir='ltr'><strong>enim</strong></span> <span class='ocrx_word' id='word_1_302' title='bbox 1383 2487 1489 2534; x_wconf 92' lang='lat' dir='ltr'><strong>tam</strong></span> <span class='ocrx_word' id='word_1_303' title='bbox 1531 2478 1966 2534; x_wconf 89' lang='lat' dir='ltr'><strong>dementissimus</strong></span> 
     </span>
    </p>
   </div>
   <div class='ocr_carea' id='block_1_41' title="bbox 378 2567 1966 2643">
    <p class='ocr_par' dir='ltr' id='par_1_41' title="bbox 378 2567 1966 2643">
     <span class='ocr_line' id='line_1_41' title="bbox 378 2567 1966 2643; baseline 0.006 -25"><span class='ocrx_word' id='word_1_304' title='bbox 378 2577 498 2619; x_wconf 90' lang='lat' dir='ltr'><strong>esse</strong></span> <span class='ocrx_word' id='word_1_305' title='bbox 527 2573 718 2634; x_wconf 89' lang='lat' dir='ltr'><strong>potest,</strong></span> <span class='ocrx_word' id='word_1_306' title='bbox 751 2567 841 2637; x_wconf 90' lang='lat' dir='ltr'><strong>qui</strong></span> <span class='ocrx_word' id='word_1_307' title='bbox 873 2567 1011 2624; x_wconf 91' lang='lat' dir='ltr'><strong>hunc</strong></span> <span class='ocrx_word' id='word_1_308' title='bbox 1037 2571 1089 2625; x_wconf 92' lang='lat' dir='ltr'><strong>in</strong></span> <span class='ocrx_word' id='word_1_309' title='bbox 1121 2587 1222 2626; x_wconf 92' lang='lat' dir='ltr'><strong>una</strong></span> <span class='ocrx_word' id='word_1_310' title='bbox 1247 2573 1332 2628; x_wconf 90' lang='lat' dir='ltr'><strong>die</strong></span> <span class='ocrx_word' id='word_1_311' title='bbox 1354 2573 1458 2639; x_wconf 87' lang='lat' dir='ltr'><strong>bis,</strong></span> <span class='ocrx_word' id='word_1_312' title='bbox 1488 2573 1626 2643; x_wconf 90' lang='lat' dir='ltr'><strong>quod</strong></span> <span class='ocrx_word' id='word_1_313' title='bbox 1656 2574 1838 2643; x_wconf 91' lang='lat' dir='ltr'><strong>utique</strong></span> <span class='ocrx_word' id='word_1_314' title='bbox 1865 2573 1966 2627; x_wconf 84' lang='lat' dir='ltr'><strong>im-</strong></span> 
     </span>
    </p>
   </div>
   <div class='ocr_carea' id='block_1_42' title="bbox 378 2657 1967 2736">
    <p class='ocr_par' dir='ltr' id='par_1_42' title="bbox 378 2657 1967 2736">
     <span class='ocr_line' id='line_1_42' title="bbox 378 2657 1967 2736; baseline 0.006 -26"><span class='ocrx_word' id='word_1_315' title='bbox 378 2657 633 2725; x_wconf 88' lang='lat' dir='ltr'><strong>possibile</strong></span> <span class='ocrx_word' id='word_1_316' title='bbox 663 2668 763 2727; x_wconf 88' lang='lat' dir='ltr'><strong>est,</strong></span> <span class='ocrx_word' id='word_1_317' title='bbox 794 2659 1067 2730; x_wconf 90' lang='lat' dir='ltr'><strong>jejunasse</strong></span> <span class='ocrx_word' id='word_1_318' title='bbox 1100 2673 1265 2734; x_wconf 91' lang='lat' dir='ltr'><strong>putet.</strong></span> <span class='ocrx_word' id='word_1_319' title='bbox 1298 2665 1390 2720; x_wconf 89' lang='lat' dir='ltr'><strong>Bis</strong></span> <span class='ocrx_word' id='word_1_320' title='bbox 1420 2681 1547 2736; x_wconf 89' lang='lat' dir='ltr'><strong>ergo</strong></span> <span class='ocrx_word' id='word_1_321' title='bbox 1573 2666 1624 2719; x_wconf 93' lang='lat' dir='ltr'><strong>in</strong></span> <span class='ocrx_word' id='word_1_322' title='bbox 1649 2666 1889 2731; x_wconf 90' lang='lat' dir='ltr'><strong>sabbato,</strong></span> <span class='ocrx_word' id='word_1_323' title='bbox 1915 2665 1967 2721; x_wconf 90' lang='lat' dir='ltr'><strong>id</strong></span> 
     </span>
    </p>
   </div>
   <div class='ocr_carea' id='block_1_43' title="bbox 379 2748 1968 2825">
    <p class='ocr_par' dir='ltr' id='par_1_43' title="bbox 379 2748 1968 2825">
     <span class='ocr_line' id='line_1_43' title="bbox 379 2748 1968 2825; baseline 0.005 -22"><span class='ocrx_word' id='word_1_324' title='bbox 379 2757 490 2814; x_wconf 90' lang='lat' dir='ltr'><strong>cst,</strong></span> <span class='ocrx_word' id='word_1_325' title='bbox 523 2748 730 2805; x_wconf 91' lang='lat' dir='ltr'><strong>duobus</strong></span> <span class='ocrx_word' id='word_1_326' title='bbox 766 2752 957 2808; x_wconf 90' lang='lat' dir='ltr'><strong>diebus</strong></span> <span class='ocrx_word' id='word_1_327' title='bbox 989 2753 1040 2808; x_wconf 91' lang='lat' dir='ltr'><strong>in</strong></span> <span class='ocrx_word' id='word_1_328' title='bbox 1083 2755 1417 2810; x_wconf 88' lang='lat' dir='ltr'><strong>bebdomada</strong></span> <span class='ocrx_word' id='word_1_329' title='bbox 1459 2755 1735 2825; x_wconf 86' lang='lat' dir='ltr'><strong>jejunasse</strong></span> <span class='ocrx_word' id='word_1_330' title='bbox 1764 2772 1823 2812; x_wconf 89' lang='lat' dir='ltr'><strong>se</strong></span> <span class='ocrx_word' id='word_1_331' title='bbox 1853 2771 1968 2825; x_wconf 90' lang='lat' dir='ltr'><strong>per-</strong></span> 
     </span>
    </p>
   </div>
   <div class='ocr_carea' id='block_1_44' title="bbox 381 2839 1972 2918">
    <p class='ocr_par' dir='ltr' id='par_1_44' title="bbox 381 2839 1972 2918">
     <span class='ocr_line' id='line_1_44' title="bbox 381 2839 1972 2918; baseline 0.005 -24"><span class='ocrx_word' id='word_1_332' title='bbox 381 2841 544 2895; x_wconf 90' lang='lat' dir='ltr'><strong>bibet.</strong></span> <span class='ocrx_word' id='word_1_333' title='bbox 569 2839 805 2897; x_wconf 78' lang='lat' dir='ltr'><strong>Decimus</strong></span> <span class='ocrx_word' id='word_1_334' title='bbox 836 2845 901 2898; x_wconf 89' lang='lat' dir='ltr'><strong>do</strong></span> <span class='ocrx_word' id='word_1_335' title='bbox 932 2847 1160 2899; x_wconf 88' lang='lat' dir='ltr'><strong>omnium</strong></span> <span class='ocrx_word' id='word_1_336' title='bbox 1191 2864 1304 2914; x_wconf 68' lang='lat' dir='ltr'><strong>qua:</strong></span> <span class='ocrx_word' id='word_1_337' title='bbox 1333 2849 1590 2918; x_wconf 83' lang='lat' dir='ltr'><strong>possideo.</strong></span> <span class='ocrx_word' id='word_1_338' title='bbox 1621 2849 1759 2918; x_wconf 88' lang='lat' dir='ltr'><strong>Lege</strong></span> <span class='ocrx_word' id='word_1_339' title='bbox 1785 2848 1972 2917; x_wconf 59' lang='lat' dir='ltr'><strong>praci-</strong></span> 
     </span>
    </p>
   </div>
   <div class='ocr_carea' id='block_1_45' title="bbox 381 2933 1972 3004">
    <p class='ocr_par' dir='ltr' id='par_1_45' title="bbox 381 2933 1972 3004">
     <span class='ocr_line' id='line_1_45' title="bbox 381 2933 1972 3004; baseline 0.004 -18"><span class='ocrx_word' id='word_1_340' title='bbox 381 2933 625 3004; x_wconf 88' lang='lat' dir='ltr'><strong>piebatur</strong></span> <span class='ocrx_word' id='word_1_341' title='bbox 647 2943 706 2989; x_wconf 92' lang='lat' dir='ltr'><strong>ut</strong></span> <span class='ocrx_word' id='word_1_342' title='bbox 732 2935 828 2990; x_wconf 81' lang='lat' dir='ltr'><strong>lilii</strong></span> <span class='ocrx_word' id='word_1_343' title='bbox 872 2935 1035 2993; x_wconf 87' lang='lat' dir='ltr'><strong>lsrael</strong></span> <span class='ocrx_word' id='word_1_344' title='bbox 1066 2941 1339 2994; x_wconf 90' lang='lat' dir='ltr'><strong>annuatim</strong></span> <span class='ocrx_word' id='word_1_345' title='bbox 1370 2941 1606 2995; x_wconf 91' lang='lat' dir='ltr'><strong>omnium</strong></span> <span class='ocrx_word' id='word_1_346' title='bbox 1639 2955 1818 2995; x_wconf 90' lang='lat' dir='ltr'><strong>rerum</strong></span> <span class='ocrx_word' id='word_1_347' title='bbox 1849 2955 1972 2994; x_wconf 86' lang='lat' dir='ltr'><strong>sua-</strong></span> 
     </span>
    </p>
   </div>
   <div class='ocr_carea' id='block_1_46' title="bbox 381 3027 1970 3099">
    <p class='ocr_par' dir='ltr' id='par_1_46' title="bbox 381 3027 1970 3099">
     <span class='ocr_line' id='line_1_46' title="bbox 381 3027 1970 3099; baseline 0.002 -17"><span class='ocrx_word' id='word_1_348' title='bbox 381 3042 498 3082; x_wconf 91' lang='lat' dir='ltr'><strong>rum</strong></span> <span class='ocrx_word' id='word_1_349' title='bbox 528 3027 750 3085; x_wconf 90' lang='lat' dir='ltr'><strong>Domino</strong></span> <span class='ocrx_word' id='word_1_350' title='bbox 773 3029 1009 3086; x_wconf 89' lang='lat' dir='ltr'><strong>decimas</strong></span> <span class='ocrx_word' id='word_1_351' title='bbox 1036 3031 1248 3089; x_wconf 90' lang='lat' dir='ltr'><strong>darent.</strong></span> <span class='ocrx_word' id='word_1_352' title='bbox 1272 3033 1377 3089; x_wconf 89' lang='lat' dir='ltr'><strong>Sed</strong></span> <span class='ocrx_word' id='word_1_353' title='bbox 1405 3033 1594 3090; x_wconf 63' lang='lat' dir='ltr'><strong>scribae</strong></span> <span class='ocrx_word' id='word_1_354' title='bbox 1617 3041 1670 3089; x_wconf 92' lang='lat' dir='ltr'><strong>et</strong></span> <span class='ocrx_word' id='word_1_355' title='bbox 1698 3031 1970 3099; x_wconf 61' lang='lat' dir='ltr'><strong>Pharisaei,</strong></span> 
     </span>
    </p>
   </div>
   <div class='ocr_carea' id='block_1_47' title="bbox 383 3121 1970 3195">
    <p class='ocr_par' dir='ltr' id='par_1_47' title="bbox 383 3121 1970 3195">
     <span class='ocr_line' id='line_1_47' title="bbox 383 3121 1970 3195; baseline 0.003 -21"><span class='ocrx_word' id='word_1_356' title='bbox 383 3129 439 3174; x_wconf 93' lang='lat' dir='ltr'><strong>ut</strong></span> <span class='ocrx_word' id='word_1_357' title='bbox 473 3121 682 3176; x_wconf 57' lang='lat' dir='ltr'><strong>caeteris</strong></span> <span class='ocrx_word' id='word_1_358' title='bbox 726 3121 962 3178; x_wconf 87' lang='lat' dir='ltr'><strong>decimas</strong></span> <span class='ocrx_word' id='word_1_359' title='bbox 998 3123 1248 3180; x_wconf 92' lang='lat' dir='ltr'><strong>dantibus</strong></span> <span class='ocrx_word' id='word_1_360' title='bbox 1279 3126 1576 3181; x_wconf 87' lang='lat' dir='ltr'><strong>sanctiores</strong></span> <span class='ocrx_word' id='word_1_361' title='bbox 1614 3135 1970 3195; x_wconf 86' lang='lat' dir='ltr'><strong>apparerent,</strong></span> 
     </span>
    </p>
   </div>
   <div class='ocr_carea' id='block_1_48' title="bbox 384 3215 1974 3289">
    <p class='ocr_par' dir='ltr' id='par_1_48' title="bbox 384 3215 1974 3289">
     <span class='ocr_line' id='line_1_48' title="bbox 384 3215 1974 3289; baseline 0.003 -21"><span class='ocrx_word' id='word_1_362' title='bbox 384 3229 490 3269; x_wconf 90' lang='lat' dir='ltr'><strong>non</strong></span> <span class='ocrx_word' id='word_1_363' title='bbox 522 3215 682 3270; x_wconf 90' lang='lat' dir='ltr'><strong>modo</strong></span> <span class='ocrx_word' id='word_1_364' title='bbox 714 3216 960 3271; x_wconf 89' lang='lat' dir='ltr'><strong>redditus</strong></span> <span class='ocrx_word' id='word_1_365' title='bbox 987 3216 1196 3287; x_wconf 83' lang='lat' dir='ltr'><strong>frugum</strong></span> <span class='ocrx_word' id='word_1_366' title='bbox 1219 3260 1233 3284; x_wconf 95' lang='lat'><strong>,</strong></span> <span class='ocrx_word' id='word_1_367' title='bbox 1266 3234 1450 3274; x_wconf 89' lang='lat' dir='ltr'><strong>verum</strong></span> <span class='ocrx_word' id='word_1_368' title='bbox 1483 3218 1702 3273; x_wconf 90' lang='lat' dir='ltr'><strong>minima</strong></span> <span class='ocrx_word' id='word_1_369' title='bbox 1749 3232 1974 3289; x_wconf 71' lang='lat' dir='ltr'><strong>qumque</strong></span> 
     </span>
    </p>
   </div>
   <div class='ocr_carea' id='block_1_49' title="bbox 386 3281 2047 3382">
    <p class='ocr_par' dir='ltr' id='par_1_49' title="bbox 386 3281 2047 3382">
     <span class='ocr_line' id='line_1_49' title="bbox 386 3281 2047 3382; baseline 0.003 -21"><span class='ocrx_word' id='word_1_370' title='bbox 386 3308 595 3363; x_wconf 90' lang='lat' dir='ltr'><strong>olerum</strong></span> <span class='ocrx_word' id='word_1_371' title='bbox 629 3309 992 3364; x_wconf 86' lang='lat' dir='ltr'><strong>decimabant.</strong></span> <span class='ocrx_word' id='word_1_372' title='bbox 1031 3281 1186 3366; x_wconf 74' lang='lat' dir='ltr'><strong>unde</strong></span> <span class='ocrx_word' id='word_1_373' title='bbox 1220 3281 1278 3367; x_wconf 83' lang='lat' dir='ltr'><strong>et</strong></span> <span class='ocrx_word' id='word_1_374' title='bbox 1314 3312 1472 3382; x_wconf 82' lang='lat' dir='ltr'><strong>digne</strong></span> <span class='ocrx_word' id='word_1_375' title='bbox 1507 3311 1630 3367; x_wconf 89' lang='lat' dir='ltr'><strong>alibi</strong></span> <span class='ocrx_word' id='word_1_376' title='bbox 1673 3328 1702 3365; x_wconf 90' lang='lat' dir='ltr'><strong>a</strong></span> <span class='ocrx_word' id='word_1_377' title='bbox 1747 3281 1972 3367; x_wconf 80' lang='lat' dir='ltr'><strong>Domino</strong></span> <span class='ocrx_word' id='word_1_378' title='bbox 2001 3281 2047 3344; x_wconf 68' lang='grc' dir='ltr'><strong>Ο</strong></span> 
     </span>
    </p>
   </div>
   <div class='ocr_carea' id='block_1_50' title="bbox 393 3397 1975 3470">
    <p class='ocr_par' dir='ltr' id='par_1_50' title="bbox 393 3397 1975 3470">
     <span class='ocr_line' id='line_1_50' title="bbox 393 3397 1975 3470; baseline 0.003 -18"><span class='ocrx_word' id='word_1_379' title='bbox 393 3397 817 3470; x_wconf 87' lang='lat' dir='ltr'><strong>redarguuntur,</strong></span> <span class='ocrx_word' id='word_1_380' title='bbox 838 3415 958 3455; x_wconf 94' lang='lat' dir='ltr'><strong>cum</strong></span> <span class='ocrx_word' id='word_1_381' title='bbox 989 3401 1180 3456; x_wconf 91' lang='lat' dir='ltr'><strong>dicitur</strong></span> <span class='ocrx_word' id='word_1_382' title='bbox 1208 3420 1219 3454; x_wconf 91' lang='lat'><strong>:</strong></span> <span class='ocrx_word' id='word_1_383' title='bbox 1251 3401 1338 3456; x_wconf 78' lang='lat' dir='ltr'><strong>Va:</strong></span> <span class='ocrx_word' id='word_1_384' title='bbox 1367 3403 1524 3470; x_wconf 74' lang='lat' dir='ltr'><strong>vobis,</strong></span> <span class='ocrx_word' id='word_1_385' title='bbox 1555 3403 1730 3457; x_wconf 63' lang='lat' dir='ltr'><strong>scribat:</strong></span> <span class='ocrx_word' id='word_1_386' title='bbox 1759 3412 1803 3456; x_wconf 91' lang='lat' dir='ltr'><strong>et</strong></span> <span class='ocrx_word' id='word_1_387' title='bbox 1834 3401 1975 3456; x_wconf 87' lang='lat' dir='ltr'><strong>Pha-</strong></span> 
     </span>
    </p>
   </div>
   <div class='ocr_carea' id='block_1_51' title="bbox 387 3491 1971 3562">
    <p class='ocr_par' dir='ltr' id='par_1_51' title="bbox 387 3491 1971 3562">
     <span class='ocr_line' id='line_1_51' title="bbox 387 3491 1971 3562; baseline 0.003 -18"><span class='ocrx_word' id='word_1_388' title='bbox 387 3491 526 3545; x_wconf 63' lang='grc' dir='ltr'><strong><em>τίς(τὶ</em></strong></span> <span class='ocrx_word' id='word_1_389' title='bbox 562 3492 873 3562; x_wconf 63' lang='lat' dir='ltr'><strong>hypocrita,</strong></span> <span class='ocrx_word' id='word_1_390' title='bbox 905 3495 992 3562; x_wconf 87' lang='lat' dir='ltr'><strong>qui</strong></span> <span class='ocrx_word' id='word_1_391' title='bbox 1028 3494 1290 3550; x_wconf 68' lang='lat' dir='ltr'><strong>decimaEis</strong></span> <span class='ocrx_word' id='word_1_392' title='bbox 1321 3495 1575 3550; x_wconf 80' lang='lat' dir='ltr'><strong>ment/tam</strong></span> <span class='ocrx_word' id='word_1_393' title='bbox 1612 3505 1658 3550; x_wconf 86' lang='lat' dir='ltr'><strong>et</strong></span> <span class='ocrx_word' id='word_1_394' title='bbox 1695 3495 1971 3562; x_wconf 84' lang='lat' dir='ltr'><strong>anethum,</strong></span> 
     </span>
    </p>
   </div>
   <div class='ocr_carea' id='block_1_52' title="bbox 389 3586 1976 3658">
    <p class='ocr_par' dir='ltr' id='par_1_52' title="bbox 389 3586 1976 3658">
     <span class='ocr_line' id='line_1_52' title="bbox 389 3586 1976 3658; baseline 0.003 -21"><span class='ocrx_word' id='word_1_395' title='bbox 389 3592 434 3637; x_wconf 87' lang='lat' dir='ltr'><strong>et</strong></span> <span class='ocrx_word' id='word_1_396' title='bbox 472 3587 766 3654; x_wconf 80' lang='lat' dir='ltr'><strong>cyminum,</strong></span> <span class='ocrx_word' id='word_1_397' title='bbox 809 3597 856 3640; x_wconf 86' lang='lat' dir='ltr'><strong>et</strong></span> <span class='ocrx_word' id='word_1_398' title='bbox 893 3586 1198 3658; x_wconf 88' lang='lat' dir='ltr'><strong>relinquitis</strong></span> <span class='ocrx_word' id='word_1_399' title='bbox 1232 3604 1346 3657; x_wconf 77' lang='lat' dir='ltr'><strong>qua:</strong></span> <span class='ocrx_word' id='word_1_400' title='bbox 1392 3588 1628 3657; x_wconf 88' lang='lat' dir='ltr'><strong>graviora</strong></span> <span class='ocrx_word' id='word_1_401' title='bbox 1681 3598 1799 3641; x_wconf 87' lang='lat' dir='ltr'><strong>sunt</strong></span> <span class='ocrx_word' id='word_1_402' title='bbox 1853 3588 1976 3658; x_wconf 80' lang='lat' dir='ltr'><strong>legis</strong></span> 
     </span>
    </p>
   </div>
   <div class='ocr_carea' id='block_1_53' title="bbox 390 3674 1976 3749">
    <p class='ocr_par' dir='ltr' id='par_1_53' title="bbox 390 3674 1976 3749">
     <span class='ocr_line' id='line_1_53' title="bbox 390 3674 1976 3749; baseline 0.003 -22"><span class='ocrx_word' id='word_1_403' title='bbox 390 3674 619 3746; x_wconf 82' lang='lat' dir='ltr'><strong>(Matth.</strong></span> <span class='ocrx_word' id='word_1_404' title='bbox 647 3676 850 3748; x_wconf 67' lang='grc' dir='ltr'>χχιιι),</span> <span class='ocrx_word' id='word_1_405' title='bbox 891 3679 990 3734; x_wconf 93' lang='lat' dir='ltr'><strong>hoc</strong></span> <span class='ocrx_word' id='word_1_406' title='bbox 1027 3689 1142 3746; x_wconf 92' lang='lat' dir='ltr'><strong>est,</strong></span> <span class='ocrx_word' id='word_1_407' title='bbox 1175 3679 1362 3734; x_wconf 84' lang='lat' dir='ltr'><strong>altiora</strong></span> <span class='ocrx_word' id='word_1_408' title='bbox 1397 3687 1660 3749; x_wconf 85' lang='lat' dir='ltr'><strong>praecepta</strong></span> <span class='ocrx_word' id='word_1_409' title='bbox 1694 3677 1856 3748; x_wconf 87' lang='lat' dir='ltr'><strong>legis,</strong></span> <span class='ocrx_word' id='word_1_410' title='bbox 1890 3678 1976 3732; x_wconf 91' lang='lat' dir='ltr'><strong>di-</strong></span> 
     </span>
    </p>
   </div>
   <div class='ocr_carea' id='block_1_54' title="bbox 392 3767 1976 3839">
    <p class='ocr_par' dir='ltr' id='par_1_54' title="bbox 392 3767 1976 3839">
     <span class='ocr_line' id='line_1_54' title="bbox 392 3767 1976 3839; baseline 0.001 -17"><span class='ocrx_word' id='word_1_411' title='bbox 392 3767 679 3824; x_wconf 90' lang='lat' dir='ltr'><strong>lectionem</strong></span> <span class='ocrx_word' id='word_1_412' title='bbox 721 3769 969 3825; x_wconf 86' lang='lat' dir='ltr'><strong>vidclicct</strong></span> <span class='ocrx_word' id='word_1_413' title='bbox 1003 3771 1098 3826; x_wconf 90' lang='lat' dir='ltr'><strong>Dei</strong></span> <span class='ocrx_word' id='word_1_414' title='bbox 1139 3781 1193 3826; x_wconf 91' lang='lat' dir='ltr'><strong>et</strong></span> <span class='ocrx_word' id='word_1_415' title='bbox 1227 3772 1488 3839; x_wconf 84' lang='lat' dir='ltr'><strong>proximi,</strong></span> <span class='ocrx_word' id='word_1_416' title='bbox 1523 3772 1605 3826; x_wconf 79' lang='lat' dir='ltr'><strong>vel</strong></span> <span class='ocrx_word' id='word_1_417' title='bbox 1632 3771 1888 3839; x_wconf 81' lang='lat' dir='ltr'><strong>judicium</strong></span> <span class='ocrx_word' id='word_1_418' title='bbox 1921 3778 1976 3825; x_wconf 91' lang='lat' dir='ltr'><strong>et</strong></span> 
     </span>
    </p>
   </div>
   <div class='ocr_carea' id='block_1_55' title="bbox 395 3860 1973 3918">
    <p class='ocr_par' dir='ltr' id='par_1_55' title="bbox 395 3860 1973 3918">
     <span class='ocr_line' id='line_1_55' title="bbox 395 3860 1973 3918; baseline 0.003 -6"><span class='ocrx_word' id='word_1_419' title='bbox 395 3860 841 3916; x_wconf 89' lang='lat' dir='ltr'><strong>misericordiam.</strong></span> <span class='ocrx_word' id='word_1_420' title='bbox 881 3862 995 3917; x_wconf 85' lang='lat' dir='ltr'><strong>Hoc</strong></span> <span class='ocrx_word' id='word_1_421' title='bbox 1029 3863 1148 3917; x_wconf 93' lang='lat' dir='ltr'><strong>loco</strong></span> <span class='ocrx_word' id='word_1_422' title='bbox 1182 3863 1416 3918; x_wconf 85' lang='lat' dir='ltr'><strong>breviter</strong></span> <span class='ocrx_word' id='word_1_423' title='bbox 1442 3862 1973 3917; x_wconf 89' lang='lat' dir='ltr'><strong>commemorandum</strong></span> 
     </span>
    </p>
   </div>
   <div class='ocr_carea' id='block_1_56' title="bbox 396 3950 1976 4024">
    <p class='ocr_par' dir='ltr' id='par_1_56' title="bbox 396 3950 1976 4024">
     <span class='ocr_line' id='line_1_56' title="bbox 396 3950 1976 4024; baseline 0 -18"><span class='ocrx_word' id='word_1_424' title='bbox 396 3952 537 4020; x_wconf 86' lang='lat' dir='ltr'><strong>quod</strong></span> <span class='ocrx_word' id='word_1_425' title='bbox 566 3950 816 4009; x_wconf 84' lang='lat' dir='ltr'><strong>Ezechiel</strong></span> <span class='ocrx_word' id='word_1_426' title='bbox 848 3955 1104 4023; x_wconf 87' lang='lat' dir='ltr'><strong>prepheta</strong></span> <span class='ocrx_word' id='word_1_427' title='bbox 1136 3955 1186 4008; x_wconf 92' lang='lat' dir='ltr'><strong>in</strong></span> <span class='ocrx_word' id='word_1_428' title='bbox 1220 3953 1438 4024; x_wconf 85' lang='lat' dir='ltr'><strong>mystica</strong></span> <span class='ocrx_word' id='word_1_429' title='bbox 1469 3954 1671 4008; x_wconf 88' lang='lat' dir='ltr'><strong>visione</strong></span> <span class='ocrx_word' id='word_1_430' title='bbox 1699 3968 1856 4024; x_wconf 88' lang='lat' dir='ltr'><strong>quam</strong></span> <span class='ocrx_word' id='word_1_431' title='bbox 1887 3968 1976 4006; x_wconf 84' lang='lat' dir='ltr'><strong>re-</strong></span> 
     </span>
    </p>
   </div>
   <div class='ocr_carea' id='block_1_57' title="bbox 398 4043 1980 4114">
    <p class='ocr_par' dir='ltr' id='par_1_57' title="bbox 398 4043 1980 4114">
     <span class='ocr_line' id='line_1_57' title="bbox 398 4043 1980 4114; baseline 0 -18"><span class='ocrx_word' id='word_1_432' title='bbox 398 4043 505 4098; x_wconf 87' lang='lat' dir='ltr'><strong>iert</strong></span> <span class='ocrx_word' id='word_1_433' title='bbox 533 4043 633 4098; x_wconf 86' lang='lat' dir='ltr'><strong>sibi</strong></span> <span class='ocrx_word' id='word_1_434' title='bbox 660 4043 968 4114; x_wconf 89' lang='lat' dir='ltr'><strong>apparuisse</strong></span> <span class='ocrx_word' id='word_1_435' title='bbox 995 4045 1143 4112; x_wconf 81' lang='lat' dir='ltr'><strong>juxta</strong></span> <span class='ocrx_word' id='word_1_436' title='bbox 1173 4045 1389 4099; x_wconf 88' lang='lat' dir='ltr'><strong>lluvium</strong></span> <span class='ocrx_word' id='word_1_437' title='bbox 1419 4044 1654 4108; x_wconf 87' lang='lat' dir='ltr'><strong>Cbobar,</strong></span> <span class='ocrx_word' id='word_1_438' title='bbox 1685 4043 1822 4096; x_wconf 90' lang='lat' dir='ltr'><strong>inter</strong></span> <span class='ocrx_word' id='word_1_439' title='bbox 1854 4043 1980 4096; x_wconf 85' lang='lat' dir='ltr'><strong>reli-</strong></span> 
     </span>
    </p>
   </div>
   <div class='ocr_carea' id='block_1_58' title="bbox 399 4136 1982 4208">
    <p class='ocr_par' dir='ltr' id='par_1_58' title="bbox 399 4136 1982 4208">
     <span class='ocr_line' id='line_1_58' title="bbox 399 4136 1982 4208; baseline 0 -18"><span class='ocrx_word' id='word_1_440' title='bbox 399 4151 501 4206; x_wconf 86' lang='lat' dir='ltr'><strong>qua</strong></span> <span class='ocrx_word' id='word_1_441' title='bbox 525 4136 653 4192; x_wconf 82' lang='lat' dir='ltr'><strong>dicit</strong></span> <span class='ocrx_word' id='word_1_442' title='bbox 671 4151 730 4193; x_wconf 89' lang='lat' dir='ltr'><strong>se</strong></span> <span class='ocrx_word' id='word_1_443' title='bbox 747 4137 942 4193; x_wconf 87' lang='lat' dir='ltr'><strong>vidisse</strong></span> <span class='ocrx_word' id='word_1_444' title='bbox 969 4149 1187 4208; x_wconf 88' lang='lat' dir='ltr'><strong>quatuor</strong></span> <span class='ocrx_word' id='word_1_445' title='bbox 1218 4139 1463 4192; x_wconf 85' lang='lat' dir='ltr'><strong>animalia</strong></span> <span class='ocrx_word' id='word_1_446' title='bbox 1493 4137 1644 4206; x_wconf 83' lang='lat' dir='ltr'><strong>plena</strong></span> <span class='ocrx_word' id='word_1_447' title='bbox 1669 4137 1834 4190; x_wconf 88' lang='lat' dir='ltr'><strong>oculis</strong></span> <span class='ocrx_word' id='word_1_448' title='bbox 1865 4146 1982 4190; x_wconf 85' lang='lat' dir='ltr'><strong>ante</strong></span> 
     </span>
    </p>
   </div>
   <div class='ocr_carea' id='block_1_59' title="bbox 401 4227 1983 4302">
    <p class='ocr_par' dir='ltr' id='par_1_59' title="bbox 401 4227 1983 4302">
     <span class='ocr_line' id='line_1_59' title="bbox 401 4227 1983 4302; baseline 0.003 -22"><span class='ocrx_word' id='word_1_449' title='bbox 401 4236 447 4280; x_wconf 83' lang='lat' dir='ltr'><strong>et</strong></span> <span class='ocrx_word' id='word_1_450' title='bbox 477 4236 613 4282; x_wconf 83' lang='lat' dir='ltr'><strong>retro</strong></span> <span class='ocrx_word' id='word_1_451' title='bbox 647 4227 881 4299; x_wconf 81' lang='lat' dir='ltr'><strong>(Ezech.</strong></span> <span class='ocrx_word' id='word_1_452' title='bbox 913 4245 927 4282; x_wconf 90' lang='lat' dir='ltr'><strong>t</strong></span> <span class='ocrx_word' id='word_1_453' title='bbox 954 4229 994 4302; x_wconf 93' lang='lat'><strong>).</strong></span> <span class='ocrx_word' id='word_1_454' title='bbox 1029 4231 1156 4297; x_wconf 84' lang='lat' dir='ltr'><strong>Quae</strong></span> <span class='ocrx_word' id='word_1_455' title='bbox 1192 4246 1310 4285; x_wconf 93' lang='lat' dir='ltr'><strong>cum</strong></span> <span class='ocrx_word' id='word_1_456' title='bbox 1346 4229 1728 4298; x_wconf 87' lang='lat' dir='ltr'><strong>multiplicibus</strong></span> <span class='ocrx_word' id='word_1_457' title='bbox 1761 4229 1871 4283; x_wconf 77' lang='lat' dir='ltr'><strong>sint</strong></span> <span class='ocrx_word' id='word_1_458' title='bbox 1897 4245 1983 4285; x_wconf 85' lang='lat' dir='ltr'><strong>re-</strong></span> 
     </span>
    </p>
   </div>
   <div class='ocr_carea' id='block_1_60' title="bbox 402 4319 1976 4393">
    <p class='ocr_par' dir='ltr' id='par_1_60' title="bbox 402 4319 1976 4393">
     <span class='ocr_line' id='line_1_60' title="bbox 402 4319 1976 4393; baseline 0.001 -19"><span class='ocrx_word' id='word_1_459' title='bbox 402 4319 536 4374; x_wconf 82' lang='lat' dir='ltr'><strong>ferta</strong></span> <span class='ocrx_word' id='word_1_460' title='bbox 589 4323 966 4393; x_wconf 85' lang='lat' dir='ltr'><strong>mysteriorum</strong></span> <span class='ocrx_word' id='word_1_461' title='bbox 1019 4325 1304 4390; x_wconf 89' lang='lat' dir='ltr'><strong>sensibus,</strong></span> <span class='ocrx_word' id='word_1_462' title='bbox 1347 4323 1619 4391; x_wconf 88' lang='lat' dir='ltr'><strong>speciatim</strong></span> <span class='ocrx_word' id='word_1_463' title='bbox 1662 4332 1976 4377; x_wconf 85' lang='lat' dir='ltr'><strong>sanctorum</strong></span> 
     </span>
    </p>
   </div>
   <div class='ocr_carea' id='block_1_61' title="bbox 403 4414 1985 4486">
    <p class='ocr_par' dir='ltr' id='par_1_61' title="bbox 403 4414 1985 4486">
     <span class='ocr_line' id='line_1_61' title="bbox 403 4414 1985 4486; baseline 0.001 -20"><span class='ocrx_word' id='word_1_464' title='bbox 403 4414 708 4484; x_wconf 85' lang='lat' dir='ltr'><strong>symbolum</strong></span> <span class='ocrx_word' id='word_1_465' title='bbox 751 4414 1061 4485; x_wconf 77' lang='lat' dir='ltr'><strong>prmlerunt.</strong></span> <span class='ocrx_word' id='word_1_466' title='bbox 1107 4416 1230 4470; x_wconf 69' lang='lat' dir='ltr'><strong>limc</strong></span> <span class='ocrx_word' id='word_1_467' title='bbox 1267 4431 1394 4486; x_wconf 87' lang='lat' dir='ltr'><strong>ergo</strong></span> <span class='ocrx_word' id='word_1_468' title='bbox 1426 4414 1674 4469; x_wconf 88' lang='lat' dir='ltr'><strong>animalia</strong></span> <span class='ocrx_word' id='word_1_469' title='bbox 1709 4424 1855 4469; x_wconf 86' lang='lat' dir='ltr'><strong>recte</strong></span> <span class='ocrx_word' id='word_1_470' title='bbox 1885 4430 1985 4468; x_wconf 86' lang='lat' dir='ltr'><strong>un-</strong></span> 
     </span>
    </p>
   </div>
   <div class='ocr_carea' id='block_1_62' title="bbox 404 4504 1984 4574">
    <p class='ocr_par' dir='ltr' id='par_1_62' title="bbox 404 4504 1984 4574">
     <span class='ocr_line' id='line_1_62' title="bbox 404 4504 1984 4574; baseline 0.001 -18"><span class='ocrx_word' id='word_1_471' title='bbox 404 4504 564 4572; x_wconf 90' lang='lat' dir='ltr'><strong>dique</strong></span> <span class='ocrx_word' id='word_1_472' title='bbox 612 4505 820 4559; x_wconf 88' lang='lat' dir='ltr'><strong>oculata</strong></span> <span class='ocrx_word' id='word_1_473' title='bbox 869 4520 986 4561; x_wconf 91' lang='lat' dir='ltr'><strong>esse</strong></span> <span class='ocrx_word' id='word_1_474' title='bbox 1031 4505 1300 4570; x_wconf 90' lang='lat' dir='ltr'><strong>dicuntur,</strong></span> <span class='ocrx_word' id='word_1_475' title='bbox 1341 4505 1462 4574; x_wconf 90' lang='lat' dir='ltr'><strong>quia</strong></span> <span class='ocrx_word' id='word_1_476' title='bbox 1500 4512 1807 4558; x_wconf 86' lang='lat' dir='ltr'><strong>sanctorum</strong></span> <span class='ocrx_word' id='word_1_477' title='bbox 1843 4504 1984 4558; x_wconf 91' lang='lat' dir='ltr'><strong>actio</strong></span> 
     </span>
    </p>
   </div>
   <div class='ocr_carea' id='block_1_63' title="bbox 2063 2012 3639 2085">
    <p class='ocr_par' dir='ltr' id='par_1_63' title="bbox 2063 2012 3639 2085">
     <span class='ocr_line' id='line_1_63' title="bbox 2063 2012 3639 2085; baseline 0.001 -19"><span class='ocrx_word' id='word_1_478' title='bbox 2063 2012 2346 2080; x_wconf 89' lang='lat' dir='ltr'><strong>luminum,</strong></span> <span class='ocrx_word' id='word_1_479' title='bbox 2383 2016 2614 2083; x_wconf 89' lang='lat' dir='ltr'><strong>pectoris</strong></span> <span class='ocrx_word' id='word_1_480' title='bbox 2644 2016 2860 2085; x_wconf 89' lang='lat' dir='ltr'><strong>insuper</strong></span> <span class='ocrx_word' id='word_1_481' title='bbox 2891 2015 3265 2071; x_wconf 88' lang='lat' dir='ltr'><strong>verberalione</strong></span> <span class='ocrx_word' id='word_1_482' title='bbox 3295 2014 3639 2068; x_wconf 87' lang='lat' dir='ltr'><strong>Divinitatem</strong></span> 
     </span>
    </p>
   </div>
   <div class='ocr_carea' id='block_1_64' title="bbox 2062 2105 3648 2178">
    <p class='ocr_par' dir='ltr' id='par_1_64' title="bbox 2062 2105 3648 2178">
     <span class='ocr_line' id='line_1_64' title="bbox 2062 2105 3648 2178; baseline -0.001 -18"><span class='ocrx_word' id='word_1_483' title='bbox 2062 2105 2162 2160; x_wconf 88' lang='lat' dir='ltr'><strong>sibi</strong></span> <span class='ocrx_word' id='word_1_484' title='bbox 2190 2105 2464 2161; x_wconf 89' lang='lat' dir='ltr'><strong>conciliat.</strong></span> <span class='ocrx_word' id='word_1_485' title='bbox 2493 2107 2537 2159; x_wconf 87' lang='grc' dir='ltr'><em>Α</em></span> <span class='ocrx_word' id='word_1_486' title='bbox 2564 2107 2712 2178; x_wconf 87' lang='lat' dir='ltr'><strong>longe</strong></span> <span class='ocrx_word' id='word_1_487' title='bbox 2738 2108 2948 2170; x_wconf 89' lang='lat' dir='ltr'><strong>stabat,</strong></span> <span class='ocrx_word' id='word_1_488' title='bbox 2980 2107 3104 2177; x_wconf 90' lang='lat' dir='ltr'><strong>quia</strong></span> <span class='ocrx_word' id='word_1_489' title='bbox 3139 2121 3199 2161; x_wconf 91' lang='lat' dir='ltr'><strong>se</strong></span> <span class='ocrx_word' id='word_1_490' title='bbox 3230 2116 3283 2160; x_wconf 90' lang='lat' dir='ltr'><strong>et</strong></span> <span class='ocrx_word' id='word_1_491' title='bbox 3313 2116 3648 2175; x_wconf 86' lang='lat' dir='ltr'><strong>peccatorem</strong></span> 
     </span>
    </p>
   </div>
   <div class='ocr_carea' id='block_1_65' title="bbox 2062 2199 3651 2270">
    <p class='ocr_par' dir='ltr' id='par_1_65' title="bbox 2062 2199 3651 2270">
     <span class='ocr_line' id='line_1_65' title="bbox 2062 2199 3651 2270; baseline 0.001 -18"><span class='ocrx_word' id='word_1_492' title='bbox 2062 2207 2115 2252; x_wconf 90' lang='lat' dir='ltr'><strong>et</strong></span> <span class='ocrx_word' id='word_1_493' title='bbox 2147 2199 2428 2266; x_wconf 78' lang='lat' dir='ltr'><strong>profanum</strong></span> <span class='ocrx_word' id='word_1_494' title='bbox 2463 2200 2728 2254; x_wconf 88' lang='lat' dir='ltr'><strong>veraciter</strong></span> <span class='ocrx_word' id='word_1_495' title='bbox 2758 2200 3062 2268; x_wconf 72' lang='lat' dir='ltr'><strong>intelligens</strong></span> <span class='ocrx_word' id='word_1_496' title='bbox 3083 2241 3097 2266; x_wconf 94' lang='lat'><strong>,</strong></span> <span class='ocrx_word' id='word_1_497' title='bbox 3127 2201 3430 2255; x_wconf 88' lang='lat' dir='ltr'><strong>sanetuario</strong></span> <span class='ocrx_word' id='word_1_498' title='bbox 3459 2216 3651 2270; x_wconf 82' lang='lat' dir='ltr'><strong>appro-</strong></span> 
     </span>
    </p>
   </div>
   <div class='ocr_carea' id='block_1_66' title="bbox 2070 2291 3651 2362">
    <p class='ocr_par' dir='ltr' id='par_1_66' title="bbox 2070 2291 3651 2362">
     <span class='ocr_line' id='line_1_66' title="bbox 2070 2291 3651 2362; baseline -0.001 -18"><span class='ocrx_word' id='word_1_499' title='bbox 2070 2291 2336 2361; x_wconf 88' lang='lat' dir='ltr'><strong>pinquare</strong></span> <span class='ocrx_word' id='word_1_500' title='bbox 2368 2306 2473 2346; x_wconf 91' lang='lat' dir='ltr'><strong>non</strong></span> <span class='ocrx_word' id='word_1_501' title='bbox 2506 2291 2755 2346; x_wconf 89' lang='lat' dir='ltr'><strong>audebat.</strong></span> <span class='ocrx_word' id='word_1_502' title='bbox 2788 2293 2833 2344; x_wconf 86' lang='lat' dir='ltr'><strong><em>A</em></strong></span> <span class='ocrx_word' id='word_1_503' title='bbox 2864 2294 3013 2362; x_wconf 82' lang='lat' dir='ltr'><strong>longe</strong></span> <span class='ocrx_word' id='word_1_504' title='bbox 3053 2295 3234 2361; x_wconf 90' lang='lat' dir='ltr'><strong>utique</strong></span> <span class='ocrx_word' id='word_1_505' title='bbox 3278 2292 3482 2356; x_wconf 89' lang='lat' dir='ltr'><strong>stabat,</strong></span> <span class='ocrx_word' id='word_1_506' title='bbox 3528 2291 3651 2360; x_wconf 88' lang='lat' dir='ltr'><strong>quia</strong></span> 
     </span>
    </p>
   </div>
   <div class='ocr_carea' id='block_1_67' title="bbox 2063 2383 3646 2455">
    <p class='ocr_par' dir='ltr' id='par_1_67' title="bbox 2063 2383 3646 2455">
     <span class='ocr_line' id='line_1_67' title="bbox 2063 2383 3646 2455; baseline -0.004 -15"><span class='ocrx_word' id='word_1_507' title='bbox 2063 2385 2334 2455; x_wconf 85' lang='lat' dir='ltr'><strong>peccando</strong></span> <span class='ocrx_word' id='word_1_508' title='bbox 2366 2400 2425 2440; x_wconf 91' lang='lat' dir='ltr'><strong>se</strong></span> <span class='ocrx_word' id='word_1_509' title='bbox 2454 2385 2610 2455; x_wconf 88' lang='lat' dir='ltr'><strong>longe</strong></span> <span class='ocrx_word' id='word_1_510' title='bbox 2640 2399 2670 2438; x_wconf 90' lang='lat' dir='ltr'><strong>a</strong></span> <span class='ocrx_word' id='word_1_511' title='bbox 2701 2384 2812 2440; x_wconf 83' lang='lat' dir='ltr'><strong>Deo</strong></span> <span class='ocrx_word' id='word_1_512' title='bbox 2843 2385 3135 2440; x_wconf 88' lang='lat' dir='ltr'><strong>recessisse</strong></span> <span class='ocrx_word' id='word_1_513' title='bbox 3164 2391 3408 2440; x_wconf 84' lang='lat' dir='ltr'><strong>noverat.</strong></span> <span class='ocrx_word' id='word_1_514' title='bbox 3455 2383 3646 2436; x_wconf 83' lang='lat' dir='ltr'><strong>Oculos</strong></span> 
     </span>
    </p>
   </div>
   <div class='ocr_carea' id='block_1_68' title="bbox 2064 2473 3652 2546">
    <p class='ocr_par' dir='ltr' id='par_1_68' title="bbox 2064 2473 3652 2546">
     <span class='ocr_line' id='line_1_68' title="bbox 2064 2473 3652 2546; baseline 0.001 -18"><span class='ocrx_word' id='word_1_515' title='bbox 2064 2477 2132 2528; x_wconf 86' lang='lat' dir='ltr'><strong>ad</strong></span> <span class='ocrx_word' id='word_1_516' title='bbox 2159 2478 2340 2530; x_wconf 74' lang='lat' dir='ltr'><strong>cwlunt</strong></span> <span class='ocrx_word' id='word_1_517' title='bbox 2370 2475 2537 2529; x_wconf 78' lang='lat' dir='ltr'><strong>levare</strong></span> <span class='ocrx_word' id='word_1_518' title='bbox 2563 2475 2802 2543; x_wconf 88' lang='lat' dir='ltr'><strong>nolebat,</strong></span> <span class='ocrx_word' id='word_1_519' title='bbox 2834 2477 2959 2546; x_wconf 89' lang='lat' dir='ltr'><strong>quia</strong></span> <span class='ocrx_word' id='word_1_520' title='bbox 2988 2475 3195 2532; x_wconf 88' lang='lat' dir='ltr'><strong>sciebat</strong></span> <span class='ocrx_word' id='word_1_521' title='bbox 3219 2491 3276 2530; x_wconf 90' lang='lat' dir='ltr'><strong>se</strong></span> <span class='ocrx_word' id='word_1_522' title='bbox 3303 2475 3450 2530; x_wconf 89' lang='lat' dir='ltr'><strong>illum</strong></span> <span class='ocrx_word' id='word_1_523' title='bbox 3481 2473 3569 2544; x_wconf 90' lang='lat' dir='ltr'><strong>qui</strong></span> <span class='ocrx_word' id='word_1_524' title='bbox 3600 2473 3652 2529; x_wconf 88' lang='lat' dir='ltr'><strong>in</strong></span> 
     </span>
    </p>
   </div>
   <div class='ocr_carea' id='block_1_69' title="bbox 2064 2568 3650 2638">
    <p class='ocr_par' dir='ltr' id='par_1_69' title="bbox 2064 2568 3650 2638">
     <span class='ocr_line' id='line_1_69' title="bbox 2064 2568 3650 2638; baseline -0.001 -14"><span class='ocrx_word' id='word_1_525' title='bbox 2064 2568 2220 2624; x_wconf 73' lang='lat' dir='ltr'><strong>ctelis</strong></span> <span class='ocrx_word' id='word_1_526' title='bbox 2249 2577 2332 2624; x_wconf 88' lang='lat' dir='ltr'><strong>est</strong></span> <span class='ocrx_word' id='word_1_527' title='bbox 2360 2569 2595 2638; x_wconf 83' lang='lat' dir='ltr'><strong>graviter</strong></span> <span class='ocrx_word' id='word_1_528' title='bbox 2637 2569 2958 2636; x_wconf 81' lang='lat' dir='ltr'><strong>offendisse,</strong></span> <span class='ocrx_word' id='word_1_529' title='bbox 3003 2569 3189 2624; x_wconf 90' lang='lat' dir='ltr'><strong>illicita</strong></span> <span class='ocrx_word' id='word_1_530' title='bbox 3237 2568 3650 2638; x_wconf 82' lang='lat' dir='ltr'><strong>conspiciendo,</strong></span> 
     </span>
    </p>
   </div>
   <div class='ocr_carea' id='block_1_70' title="bbox 2066 2660 3650 2735">
    <p class='ocr_par' dir='ltr' id='par_1_70' title="bbox 2066 2660 3650 2735">
     <span class='ocr_line' id='line_1_70' title="bbox 2066 2660 3650 2735; baseline -0.002 -19"><span class='ocrx_word' id='word_1_531' title='bbox 2066 2661 2340 2732; x_wconf 83' lang='lat' dir='ltr'><strong>indignum</strong></span> <span class='ocrx_word' id='word_1_532' title='bbox 2373 2672 2520 2717; x_wconf 91' lang='lat' dir='ltr'><strong>certe</strong></span> <span class='ocrx_word' id='word_1_533' title='bbox 2550 2662 2868 2735; x_wconf 83' lang='lat' dir='ltr'><strong>existimans</strong></span> <span class='ocrx_word' id='word_1_534' title='bbox 2919 2661 3112 2716; x_wconf 90' lang='lat' dir='ltr'><strong>iisdem</strong></span> <span class='ocrx_word' id='word_1_535' title='bbox 3158 2660 3438 2716; x_wconf 89' lang='lat' dir='ltr'><strong>obtutibus</strong></span> <span class='ocrx_word' id='word_1_536' title='bbox 3484 2660 3650 2715; x_wconf 92' lang='lat' dir='ltr'><strong>Deum</strong></span> 
     </span>
    </p>
   </div>
   <div class='ocr_carea' id='block_1_71' title="bbox 2071 2753 3652 2824">
    <p class='ocr_par' dir='ltr' id='par_1_71' title="bbox 2071 2753 3652 2824">
     <span class='ocr_line' id='line_1_71' title="bbox 2071 2753 3652 2824; baseline -0.002 -17"><span class='ocrx_word' id='word_1_537' title='bbox 2071 2754 2153 2808; x_wconf 90' lang='lat' dir='ltr'><strong>vel</strong></span> <span class='ocrx_word' id='word_1_538' title='bbox 2186 2753 2283 2808; x_wconf 93' lang='lat' dir='ltr'><strong>Dei</strong></span> <span class='ocrx_word' id='word_1_539' title='bbox 2319 2754 2576 2824; x_wconf 88' lang='lat' dir='ltr'><strong>templum</strong></span> <span class='ocrx_word' id='word_1_540' title='bbox 2610 2754 2885 2822; x_wconf 88' lang='lat' dir='ltr'><strong>aspicere,</strong></span> <span class='ocrx_word' id='word_1_541' title='bbox 2919 2754 3111 2822; x_wconf 89' lang='lat' dir='ltr'><strong>quibus</strong></span> <span class='ocrx_word' id='word_1_542' title='bbox 3154 2754 3220 2806; x_wconf 91' lang='lat' dir='ltr'><strong>ad</strong></span> <span class='ocrx_word' id='word_1_543' title='bbox 3265 2753 3652 2820; x_wconf 89' lang='lat' dir='ltr'><strong>concupiscen-</strong></span> 
     </span>
    </p>
   </div>
   <div class='ocr_carea' id='block_1_72' title="bbox 2070 2843 3651 2916">
    <p class='ocr_par' dir='ltr' id='par_1_72' title="bbox 2070 2843 3651 2916">
     <span class='ocr_line' id='line_1_72' title="bbox 2070 2843 3651 2916; baseline -0.004 -14"><span class='ocrx_word' id='word_1_544' title='bbox 2070 2848 2195 2903; x_wconf 93' lang='lat' dir='ltr'><strong>dum</strong></span> <span class='ocrx_word' id='word_1_545' title='bbox 2246 2847 2430 2901; x_wconf 91' lang='lat' dir='ltr'><strong>illicita</strong></span> <span class='ocrx_word' id='word_1_546' title='bbox 2480 2847 2706 2916; x_wconf 88' lang='lat' dir='ltr'><strong>plurima</strong></span> <span class='ocrx_word' id='word_1_547' title='bbox 2759 2844 2933 2899; x_wconf 81' lang='lat' dir='ltr'><strong>fuerat</strong></span> <span class='ocrx_word' id='word_1_548' title='bbox 2979 2845 3369 2914; x_wconf 74' lang='lat' dir='ltr'><strong>cor13picatus:</strong></span> <span class='ocrx_word' id='word_1_549' title='bbox 3422 2843 3651 2898; x_wconf 89' lang='lat' dir='ltr'><strong>necdum</strong></span> 
     </span>
    </p>
   </div>
   <div class='ocr_carea' id='block_1_73' title="bbox 2072 2935 3653 3005">
    <p class='ocr_par' dir='ltr' id='par_1_73' title="bbox 2072 2935 3653 3005">
     <span class='ocr_line' id='line_1_73' title="bbox 2072 2935 3653 3005; baseline -0.004 -11"><span class='ocrx_word' id='word_1_550' title='bbox 2072 2952 2257 2994; x_wconf 90' lang='lat' dir='ltr'><strong>eorum</strong></span> <span class='ocrx_word' id='word_1_551' title='bbox 2289 2951 2516 2994; x_wconf 90' lang='lat' dir='ltr'><strong>numero</strong></span> <span class='ocrx_word' id='word_1_552' title='bbox 2547 2952 2607 2993; x_wconf 93' lang='lat' dir='ltr'><strong>se</strong></span> <span class='ocrx_word' id='word_1_553' title='bbox 2635 2937 2844 2992; x_wconf 88' lang='lat' dir='ltr'><strong>sociare</strong></span> <span class='ocrx_word' id='word_1_554' title='bbox 2876 2935 3140 3000; x_wconf 89' lang='lat' dir='ltr'><strong>audebat,</strong></span> <span class='ocrx_word' id='word_1_555' title='bbox 3171 2936 3260 3005; x_wconf 88' lang='lat' dir='ltr'><strong>qui</strong></span> <span class='ocrx_word' id='word_1_556' title='bbox 3292 2935 3361 2990; x_wconf 91' lang='lat' dir='ltr'><strong>de</strong></span> <span class='ocrx_word' id='word_1_557' title='bbox 3404 2944 3653 3004; x_wconf 88' lang='lat' dir='ltr'><strong>peccato-</strong></span> 
     </span>
    </p>
   </div>
   <div class='ocr_carea' id='block_1_74' title="bbox 2072 3027 3649 3101">
    <p class='ocr_par' dir='ltr' id='par_1_74' title="bbox 2072 3027 3649 3101">
     <span class='ocr_line' id='line_1_74' title="bbox 2072 3027 3649 3101; baseline -0.004 -15"><span class='ocrx_word' id='word_1_558' title='bbox 2072 3045 2190 3086; x_wconf 86' lang='lat' dir='ltr'><strong>rum</strong></span> <span class='ocrx_word' id='word_1_559' title='bbox 2222 3032 2544 3101; x_wconf 87' lang='lat' dir='ltr'><strong>indulgentia</strong></span> <span class='ocrx_word' id='word_1_560' title='bbox 2575 3029 2690 3098; x_wconf 88' lang='lat' dir='ltr'><strong>ﬁsi,</strong></span> <span class='ocrx_word' id='word_1_561' title='bbox 2726 3045 2845 3084; x_wconf 90' lang='lat' dir='ltr'><strong>cum</strong></span> <span class='ocrx_word' id='word_1_562' title='bbox 2887 3028 3166 3085; x_wconf 85' lang='lat' dir='ltr'><strong>Psaltnista</strong></span> <span class='ocrx_word' id='word_1_563' title='bbox 3204 3027 3430 3082; x_wconf 89' lang='lat' dir='ltr'><strong>dicunt:</strong></span> <span class='ocrx_word' id='word_1_564' title='bbox 3476 3027 3557 3080; x_wconf 80' lang='lat' dir='ltr'><strong>Ad</strong></span> <span class='ocrx_word' id='word_1_565' title='bbox 3600 3035 3649 3080; x_wconf 88' lang='lat' dir='ltr'><strong>te</strong></span> 
     </span>
    </p>
   </div>
   <div class='ocr_carea' id='block_1_75' title="bbox 2075 3117 3642 3191">
    <p class='ocr_par' dir='ltr' id='par_1_75' title="bbox 2075 3117 3642 3191">
     <span class='ocr_line' id='line_1_75' title="bbox 2075 3117 3642 3191; baseline -0.003 -15"><span class='ocrx_word' id='word_1_566' title='bbox 2075 3122 2238 3177; x_wconf 79' lang='lat' dir='ltr'><strong>levavi</strong></span> <span class='ocrx_word' id='word_1_567' title='bbox 2291 3123 2465 3176; x_wconf 88' lang='lat' dir='ltr'><strong>oculos</strong></span> <span class='ocrx_word' id='word_1_568' title='bbox 2522 3138 2696 3188; x_wconf 86' lang='lat' dir='ltr'><strong>meos,</strong></span> <span class='ocrx_word' id='word_1_569' title='bbox 2754 3122 2840 3191; x_wconf 88' lang='lat' dir='ltr'><strong>qui</strong></span> <span class='ocrx_word' id='word_1_570' title='bbox 2895 3121 3094 3174; x_wconf 86' lang='lat' dir='ltr'><strong>habitas</strong></span> <span class='ocrx_word' id='word_1_571' title='bbox 3146 3121 3198 3172; x_wconf 86' lang='lat' dir='ltr'><strong>in</strong></span> <span class='ocrx_word' id='word_1_572' title='bbox 3256 3121 3393 3175; x_wconf 69' lang='lat' dir='ltr'><strong>caelis</strong></span> <span class='ocrx_word' id='word_1_573' title='bbox 3449 3117 3642 3190; x_wconf 85' lang='lat' dir='ltr'><strong>(Psal.</strong></span> 
     </span>
    </p>
   </div>
   <div class='ocr_carea' id='block_1_76' title="bbox 2075 3213 3653 3286">
    <p class='ocr_par' dir='ltr' id='par_1_76' title="bbox 2075 3213 3653 3286">
     <span class='ocr_line' id='line_1_76' title="bbox 2075 3213 3653 3286; baseline -0.004 -14"><span class='ocrx_word' id='word_1_574' title='bbox 2075 3216 2262 3284; x_wconf 75' lang='lat' dir='ltr'><strong>cun).</strong></span> <span class='ocrx_word' id='word_1_575' title='bbox 2301 3214 2487 3270; x_wconf 79' lang='lat' dir='ltr'><strong>Pectus</strong></span> <span class='ocrx_word' id='word_1_576' title='bbox 2517 3230 2728 3286; x_wconf 89' lang='lat' dir='ltr'><strong>quoque</strong></span> <span class='ocrx_word' id='word_1_577' title='bbox 2758 3232 2903 3269; x_wconf 87' lang='lat' dir='ltr'><strong>suum</strong></span> <span class='ocrx_word' id='word_1_578' title='bbox 2933 3213 3276 3284; x_wconf 84' lang='lat' dir='ltr'><strong>percutiebat,</strong></span> <span class='ocrx_word' id='word_1_579' title='bbox 3309 3213 3560 3280; x_wconf 90' lang='lat' dir='ltr'><strong>quoniam</strong></span> <span class='ocrx_word' id='word_1_580' title='bbox 3592 3224 3653 3266; x_wconf 88' lang='lat' dir='ltr'><strong>se</strong></span> 
     </span>
    </p>
   </div>
   <div class='ocr_carea' id='block_1_77' title="bbox 2079 3298 3649 3378">
    <p class='ocr_par' dir='ltr' id='par_1_77' title="bbox 2079 3298 3649 3378">
     <span class='ocr_line' id='line_1_77' title="bbox 2079 3298 3649 3378; baseline -0.006 -15"><span class='ocrx_word' id='word_1_581' title='bbox 2079 3318 2305 3364; x_wconf 90' lang='lat' dir='ltr'><strong>noverat</strong></span> <span class='ocrx_word' id='word_1_582' title='bbox 2357 3307 2588 3378; x_wconf 88' lang='lat' dir='ltr'><strong>plurima</strong></span> <span class='ocrx_word' id='word_1_583' title='bbox 2641 3307 2712 3362; x_wconf 88' lang='lat' dir='ltr'><strong>ibi</strong></span> <span class='ocrx_word' id='word_1_584' title='bbox 2745 3307 3008 3376; x_wconf 90' lang='lat' dir='ltr'><strong>cogitasse</strong></span> <span class='ocrx_word' id='word_1_585' title='bbox 3052 3304 3279 3360; x_wconf 79' lang='lat' dir='ltr'><strong>nefanda</strong></span> <span class='ocrx_word' id='word_1_586' title='bbox 3311 3303 3450 3357; x_wconf 90' lang='lat' dir='ltr'><strong>unde</strong></span> <span class='ocrx_word' id='word_1_587' title='bbox 3483 3298 3649 3357; x_wconf 89' lang='lat' dir='ltr'><strong>Deum</strong></span> 
     </span>
    </p>
   </div>
   <div class='ocr_carea' id='block_1_78' title="bbox 2077 3395 3660 3469">
    <p class='ocr_par' dir='ltr' id='par_1_78' title="bbox 2077 3395 3660 3469">
     <span class='ocr_line' id='line_1_78' title="bbox 2077 3395 3660 3469; baseline -0.006 -13"><span class='ocrx_word' id='word_1_588' title='bbox 2077 3400 2382 3456; x_wconf 76' lang='lat' dir='ltr'><strong>olienderat</strong></span> <span class='ocrx_word' id='word_1_589' title='bbox 2412 3418 2424 3452; x_wconf 91' lang='lat'>:</span> <span class='ocrx_word' id='word_1_590' title='bbox 2469 3409 2524 3455; x_wconf 93' lang='lat' dir='ltr'><strong>et</strong></span> <span class='ocrx_word' id='word_1_591' title='bbox 2575 3401 2720 3469; x_wconf 91' lang='lat' dir='ltr'><strong>quasi</strong></span> <span class='ocrx_word' id='word_1_592' title='bbox 2766 3399 3080 3468; x_wconf 89' lang='lat' dir='ltr'><strong>supplicium</strong></span> <span class='ocrx_word' id='word_1_593' title='bbox 3115 3397 3215 3452; x_wconf 90' lang='lat' dir='ltr'><strong>sibi</strong></span> <span class='ocrx_word' id='word_1_594' title='bbox 3246 3396 3311 3451; x_wconf 92' lang='lat' dir='ltr'><strong>de</strong></span> <span class='ocrx_word' id='word_1_595' title='bbox 3340 3396 3517 3464; x_wconf 89' lang='lat' dir='ltr'><strong>scipso</strong></span> <span class='ocrx_word' id='word_1_596' title='bbox 3546 3395 3660 3448; x_wconf 80' lang='lat' dir='ltr'><strong>exi-</strong></span> 
     </span>
    </p>
   </div>
   <div class='ocr_carea' id='block_1_79' title="bbox 2077 3489 3655 3564">
    <p class='ocr_par' dir='ltr' id='par_1_79' title="bbox 2077 3489 3655 3564">
     <span class='ocr_line' id='line_1_79' title="bbox 2077 3489 3655 3564; baseline -0.004 -15"><span class='ocrx_word' id='word_1_597' title='bbox 2077 3508 2238 3564; x_wconf 88' lang='lat' dir='ltr'><strong>gens,</strong></span> <span class='ocrx_word' id='word_1_598' title='bbox 2272 3495 2480 3549; x_wconf 90' lang='lat' dir='ltr'><strong>veniam</strong></span> <span class='ocrx_word' id='word_1_599' title='bbox 2511 3495 2778 3549; x_wconf 91' lang='lat' dir='ltr'><strong>scelerum</strong></span> <span class='ocrx_word' id='word_1_600' title='bbox 2823 3508 2927 3547; x_wconf 89' lang='lat' dir='ltr'><strong>non</strong></span> <span class='ocrx_word' id='word_1_601' title='bbox 2972 3501 3079 3546; x_wconf 91' lang='lat' dir='ltr'><strong>tam</strong></span> <span class='ocrx_word' id='word_1_602' title='bbox 3133 3489 3451 3562; x_wconf 90' lang='lat' dir='ltr'><strong>impetrabat</strong></span> <span class='ocrx_word' id='word_1_603' title='bbox 3497 3502 3655 3558; x_wconf 83' lang='lat' dir='ltr'><strong>quant</strong></span> 
     </span>
    </p>
   </div>
   <div class='ocr_carea' id='block_1_80' title="bbox 2081 3581 3657 3656">
    <p class='ocr_par' dir='ltr' id='par_1_80' title="bbox 2081 3581 3657 3656">
     <span class='ocr_line' id='line_1_80' title="bbox 2081 3581 3657 3656; baseline -0.004 -15"><span class='ocrx_word' id='word_1_604' title='bbox 2081 3586 2429 3656; x_wconf 83' lang='lat' dir='ltr'><strong>extorquebat</strong></span> <span class='ocrx_word' id='word_1_605' title='bbox 2457 3600 2488 3638; x_wconf 87' lang='lat' dir='ltr'><strong>a</strong></span> <span class='ocrx_word' id='word_1_606' title='bbox 2519 3585 2763 3641; x_wconf 90' lang='lat' dir='ltr'><strong>Domino.</strong></span> <span class='ocrx_word' id='word_1_607' title='bbox 2797 3583 2973 3650; x_wconf 85' lang='lat' dir='ltr'><strong>Deus,</strong></span> <span class='ocrx_word' id='word_1_608' title='bbox 3008 3582 3211 3653; x_wconf 87' lang='lat' dir='ltr'><strong>inquit,</strong></span> <span class='ocrx_word' id='word_1_609' title='bbox 3255 3581 3509 3652; x_wconf 85' lang='lat' dir='ltr'><strong>propitius</strong></span> <span class='ocrx_word' id='word_1_610' title='bbox 3551 3590 3657 3634; x_wconf 87' lang='lat' dir='ltr'><strong>esto</strong></span> 
     </span>
    </p>
   </div>
   <div class='ocr_carea' id='block_1_81' title="bbox 2078 3671 3662 3748">
    <p class='ocr_par' dir='ltr' id='par_1_81' title="bbox 2078 3671 3662 3748">
     <span class='ocr_line' id='line_1_81' title="bbox 2078 3671 3662 3748; baseline -0.003 -18"><span class='ocrx_word' id='word_1_611' title='bbox 2078 3678 2204 3730; x_wconf 86' lang='lat' dir='ltr'><strong>mihi</strong></span> <span class='ocrx_word' id='word_1_612' title='bbox 2255 3679 2533 3748; x_wconf 85' lang='lat' dir='ltr'><strong>peccatori.</strong></span> <span class='ocrx_word' id='word_1_613' title='bbox 2588 3678 2774 3746; x_wconf 85' lang='lat' dir='ltr'><strong>Magna</strong></span> <span class='ocrx_word' id='word_1_614' title='bbox 2824 3675 3002 3745; x_wconf 88' lang='lat' dir='ltr'><strong>preeis</strong></span> <span class='ocrx_word' id='word_1_615' title='bbox 3053 3675 3327 3741; x_wconf 91' lang='lat' dir='ltr'><strong>brevitas,</strong></span> <span class='ocrx_word' id='word_1_616' title='bbox 3384 3672 3478 3727; x_wconf 90' lang='lat' dir='ltr'><strong>sed</strong></span> <span class='ocrx_word' id='word_1_617' title='bbox 3529 3671 3662 3725; x_wconf 89' lang='lat' dir='ltr'><strong>mira</strong></span> 
     </span>
    </p>
   </div>
   <div class='ocr_carea' id='block_1_82' title="bbox 2078 3768 3660 3842">
    <p class='ocr_par' dir='ltr' id='par_1_82' title="bbox 2078 3768 3660 3842">
     <span class='ocr_line' id='line_1_82' title="bbox 2078 3768 3660 3842; baseline -0.003 -15"><span class='ocrx_word' id='word_1_618' title='bbox 2078 3774 2405 3842; x_wconf 88' lang='lat' dir='ltr'><strong>robustaque</strong></span> <span class='ocrx_word' id='word_1_619' title='bbox 2436 3772 2725 3828; x_wconf 81' lang='lat' dir='ltr'><strong>devotione</strong></span> <span class='ocrx_word' id='word_1_620' title='bbox 2756 3771 3127 3828; x_wconf 80' lang='lat' dir='ltr'><strong>commendata</strong></span> <span class='ocrx_word' id='word_1_621' title='bbox 3150 3814 3163 3838; x_wconf 92' lang='lat'><strong>,</strong></span> <span class='ocrx_word' id='word_1_622' title='bbox 3208 3787 3347 3842; x_wconf 62' lang='lat' dir='ltr'><strong>qum.</strong></span> <span class='ocrx_word' id='word_1_623' title='bbox 3373 3778 3426 3825; x_wconf 90' lang='lat' dir='ltr'><strong>et</strong></span> <span class='ocrx_word' id='word_1_624' title='bbox 3461 3768 3660 3839; x_wconf 68' lang='lat' dir='ltr'><strong>iudicis</strong></span> 
     </span>
    </p>
   </div>
   <div class='ocr_carea' id='block_1_83' title="bbox 2079 3857 3654 3940">
    <p class='ocr_par' dir='ltr' id='par_1_83' title="bbox 2079 3857 3654 3940">
     <span class='ocr_line' id='line_1_83' title="bbox 2079 3857 3654 3940; baseline -0.005 -14"><span class='ocrx_word' id='word_1_625' title='bbox 2079 3871 2401 3928; x_wconf 91' lang='lat' dir='ltr'><strong>sententiam</strong></span> <span class='ocrx_word' id='word_1_626' title='bbox 2448 3879 2804 3940; x_wconf 88' lang='lat' dir='ltr'><strong>permutaret,</strong></span> <span class='ocrx_word' id='word_1_627' title='bbox 2851 3878 2904 3924; x_wconf 88' lang='lat' dir='ltr'><strong>et</strong></span> <span class='ocrx_word' id='word_1_628' title='bbox 2953 3884 3017 3924; x_wconf 79' lang='lat' dir='ltr'><strong>ex</strong></span> <span class='ocrx_word' id='word_1_629' title='bbox 3058 3857 3258 3936; x_wconf 73' lang='lat' dir='ltr'><strong>inju&quot;sto</strong></span> <span class='ocrx_word' id='word_1_630' title='bbox 3300 3865 3654 3935; x_wconf 87' lang='lat' dir='ltr'><strong>justillcatum</strong></span> 
     </span>
    </p>
   </div>
   <div class='ocr_carea' id='block_1_84' title="bbox 2081 3954 3660 4033">
    <p class='ocr_par' dir='ltr' id='par_1_84' title="bbox 2081 3954 3660 4033">
     <span class='ocr_line' id='line_1_84' title="bbox 2081 3954 3660 4033; baseline -0.008 -15"><span class='ocrx_word' id='word_1_631' title='bbox 2081 3972 2305 4033; x_wconf 88' lang='lat' dir='ltr'><strong>repente</strong></span> <span class='ocrx_word' id='word_1_632' title='bbox 2339 3963 2680 4032; x_wconf 86' lang='lat' dir='ltr'><strong>publicanum</strong></span> <span class='ocrx_word' id='word_1_633' title='bbox 2714 3961 2975 4017; x_wconf 73' lang='lat' dir='ltr'><strong>efﬁceret.</strong></span> <span class='ocrx_word' id='word_1_634' title='bbox 3012 3958 3160 4013; x_wconf 85' lang='lat' dir='ltr'><strong>Unde</strong></span> <span class='ocrx_word' id='word_1_635' title='bbox 3188 3957 3470 4025; x_wconf 88' lang='lat' dir='ltr'><strong>sequitur:</strong></span> <span class='ocrx_word' id='word_1_636' title='bbox 3527 3954 3660 4006; x_wconf 85' lang='lat' dir='ltr'><strong>Dico</strong></span> 
     </span>
    </p>
   </div>
   <div class='ocr_carea' id='block_1_85' title="bbox 2079 4048 3661 4122">
    <p class='ocr_par' dir='ltr' id='par_1_85' title="bbox 2079 4048 3661 4122">
     <span class='ocr_line' id='line_1_85' title="bbox 2079 4048 3661 4122; baseline -0.009 -14"><span class='ocrx_word' id='word_1_637' title='bbox 2079 4055 2259 4118; x_wconf 79' lang='lat' dir='ltr'><strong>vobis,</strong></span> <span class='ocrx_word' id='word_1_638' title='bbox 2315 4052 2574 4107; x_wconf 83' lang='lat' dir='ltr'><strong>descendit</strong></span> <span class='ocrx_word' id='word_1_639' title='bbox 2631 4052 2713 4104; x_wconf 88' lang='lat' dir='ltr'><strong>hic</strong></span> <span class='ocrx_word' id='word_1_640' title='bbox 2763 4051 3082 4122; x_wconf 79' lang='lat' dir='ltr'><strong>justi/iectus</strong></span> <span class='ocrx_word' id='word_1_641' title='bbox 3144 4049 3196 4100; x_wconf 88' lang='lat' dir='ltr'><strong>in</strong></span> <span class='ocrx_word' id='word_1_642' title='bbox 3251 4048 3457 4100; x_wconf 84' lang='lat' dir='ltr'><strong>domum</strong></span> <span class='ocrx_word' id='word_1_643' title='bbox 3511 4059 3661 4097; x_wconf 86' lang='lat' dir='ltr'><strong>suam</strong></span> 
     </span>
    </p>
   </div>
   <div class='ocr_carea' id='block_1_86' title="bbox 2084 4131 3666 4204">
    <p class='ocr_par' dir='ltr' id='par_1_86' title="bbox 2084 4131 3666 4204">
     <span class='ocr_line' id='line_1_86' title="bbox 2084 4131 3666 4204; baseline -0.008 -8"><span class='ocrx_word' id='word_1_644' title='bbox 2084 4143 2146 4196; x_wconf 93' lang='lat' dir='ltr'><strong>ab</strong></span> <span class='ocrx_word' id='word_1_645' title='bbox 2195 4142 2310 4196; x_wconf 86' lang='lat' dir='ltr'><strong>illo.</strong></span> <span class='ocrx_word' id='word_1_646' title='bbox 2361 4143 2593 4195; x_wconf 77' lang='lat' dir='ltr'><strong>Maxima</strong></span> <span class='ocrx_word' id='word_1_647' title='bbox 2645 4139 2835 4194; x_wconf 90' lang='lat' dir='ltr'><strong>ﬁducia</strong></span> <span class='ocrx_word' id='word_1_648' title='bbox 2880 4139 2979 4194; x_wconf 84' lang='lat' dir='ltr'><strong>sub</strong></span> <span class='ocrx_word' id='word_1_649' title='bbox 3019 4137 3267 4204; x_wconf 78' lang='lat' dir='ltr'><strong>exemplo</strong></span> <span class='ocrx_word' id='word_1_650' title='bbox 3313 4134 3464 4189; x_wconf 87' lang='lat' dir='ltr'><strong>istius</strong></span> <span class='ocrx_word' id='word_1_651' title='bbox 3493 4131 3666 4202; x_wconf 85' lang='lat' dir='ltr'><strong>publi-</strong></span> 
     </span>
    </p>
   </div>
   <div class='ocr_carea' id='block_1_87' title="bbox 2081 4224 3662 4303">
    <p class='ocr_par' dir='ltr' id='par_1_87' title="bbox 2081 4224 3662 4303">
     <span class='ocr_line' id='line_1_87' title="bbox 2081 4224 3662 4303; baseline -0.008 -13"><span class='ocrx_word' id='word_1_652' title='bbox 2081 4237 2198 4290; x_wconf 89' lang='lat' dir='ltr'><strong>cani</strong></span> <span class='ocrx_word' id='word_1_653' title='bbox 2246 4235 2404 4303; x_wconf 84' lang='lat' dir='ltr'><strong>digne</strong></span> <span class='ocrx_word' id='word_1_654' title='bbox 2451 4231 2834 4302; x_wconf 81' lang='lat' dir='ltr'><strong>paenitentibus</strong></span> <span class='ocrx_word' id='word_1_655' title='bbox 2884 4237 3230 4298; x_wconf 76' lang='lat' dir='ltr'><strong>praerogalur.</strong></span> <span class='ocrx_word' id='word_1_656' title='bbox 3267 4226 3368 4292; x_wconf 84' lang='lat' dir='ltr'><strong>Qui</strong></span> <span class='ocrx_word' id='word_1_657' title='bbox 3411 4224 3662 4294; x_wconf 65' lang='lat' dir='ltr'><strong>quoniam</strong></span> 
     </span>
    </p>
   </div>
   <div class='ocr_carea' id='block_1_88' title="bbox 2083 4313 3666 4395">
    <p class='ocr_par' dir='ltr' id='par_1_88' title="bbox 2083 4313 3666 4395">
     <span class='ocr_line' id='line_1_88' title="bbox 2083 4313 3666 4395; baseline -0.009 -14"><span class='ocrx_word' id='word_1_658' title='bbox 2083 4326 2264 4395; x_wconf 89' lang='lat' dir='ltr'><strong>culpas</strong></span> <span class='ocrx_word' id='word_1_659' title='bbox 2304 4326 2601 4394; x_wconf 66' lang='lat' dir='ltr'><strong>prmteritas</strong></span> <span class='ocrx_word' id='word_1_660' title='bbox 2653 4321 2921 4376; x_wconf 88' lang='lat' dir='ltr'><strong>humiliter</strong></span> <span class='ocrx_word' id='word_1_661' title='bbox 2962 4319 3210 4384; x_wconf 84' lang='lat' dir='ltr'><strong>deﬂevit,</strong></span> <span class='ocrx_word' id='word_1_662' title='bbox 3253 4317 3496 4386; x_wconf 88' lang='lat' dir='ltr'><strong>quamvis</strong></span> <span class='ocrx_word' id='word_1_663' title='bbox 3525 4313 3666 4382; x_wconf 86' lang='lat' dir='ltr'><strong>inju-</strong></span> 
     </span>
    </p>
   </div>
   <div class='ocr_carea' id='block_1_89' title="bbox 2084 4413 3666 4485">
    <p class='ocr_par' dir='ltr' id='par_1_89' title="bbox 2084 4413 3666 4485">
     <span class='ocr_line' id='line_1_89' title="bbox 2084 4413 3666 4485; baseline -0.008 -12"><span class='ocrx_word' id='word_1_664' title='bbox 2084 4428 2198 4474; x_wconf 88' lang='lat' dir='ltr'><strong>stus</strong></span> <span class='ocrx_word' id='word_1_665' title='bbox 2227 4418 2294 4472; x_wconf 91' lang='lat' dir='ltr'><strong>ad</strong></span> <span class='ocrx_word' id='word_1_666' title='bbox 2327 4417 2583 4485; x_wconf 90' lang='lat' dir='ltr'><strong>templum</strong></span> <span class='ocrx_word' id='word_1_667' title='bbox 2615 4415 2855 4479; x_wconf 90' lang='lat' dir='ltr'><strong>venerit,</strong></span> <span class='ocrx_word' id='word_1_668' title='bbox 2896 4413 3217 4481; x_wconf 89' lang='lat' dir='ltr'><strong>justiﬁeatus</strong></span> <span class='ocrx_word' id='word_1_669' title='bbox 3263 4421 3438 4464; x_wconf 91' lang='lat' dir='ltr'><strong>tamen</strong></span> <span class='ocrx_word' id='word_1_670' title='bbox 3467 4423 3496 4461; x_wconf 90' lang='lat' dir='ltr'><strong>a</strong></span> <span class='ocrx_word' id='word_1_671' title='bbox 3528 4417 3666 4463; x_wconf 92' lang='lat' dir='ltr'><strong>tem-</strong></span> 
     </span>
    </p>
   </div>
   <div class='ocr_carea' id='block_1_90' title="bbox 2086 4500 3668 4579">
    <p class='ocr_par' dir='ltr' id='par_1_90' title="bbox 2086 4500 3668 4579">
     <span class='ocr_line' id='line_1_90' title="bbox 2086 4500 3668 4579; baseline -0.006 -15"><span class='ocrx_word' id='word_1_672' title='bbox 2086 4510 2174 4579; x_wconf 92' lang='lat' dir='ltr'><strong>plo</strong></span> <span class='ocrx_word' id='word_1_673' title='bbox 2202 4509 2446 4563; x_wconf 88' lang='lat' dir='ltr'><strong>recessit.</strong></span> <span class='ocrx_word' id='word_1_674' title='bbox 2487 4507 2639 4572; x_wconf 87' lang='lat' dir='ltr'><strong>Quod</strong></span> <span class='ocrx_word' id='word_1_675' title='bbox 2681 4520 2810 4560; x_wconf 90' lang='lat' dir='ltr'><strong>vero</strong></span> <span class='ocrx_word' id='word_1_676' title='bbox 2841 4505 3006 4568; x_wconf 90' lang='lat' dir='ltr'><strong>dicit,</strong></span> <span class='ocrx_word' id='word_1_677' title='bbox 3032 4502 3229 4568; x_wconf 87' lang='lat' dir='ltr'><strong>abillo,</strong></span> <span class='ocrx_word' id='word_1_678' title='bbox 3263 4500 3544 4570; x_wconf 88' lang='lat' dir='ltr'><strong>dupliciter</strong></span> <span class='ocrx_word' id='word_1_679' title='bbox 3574 4514 3668 4554; x_wconf 83' lang='lat' dir='ltr'><strong>au-</strong></span> 
     </span>
    </p>
   </div>
   <div class='ocr_carea' id='block_1_91' title="bbox 408 4592 3669 4696">
    <p class='ocr_par' dir='ltr' id='par_1_91' title="bbox 408 4592 3669 4696">
     <span class='ocr_line' id='line_1_91' title="bbox 408 4592 3669 4696; baseline -0.002 -46"><span class='ocrx_word' id='word_1_680' title='bbox 408 4596 639 4665; x_wconf 91' lang='lat' dir='ltr'><strong>undique</strong></span> <span class='ocrx_word' id='word_1_681' title='bbox 688 4613 876 4667; x_wconf 91' lang='lat' dir='ltr'><strong>magna</strong></span> <span class='ocrx_word' id='word_1_682' title='bbox 927 4597 1215 4667; x_wconf 70' lang='lat' dir='ltr'><strong>vigilantia:</strong></span> <span class='ocrx_word' id='word_1_683' title='bbox 1266 4611 1391 4652; x_wconf 91' lang='lat' dir='ltr'><strong>cura</strong></span> <span class='ocrx_word' id='word_1_684' title='bbox 1443 4598 1825 4665; x_wconf 89' lang='lat' dir='ltr'><strong>circumspecta</strong></span> <span class='ocrx_word' id='word_1_685' title='bbox 1881 4607 1979 4652; x_wconf 91' lang='lat' dir='ltr'><strong>est.</strong></span> <span class='ocrx_word' id='word_1_686' title='bbox 2012 4610 2270 4696; x_wconf 63' lang='lat' dir='ltr'><strong>I)ctores</strong></span> <span class='ocrx_word' id='word_1_687' title='bbox 2301 4607 2614 4667; x_wconf 81' lang='lat' dir='ltr'><strong>exponunt,</strong></span> <span class='ocrx_word' id='word_1_688' title='bbox 2656 4598 2741 4654; x_wconf 91' lang='lat' dir='ltr'><strong>vel</strong></span> <span class='ocrx_word' id='word_1_689' title='bbox 2777 4597 2840 4650; x_wconf 91' lang='lat' dir='ltr'><strong>ab</strong></span> <span class='ocrx_word' id='word_1_690' title='bbox 2869 4595 2959 4649; x_wconf 87' lang='lat' dir='ltr'><strong>illo</strong></span> <span class='ocrx_word' id='word_1_691' title='bbox 2981 4595 3188 4649; x_wconf 89' lang='lat' dir='ltr'><strong>scilicet</strong></span> <span class='ocrx_word' id='word_1_692' title='bbox 3219 4594 3450 4662; x_wconf 81' lang='lat' dir='ltr'><strong>templo,</strong></span> <span class='ocrx_word' id='word_1_693' title='bbox 3501 4592 3669 4646; x_wconf 78' lang='lat' dir='ltr'><strong>velab</strong></span> 
     </span>
    </p>
   </div>
   <div class='ocr_carea' id='block_1_92' title="bbox 410 4689 1982 4759">
    <p class='ocr_par' dir='ltr' id='par_1_92' title="bbox 410 4689 1982 4759">
     <span class='ocr_line' id='line_1_92' title="bbox 410 4689 1982 4759; baseline -0.002 -14"><span class='ocrx_word' id='word_1_694' title='bbox 410 4691 485 4745; x_wconf 88' lang='lat' dir='ltr'><strong>ita</strong></span> <span class='ocrx_word' id='word_1_695' title='bbox 533 4691 677 4746; x_wconf 91' lang='lat' dir='ltr'><strong>enim</strong></span> <span class='ocrx_word' id='word_1_696' title='bbox 730 4693 871 4747; x_wconf 90' lang='lat' dir='ltr'><strong>bona</strong></span> <span class='ocrx_word' id='word_1_697' title='bbox 921 4691 1349 4747; x_wconf 88' lang='lat' dir='ltr'><strong>desiderabiliter</strong></span> <span class='ocrx_word' id='word_1_698' title='bbox 1387 4689 1712 4759; x_wconf 66' lang='lat' dir='ltr'><strong>praevident,</strong></span> <span class='ocrx_word' id='word_1_699' title='bbox 1753 4699 1810 4743; x_wconf 93' lang='lat' dir='ltr'><strong>ut</strong></span> <span class='ocrx_word' id='word_1_700' title='bbox 1846 4689 1982 4743; x_wconf 88' lang='lat' dir='ltr'><strong>mala</strong></span> 
     </span>
    </p>
   </div>
   <div class='ocr_carea' id='block_1_93' title="bbox 408 4783 1984 4852">
    <p class='ocr_par' dir='ltr' id='par_1_93' title="bbox 408 4783 1984 4852">
     <span class='ocr_line' id='line_1_93' title="bbox 408 4783 1984 4852; baseline 0.001 -17"><span class='ocrx_word' id='word_1_701' title='bbox 408 4797 632 4852; x_wconf 75' lang='lat' dir='ltr'><strong>quaeque</strong></span> <span class='ocrx_word' id='word_1_702' title='bbox 670 4783 900 4839; x_wconf 88' lang='lat' dir='ltr'><strong>solerter</strong></span> <span class='ocrx_word' id='word_1_703' title='bbox 929 4793 1174 4839; x_wconf 90' lang='lat' dir='ltr'><strong>caveant.</strong></span> <span class='ocrx_word' id='word_1_704' title='bbox 1233 4783 1323 4840; x_wconf 85' lang='lat' dir='ltr'><strong>Sic</strong></span> <span class='ocrx_word' id='word_1_705' title='bbox 1369 4783 1600 4852; x_wconf 91' lang='lat' dir='ltr'><strong>denique</strong></span> <span class='ocrx_word' id='word_1_706' title='bbox 1651 4792 1984 4836; x_wconf 80' lang='lat' dir='ltr'><strong>terrenorum</strong></span> 
     </span>
    </p>
   </div>
   <div class='ocr_carea' id='block_1_94' title="bbox 410 4875 1987 4944">
    <p class='ocr_par' dir='ltr' id='par_1_94' title="bbox 410 4875 1987 4944">
     <span class='ocr_line' id='line_1_94' title="bbox 410 4875 1987 4944; baseline 0.002 -16"><span class='ocrx_word' id='word_1_707' title='bbox 410 4888 530 4930; x_wconf 90' lang='lat' dir='ltr'><strong>sese</strong></span> <span class='ocrx_word' id='word_1_708' title='bbox 565 4875 884 4944; x_wconf 90' lang='lat' dir='ltr'><strong>impendunt</strong></span> <span class='ocrx_word' id='word_1_709' title='bbox 918 4877 1128 4932; x_wconf 91' lang='lat' dir='ltr'><strong>actibus</strong></span> <span class='ocrx_word' id='word_1_710' title='bbox 1157 4876 1487 4942; x_wconf 77' lang='lat' dir='ltr'><strong>ofﬁciorum,</strong></span> <span class='ocrx_word' id='word_1_711' title='bbox 1523 4885 1582 4929; x_wconf 92' lang='lat' dir='ltr'><strong>ut</strong></span> <span class='ocrx_word' id='word_1_712' title='bbox 1616 4890 1643 4928; x_wconf 91' lang='lat' dir='ltr'><strong>a</strong></span> <span class='ocrx_word' id='word_1_713' title='bbox 1675 4875 1987 4931; x_wconf 78' lang='lat' dir='ltr'><strong>cmlestihus</strong></span> 
     </span>
    </p>
   </div>
   <div class='ocr_carea' id='block_1_95' title="bbox 412 4966 1988 5038">
    <p class='ocr_par' dir='ltr' id='par_1_95' title="bbox 412 4966 1988 5038">
     <span class='ocr_line' id='line_1_95' title="bbox 412 4966 1988 5038; baseline 0 -18"><span class='ocrx_word' id='word_1_714' title='bbox 412 4982 518 5020; x_wconf 92' lang='lat' dir='ltr'><strong>non</strong></span> <span class='ocrx_word' id='word_1_715' title='bbox 550 4977 838 5022; x_wconf 86' lang='lat' dir='ltr'><strong>secernant</strong></span> <span class='ocrx_word' id='word_1_716' title='bbox 879 4968 1138 5022; x_wconf 87' lang='lat' dir='ltr'><strong>animum.</strong></span> <span class='ocrx_word' id='word_1_717' title='bbox 1171 4969 1260 5024; x_wconf 92' lang='lat' dir='ltr'><strong>Sic</strong></span> <span class='ocrx_word' id='word_1_718' title='bbox 1293 4974 1563 5038; x_wconf 88' lang='lat' dir='ltr'><strong>postremo</strong></span> <span class='ocrx_word' id='word_1_719' title='bbox 1597 4975 1860 5020; x_wconf 83' lang='lat' dir='ltr'><strong>noverunt</strong></span> <span class='ocrx_word' id='word_1_720' title='bbox 1890 4966 1988 5020; x_wconf 84' lang='lat' dir='ltr'><strong>irui</strong></span> 
     </span>
    </p>
   </div>
   <div class='ocr_carea' id='block_1_96' title="bbox 416 5058 1990 5128">
    <p class='ocr_par' dir='ltr' id='par_1_96' title="bbox 416 5058 1990 5128">
     <span class='ocr_line' id='line_1_96' title="bbox 416 5058 1990 5128; baseline -0.001 -16"><span class='ocrx_word' id='word_1_721' title='bbox 416 5058 836 5127; x_wconf 89' lang='lat' dir='ltr'><strong>temporalibus,</strong></span> <span class='ocrx_word' id='word_1_722' title='bbox 871 5068 927 5114; x_wconf 92' lang='lat' dir='ltr'><strong>ut</strong></span> <span class='ocrx_word' id='word_1_723' title='bbox 970 5073 1182 5128; x_wconf 91' lang='lat' dir='ltr'><strong>semper</strong></span> <span class='ocrx_word' id='word_1_724' title='bbox 1221 5058 1496 5113; x_wconf 82' lang='lat' dir='ltr'><strong>intendant</strong></span> <span class='ocrx_word' id='word_1_725' title='bbox 1525 5059 1738 5112; x_wconf 82' lang='lat' dir='ltr'><strong>aeternis</strong></span> <span class='ocrx_word' id='word_1_726' title='bbox 1767 5074 1778 5108; x_wconf 90' lang='lat'>:</span> <span class='ocrx_word' id='word_1_727' title='bbox 1815 5065 1990 5110; x_wconf 90' lang='lat' dir='ltr'><strong>tanto-</strong></span> 
     </span>
    </p>
   </div>
   <div class='ocr_carea' id='block_1_97' title="bbox 413 5149 1992 5220">
    <p class='ocr_par' dir='ltr' id='par_1_97' title="bbox 413 5149 1992 5220">
     <span class='ocr_line' id='line_1_97' title="bbox 413 5149 1992 5220; baseline 0.001 -19"><span class='ocrx_word' id='word_1_728' title='bbox 413 5165 518 5220; x_wconf 90' lang='lat' dir='ltr'><strong>que</strong></span> <span class='ocrx_word' id='word_1_729' title='bbox 553 5149 604 5204; x_wconf 93' lang='lat' dir='ltr'><strong>in</strong></span> <span class='ocrx_word' id='word_1_730' title='bbox 644 5151 801 5205; x_wconf 88' lang='lat' dir='ltr'><strong>bonis</strong></span> <span class='ocrx_word' id='word_1_731' title='bbox 837 5152 998 5205; x_wconf 92' lang='lat' dir='ltr'><strong>etiam</strong></span> <span class='ocrx_word' id='word_1_732' title='bbox 1036 5166 1154 5220; x_wconf 69' lang='lat' dir='ltr'><strong>qua:</strong></span> <span class='ocrx_word' id='word_1_733' title='bbox 1183 5161 1345 5218; x_wconf 85' lang='lat' dir='ltr'><strong>agunt</strong></span> <span class='ocrx_word' id='word_1_734' title='bbox 1375 5149 1586 5204; x_wconf 89' lang='lat' dir='ltr'><strong>solliciti</strong></span> <span class='ocrx_word' id='word_1_735' title='bbox 1618 5159 1670 5204; x_wconf 90' lang='lat' dir='ltr'><strong>et</strong></span> <span class='ocrx_word' id='word_1_736' title='bbox 1701 5149 1992 5218; x_wconf 90' lang='lat' dir='ltr'><strong>prudentes</strong></span> 
     </span>
    </p>
   </div>
   <div class='ocr_carea' id='block_1_98' title="bbox 415 5240 1994 5314">
    <p class='ocr_par' dir='ltr' id='par_1_98' title="bbox 415 5240 1994 5314">
     <span class='ocr_line' id='line_1_98' title="bbox 415 5240 1994 5314; baseline -0.003 -16"><span class='ocrx_word' id='word_1_737' title='bbox 415 5256 561 5310; x_wconf 87' lang='lat' dir='ltr'><strong>sunt,</strong></span> <span class='ocrx_word' id='word_1_738' title='bbox 578 5252 777 5314; x_wconf 89' lang='lat' dir='ltr'><strong>quanto</strong></span> <span class='ocrx_word' id='word_1_739' title='bbox 791 5243 960 5298; x_wconf 90' lang='lat' dir='ltr'><strong>hostis</strong></span> <span class='ocrx_word' id='word_1_740' title='bbox 977 5244 1328 5298; x_wconf 83' lang='lat' dir='ltr'><strong>versutissimi</strong></span> <span class='ocrx_word' id='word_1_741' title='bbox 1349 5242 1568 5298; x_wconf 81' lang='lat' dir='ltr'><strong>fraudes</strong></span> <span class='ocrx_word' id='word_1_742' title='bbox 1585 5241 1743 5297; x_wconf 90' lang='lat' dir='ltr'><strong>etiam</strong></span> <span class='ocrx_word' id='word_1_743' title='bbox 1768 5240 1818 5294; x_wconf 93' lang='lat' dir='ltr'><strong>in</strong></span> <span class='ocrx_word' id='word_1_744' title='bbox 1841 5241 1994 5295; x_wconf 90' lang='lat' dir='ltr'><strong>bonis</strong></span> 
     </span>
    </p>
   </div>
   <div class='ocr_carea' id='block_1_99' title="bbox 418 5330 1994 5400">
    <p class='ocr_par' dir='ltr' id='par_1_99' title="bbox 418 5330 1994 5400">
     <span class='ocr_line' id='line_1_99' title="bbox 418 5330 1994 5400; baseline -0.001 -14"><span class='ocrx_word' id='word_1_745' title='bbox 418 5333 715 5400; x_wconf 89' lang='lat' dir='ltr'><strong>subrepere</strong></span> <span class='ocrx_word' id='word_1_746' title='bbox 752 5333 928 5388; x_wconf 88' lang='lat' dir='ltr'><strong>solere</strong></span> <span class='ocrx_word' id='word_1_747' title='bbox 959 5349 1064 5386; x_wconf 90' lang='lat' dir='ltr'><strong>non</strong></span> <span class='ocrx_word' id='word_1_748' title='bbox 1099 5332 1363 5386; x_wconf 90' lang='lat' dir='ltr'><strong>nesciunt.</strong></span> <span class='ocrx_word' id='word_1_749' title='bbox 1405 5331 1475 5386; x_wconf 88' lang='lat' dir='ltr'><strong>At</strong></span> <span class='ocrx_word' id='word_1_750' title='bbox 1513 5330 1566 5384; x_wconf 90' lang='lat' dir='ltr'><strong>bi</strong></span> <span class='ocrx_word' id='word_1_751' title='bbox 1608 5345 1740 5400; x_wconf 87' lang='lat' dir='ltr'><strong>quos</strong></span> <span class='ocrx_word' id='word_1_752' title='bbox 1777 5331 1994 5384; x_wconf 89' lang='lat' dir='ltr'><strong>minima</strong></span> 
     </span>
    </p>
   </div>
   <div class='ocr_carea' id='block_1_100' title="bbox 417 5421 1992 5490">
    <p class='ocr_par' dir='ltr' id='par_1_100' title="bbox 417 5421 1992 5490">
     <span class='ocr_line' id='line_1_100' title="bbox 417 5421 1992 5490; baseline 0 -16"><span class='ocrx_word' id='word_1_753' title='bbox 417 5422 500 5476; x_wconf 92' lang='lat' dir='ltr'><strong>vel</strong></span> <span class='ocrx_word' id='word_1_754' title='bbox 550 5421 696 5476; x_wconf 92' lang='lat' dir='ltr'><strong>nulla</strong></span> <span class='ocrx_word' id='word_1_755' title='bbox 747 5422 828 5476; x_wconf 89' lang='lat' dir='ltr'><strong>sui</strong></span> <span class='ocrx_word' id='word_1_756' title='bbox 877 5437 1003 5476; x_wconf 88' lang='lat' dir='ltr'><strong>cura</strong></span> <span class='ocrx_word' id='word_1_757' title='bbox 1055 5432 1298 5490; x_wconf 78' lang='lat' dir='ltr'><strong>exercet,</strong></span> <span class='ocrx_word' id='word_1_758' title='bbox 1341 5423 1466 5476; x_wconf 90' lang='lat' dir='ltr'><strong>dum</strong></span> <span class='ocrx_word' id='word_1_759' title='bbox 1513 5421 1633 5476; x_wconf 87' lang='lat' dir='ltr'><strong>aliis</strong></span> <span class='ocrx_word' id='word_1_760' title='bbox 1681 5421 1992 5487; x_wconf 87' lang='lat' dir='ltr'><strong>intendunt,</strong></span> 
     </span>
    </p>
   </div>
   <div class='ocr_carea' id='block_1_101' title="bbox 418 5509 1998 5583">
    <p class='ocr_par' dir='ltr' id='par_1_101' title="bbox 418 5509 1998 5583">
     <span class='ocr_line' id='line_1_101' title="bbox 418 5509 1998 5583; baseline 0 -18"><span class='ocrx_word' id='word_1_761' title='bbox 418 5509 731 5582; x_wconf 81' lang='lat' dir='ltr'><strong>frequenter</strong></span> <span class='ocrx_word' id='word_1_762' title='bbox 765 5513 866 5566; x_wconf 88' lang='lat' dir='ltr'><strong>alia</strong></span> <span class='ocrx_word' id='word_1_763' title='bbox 910 5513 1222 5583; x_wconf 80' lang='lat' dir='ltr'><strong>negligant:</strong></span> <span class='ocrx_word' id='word_1_764' title='bbox 1274 5514 1611 5583; x_wconf 89' lang='lat' dir='ltr'><strong>multumque</strong></span> <span class='ocrx_word' id='word_1_765' title='bbox 1664 5513 1748 5567; x_wconf 91' lang='lat' dir='ltr'><strong>his</strong></span> <span class='ocrx_word' id='word_1_766' title='bbox 1800 5513 1998 5567; x_wconf 90' lang='lat' dir='ltr'><strong>sanctis</strong></span> 
     </span>
    </p>
   </div>
   <div class='ocr_carea' id='block_1_102' title="bbox 423 5606 2000 5676">
    <p class='ocr_par' dir='ltr' id='par_1_102' title="bbox 423 5606 2000 5676">
     <span class='ocr_line' id='line_1_102' title="bbox 423 5606 2000 5676; baseline 0 -16"><span class='ocrx_word' id='word_1_767' title='bbox 423 5606 717 5661; x_wconf 88' lang='lat' dir='ltr'><strong>dissimiles</strong></span> <span class='ocrx_word' id='word_1_768' title='bbox 742 5607 1084 5672; x_wconf 91' lang='lat' dir='ltr'><strong>animalibus,</strong></span> <span class='ocrx_word' id='word_1_769' title='bbox 1112 5607 1609 5676; x_wconf 90' lang='lat' dir='ltr'><strong>circumspectionis</strong></span> <span class='ocrx_word' id='word_1_770' title='bbox 1633 5607 1846 5660; x_wconf 90' lang='lat' dir='ltr'><strong>oculum</strong></span> <span class='ocrx_word' id='word_1_771' title='bbox 1875 5620 2000 5675; x_wconf 88' lang='lat' dir='ltr'><strong>pro-</strong></span> 
     </span>
    </p>
   </div>
   <div class='ocr_carea' id='block_1_103' title="bbox 423 5696 2000 5768">
    <p class='ocr_par' dir='ltr' id='par_1_103' title="bbox 423 5696 2000 5768">
     <span class='ocr_line' id='line_1_103' title="bbox 423 5696 2000 5768; baseline -0.001 -16"><span class='ocrx_word' id='word_1_772' title='bbox 423 5699 543 5754; x_wconf 88' lang='lat' dir='ltr'><strong>vide</strong></span> <span class='ocrx_word' id='word_1_773' title='bbox 580 5698 646 5768; x_wconf 86' lang='lat' dir='ltr'><strong>ad</strong></span> <span class='ocrx_word' id='word_1_774' title='bbox 679 5707 870 5752; x_wconf 91' lang='lat' dir='ltr'><strong>cuneta</strong></span> <span class='ocrx_word' id='word_1_775' title='bbox 904 5713 1009 5752; x_wconf 90' lang='lat' dir='ltr'><strong>non</strong></span> <span class='ocrx_word' id='word_1_776' title='bbox 1045 5699 1340 5767; x_wconf 85' lang='lat' dir='ltr'><strong>porrigunt.</strong></span> <span class='ocrx_word' id='word_1_777' title='bbox 1378 5696 1528 5763; x_wconf 84' lang='lat' dir='ltr'><strong>Quod</strong></span> <span class='ocrx_word' id='word_1_778' title='bbox 1566 5698 1688 5751; x_wconf 89' lang='lat' dir='ltr'><strong>huic</strong></span> <span class='ocrx_word' id='word_1_779' title='bbox 1728 5696 2000 5751; x_wconf 68' lang='lat' dir='ltr'><strong>Pharisaao</strong></span> 
     </span>
    </p>
   </div>
   <div class='ocr_carea' id='block_1_104' title="bbox 423 5794 2001 5863">
    <p class='ocr_par' dir='ltr' id='par_1_104' title="bbox 423 5794 2001 5863">
     <span class='ocr_line' id='line_1_104' title="bbox 423 5794 2001 5863; baseline -0.004 -13"><span class='ocrx_word' id='word_1_780' title='bbox 423 5794 689 5850; x_wconf 88' lang='lat' dir='ltr'><strong>accidisse</strong></span> <span class='ocrx_word' id='word_1_781' title='bbox 725 5794 1170 5862; x_wconf 90' lang='lat' dir='ltr'><strong>deprehenditur,</strong></span> <span class='ocrx_word' id='word_1_782' title='bbox 1214 5795 1303 5863; x_wconf 91' lang='lat' dir='ltr'><strong>qui</strong></span> <span class='ocrx_word' id='word_1_783' title='bbox 1341 5794 1404 5846; x_wconf 89' lang='lat' dir='ltr'><strong>ad</strong></span> <span class='ocrx_word' id='word_1_784' title='bbox 1450 5794 1556 5848; x_wconf 88' lang='lat' dir='ltr'><strong>Deo</strong></span> <span class='ocrx_word' id='word_1_785' title='bbox 1598 5795 1794 5861; x_wconf 80' lang='lat' dir='ltr'><strong>gratias</strong></span> <span class='ocrx_word' id='word_1_786' title='bbox 1829 5806 2001 5862; x_wconf 89' lang='lat' dir='ltr'><strong>agen-</strong></span> 
     </span>
    </p>
   </div>
   <div class='ocr_carea' id='block_1_105' title="bbox 424 5881 2001 5967">
    <p class='ocr_par' dir='ltr' id='par_1_105' title="bbox 424 5881 2001 5967">
     <span class='ocr_line' id='line_1_105' title="bbox 424 5881 2001 5967; baseline -0.002 -21"><span class='ocrx_word' id='word_1_787' title='bbox 424 5884 560 5966; x_wconf 66' lang='lat' dir='ltr'><strong>das,</strong></span> <span class='ocrx_word' id='word_1_788' title='bbox 597 5883 664 5965; x_wconf 71' lang='lat' dir='ltr'><strong>ad</strong></span> <span class='ocrx_word' id='word_1_789' title='bbox 687 5883 1065 5967; x_wconf 50' lang='lat' dir='ltr'><strong>fictaesynam</strong></span> <span class='ocrx_word' id='word_1_790' title='bbox 1093 5883 1360 5959; x_wconf 84' lang='lat' dir='ltr'><strong>dandam,</strong></span> <span class='ocrx_word' id='word_1_791' title='bbox 1395 5882 1460 5942; x_wconf 88' lang='lat' dir='ltr'><strong>ad</strong></span> <span class='ocrx_word' id='word_1_792' title='bbox 1498 5881 1703 5960; x_wconf 81' lang='lat' dir='ltr'><strong>jejunia</strong></span> <span class='ocrx_word' id='word_1_793' title='bbox 1756 5881 2001 5943; x_wconf 82' lang='lat' dir='ltr'><strong>iacienda</strong></span> 
     </span>
    </p>
   </div>
   <div class='ocr_carea' id='block_1_106' title="bbox 2093 4683 3669 4753">
    <p class='ocr_par' dir='ltr' id='par_1_106' title="bbox 2093 4683 3669 4753">
     <span class='ocr_line' id='line_1_106' title="bbox 2093 4683 3669 4753; baseline -0.006 -8"><span class='ocrx_word' id='word_1_794' title='bbox 2093 4692 2182 4745; x_wconf 83' lang='lat' dir='ltr'><strong>illo</strong></span> <span class='ocrx_word' id='word_1_795' title='bbox 2212 4688 2636 4744; x_wconf 84' lang='lat' dir='ltr'><strong>subaudiendum</strong></span> <span class='ocrx_word' id='word_1_796' title='bbox 2664 4687 2964 4752; x_wconf 69' lang='lat' dir='ltr'><strong>Pharisaao,</strong></span> <span class='ocrx_word' id='word_1_797' title='bbox 2997 4685 3048 4738; x_wconf 92' lang='lat' dir='ltr'><strong>id</strong></span> <span class='ocrx_word' id='word_1_798' title='bbox 3075 4692 3183 4750; x_wconf 91' lang='lat' dir='ltr'><strong>est,</strong></span> <span class='ocrx_word' id='word_1_799' title='bbox 3217 4686 3337 4753; x_wconf 90' lang='lat' dir='ltr'><strong>plus</strong></span> <span class='ocrx_word' id='word_1_800' title='bbox 3371 4699 3527 4752; x_wconf 86' lang='lat' dir='ltr'><strong>quam</strong></span> <span class='ocrx_word' id='word_1_801' title='bbox 3560 4683 3669 4737; x_wconf 92' lang='lat' dir='ltr'><strong>ille.</strong></span> 
     </span>
    </p>
   </div>
   <div class='ocr_carea' id='block_1_107' title="bbox 2097 4773 3672 4847">
    <p class='ocr_par' dir='ltr' id='par_1_107' title="bbox 2097 4773 3672 4847">
     <span class='ocr_line' id='line_1_107' title="bbox 2097 4773 3672 4847; baseline -0.006 -14"><span class='ocrx_word' id='word_1_802' title='bbox 2097 4780 2220 4834; x_wconf 81' lang='lat' dir='ltr'><strong>llaec</strong></span> <span class='ocrx_word' id='word_1_803' title='bbox 2247 4779 2367 4847; x_wconf 92' lang='lat' dir='ltr'><strong>quia</strong></span> <span class='ocrx_word' id='word_1_804' title='bbox 2409 4778 2476 4832; x_wconf 91' lang='lat' dir='ltr'><strong>ad</strong></span> <span class='ocrx_word' id='word_1_805' title='bbox 2524 4777 2755 4832; x_wconf 89' lang='lat' dir='ltr'><strong>litteram</strong></span> <span class='ocrx_word' id='word_1_806' title='bbox 2789 4792 2882 4846; x_wconf 90' lang='lat' dir='ltr'><strong>per</strong></span> <span class='ocrx_word' id='word_1_807' title='bbox 2927 4791 2986 4830; x_wconf 92' lang='lat' dir='ltr'><strong>sc</strong></span> <span class='ocrx_word' id='word_1_808' title='bbox 3029 4775 3306 4837; x_wconf 89' lang='lat' dir='ltr'><strong>eminent,</strong></span> <span class='ocrx_word' id='word_1_809' title='bbox 3337 4774 3379 4827; x_wconf 89' lang='lat' dir='ltr'><strong>si</strong></span> <span class='ocrx_word' id='word_1_810' title='bbox 3409 4773 3530 4841; x_wconf 87' lang='lat' dir='ltr'><strong>quid</strong></span> <span class='ocrx_word' id='word_1_811' title='bbox 3555 4788 3672 4840; x_wconf 81' lang='lat' dir='ltr'><strong>my-</strong></span> 
     </span>
    </p>
   </div>
   <div class='ocr_carea' id='block_1_108' title="bbox 2098 4863 3674 4940">
    <p class='ocr_par' dir='ltr' id='par_1_108' title="bbox 2098 4863 3674 4940">
     <span class='ocr_line' id='line_1_108' title="bbox 2098 4863 3674 4940; baseline -0.006 -12"><span class='ocrx_word' id='word_1_812' title='bbox 2098 4872 2247 4928; x_wconf 91' lang='lat' dir='ltr'><strong>sterii</strong></span> <span class='ocrx_word' id='word_1_813' title='bbox 2279 4880 2560 4940; x_wconf 88' lang='lat' dir='ltr'><strong>superest,</strong></span> <span class='ocrx_word' id='word_1_814' title='bbox 2609 4871 2964 4940; x_wconf 89' lang='lat' dir='ltr'><strong>requiramus.</strong></span> <span class='ocrx_word' id='word_1_815' title='bbox 3013 4869 3127 4921; x_wconf 86' lang='lat' dir='ltr'><strong>Duo</strong></span> <span class='ocrx_word' id='word_1_816' title='bbox 3158 4867 3243 4920; x_wconf 89' lang='lat' dir='ltr'><strong>isti</strong></span> <span class='ocrx_word' id='word_1_817' title='bbox 3273 4865 3510 4919; x_wconf 91' lang='lat' dir='ltr'><strong>homines</strong></span> <span class='ocrx_word' id='word_1_818' title='bbox 3540 4863 3674 4918; x_wconf 84' lang='lat' dir='ltr'><strong>duo-</strong></span> 
     </span>
    </p>
   </div>
   <div class='ocr_carea' id='block_1_109' title="bbox 2098 4953 3675 5032">
    <p class='ocr_par' dir='ltr' id='par_1_109' title="bbox 2098 4953 3675 5032">
     <span class='ocr_line' id='line_1_109' title="bbox 2098 4953 3675 5032; baseline -0.008 -14"><span class='ocrx_word' id='word_1_819' title='bbox 2098 4979 2215 5018; x_wconf 92' lang='lat' dir='ltr'><strong>rum</strong></span> <span class='ocrx_word' id='word_1_820' title='bbox 2275 4973 2356 5017; x_wconf 92' lang='lat' dir='ltr'><strong>est</strong></span> <span class='ocrx_word' id='word_1_821' title='bbox 2407 4970 2564 5032; x_wconf 86' lang='lat' dir='ltr'><strong>typus</strong></span> <span class='ocrx_word' id='word_1_822' title='bbox 2619 4960 2954 5030; x_wconf 89' lang='lat' dir='ltr'><strong>populorum.</strong></span> <span class='ocrx_word' id='word_1_823' title='bbox 3018 4957 3319 5012; x_wconf 76' lang='lat' dir='ltr'><strong>Pharisseus</strong></span> <span class='ocrx_word' id='word_1_824' title='bbox 3359 4953 3569 5023; x_wconf 89' lang='lat' dir='ltr'><strong>quidem</strong></span> <span class='ocrx_word' id='word_1_825' title='bbox 3607 4953 3675 5006; x_wconf 90' lang='lat' dir='ltr'><strong>de</strong></span> 
     </span>
    </p>
   </div>
   <div class='ocr_carea' id='block_1_110' title="bbox 2100 5041 3671 5109">
    <p class='ocr_par' dir='ltr' id='par_1_110' title="bbox 2100 5041 3671 5109">
     <span class='ocr_line' id='line_1_110' title="bbox 2100 5041 3671 5109; baseline -0.011 -1"><span class='ocrx_word' id='word_1_826' title='bbox 2100 5056 2408 5108; x_wconf 87' lang='lat' dir='ltr'><strong>meritorum</strong></span> <span class='ocrx_word' id='word_1_827' title='bbox 2433 5053 2750 5107; x_wconf 81' lang='lat' dir='ltr'><strong>excellentia</strong></span> <span class='ocrx_word' id='word_1_828' title='bbox 2780 5051 3010 5105; x_wconf 88' lang='lat' dir='ltr'><strong>inaniter</strong></span> <span class='ocrx_word' id='word_1_829' title='bbox 3029 5062 3088 5102; x_wconf 90' lang='lat' dir='ltr'><strong>se</strong></span> <span class='ocrx_word' id='word_1_830' title='bbox 3113 5046 3360 5109; x_wconf 80' lang='lat' dir='ltr'><strong>elierens,</strong></span> <span class='ocrx_word' id='word_1_831' title='bbox 3390 5041 3671 5096; x_wconf 85' lang='lat' dir='ltr'><strong>Judaicum</strong></span> 
     </span>
    </p>
   </div>
   <div class='ocr_carea' id='block_1_111' title="bbox 2100 5131 3675 5214">
    <p class='ocr_par' dir='ltr' id='par_1_111' title="bbox 2100 5131 3675 5214">
     <span class='ocr_line' id='line_1_111' title="bbox 2100 5131 3675 5214; baseline -0.008 -18"><span class='ocrx_word' id='word_1_832' title='bbox 2100 5145 2352 5214; x_wconf 89' lang='lat' dir='ltr'><strong>p0pn|um</strong></span> <span class='ocrx_word' id='word_1_833' title='bbox 2391 5144 2680 5212; x_wconf 88' lang='lat' dir='ltr'><strong>ﬁguraliter</strong></span> <span class='ocrx_word' id='word_1_834' title='bbox 2709 5139 2990 5210; x_wconf 81' lang='lat' dir='ltr'><strong>exprimit,</strong></span> <span class='ocrx_word' id='word_1_835' title='bbox 3048 5138 3138 5206; x_wconf 91' lang='lat' dir='ltr'><strong>qui</strong></span> <span class='ocrx_word' id='word_1_836' title='bbox 3185 5137 3251 5190; x_wconf 88' lang='lat' dir='ltr'><strong>de</strong></span> <span class='ocrx_word' id='word_1_837' title='bbox 3281 5145 3514 5200; x_wconf 79' lang='lat' dir='ltr'><strong>accepta:</strong></span> <span class='ocrx_word' id='word_1_838' title='bbox 3545 5131 3675 5200; x_wconf 85' lang='lat' dir='ltr'><strong>legis</strong></span> 
     </span>
    </p>
   </div>
   <div class='ocr_carea' id='block_1_112' title="bbox 2099 5222 3676 5297">
    <p class='ocr_par' dir='ltr' id='par_1_112' title="bbox 2099 5222 3676 5297">
     <span class='ocr_line' id='line_1_112' title="bbox 2099 5222 3676 5297; baseline -0.008 -13"><span class='ocrx_word' id='word_1_839' title='bbox 2099 5231 2439 5286; x_wconf 70' lang='lat' dir='ltr'><strong>observmtiu</strong></span> <span class='ocrx_word' id='word_1_840' title='bbox 2475 5233 2698 5297; x_wconf 91' lang='lat' dir='ltr'><strong>tumuit,</strong></span> <span class='ocrx_word' id='word_1_841' title='bbox 2727 5239 2781 5285; x_wconf 90' lang='lat' dir='ltr'><strong>et</strong></span> <span class='ocrx_word' id='word_1_842' title='bbox 2809 5226 3182 5296; x_wconf 86' lang='lat' dir='ltr'><strong>Redemptoris</strong></span> <span class='ocrx_word' id='word_1_843' title='bbox 3219 5225 3299 5279; x_wconf 92' lang='lat' dir='ltr'><strong>sui</strong></span> <span class='ocrx_word' id='word_1_844' title='bbox 3321 5222 3387 5276; x_wconf 87' lang='lat' dir='ltr'><strong>ad</strong></span> <span class='ocrx_word' id='word_1_845' title='bbox 3411 5237 3470 5276; x_wconf 85' lang='lat' dir='ltr'><strong>se</strong></span> <span class='ocrx_word' id='word_1_846' title='bbox 3495 5222 3544 5275; x_wconf 93' lang='lat' dir='ltr'><strong>in</strong></span> <span class='ocrx_word' id='word_1_847' title='bbox 3576 5222 3676 5274; x_wconf 86' lang='lat' dir='ltr'><strong>lnt-</strong></span> 
     </span>
    </p>
   </div>
   <div class='ocr_carea' id='block_1_113' title="bbox 2100 5311 3678 5388">
    <p class='ocr_par' dir='ltr' id='par_1_113' title="bbox 2100 5311 3678 5388">
     <span class='ocr_line' id='line_1_113' title="bbox 2100 5311 3678 5388; baseline -0.008 -12"><span class='ocrx_word' id='word_1_848' title='bbox 2100 5321 2324 5376; x_wconf 90' lang='lat' dir='ltr'><strong>militate</strong></span> <span class='ocrx_word' id='word_1_849' title='bbox 2352 5321 2620 5375; x_wconf 88' lang='lat' dir='ltr'><strong>venientis</strong></span> <span class='ocrx_word' id='word_1_850' title='bbox 2655 5320 2938 5374; x_wconf 72' lang='lat' dir='ltr'><strong>adventuum</strong></span> <span class='ocrx_word' id='word_1_851' title='bbox 2973 5318 3198 5388; x_wconf 89' lang='lat' dir='ltr'><strong>superba</strong></span> <span class='ocrx_word' id='word_1_852' title='bbox 3227 5323 3404 5371; x_wconf 90' lang='lat' dir='ltr'><strong>mente</strong></span> <span class='ocrx_word' id='word_1_853' title='bbox 3437 5311 3678 5380; x_wconf 89' lang='lat' dir='ltr'><strong>recipere</strong></span> 
     </span>
    </p>
   </div>
   <div class='ocr_carea' id='block_1_114' title="bbox 2101 5407 3681 5480">
    <p class='ocr_par' dir='ltr' id='par_1_114' title="bbox 2101 5407 3681 5480">
     <span class='ocr_line' id='line_1_114' title="bbox 2101 5407 3681 5480; baseline -0.006 -12"><span class='ocrx_word' id='word_1_854' title='bbox 2101 5414 2444 5479; x_wconf 88' lang='lat' dir='ltr'><strong>detrectavit,</strong></span> <span class='ocrx_word' id='word_1_855' title='bbox 2475 5430 2596 5468; x_wconf 90' lang='lat' dir='ltr'><strong>cum</strong></span> <span class='ocrx_word' id='word_1_856' title='bbox 2628 5414 2766 5467; x_wconf 91' lang='lat' dir='ltr'><strong>inter</strong></span> <span class='ocrx_word' id='word_1_857' title='bbox 2806 5422 2997 5467; x_wconf 88' lang='lat' dir='ltr'><strong>caetera</strong></span> <span class='ocrx_word' id='word_1_858' title='bbox 3031 5427 3149 5480; x_wconf 88' lang='lat' dir='ltr'><strong>quae</strong></span> <span class='ocrx_word' id='word_1_859' title='bbox 3189 5411 3462 5479; x_wconf 90' lang='lat' dir='ltr'><strong>culparum</strong></span> <span class='ocrx_word' id='word_1_860' title='bbox 3496 5407 3681 5460; x_wconf 84' lang='lat' dir='ltr'><strong>imma-</strong></span> 
     </span>
    </p>
   </div>
   <div class='ocr_carea' id='block_1_115' title="bbox 2105 5498 3676 5573">
    <p class='ocr_par' dir='ltr' id='par_1_115' title="bbox 2105 5498 3676 5573">
     <span class='ocr_line' id='line_1_115' title="bbox 2105 5498 3676 5573; baseline -0.006 -13"><span class='ocrx_word' id='word_1_861' title='bbox 2105 5505 2242 5560; x_wconf 91' lang='lat' dir='ltr'><strong>nitas</strong></span> <span class='ocrx_word' id='word_1_862' title='bbox 2293 5507 2659 5573; x_wconf 80' lang='lat' dir='ltr'><strong>exposcebat,</strong></span> <span class='ocrx_word' id='word_1_863' title='bbox 2694 5505 2821 5559; x_wconf 90' lang='lat' dir='ltr'><strong>illuc</strong></span> <span class='ocrx_word' id='word_1_864' title='bbox 2851 5512 2999 5558; x_wconf 92' lang='lat' dir='ltr'><strong>recto</strong></span> <span class='ocrx_word' id='word_1_865' title='bbox 3025 5503 3155 5558; x_wconf 89' lang='lat' dir='ltr'><strong>satis</strong></span> <span class='ocrx_word' id='word_1_866' title='bbox 3183 5502 3372 5557; x_wconf 89' lang='lat' dir='ltr'><strong>ordine</strong></span> <span class='ocrx_word' id='word_1_867' title='bbox 3407 5498 3676 5569; x_wconf 87' lang='lat' dir='ltr'><strong>pervenit;</strong></span> 
     </span>
    </p>
   </div>
   <div class='ocr_carea' id='block_1_116' title="bbox 2104 5587 3682 5664">
    <p class='ocr_par' dir='ltr' id='par_1_116' title="bbox 2104 5587 3682 5664">
     <span class='ocr_line' id='line_1_116' title="bbox 2104 5587 3682 5664; baseline -0.005 -16"><span class='ocrx_word' id='word_1_868' title='bbox 2104 5605 2161 5648; x_wconf 92' lang='lat' dir='ltr'><strong>ut</strong></span> <span class='ocrx_word' id='word_1_869' title='bbox 2193 5595 2280 5664; x_wconf 89' lang='lat' dir='ltr'><strong>qui</strong></span> <span class='ocrx_word' id='word_1_870' title='bbox 2311 5595 2437 5649; x_wconf 89' lang='lat' dir='ltr'><strong>olim</strong></span> <span class='ocrx_word' id='word_1_871' title='bbox 2488 5597 2540 5650; x_wconf 92' lang='lat' dir='ltr'><strong>in</strong></span> <span class='ocrx_word' id='word_1_872' title='bbox 2587 5596 2854 5664; x_wconf 87' lang='lat' dir='ltr'><strong>prioribus</strong></span> <span class='ocrx_word' id='word_1_873' title='bbox 2895 5595 3141 5648; x_wconf 85' lang='lat' dir='ltr'><strong>Patribus</strong></span> <span class='ocrx_word' id='word_1_874' title='bbox 3187 5593 3404 5662; x_wconf 87' lang='lat' dir='ltr'><strong>angelos</strong></span> <span class='ocrx_word' id='word_1_875' title='bbox 3449 5587 3682 5656; x_wconf 73' lang='grc' dir='ltr'><strong>Ιιοειιίιὶο</strong></span> 
     </span>
    </p>
   </div>
   <div class='ocr_carea' id='block_1_117' title="bbox 2106 5680 3683 5756">
    <p class='ocr_par' dir='ltr' id='par_1_117' title="bbox 2106 5680 3683 5756">
     <span class='ocr_line' id='line_1_117' title="bbox 2106 5680 3683 5756; baseline -0.007 -14"><span class='ocrx_word' id='word_1_876' title='bbox 2106 5697 2419 5756; x_wconf 88' lang='lat' dir='ltr'><strong>receperat,</strong></span> <span class='ocrx_word' id='word_1_877' title='bbox 2445 5687 2555 5756; x_wconf 90' lang='lat' dir='ltr'><strong>jam</strong></span> <span class='ocrx_word' id='word_1_878' title='bbox 2587 5702 2768 5742; x_wconf 61' lang='lat' dir='ltr'><strong>secum</strong></span> <span class='ocrx_word' id='word_1_879' title='bbox 2801 5688 3023 5741; x_wconf 83' lang='lat' dir='ltr'><strong>ulterius</strong></span> <span class='ocrx_word' id='word_1_880' title='bbox 3053 5685 3291 5740; x_wconf 90' lang='lat' dir='ltr'><strong>habitare</strong></span> <span class='ocrx_word' id='word_1_881' title='bbox 3319 5683 3596 5744; x_wconf 84' lang='lat' dir='ltr'><strong>nolentes,</strong></span> <span class='ocrx_word' id='word_1_882' title='bbox 3629 5680 3683 5732; x_wconf 90' lang='lat' dir='ltr'><strong>iu</strong></span> 
     </span>
    </p>
   </div>
   <div class='ocr_carea' id='block_1_118' title="bbox 2109 5769 3680 5850">
    <p class='ocr_par' dir='ltr' id='par_1_118' title="bbox 2109 5769 3680 5850">
     <span class='ocr_line' id='line_1_118' title="bbox 2109 5769 3680 5850; baseline -0.01 -14"><span class='ocrx_word' id='word_1_883' title='bbox 2109 5781 2306 5850; x_wconf 88' lang='lat' dir='ltr'><strong>templo</strong></span> <span class='ocrx_word' id='word_1_884' title='bbox 2333 5782 2623 5834; x_wconf 90' lang='lat' dir='ltr'><strong>clamantes</strong></span> <span class='ocrx_word' id='word_1_885' title='bbox 2644 5780 2850 5835; x_wconf 90' lang='lat' dir='ltr'><strong>audiret</strong></span> <span class='ocrx_word' id='word_1_886' title='bbox 2877 5797 2888 5831; x_wconf 90' lang='lat'><strong>:</strong></span> <span class='ocrx_word' id='word_1_887' title='bbox 2924 5780 3238 5834; x_wconf 79' lang='lat' dir='ltr'><strong>Iiecedamus</strong></span> <span class='ocrx_word' id='word_1_888' title='bbox 3263 5775 3426 5828; x_wconf 79' lang='lat' dir='ltr'><strong>abitis</strong></span> <span class='ocrx_word' id='word_1_889' title='bbox 3453 5769 3680 5826; x_wconf 79' lang='lat' dir='ltr'><strong>sedibus.</strong></span> 
     </span>
    </p>
   </div>
   <div class='ocr_carea' id='block_1_119' title="bbox 2107 5867 3688 5952">
    <p class='ocr_par' dir='ltr' id='par_1_119' title="bbox 2107 5867 3688 5952">
     <span class='ocr_line' id='line_1_119' title="bbox 2107 5867 3688 5952; baseline -0.004 -13"><span class='ocrx_word' id='word_1_890' title='bbox 2107 5877 2210 5946; x_wconf 83' lang='lat' dir='ltr'><strong>Per</strong></span> <span class='ocrx_word' id='word_1_891' title='bbox 2249 5876 2596 5952; x_wconf 83' lang='lat' dir='ltr'><strong>publicanum</strong></span> <span class='ocrx_word' id='word_1_892' title='bbox 2637 5891 2800 5947; x_wconf 85' lang='lat' dir='ltr'><strong>vero,</strong></span> <span class='ocrx_word' id='word_1_893' title='bbox 2844 5878 2933 5946; x_wconf 82' lang='lat' dir='ltr'><strong>qui</strong></span> <span class='ocrx_word' id='word_1_894' title='bbox 2984 5890 3045 5936; x_wconf 84' lang='lat' dir='ltr'><strong>se</strong></span> <span class='ocrx_word' id='word_1_895' title='bbox 3084 5867 3452 5936; x_wconf 77' lang='lat' dir='ltr'><strong>humiliando.</strong></span> <span class='ocrx_word' id='word_1_896' title='bbox 3485 5875 3688 5932; x_wconf 72' lang='lat' dir='ltr'><strong>suaque</strong></span> 
     </span>
    </p>
   </div>
   <div class='ocr_carea' id='block_1_120' title="bbox 2013 5963 2075 5974">
    <p class='ocr_par' dir='ltr' id='par_1_120' title="bbox 2013 5963 2075 5974">
     <span class='ocr_line' id='line_1_120' title="bbox 2013 5963 2075 5974; baseline 0 0"><span class='ocrx_word' id='word_1_897' title='bbox 2013 5963 2075 5974; x_wconf 50' lang='grc' dir='ltr'><strong>’Ἕ-</strong></span> 
     </span>
    </p>
   </div>
  </div>
