3972 6340
313 1311 331 1346 κ

352 396 494 463 I379

356 517 575 587 peccata
621 500 950 566 confitendo,

354 564 660 671 designatus
688 604 772 651 est
798 564 1024 662 populus
1046 628 1062 653 ,
1106 585 1231 656 qui,
1263 581 1572 652 apostolica:
1598 576 1929 648 praedicatio-
2006 564 2198 641 quave
2220 583 2250 622 a
2274 579 2323 623 te
2349 564 2683 622 districtione
2708 568 2979 632 peuselur.

358 693 437 720 ..ιη
479 689 703 720 ..υεηη
740 689 984 720 ...εροηω
1074 679 1323 720 falenrttm
1370 673 1646 720 numinum
1687 675 1929 720 portenta
2034 662 2278 720 Domine.

2082 678 2278 717 υιιιιηρ.

357 693 439 749 nis
479 689 703 747 veritate
740 689 1024 753 suscepta,
1073 679 1325 733 falsorum
1370 673 1646 729 numinum
1687 675 1929 738 portenta

364 782 634 848 deseruit,
670 790 932 845 suumque
970 774 1278 828 Creatorem
1313 765 1570 834 condigna
1603 761 1933 833 paenitudine

358 875 457 931 sibi
494 870 782 944 propitiare
833 864 1146 927 contendit,
1193 859 1345 930 cujus
1371 859 1527 927 digne
1565 856 1697 910 satis
1728 853 1901 909 exalta

362 969 494 1025 tioni
538 962 755 1034 contigit
782 972 840 1014 ut
878 959 966 1029 qui
1017 955 1222 1027 pridem
1265 952 1436 1006 fuerat
1474 948 1795 1019 mancipium
1828 944 1917 1000 dia

364 1061 493 1126 boli,
526 1057 831 1112 efficeretur
862 1052 1000 1106 [ilius
1035 1049 1147 1103 Dei.
1191 1046 1286 1114 Qui
1321 1043 1571 1114 quoniam
1608 1058 1635 1094 a
1672 1041 1780 1095 Deo
1812 1054 1939 1094 con-

369 1167 580 1216 versus,
606 1156 817 1221 peccata
847 1160 941 1199 sua
966 1141 1308 1211 recognovit,
1335 1146 1388 1192 et
1415 1136 1678 1191 scelerum
1722 1147 1939 1189 suorum

368 1244 604 1319 perfecte
632 1240 919 1315 paenituit,
972 1251 1076 1290 non
1108 1235 1280 1289 solum
1313 1231 1540 1293 veniam,
1571 1229 1663 1282 sed
1696 1230 1856 1281 etiam
1887 1233 1943 1279 ut

369 1335 617 1407 populum
641 1330 944 1397 Iudaeorum
975 1325 1096 1381 fidei
1124 1323 1379 1392 dignitate
1407 1319 1756 1388 prtccederet,
1791 1331 1945 1371 acce-

370 1420 467 1502 pit.
509 1426 640 1495 Quia
664 1422 939 1492 omnis-qui
967 1436 1019 1474 se
1044 1417 1258 1479 exultat,
1289 1413 1680 1466 humiliabitur:
1711 1420 1753 1463 et
1778 1410 1864 1477 qui
1896 1422 1948 1461 se

372 1518 602 1575 humiliat
632 1559 648 1587 ,
692 1513 1022 1571 exaltabitur.
1060 1509 1189 1564 llzcc
1228 1506 1487 1561 sententia
1534 1514 1587 1559 et
1623 1504 1688 1557 de
1724 1512 1948 1570 utroque

371 1609 567 1683 popqu
611 1606 755 1662 valet
799 1600 1062 1666 intelligi,
1117 1596 1337 1653 Iudaico
1386 1593 1593 1649 scilicet
1634 1601 1687 1646 et
1720 1590 1946 1683 gentili:

373 1679 597 1774 quorum
623 1699 779 1762 alter,
828 1703 883 1748 ut
930 1692 1127 1747 dictum
1172 1699 1291 1753 est,
1340 1687 1408 1741 de
1455 1683 1647 1740 divinis
1684 1679 1952 1737 beneﬁciis

375 1791 726 1864 superbiens,
776 1783 1040 1841 humiliari
1069 1798 1083 1836 :
1114 1781 1247 1835 alter
1277 1794 1402 1834 vero
1434 1779 1623 1832 devote
1662 1790 1722 1830 se
1752 1775 1802 1828 in
1832 1788 1954 1827 cou-

1195 378 1399 438 PAULI
1436 373 1712 434 DIACONI
1747 373 1900 431 OPP.
1945 367 2119 428 PARS
2159 365 2222 423 Il.
2264 396 2332 409 -
2372 356 2723 423 ASCETICA.

993 496 1212 553 exaltari
1262 494 1457 547 meruit
1483 530 1500 557 ,
1549 488 1759 559 gentilis
1787 498 1937 553 atque
1964 489 2014 548 Α
2040 478 2166 533 boni
2200 486 2283 531 tua
2315 474 2481 548 gratia
2513 471 2771 539 largiente
2794 467 2993 532 fecero,
3013 478 3121 559 quo
3144 463 3251 519 fine
3271 462 3371 559 hoc
3399 461 3616 529 faciam,

3470 348 3614 407 I580

3012 556 3222 627 ignoro.
3264 573 3282 609 ι
3307 554 3385 611 'I‘u
3409 565 3617 622 autem,

2530 743 2815 802 IIOIIILIA
2863 740 3121 798 CLXXII.

2285 856 2335 895 IN
2375 853 2625 894 DOIIINICA
2666 851 2765 892 XIII
2806 849 2931 888 POST
2970 845 3370 889 PENTECOSTEN.

2336 930 2434 999 (Ex
2459 929 2594 997 Opp.
2625 942 2749 981 ven.
2781 925 2937 980 Bedae
2964 922 3313 995 presbyteri.)

2113 1039 2179 1076 ιη
2204 1022 2292 1074 illo
2337 1030 2561 1088 tempore
2590 1019 2764 1073 exiens
2807 1016 2959 1069 Jesus
2990 1017 3051 1069 de
3085 1015 3276 1083 [mibus
3306 1012 3466 1083 Tyri,
3493 1012 3629 1065 venit

2043 1133 2128 1189 per
2178 1116 2419 1169 Sidonem
2477 1112 2544 1164 ad
2595 1126 2736 1163 mare
2778 1107 3043 1174 Galilww,
3095 1115 3226 1160 inter
3272 1105 3464 1159 medios
3500 1104 3631 1173 ﬁnes

2046 1205 2380 1275 Derapoleos,
2415 1211 2519 1258 etc.
2552 1201 2743 1272 (Marc.
2771 1202 2894 1270 vn.)

2124 1298 2327 1355 Surdus
2360 1294 2445 1349 ille
2470 1305 2524 1349 et
2548 1304 2745 1359 mutus,
2780 1301 2885 1350 etc.
2924 1289 3144 1363 Reliqua
3174 1291 3287 1345 vide
3315 1291 3452 1363 apud
3476 1306 3636 1345 vene-

2048 1388 2258 1441 rabilent
2297 1387 2487 1440 Bedam
2536 1387 2882 1455 presbyterum
2971 1384 3198 1454 Operam
3237 1386 3348 1456 ejus
3393 1394 3528 1439 torno
3572 1382 3635 1451 V,

2051 1484 2366 1556 Patrologice
2393 1481 2595 1549 XCIV,
2630 1482 2730 1535 col.
2762 1480 2889 1535 254.

2540 1570 2818 1625 IIOIIILIA
2859 1568 3117 1624 CLXXIII

2300 1680 2351 1720 IN
2397 1678 2643 1717 DOIIINICA
2690 1677 2784 1715 XIV
2825 1677 2951 1716 POST
2994 1675 3394 1749 PENTECOS.T£No

2127 1756 2193 1810 In
2240 1758 2328 1810 illo
2379 1766 2603 1822 tempore
2645 1754 2775 1807 dixit
2823 1751 2973 1806 Jesus
3019 1747 3283 1822 discipulis
3309 1752 3416 1806 suis
3446 1766 3464 1805 :
3493 1747 3644 1804 Beati

378 1844 613 1942 fesrsione
663 1844 1002 1951 peccatorum
1034 1873 1353 1937 humiliaus,
1385 1870 1577 1925 meruit
1600 1866 1863 1922 exaltari:
1890 1863 1956 1918 Et

2084 1852 2197 1905 lculi
2233 1852 2317 1920 qui
2345 1850 2513 1903 vident
2536 1864 2649 1919 quis
2674 1863 2757 1901 vos
2783 1846 2981 1899 videtis.
3030 1844 3158 1899 Dico
3189 1845 3325 1909 enim
3349 1845 3484 1899 vobis
3507 1845 3647 1914 quod

377 1976 445 2032 de
470 1972 618 2030 omni
646 1970 877 2041 superbo
909 1976 964 2022 et
1005 1965 1192 2019 humili
1239 1971 1413 2033 potest
1452 1957 1958 2017 convenientissimc

379 2065 576 2135 accipi,
606 2058 964 2118 concordante
997 2071 1159 2127 super
1192 2054 1293 2109 hoc
1316 2052 1620 2109 Salomonis
1649 2048 1912 2104 sententia
1943 2064 1958 2102 :

378 2157 509 2213 Ante
549 2155 753 2209 ruinam
785 2152 1041 2206 exaltatur
1084 2165 1171 2202 cor
1214 2147 1433 2200 hominis
1454 2187 1467 2210 ,
1498 2154 1543 2199 et
1569 2154 1685 2196 ante
1712 2142 1963 2213 gaudium

381 2247 682 2303 humiliatur
722 2243 917 2317 (Prov.
948 2243 1135 2311 xvm).
1189 2241 1257 2294 At
1286 2238 1528 2291 videmus
1561 2236 1759 2289 multos
1790 2234 1963 2288 hono-

382 2340 532 2396 ribus
561 2349 615 2395 et
642 2338 844 2394 divitiis
872 2337 1028 2405 hujus
1054 2332 1236 2389 saeculi
1266 2332 1488 2393 ﬂorere,
1527 2337 1581 2383 et
1607 2343 1659 2381 tn
1691 2328 1769 2381 eis
1800 2341 1965 2396 usque

383 2431 451 2487 ad
482 2432 639 2486 tinem
670 2441 1015 2499 perseverare
1044 2441 1057 2481 :
1098 2424 1371 2479 cernimus
1400 2436 1430 2476 e
1460 2429 1647 2474 contra
1681 2416 1966 2473 nonnullos

383 2530 698 2594 paupertate
724 2530 777 2575 et
802 2518 976 2588 inopia
1008 2517 1286 2583 laborare,
1320 2522 1374 2567 et
1414 2513 1465 2567 in
1516 2511 1699 2565 eadem
1733 2517 1968 2580 egestate

387 2625 556 2681 usque
593 2608 661 2665 ad
682 2609 885 2665 exitum
915 2607 1036 2662 vitze
1067 2617 1401 2677 permanere.
1463 2602 1597 2656 Cum
1637 2615 1764 2669 ergo
1803 2600 1888 2654 isti
1915 2599 1968 2653 in

390 2701 640 2757 inchoata
662 2700 933 2765 felicitate,
962 2697 1116 2752 etilli
1139 2695 1189 2750 in
1225 2694 1445 2763 pristina
1465 2701 1775 2763 paupertate
1804 2704 1970 2760 usque

392 2796 458 2849 ad
493 2794 777 2849 terminum
808 2793 932 2848 vita:
964 2797 1329 2862 permaneant,
1356 2787 1623 2858 quomodo
1649 2801 1830 2841 verum
1854 2799 1972 2840 esse

391 2896 597 2943 constat
622 2886 763 2957 quod
794 2884 1049 2940 Dominus
1070 2882 1236 2937 dicit:
1271 2896 1483 2936 onmem
1516 2880 1787 2936 hominem
1822 2880 1971 2934 exal—

390 2985 558 3033 tatum
609 2977 880 3032 humiliari
910 3017 926 3046 ,
968 2985 1127 3044 atque
1168 2972 1503 3028 bumiliatum
1550 2970 1821 3026 exaltari?
1870 2968 1976 3024 Sed

391 3071 642 3140 quoniam
674 3069 885 3125 Veritas
928 3069 1037 3123 falli
1072 3083 1179 3122 non
1226 3075 1431 3136 potest,
1477 3063 1753 3120 sciendum
1780 3061 1900 3132 quia
1932 3062 1977 3115 si

396 3173 503 3215 non
550 3160 602 3215 in
655 3162 908 3231 praesenti
953 3161 1053 3214 hoc
1104 3173 1317 3227 semper
1346 3156 1629 3225 adimpleri
1667 3156 1896 3218 videtur,
1925 3154 1974 3207 in

2063 1944 2210 1996 multi
2240 1959 2379 2012 reges
2410 1950 2455 1995 et
2500 1942 2759 2011 propheta:
2805 1938 3071 1992 voluerunt
3116 1938 3285 1992 videre
3311 1954 3424 2008 qua:
3455 1953 3541 1990 vos
3573 1938 3649 1990 vi-

2063 2036 2211 2101 detis,
2245 2044 2291 2088 et
2315 2049 2415 2087 non
2458 2033 2688 2085 viderunt
2716 2047 2734 2085 :
2766 2040 2812 2085 et
2852 2030 3031 2083 audire
3077 2046 3191 2100 qua:
3228 2029 3436 2099 auditis,
3470 2040 3516 2083 et
3546 2046 3651 2083 non

2064 2127 2359 2193 audierunt,
2388 2134 2494 2181 etc.
2528 2123 2677 2193 (Luc.
2712 2139 2765 2178 Χ.

2137 2224 2324 2292 Aperit
2356 2221 2617 2276 Dominus
2638 2218 2861 2274 caeleste
2884 2216 3196 2289 mysterium
3218 2257 3233 2283 ,
3265 2216 3405 2287 quod
3432 2218 3651 2286 placue-

2066 2316 2136 2371 rit
2166 2314 2276 2370 Deo
2320 2323 2374 2368 ut
2418 2312 2654 2383 parvulis
2693 2312 2860 2381 magis
2899 2326 3059 2381 quam
3100 2312 3452 2382 prudentibus
3493 2313 3654 2368 isUus

2069 2408 2251 2463 mundi
2276 2422 2428 2462 suam
2457 2406 2680 2475 gratiam
2716 2403 3003 2460 revelaret.
3036 2404 3187 2470 Quod
3218 2405 3492 2464 apostolus
3514 2404 3655 2459 Pau-

2069 2501 2153 2557 lus
2202 2501 2343 2572 stylo
2391 2500 2631 2570 pleniore
2670 2499 2922 2569 digessit,
2967 2499 3187 2554 dicens:
3232 2498 3423 2554 Nonne
3447 2499 3658 2554 stultam

2072 2594 2190 2665 fecit
2231 2591 2366 2646 Deus
2397 2591 2701 2660 sapientiam
2731 2591 2888 2663 ltujtts
2921 2591 3097 2645 mundi
3142 2589 3199 2660 (I
3231 2591 3348 2646 Cor.
3378 2592 3456 2661 1)?
3517 2590 3651 2646 Nam

2073 2686 2323 2757 quoniam
2377 2686 2471 2741 Dei
2521 2686 2839 2754 sapientiam
2886 2700 2990 2741 non
3021 2688 3267 2757 cognovit
3298 2686 3384 2743 hic
3422 2688 3657 2743 mundus

2075 2792 2171 2849 per
2201 2778 2553 2849 sapientiam,
2603 2776 2799 2845 placuit
2839 2777 2947 2832 Deo
2989 2794 3082 2847 per
3123 2779 3408 2834 stultitiam
3469 2778 3663 2849 praedi-

2076 2873 2303 2925 cationis
2360 2871 2537 2925 salvos
2589 2868 2764 2925 facere
2818 2870 3121 2925 credentes.
3192 2870 3477 2926 Parvulum
3534 2885 3664 2940 ergo

2079 2960 2429 3028 accipiamus,
2463 2961 2636 3033 quise
2664 2961 2910 3016 exaltare
2939 2978 3041 3017 non
3076 2962 3303 3030 noverit,
3336 2972 3385 3018 et
3416 2962 3666 3033 phalera-

2083 3053 2148 3108 tis
2173 3055 2510 3109 sermonibus
2556 3063 2723 3108 artem
2774 3068 2884 3110 suze
2924 3051 3127 3124 jactare
3158 3053 3481 3123 prudentiae,
3523 3054 3666 3124 quod

2084 3146 2391 3216 philosbphi
2428 3146 2665 3216 plerique
2689 3144 2908 3201 faciunt.
2954 3145 3213 3203 Parvulus
3234 3158 3349 3204 erat
3374 3147 3466 3218 qui
3495 3147 3663 3203 dixit:

394 3252 577 3309 futuro
620 3262 796 3307 tamen
845 3251 1223 3319 complendum
1273 3263 1378 3303 non
1419 3248 1743 3301 dubitamus.
1789 3244 1976 3299 Omnis
2004 3215 2047 3276 Ο
2080 3237 2319 3307 Domine,
2355 3256 2455 3294 non
2485 3251 2557 3293 est
2587 3241 2863 3294 exaltatum
2884 3256 2969 3294 cor
2999 3258 3185 3309 meum,
3212 3257 3370 3311 neque
3388 3241 3512 3296 elati
3550 3250 3669 3298 sunt

397 3347 540 3402 enim
573 3345 661 3415 qui
699 3346 750 3397 in
784 3345 1033 3413 prtesenti
1062 3344 1166 3395 vita
1194 3356 1251 3396 se
1278 3342 1509 3403 exaltat,
1537 3348 1592 3393 ut
1619 3336 1811 3392 divinis
1840 3352 1977 3405 prae-

401 3436 573 3504 ceptis
598 3450 657 3489 se
688 3434 917 3488 subdere
945 3441 1286 3497 contemnat,
1340 3430 1427 3484 hic
1458 3430 1507 3483 in
1532 3430 1619 3483 die
1640 3428 1824 3497 iudicii
1858 3441 1977 3480 cum

399 3526 646 3596 superbis
677 3533 730 3580 et
763 3526 936 3593 impiis
965 3524 1200 3579 sociatus
1244 3520 1509 3576 humiliari
1542 3531 1787 3589 cogetur,
1818 3533 1847 3572 a
1878 3517 1979 3573 Du-

400 3618 547 3675 mlno
570 3601 850 3673 auditurus
879 3635 890 3671 :
920 3616 999 3674 Ite
1024 3621 1075 3671 in
1110 3618 1275 3687 ignem
1307 3626 1550 3671 aeternum
1580 3612 1793 3687 (Matth.
1831 3612 1976 3683 xxv).

402 3707 503 3775 Qui
525 3719 702 3763 autem
736 3724 920 3765 amore
948 3707 1127 3763 divino
1157 3708 1243 3762 bic
1284 3721 1342 3761 se
1388 3705 1667 3761 humiliarc
1690 3702 1978 3768 studuerit,

401 3798 617 3855 imitans
640 3800 784 3854 illum
820 3803 907 3869 qui
937 3800 1098 3855 dicit:
1135 3798 1324 3854 Discite
1354 3816 1385 3852 α
1430 3816 1507 3853 me
1552 3798 1673 3869 quia
1702 3797 1838 3851 mitis
1871 3813 1981 3851 sunt

400 3901 451 3945 et
474 3892 682 3946 humilis
706 3874 1106 3964 corde‘Ulattlt.
1142 3896 1220 3962 si)
1246 3910 1261 3947 :
1302 3893 1415 3962 ipse
1444 3893 1495 3945 itt
1526 3892 1700 3945 futuro
1724 3890 1923 3961 judicio
1952 3904 1983 3945 a

403 3982 628 4039 Domino
671 3984 994 4041 exaltabitur
1042 4000 1161 4039 cum
1212 3985 1498 4054 optabilem
1549 3997 1737 4037 vocem
1793 3980 1983 4035 audire

404 4076 701 4132 meruerit:
742 4074 939 4143 Venite,
976 4078 1222 4131 benedicti
1260 4075 1436 4131 Patris
1462 4077 1562 4130 mei
1594 4074 1806 4146 (Matth.
1832 4076 1982 4143 xxv).

403 4167 511 4226 Nos
533 4180 710 4225 autem
746 4184 853 4225 non
876 4172 1045 4225 solum
1070 4184 1134 4224 ex
1168 4171 1465 4224 humilitate
1507 4169 1770 4238 publicani
1801 4183 1982 4222 exem-

404 4263 550 4333 plum
580 4262 893 4317 humilitatis
919 4264 1172 4332 colligere
1201 4264 1488 4326 debemus,
1536 4277 1718 4315 verum
1749 4277 1778 4314 e
1810 4261 1987 4314 diver-

405 4370 487 4423 so,
516 4365 571 4411 et
598 4356 663 4411 de
711 4355 893 4410 verbis
940 4354 1064 4410 elati
1113 4354 1364 4409 Pharisaei
1408 4352 1633 4409 formam
1675 4352 1986 4406 humilitatis

405 4461 699 4504 assumere.
746 4448 838 4502 Ille
887 4449 1027 4501 enim
1080 4447 1441 4502 consideravit
1472 4447 1695 4501 aliorum
1728 4444 1895 4511 mala,
1932 4452 1987 4497 et

404 4539 844 4609 cmpitjactanter
860 4551 956 4591 sua
981 4537 1217 4606 proferre
1237 4538 1370 4592 bona
1391 4554 1407 4602 ;
1432 4554 1527 4592 nos
1543 4553 1573 4592 e
1596 4545 1780 4591 contra
1806 4545 1986 4590 nostra

408 4629 548 4686 mala
566 4629 820 4683 debemus
850 4629 1198 4697 perpendere,
1224 4638 1277 4682 et
1292 4630 1519 4683 aliorum
1548 4629 1685 4683 bona
1706 4627 1789 4696 pie
1811 4626 1987 4682 consi-

408 4719 615 4775 derare.
642 4718 709 4774 Ut
734 4718 872 4774 sicut
893 4717 984 4775 ille
1006 4720 1217 4777 caeteris
1239 4735 1297 4776 se
1323 4722 1631 4791 praeferens,
1663 4738 1727 4775 ex
1759 4738 1821 4776 eo
1842 4720 1985 4789 quod

408 4812 542 4866 alios
566 4812 808 4881 despexit
835 4854 851 4881 ,
886 4811 1195 4868 humiliatus
1225 4823 1307 4868 est
1340 4815 1405 4868 ad
1436 4815 1672 4877 ruinam;
1706 4813 1777 4866 ita
1808 4822 1860 4867 et
1887 4826 1985 4864 nos

406 4902 563 4958 bonis
592 4904 828 4959 fidelium
861 4906 1093 4974 impares
1118 4905 1447 4975 judicantcs,
1499 4923 1564 4960 ex
1602 4920 1784 4960 eorum
1815 4902 1984 4956 imita-

409 4995 553 5048 tione
574 4994 815 5061 exaltati,
849 4997 1192 5065 proliciamus
1220 4999 1283 5051 ad
1316 4999 1561 5067 gloriam.
1616 4996 1857 5061 Cumque
1884 4995 1983 5047 IIII-

406 5085 702 5157 juscemodi
728 5087 1027 5142 devotionis
1069 5087 1293 5141 formam
1326 5088 1552 5141 assecuti
1586 5085 1843 5140 fuerimus
1872 5125 1887 5151 ,
1930 5085 1982 5139 in

408 5176 727 5243 quotidianis
774 5178 1020 5246 precibus
1054 5177 1189 5231 hanc
1238 5180 1534 5231 orationem
1583 5192 1610 5231 a
1661 5177 1817 5230 beato
1846 5176 1981 5230 Beda

409 5266 628 5333 editam,
656 5268 869 5321 brevem
900 5267 1113 5337 quidem
1135 5308 1151 5334 ,
1199 5269 1294 5322 sed
1327 5268 1543 5322 omnino
1574 5266 1980 5322 saluberrimam

409 5356 794 5425 lrequentando
836 5359 1065 5413 recitare
1105 5359 1437 5414 studeamus.
1506 5377 1523 5409 ‹
1554 5359 1690 5413 Deus
1737 5358 1982 5428 omnipo-

410 5457 555 5517 tens,
587 5453 842 5506 miserere
872 5453 1096 5523 supplici
1136 5462 1258 5519 tuo,
1291 5454 1414 5523 quia
1447 5468 1551 5506 non
1582 5468 1699 5507 sum
1733 5453 1869 5507 sicut
1900 5455 1981 5507 in-

410 5544 617 5599 numeri
655 5547 796 5601 servi
845 5550 948 5614 tui,
976 5557 1285 5615 contemptu
1316 5548 1496 5602 Steculi
1526 5549 1799 5615 sublimes,
1832 5549 1986 5619 justi-

411 5630 497 5685 tia:
527 5634 717 5689 merito
767 5636 1023 5705 gloriosi,
1078 5641 1339 5693 castitatis
1374 5638 1529 5693 laude
1567 5641 1815 5708 angelici,
1846 5641 1987 5694 velut

411 5722 569 5777 etiam
619 5725 764 5779 multi
798 5726 1004 5783 IIIOI‘IIIII
1055 5731 1143 5799 qui
1191 5739 1311 5799 post
1339 5729 1535 5799 ﬂagitia
1567 5731 1771 5799 publica
1804 5732 1974 5797 pleni-

408 5812 571 5873 tendo
603 5816 693 5871 tibi
723 5830 1028 5877 meruerunt
1051 5836 1170 5879 esse
1200 5823 1380 5878 devoti
1409 5835 1425 5875 :
1458 5823 1545 5892 qui
1593 5822 1753 5907 etiam
1787 5821 1831 5903 si
1854 5821 1983 5897 quid

2082 3332 2221 3385 oculi
2262 3333 2378 3385 mei.
2430 3331 2607 3402 Neque
2632 3333 2892 3405 ingressus
2930 3350 3040 3387 sum
3079 3334 3132 3389 in
3172 3337 3392 3406 magnis,
3427 3336 3667 3405 nequiit

2081 3426 2398 3479 mirabilibus
2425 3442 2575 3496 super
2603 3443 2679 3480 me
2695 3424 2866 3498 (Psal.
2885 3427 3071 3497 cxxx).
3100 3426 3165 3481 Et
3196 3436 3253 3483 ut
3278 3428 3445 3484 scires
3474 3443 3667 3499 parvu-

2083 3515 2191 3571 lum
2223 3516 2385 3585 hunc,
2419 3534 2524 3571 non
2547 3527 2705 3573 (etate
2731 3562 2745 3589 ,
2782 3533 2885 3573 non
2916 3533 3077 3574 sensu
3106 3518 3302 3587 fuisse,
3324 3518 3421 3575 sed
3449 3520 3669 3577 humili-

2086 3615 2194 3662 tate
2225 3609 2307 3663 sui
2335 3651 2349 3675 ,
2384 3617 2437 3663 et
2465 3608 2692 3680 quadam
2724 3607 3081 3666 declinatione
3105 3611 3398 3682 jactantiai,
3441 3612 3667 3681 addidit,

2085 3700 2181 3755 sed
2225 3699 2455 3756 exaltavi
2502 3704 2734 3757 animam
2790 3717 2987 3760 meam.
3038 3703 3198 3761 Vides
3235 3720 3395 3776 quam
3423 3707 3669 3763 excelsus

2086 3789 2247 3848 fuerit
2296 3797 2380 3849 hic
2411 3797 2700 3866 parvulus,
2754 3807 2955 3868 quanto
2992 3798 3245 3855 virtutum
3281 3801 3527 3857 sublimis
3554 3818 3667 3858 ver-

2038 3959 2045 3964 .
2090 3887 2235 3943 tice?
2282 3889 2441 3945 Tales
2489 3906 2583 3946 nos
2614 3893 2867 3961 parvulos
2899 3893 3010 3947 vult
3040 3908 3162 3949 esse
3199 3894 3525 3965 Apostolus,
3554 3911 3669 3951 cum

2087 3977 2253 4033 dicit:
2300 3980 2495 4051 Siquis
2536 3984 2735 4036 videtur
2779 3985 2908 4039 inter
2946 4001 3033 4038 vos
3080 3986 3286 4057 sapiens
3330 4003 3442 4043 esse
3480 3989 3533 4042 in
3580 3990 3673 4045 hoc

2086 4075 2295 4142 steculo,
2348 4075 2532 4129 stultus
2571 4076 2699 4145 βαι,
2759 4086 2812 4130 ut
2861 4078 2926 4131 sit
2968 4078 3190 4147 sapiens.
3237 4078 3671 4149 Sapientiam

2086 4167 2281 4231 swculi,
2305 4166 2522 4220 stultitia
2554 4178 2625 4221 est
2656 4171 2798 4236 apud
2830 4168 2994 4224 Deum
3025 4168 3077 4241 (I
3111 4170 3233 4226 Cor.
3265 4173 3370 4243 tu).
3409 4174 3669 4231 Pulcher-

2090 4259 2255 4313 rimus
2284 4260 2618 4315 connectitur
2661 4261 2728 4316 de
2759 4262 2864 4317 tide
2902 4265 3079 4330 locus,
3127 4266 3338 4336 quando
3365 4268 3546 4323 omnia
3573 4270 3670 4325 sibi

2094 4352 2287 4404 tradita
2316 4351 2443 4405 dicit
2471 4366 2498 4404 a
2534 4353 2688 4408 Patre
2720 4370 2837 4411 suo.
2881 4355 3012 4410 Cum
3034 4359 3207 4410 omnia
3235 4358 3388 4427 legis,
3423 4360 3667 4430 omnipo-

2094 4449 2292 4496 tentem
2346 4446 2630 4513 agnoscis,
2683 4462 2785 4500 non
2832 4447 3172 4514 decolorem,
3220 4466 3325 4521 non
3354 4453 3671 4522 degenerem

2096 4533 2288 4587 Patris.
2327 4534 2459 4588 Cum
2493 4537 2871 4607 trudittt‘lvgis,
2918 4538 3108 4595 Filium
3136 4544 3429 4610 contiteris,
3463 4544 3551 4600 cui
3584 4558 3676 4609 per

2095 4637 2337 4679 naturam
2369 4627 2548 4681 omnia
2594 4628 2745 4681 unius
2775 4630 3085 4687 substantiae
3128 4632 3246 4697 jure
3287 4634 3394 4689 sint
3440 4636 3675 4704 propria,

2098 4732 2201 4769 non
2252 4717 2392 4771 dnuo
2439 4718 2633 4771 collata
2678 4734 2773 4788 per
2800 4721 3049 4789 gratiam.
3094 4723 3352 4779 Addidit:
3386 4723 3560 4779 Nemo
3586 4727 3677 4781 scit

2090 4807 2202 4874 quis
2225 4817 2294 4858 est
2322 4804 2489 4861 Filius
2520 4808 2618 4859 nisi
2652 4806 2829 4874 Pater,
2873 4802 2918 4864 et
2957 4812 3071 4881 quis
3103 4811 3257 4867 Pater
3280 4814 3379 4867 nisi
3409 4812 3605 4879 Filius,
3633 4828 3677 4870 et

2089 4902 2169 4952 cui
2200 4901 2413 4954 voluerit
2452 4900 2618 4954 Filius
2650 4904 2891 4956 revelare.
2953 4894 3077 4959 Ideo
3106 4905 3292 4961 beatos
3329 4908 3467 4962 dixit
3492 4909 3677 4965 oculos

2090 4990 2297 5045 illorum
2357 4993 2547 5059 quibus
2608 4995 2789 5048 datum
2838 5005 2920 5051 est
2968 4996 3061 5052 Dei
3115 4999 3351 5055 salutare
3407 5000 3675 5058 Christum

2095 5085 2297 5139 videre.
2365 5082 2432 5140 Ut
2476 5090 2613 5142 scias
2659 5097 2840 5142 autem
2889 5089 3011 5158 quia
3058 5088 3198 5146 sicut
3234 5070 3411 5148 Filius
3462 5094 3676 5150 Patrem

2093 5177 2287 5245 quibus
2322 5178 2430 5230 vult
2460 5179 2667 5233 revelat
2694 5219 2710 5245 ,
2750 5179 2820 5233 ita
2870 5181 3028 5235 etiam
3064 5182 3220 5245 Pater
3260 5184 3463 5241 revelat
3489 5187 3678 5257 quibus

2090 5268 2202 5320 vult
2231 5267 2440 5336 Filium,
2484 5270 2604 5323 audi
2650 5269 2917 5325 dicentem
2958 5273 3131 5341 ipsum
3181 5274 3466 5333 Dominum
3495 5278 3677 5335 Iesum

2091 5371 2209 5412 cum
2226 5359 2465 5413 laudaret
2480 5360 2693 5414 Petrum
2706 5403 2717 5423 ,
2735 5363 2871 5432 quod
2888 5379 3008 5420 eum
3024 5364 3118 5422 Dei
3132 5366 3328 5424 Filium
3343 5384 3460 5426 esse
3472 5371 3678 5428 coales-

2092 5465 2181 5504 sus
2210 5452 2277 5503 sit
2307 5467 2318 5502 :
2355 5448 2536 5504 Brutus
2558 5469 2629 5515 es,
2660 5453 2847 5523 inquit,
2882 5457 3062 5513 Simon
3090 5460 3321 5533 Borjona
3343 5504 3358 5530 ,
3402 5467 3527 5536 quia
3565 5483 3667 5522 non

2090 5559 2210 5595 caro
2254 5553 2297 5596 et
2344 5545 2551 5614 sanguis
2579 5548 2815 5601 revelatit
2846 5548 2968 5617 tibi,
3018 5551 3106 5605 sed
3142 5552 3301 5608 Pater
3337 5572 3477 5612 meus
3504 5560 3592 5628 qui
3624 5560 3674 5613 in

2087 5636 2223 5689 caelis
2251 5645 2321 5687 est
2353 5634 2564 5704 (Matth.
2598 5648 2732 5708 xvt).
2789 5641 3039 5698 Adltznret
3072 5644 3154 5700 his
3194 5646 3353 5702 lcetio
3380 5665 3483 5719 qua
3514 5666 3673 5720 expo-

2090 5736 2286 5782 nuntur
2334 5727 2384 5780 ιιι
2437 5729 2523 5797 qui
2572 5731 2861 5801 legi~periti
2918 5734 3017 5788 sibi
3076 5738 3343 5809 videntur,
3396 5743 3484 5811 qui
3515 5748 3674 5799 verba

2064 5820 2219 5907 legis
2268 5829 2449 5876 tt'ttcnl
2472 5860 2489 5890 ,
2550 5823 2655 5878 vim
2676 5824 2820 5907 legis
2847 5826 3099 5898 ignorant
3119 5869 3140 5901 ,
3172 5840 3225 5892 et
3263 5847 3332 5899 ex
3357 5833 3477 5902 ipso
3502 5834 3674 5902 primo
