3972 6340
304 391 434 457 1581

1266 389 1727 450 HOMILIARIUS.
1769 420 1839 431 —
1877 386 2045 447 "OM.
2086 385 2172 443 DE
2209 384 2548 444 TEMPORE.

3422 390 3559 448 1582

297 514 429 587 tegis
456 512 691 584 capitulo
712 510 870 568 docet
894 524 1017 571 esse
1044 510 1257 581 ignaros
1285 511 1436 581 legis,
1473 511 1704 578 probans
1732 510 1875 579 quod
1905 512 1956 570 Α,
1981 504 2090 560 Nec
2117 505 2375 559 vocabulo
2407 513 2569 561 sectae
2602 503 2866 572 despicias
2886 546 2901 571 ,
2934 520 3089 575 quem
3116 505 3263 563 verbi
3295 506 3562 579 interpre-

298 609 352 662 in
375 605 638 676 principio
666 604 842 665 statim
873 605 957 661 lex
985 614 1041 661 et
1063 605 1273 660 Patrem
1304 613 1357 659 et
1388 602 1577 658 Filium
1612 602 1879 672 praedica-

303 696 465 763 vcrit,
493 695 872 751 incarnationis
912 712 1122 766 quoque
1174 692 1460 751 Dominieae
1486 694 1885 750 annuntiaverit

297 798 717 852 sacramentum,
743 786 961 847 dicens:
998 787 1192 858 Diliges
1226 786 1496 841 Dominum
1531 786 1693 840 Deum
1717 795 1882 851 tuum,

298 888 346 935 et
368 877 550 948 diliges
583 878 873 945 proximum
904 886 1048 931 tuum
1071 878 1200 933 sicut
1230 878 1470 948 teipsum.
1520 876 1669 932 Unde
1702 876 1884 931 Domi-

298 985 402 1039 nus
425 970 500 1024 ait
518 968 583 1035 ad
608 969 970 1047 legiSperituin
997 986 1010 1023 :
1034 969 1132 1031 hoc
1149 972 1256 1038 fac,
1277 976 1326 1023 et
1353 970 1502 1024 vives.
1528 969 1600 1024 At
1622 968 1712 1023 ille
1733 968 1887 1037 quasi

298 1061 534 1117 nesciret
564 1060 869 1130 proximum
892 1076 1071 1126 suum,
1100 1061 1226 1132 quia
1246 1076 1350 1119 non
1373 1060 1627 1116 credebat
1653 1061 1703 1114 in
1733 1059 1889 1114 Chri-

300 1160 465 1215 Stum,
500 1150 782 1219 respondit
810 1168 822 1203 :
854 1149 979 1215 Quis
1022 1152 1288 1219 proximus
1310 1152 1487 1206 meus?
1512 1150 1585 1205 lta
1607 1150 1699 1220 qui
1729 1148 1885 1204 Chri-

302 1251 445 1297 stum
483 1241 685 1311 nescit,
718 1242 890 1297 nescit
916 1252 971 1297 et
1006 1241 1200 1311 legem.
1231 1243 1511 1310 Quomodo
1538 1243 1681 1299 enim
1716 1251 1891 1311 potest

303 1331 446 1393 scire
469 1330 669 1401 legem,
700 1347 821 1387 cum
855 1333 1134 1389 veritatem
1161 1335 1390 1406 ignoret,
1418 1350 1542 1391 cum
1569 1336 1654 1390 lex
1684 1350 1887 1390 annun-

302 1423 402 1479 tiet
428 1424 746 1479 veritatem?
793 1423 966 1479 Homo
1002 1427 1213 1495 quidam
1251 1445 1315 1482 ea:
1341 1427 1627 1484 Jerusalem
1679 1428 1892 1483 descen-

302 1519 454 1575 debat
493 1518 549 1573 in
588 1516 818 1573 Jericho.
880 1517 948 1574 Ut
977 1534 1099 1575 eum
1143 1521 1320 1575 locum
1354 1522 1442 1590 qui
1483 1524 1785 1591 propositus
1811 1530 1893 1576 est

309 1613 488 1678 nobis,
523 1610 737 1681 planius
762 1614 1030 1680 possimus
1055 1610 1365 1675 absolvere,
1401 1622 1634 1667 veterem
1658 1612 1890 1668 civitatis

307 1703 528 1761 Jericho
575 1711 878 1773 repetamus
936 1702 1233 1759 historiam.
1320 1704 1658 1760 Meminimus
1717 1705 1893 1774 itaque

306 1795 453 1865 quod
499 1792 714 1853 Jericho
740 1836 756 1861 ,
806 1795 947 1849 sicut
994 1793 1223 1862 legimus
1264 1795 1317 1850 in
1351 1796 1488 1850 libro
1523 1796 1614 1865 qui
1645 1797 1895 1852 scribitur

1990 597 2187 651 latione
2210 597 2436 651 miraris.
2460 596 2781 652 Samaritani
2803 606 2998 650 elentttt
3023 599 3280 653 vocabulo
3296 609 3474 654 custos
3491 599 3537 655 si
3560 624 3561 633 ι

1984 688 2284 760 gniﬁcatur,
2311 690 2412 743 hoc
2436 689 2997 758 habetinterpretatio.
3023 689 3152 755 Quis
3171 698 3445 747 estcustos
3464 690 3561 748 nisi

1984 781 2076 837 ille
2102 783 2172 837 de
2201 797 2307 851 quo
2328 783 2524 838 dictum
2549 792 2668 838 est:
2713 781 3014 838 Custodiens
3045 783 3282 851 parvulos
3312 782 3562 839 Dominus

1988 872 2162 944 (Psal.
2211 878 2378 945 cxtv).
2438 874 2619 944 Itaque
2663 874 2803 929 sicut
2849 872 3064 931 indecus
3111 874 3247 929 alius
3288 874 3339 928 in
3369 874 3565 943 littera,

1986 968 2122 1024 alius
2150 969 2201 1023 in
2245 968 2455 1038 spiritu,
2499 969 2569 1022 ita
2605 979 2659 1024 et
2699 968 3064 1023 Samaritanus
3092 967 3226 1022 alius
3255 968 3409 1033 loris,
3440 968 3567 1021 alius

1987 1060 2043 1115 in
2071 1061 2305 1116 occulto.
2347 1061 2442 1114 Hic
2466 1076 2593 1131 ergo
2617 1060 2987 1116 Samaritanus
3008 1060 3307 1116 descendit.
3348 1059 3475 1123 Quis
3500 1066 3569 1110 est

1988 1156 2075 1222 qui
2097 1154 2357 1208 descendit
2401 1155 2465 1207 de
2497 1154 2643 1219 caelo,
2686 1156 2783 1208 nisi
2807 1170 2891 1225 qui
2916 1154 3142 1209 ascendit
3168 1155 3221 1207 in
3241 1153 3453 1217 emtum,
3488 1148 3572 1204 Fi-

1990 1245 2093 1300 lius
2121 1245 2343 1301 hominis
2370 1247 2455 1316 qui
2480 1257 2555 1301 est
2585 1248 2637 1301 in
2658 1249 2782 1302 caelo
2805 1246 2984 1319 (Joan.
3019 1247 3141 1315 nt)?
3185 1246 3383 1301 Videris
3410 1246 3572 1301 semi-

1989 1339 2166 1394 vivum
2196 1354 2356 1408 quem
2389 1355 2547 1395 nemo
2592 1350 2800 1408 poterat
2837 1351 2961 1396 ante
3006 1355 3195 1395 curare
3216 1382 3230 1406 ,
3258 1341 3399 1394 sicut
3427 1339 3574 1393 illam

1990 1445 2111 1500 quae
2133 1430 2281 1487 ﬂuxu
2303 1432 2579 1499 sanguinis
2609 1430 2896 1501 proﬂuens,
2922 1434 2973 1486 in
3002 1431 3236 1487 medicos
3260 1438 3575 1501 erogaverat

1994 1534 2156 1575 omne
2188 1521 2567 1589 patrimonium
2594 1537 2772 1588 suum,
2803 1521 2947 1577 venit
2975 1536 3130 1576 secus
3152 1536 3272 1576 eum
3294 1562 3308 1587 ,
3342 1521 3442 1575 hoc
3470 1528 3575 1589 est,

1993 1614 2168 1668 iactus
2215 1613 2603 1681 compassionis
2653 1622 2850 1669 nostrae
2910 1615 3247 1683 susceptione
3298 1612 3575 1679 ﬁnitimus,

1991 1715 2048 1763 et
2087 1706 2473 1762 misericordia:
2518 1707 2809 1762 collatione
2837 1707 3060 1763 vicinus.
3103 1707 3168 1763 Et
3202 1708 3433 1779 alligavit
3470 1706 3579 1760 vul-

1999 1813 2123 1852 nera
2146 1800 2257 1869 ejus
2280 1841 2294 1864 ,
2330 1799 2606 1868 infundens
2648 1801 2819 1853 vinum
2849 1809 2895 1855 et
2920 1801 3108 1854 oleum.
3159 1800 3320 1854 Multa
3346 1798 3578 1855 medica-

308 1886 439 1942 Jesu
490 1886 638 1941 Nave
661 1925 677 1952 ,
729 1899 923 1956 magna
952 1888 1141 1942 civitas
1167 1888 1357 1955 luerit,
1383 1889 1720 1944 mirabilibus
1746 1900 1895 1958 septa
1928 1887 1977 1947 B
2002 1902 2180 1947 menta
2213 1893 2452 1947 medicus
2482 1892 2644 1947 habet
2675 1893 2807 1959 iste,
2841 1894 3033 1963 quibus
3065 1906 3255 1947 sanare
3281 1888 3576 1947 consuevit.

308 1977 605 2049 parietibus
626 2016 643 2044 ,
686 1993 806 2048 qua:
836 1994 942 2035 non
968 1978 1114 2037 ferro
1140 1982 1353 2048 pervia,
1397 1997 1502 2036 non
1531 1983 1699 2037 ariete
1730 1983 1899 2052 possit

308 2082 431 2125 esse
462 2068 849 2139 penetrabilis;
875 2071 927 2125 in
951 2084 1012 2126 ea
1042 2070 1192 2129 llaab
1220 2070 1491 2127 habitasse
1532 2073 1894 2140 meretricem,

307 2176 429 2233 qua:
454 2162 825 2231 exploratores
854 2177 989 2232 quos
1030 2163 1226 2219 direxit
1247 2164 1439 2230 .losue,
1475 2166 1708 2234 hospitio
1749 2182 1896 2223 rece-

310 2255 405 2324 pit,
444 2256 676 2323 consilio
705 2255 1001 2323 instruxit,
1053 2256 1445 2326 postulantibus
1472 2259 1681 2313 civibus
1721 2261 1898 2316 abisse

306 2345 605 2415 respondit,
629 2346 908 2403 abscondit
922 2345 975 2403 in
1001 2355 1172 2413 tecto;
1199 2359 1255 2403 ut
1270 2365 1329 2404 se
1348 2364 1583 2419 suosque
1596 2351 1745 2405 urbis
1760 2353 1899 2407 exei-

306 2436 398 2495 dio
424 2448 605 2508 posset
634 2440 1103 2509 eripere,coccum
1153 2441 1207 2496 in
1251 2442 1483 2496 leiiestra
1511 2443 1723 2511 ligavit;
1750 2443 1896 2499 urbis

307 2542 490 2587 autem
518 2532 687 2602 ipsius
715 2534 1151 2603 inexpugnabiles
1191 2549 1393 2600 muros,
1416 2544 1619 2603 septem
1650 2536 1893 2590 tubarum

307 2624 723 2687 sacerdotalium
781 2640 918 2683 sono
988 2635 1042 2682 et
1109 2627 1291 2697 populi
1349 2627 1628 2696 jubilantis
1688 2628 1893 2681 ululatu

307 2729 552 2773 consono
602 2717 896 2774 corruisse.
984 2717 1169 2774 Videte
1211 2719 1478 2789 quomodo
1530 2720 1894 2789 unusquisque

307 2812 585 2883 proprium
612 2822 797 2869 servet
824 2812 1094 2879 ol‘licium,
1130 2814 1437 2882 explorator
1466 2815 1737 2881 excubias,
1773 2830 1891 2884 my-

306 2903 535 2959 Sterium
570 2904 850 2971 meretrix,
880 2904 1036 2960 tidem
1062 2906 1250 2971 victor,
1281 2906 1591 2976 religionem
1619 2905 1892 2962 sacerdos.

308 2989 378 3049 Hi
419 2993 719 3064 periculum
753 3010 849 3064 pro
874 2995 1031 3052 laude
1058 3014 1163 3052 non
1195 3008 1461 3063 metuunt,
1493 2998 1580 3052 illa
1614 3007 1893 3066 susceptos

310 3101 413 3159 nec
467 3089 518 3145 in
558 3087 806 3158 periculis
839 3090 1034 3160 prodit.
1096 3091 1203 3148 Iste
1244 3092 1505 3149 sollicitus
1536 3092 1705 3163 magis
1738 3093 1893 3147 ﬁdem

306 3194 548 3253 servare,
580 3198 736 3253 quam
767 3184 1015 3251 vincere,
1050 3187 1349 3241 meretricis
1379 3188 1525 3255 prius
1561 3186 1777 3241 mandat
1804 3200 1893 3241 sa-

2000 1985 2193 2041 Sermo
2241 1986 2356 2053 ejus
2402 1988 2847 2040 medicamentum
2896 1995 2997 2039 est.
3057 1985 3208 2039 Alius
3248 1984 3364 2051 ejus
3402 1997 3581 2038 sermo

1996 2076 2316 2146 constringit
2356 2077 2578 2131 vulnera
2606 2119 2619 2143 ,
2666 2078 2802 2130 alius
2833 2076 2954 2131 oleo
2992 2075 3136 2130 levet
3160 2114 3176 2140 ,
3222 2075 3358 2129 alios
3398 2075 3580 2129 vinunt

1998 2167 2266 2223 infundit.
2306 2168 2635 2238 Constriugit
2680 2170 2898 2222 vulnera
2951 2167 3242 2223 austeriori
3288 2175 3581 2238 praecepto,

1997 2258 2142 2315 fovet
2169 2259 2488 2315 remissione
2522 2260 2765 2329 peccati,
2804 2260 2942 2315 sicut
2974 2259 3100 2314 vino
3143 2261 3454 2331 compungit
3484 2259 3581 2315 de-

1996 2354 2337 2409 nuntiatione
2365 2354 2573 2421 judicii.
2622 2352 2689 2406 Et
2716 2356 2976 2422 imposuit,
3012 2354 3199 2421 inquit,
3246 2369 3360 2407 eum
3410 2354 3464 2406 in
3488 2353 3584 2422 jtt-

1997 2455 2225 2501 mentum
2248 2463 2418 2500 suum.
2480 2446 2618 2501 Audi
2652 2447 2919 2515 quomodo
2951 2454 3001 2500 te
3033 2446 3291 2514 imponat.
3333 2445 3429 2499 Hic
3459 2456 3584 2513 pec-

1997 2546 2115 2592 cata
2163 2548 2344 2592 nostra
2401 2546 2602 2605 portat,
2656 2548 2710 2592 et
2761 2552 2856 2606 pro
2910 2536 3064 2591 nobis
3094 2536 3269 2602 dolet,
3319 2544 3372 2590 et
3401 2541 3585 2603 pastor

1997 2633 2249 2700 imposuit
2290 2647 2442 2685 ovem
2485 2631 2680 2684 lassant
2723 2645 2883 2699 super
2928 2630 3183 2685 humeros
3223 2633 3374 2685 suos.“
3413 2627 3585 2682 Homo

1998 2725 2140 2779 enim
2169 2723 2425 2793 junientis
2457 2723 2647 2777 similis
2675 2721 2846 2776 lactus
2876 2732 2979 2777 est.
3054 2723 3118 2776 Et
3161 2722 3281 2776 ideo
3318 2735 3477 2791 supra
3498 2720 3583 2789 ju-

1997 2823 2235 2868 mentum
2282 2828 2436 2868 suum
2489 2828 2585 2866 nos
2636 2814 2925 2882 imposuit,
2953 2826 3020 2866 ne
3048 2826 3144 2865 nos
3172 2823 3416 2867 essemus
3444 2809 3585 2864 sicut

2000 2920 2172 2974 equus
2214 2913 2267 2959 et
2295 2905 2503 2972 mulus,
2556 2914 2614 2957 ut
2654 2920 2746 2973 per
2788 2903 2955 2977 nostri
2985 2903 3226 2973 corporis
3257 2902 3585 2971 assumptio-

2001 3013 2122 3054 netn
2179 2998 2510 3052 inlirmitates
2572 3009 2768 3051 nostra:
2813 2996 2991 3051 carnis
3033 2996 3292 3051 aboleret.
3348 2993 3585 3064 Denique

1999 3092 2153 3148 duxit
2186 3106 2284 3146 nos
2315 3092 2367 3146 in
2400 3091 2691 3159 stabulum,
2721 3091 2809 3161 qui
2842 3106 3054 3145 eramus
3077 3089 3342 3160 jumenta.
3373 3087 3469 3144 Est
3492 3103 3587 3142 au-

2001 3192 2108 3240 tem
2132 3184 2396 3238 stabulum
2425 3226 2439 3247 ,
2503 3185 2554 3238 in
2585 3184 2725 3253 quod
2765 3183 2959 3238 defessi
2993 3184 3148 3252 longo
3177 3183 3368 3238 itinere
3401 3193 3588 3236 succe-

311 3275 478 3335 lutem
530 3292 691 3347 quam
737 3279 1011 3334 excidium
1059 3281 1309 3335 civitatis.
1384 3280 1674 3351 Religionis
1716 3290 1896 3337 autem
1928 3255 1974 3318 (ἶ
2004 3275 2131 3332 dere
2161 3276 2354 3332 solent.
2399 3276 2560 3331 Duxit
2597 3278 2774 3343 itaque
2818 3276 2965 3330 illum
3008 3276 3058 3329 iu
3094 3274 3364 3330 stabulum
3400 3271 3585 3327 Domi-

314 3365 547 3438 insignia
612 3386 760 3426 arma
792 3379 918 3426 sunt
944 3371 1263 3427 sacerdotis.
1307 3373 1424 3427 iam
1457 3373 1585 3427 illud
1640 3372 1760 3442 quis
1792 3387 1898 3428 non

315 3461 535 3530 plenum
559 3470 708 3531 putet
737 3478 858 3519 esse
878 3464 1149 3531 miraculi,
1179 3462 1318 3533 quod
1354 3478 1419 3519 ex
1452 3471 1558 3518 tota
1588 3464 1719 3518 urbe
1743 3478 1901 3518 nemo

312 3562 560 3615 servatus
578 3561 681 3617 est,
707 3554 812 3609 nisi
835 3570 994 3623 quem
1020 3554 1273 3610 meretrix
1299 3555 1575 3611 liberavit?
1612 3553 1740 3610 Haec
1768 3554 1899 3609 sim-

314 3646 473 3716 plicis
523 3646 743 3703 historia
792 3649 1033 3704 veritatis
1076 3647 1339 3720 [historize
1365 3647 1584 3719 veritas]
1629 3657 1751 3713 est;
1784 3664 1902 3718 quae

315 3737 364 3795 si
404 3737 564 3793 altius
607 3738 1007 3805 consideretur,
1060 3738 1374 3794 admiranda
1407 3740 1580 3808 signat
1623 3739 1897 3809 mysteria.

316 3824 536 3884 Iericho
573 3828 715 3885 enim
756 3830 924 3900 ﬁgura
966 3831 1121 3886 istius
1171 3831 1354 3885 mundi
1402 3840 1522 3894 est,
1571 3830 1621 3883 in
1652 3846 1810 3899 quam
1839 3831 1905 3884 de

318 3919 588 3990 paradiso,
626 3922 728 3977 hoc
757 3933 870 3989 est,
916 3922 985 3978 de
1025 3922 1321 3979 Jerusalem
1350 3923 1437 3978 illa
1467 3923 1671 3978 caelesti
1705 3925 1905 3993 cjectus

319 4012 533 4080 Adam,
578 4015 1037 4085 praevaricationis
1083 4016 1423 4086 prolapsione
1450 4016 1760 4082 descendit,
1806 4016 1906 4070 huc

323 4112 426 4170 est,
456 4104 524 4159 de
550 4105 801 4161 vitalibus
828 4107 894 4161 ad
926 4106 1134 4162 interna
1159 4106 1467 4177 demigrans
1486 4148 1499 4173 ,
1530 4108 1613 4162 cui
1649 4123 1752 4161 non
1779 4107 1903 4175 loci,

319 4196 418 4251 sed
474 4211 684 4252 morum
739 4199 982 4265 mutatio,
1043 4207 1250 4257 naturae
1289 4214 1401 4255 suae
1462 4200 1586 4255 fecit
1634 4200 1905 4254 exsilium.

322 4285 503 4357 Longe
523 4289 668 4344 enim
694 4288 764 4344 ab
793 4288 886 4344 illo
912 4298 1152 4345 mutatus
1180 4300 1262 4346 est
1292 4291 1485 4360 Adam,
1521 4292 1608 4359 qui
1643 4291 1904 4345 inollensa

321 4378 657 4439 beatitudine
683 4382 979 4451 fruebatur,
1008 4384 1097 4438 ubi
1130 4385 1182 4437 in
1209 4384 1485 4439 saecularia
1507 4393 1716 4453 peccata
1745 4382 1910 4438 deﬁe-

323 4471 400 4527 xil
425 4513 441 4540 ,
491 4472 678 4528 incidit
722 4476 775 4529 in
805 4474 1067 4543 latrones,
1095 4476 1145 4530 in
1172 4490 1307 4545 quos
1339 4491 1442 4530 non
1474 4476 1771 4543 incidisset,
1808 4476 1909 4529 nisi

323 4562 427 4639 [in]
462 4566 544 4622 his
576 4566 811 4623 mandati
858 4570 1094 4626 ccelestis
1140 4571 1325 4625 devius
1376 4586 1433 4625 se
1481 4569 1695 4625 fecisset
1740 4574 1908 4625 obnu-

324 4656 493 4714 xium.
535 4658 636 4727 Qui
666 4669 791 4716 sunt
815 4660 900 4715 isti
932 4663 1190 4729 latrones,
1222 4663 1321 4718 nisi
1345 4665 1522 4731 angeli
1544 4662 1717 4718 noctis
1748 4672 1907 4733 atque

325 4752 709 4820 tenebrarum,
761 4755 848 4823 qui
897 4769 956 4809 se
999 4770 1381 4825 nonnunquam
1431 4755 1809 4825 transligurant
1855 4754 1907 4811 in

326 4843 548 4913 angelos
579 4843 738 4913 lucis,
770 4847 863 4901 scd
894 4861 1241 4915 perseverare
1266 4862 1366 4902 non
1408 4849 1665 4917 possunt?
1696 4848 1757 4903 lli
1787 4857 1911 4904 ante

326 4936 631 5007 despoliant
678 4955 797 5010 qua:
838 4941 1139 5010 accepimus
1184 4941 1495 4996 indumenta
1540 4943 1721 5010 gratiae
1753 4941 1912 5010 Spiri-

326 5031 511 5096 tualis,
544 5041 599 5087 ct
627 5032 707 5087 sic
735 5034 954 5089 vulnera
1001 5034 1199 5091 inferre
1230 5044 1643 5090 consueverunt.
1707 5035 1837 5089 Nam
1866 5035 1910 5091 si

325 5124 646 5183 intemerata
667 5141 786 5195 quae
802 5128 1130 5198 sumpsimus
1154 5128 1464 5184 indumenta
1480 5143 1776 5194 servamus,
1797 5128 1912 5199 pla-

327 5232 423 5289 gas
448 5219 713 5274 latronum
759 5220 962 5276 sentire
994 5237 1097 5275 non
1141 5236 1447 5291 possumus.
1514 5221 1656 5276 Cave
1690 5235 1818 5291 ergo
1849 5235 1912 5275 ne

329 5319 458 5366 ante
489 5312 728 5378 nuderis,
756 5313 899 5367 sicut
925 5313 1094 5368 Adam
1126 5325 1252 5371 ante
1287 5315 1513 5370 nudatus
1541 5326 1644 5379 est,
1678 5313 1913 5369 mandati

328 5402 568 5458 calcatis
615 5404 857 5458 custodia
898 5404 1223 5472 destitutus,
1272 5414 1327 5461 et
1371 5415 1561 5460 exutus
1593 5405 1714 5460 ﬁdei
1753 5414 1915 5460 testa-

329 5503 536 5563 mento,
561 5504 617 5551 et
657 5496 737 5552 sic
784 5496 979 5551 lethale
1023 5498 1215 5552 vulnus
1246 5498 1475 5567 excepit.
1520 5497 1573 5552 In
1622 5513 1728 5568 quo
1758 5511 1915 5552 omne

332 5601 502 5657 genus
544 5587 830 5642 occidisset
878 5587 1207 5654 humanum,
1255 5588 1355 5642 nisi
1407 5588 1776 5643 Samaritanus
1827 5587 1917 5643 ille

332 5678 683 5746 descendens,
719 5680 935 5735 vulnera
972 5680 1088 5747 ejus
1118 5681 1308 5735 acerba
1341 5692 1605 5735 curasset.
1638 5680 1755 5736 Non
1801 5695 1915 5735 me-

333 5770 535 5827 diocris
579 5772 681 5827 iste
723 5772 1125 5839 Samaritanus,
1168 5774 1255 5841 qui
1298 5788 1420 5825 eum
1445 5788 1599 5841 quem
1639 5772 1913 5842 sacerdos,

334 5877 493 5939 quem
541 5866 700 5925 levita
735 5866 1095 5941 despexerat,
1144 5866 1458 5957 nonetiam
1488 5866 1961 5957 ipse’despexit.“

2006 3381 2127 3432 nus,
2164 3368 2252 3435 qui
2298 3367 2509 3419 suscitat
2540 3383 2571 3419 a
2600 3375 2733 3418 terra
2762 3367 2985 3431 inopem,
3019 3374 3064 3417 et
3107 3364 3168 3416 de
3201 3373 3419 3417 stercore
3443 3362 3589 3431 erigit

2004 3456 2482 3527 pauperem‘(Psal.
2511 3458 2668 3522 cxtt).
2695 3458 2758 3511 Et
2786 3470 2967 3510 curam
2995 3458 3111 3523 ejus
3137 3456 3265 3525 egit,
3283 3469 3349 3509 ne
3370 3467 3510 3523 aeger
3529 3466 3589 3506 ea

2002 3565 2120 3619 qua:
2165 3559 2449 3619 acceperat
2497 3566 2833 3620 nequaquam
2884 3558 3146 3620 praecepta
3201 3557 3437 3603 servaret
3476 3562 3490 3601 :
3536 3546 3587 3600 in

2003 3659 2109 3712 quo
2132 3645 2362 3713 cognovit
2387 3645 2535 3698 asina
2563 3660 2790 3712 praesepe
2821 3644 3018 3697 domini
3048 3643 3125 3696 sui
3154 3639 3332 3714 (Isaia:
3361 3640 3421 3710 ι).
3485 3638 3590 3695 Sed

2005 3752 2110 3791 non
2140 3737 2368 3791 vacabat
2418 3737 2757 3792 Samaritana
2794 3736 2916 3790 huic
2970 3735 3019 3791 in
3052 3736 3213 3791 terris
3249 3735 3341 3788 diu
3373 3735 3587 3802 degere,

2005 3828 2337 3882 redeundum
2370 3828 2510 3881 enini
2542 3836 2659 3880 erat
2705 3842 2770 3882 eo
2801 3826 2940 3881 unde
2981 3825 3355 3881 descenderat.
3406 3822 3593 3891 Itaque

2007 3922 2168 3977 altera
2193 3922 2294 3975 die.
2331 3920 2459 3986 Quis
2490 3930 2575 3975 est
2606 3921 2707 3976 iste
2737 3920 2871 3975 alter
2900 3918 3039 3985 dies,
3073 3919 3173 3972 nisi
3205 3918 3341 3972 forte
3371 3916 3461 3971 ille
3490 3915 3594 3968 Do-

2010 4013 2226 4068 tuinica:
2258 4012 2673 4066 resurrectionis
2697 4049 2712 4076 ,
2748 4012 2816 4066 de
2845 4026 2951 4081 quo
2980 4009 3176 4064 dictum
3203 4015 3287 4063 est
3312 4023 3327 4060 :
3362 4005 3491 4061 Hac
3516 4012 3591 4058 est

2007 4108 2116 4161 dies
2136 4123 2291 4177 quam
2319 4106 2433 4171 fecit
2464 4104 2715 4159 Dominus
2760 4103 2933 4173 (Psal.
2962 4102 3172 4172 cxvii)?
3203 4099 3434 4154 Protulit
3463 4100 3594 4153 duos

2009 4201 2274 4269 denarios,
2303 4210 2347 4252 et
2374 4198 2515 4253 dedit
2551 4197 2854 4261 stabulario,
2895 4206 2943 4250 et
2972 4196 3044 4249 ait
3067 4210 3085 4249 :
3110 4192 3300 4247 Curam
3328 4191 3472 4246 illius
3495 4189 3594 4242 ha-

2010 4296 2090 4349 be.
2129 4296 2227 4362 Qui
2273 4304 2397 4349 sunt
2448 4293 2532 4347 isti
2564 4291 2671 4347 duo
2701 4291 2937 4356 denarii,
2966 4289 3068 4344 nisi
3099 4288 3233 4343 forte
3270 4285 3376 4340 duo
3403 4283 3593 4340 Testa-

2012 4397 2216 4454 menta,
2246 4402 2366 4457 qua)
2399 4387 2682 4454 imaginem
2716 4384 2768 4438 in
2805 4397 2864 4437 se
2892 4382 3091 4437 habent
3120 4378 3307 4435 aeterni
3335 4376 3478 4447 regis
3506 4389 3596 4430 ex-

2014 4494 2254 4551 pressam
2282 4520 2297 4544 ,
2350 4493 2577 4549 quorum
2628 4476 2798 4546 pretio
2826 4477 3044 4530 vulnera
3084 4482 3268 4527 nostra
3295 4467 3593 4525 curantur?

2015 4571 2280 4641 redempti
2324 4572 2470 4625 enim
2502 4584 2686 4625 sumus
2718 4568 2953 4638 pretioso
2982 4566 3273 4635 sanguine,
3308 4572 3368 4619 ut
3399 4563 3598 4619 ultima:

2014 4665 2205 4725 mortis
2252 4663 2432 4718 ulcera
2478 4663 2788 4718 vitaremus.
2842 4660 2948 4717 llos
2976 4674 3115 4729 ergo
3161 4657 3297 4713 duos
3328 4653 3595 4719 denarios,

2013 4757 2141 4812 licet
2175 4756 2367 4811 horum
2415 4770 2630 4825 quoque
2680 4755 2938 4810 librorum
2987 4761 3218 4823 quatuor
3265 4749 3463 4804 formas
3494 4761 3597 4800 non

2017 4851 2309 4905 absurdum
2342 4850 2413 4905 sit
2440 4849 2769 4919 intelligere,
2800 4847 3008 4915 accepit
3043 4840 3388 4900 stabularius.
3427 4837 3597 4906 Quis?

2016 4945 2105 5002 ille
2134 4948 2357 5003 forsitan
2388 4948 2475 5016 qui
2499 4946 2603 5010 ait,
2654 4944 2763 4999 htec
2787 4945 2982 4998 wstimo
3005 4950 3060 4995 ut
3081 4949 3336 5005 stercora,
3373 4932 3595 4988 utChri-

2018 5044 2151 5089 stum
2181 5034 2509 5105 lucrifaciant
2533 5032 2705 5105 (Phil.
2732 5031 2835 5102 in),
2864 5045 2968 5101 quo
2993 5043 3175 5091 curam
3196 5024 3414 5079 haberet
3430 5021 3599 5075 homi-

2020 5128 2104 5183 nis
2164 5126 2448 5180 vulnerati.
2504 5123 2840 5179 Stabularins
2888 5122 3068 5189 itaque
3111 5126 3193 5172 est
3240 5115 3330 5170 ille
3357 5112 3444 5182 qui
3476 5110 3597 5165 ait:

2020 5216 2163 5272 Misit
2206 5234 2282 5273 me
2308 5218 2543 5272 Christus
2574 5214 2920 5284 euangelizare
2969 5209 3023 5281 (Ι
3052 5208 3174 5263 Cor.
3202 5208 3263 5275 l).
3315 5201 3597 5261 Stabularii

2018 5320 2147 5367 sunt
2198 5308 2284 5362 isti
2334 5308 2527 5376 quibus
2556 5305 2788 5360 dicitur:
2820 5300 2901 5357 Ite
2934 5304 2989 5356 in
3021 5300 3191 5356 orbem
3215 5299 3529 5362 universum,
3556 5301 3600 5346 et

2020 5402 2297 5471 praedicata
2324 5399 2637 5469 evangelium
2665 5397 2802 5451 omni
2824 5406 3106 5457 creatum;
3132 5402 3205 5456 et,
3248 5390 3350 5456 Qui
3372 5386 3602 5442 credide-

2019 5496 2085 5550 rit
2112 5537 2126 5560 ,
2154 5503 2201 5547 et
2229 5492 2515 5561 baptizatus
2545 5490 2728 5558 fuerit,
2759 5488 2930 5542 salvus
2956 5487 3048 5541 erit
3074 5500 3094 5539 :
3139 5482 3322 5538 salvus
3365 5479 3546 5547 utique
3571 5489 3600 5529 a

2023 5596 2215 5653 morte,
2246 5584 2427 5639 salvus
2469 5598 2498 5637 a
2530 5581 2755 5637 vulnere
2778 5580 2917 5648 quod
2952 5576 3171 5633 inﬁxum
3202 5583 3285 5629 est
3319 5588 3347 5626 a
3382 5569 3603 5625 latroni-

2021 5678 2144 5736 bus.
2171 5677 2363 5732 Beatus
2388 5675 2477 5729 ille
2504 5672 2824 5729 Stabularins
2844 5712 2858 5736 ,
2893 5672 2981 5740 qui
3007 5667 3224 5724 alterius
3258 5665 3478 5719 vulnera
3507 5675 3603 5714 cu-

2024 5787 2143 5828 rare
2173 5777 2367 5839 potest.
2416 5768 2608 5822 Beatus
2633 5764 2721 5819 ille
2752 5766 2835 5818 cui
2863 5764 3001 5819 dixit
3028 5762 3221 5818 iesus:
3259 5756 3605 5824 Quodcunque

2024 5862 2480 5947 supererogaveris,
2501 5870 2755 5919 revertens
2772 5858 2988 5918 reddant
3014 5857 3126 5915 tibi.
3175 5855 3363 5915 Bonus
3388 5848 3603 5917 dispen-
