3972 6340
468 448 600 512 I585
1311 459 1510 519 PAULI
1547 463 1817 523 DlACONl
1855 467 2005 524 OPP.
2049 465 2229 527 PA'RS
2260 470 2325 527 ll.
2366 501 2438 515 —
2473 456 2832 533 ASCETICA.
3500 454 3507 457 Α
3585 487 3721 548 εδει

465 578 607 625 sator
652 568 885 639 Paulus,
914 573 1065 643 cujus
1108 588 1384 633 sermones
1421 586 1476 634 et
1517 583 1756 650 epistolae
1787 585 1952 639 veluti
1984 584 2035 641 ei
2061 587 2116 648 Α
2138 600 2236 642 seu
2274 588 2442 645 turbis
2470 590 2776 646 carnalibus
2805 593 3114 662 apparebat.
3153 597 3400 668 Apostoli
3446 610 3504 656 et
3543 608 3723 663 caeteri

463 660 653 716 rationi
678 676 832 731 quam
860 674 1141 735 acceperat
1167 669 1892 737 superﬂuunt,moderatum
1922 675 2036 732 Do-
2140 680 2325 736 ﬁdeles
2370 681 2657 740 hominem
2708 699 2830 741 esse
2880 698 3211 758 cernentes,
3264 708 3451 749 verum
3505 712 3723 767 quoque

462 754 587 808 mini
609 754 914 811 mandatum
942 748 1106 829 prope
1139 760 1491 818 immoderato
1521 765 1707 821 labore
1747 768 1940 823 mentis
1981 778 2040 824 et
2140 770 2310 826 Deum
2343 787 2466 830 esse
2488 790 2593 829 non
2623 775 2979 846 dubitabant,
3026 783 3168 850 quod
3200 784 3508 841 manifestat
3536 787 3726 847 Petrus

462 848 697 890 mrnnrie
738 861 1024 890 arcanum:
1112 863 1168 890 m
1207 856 1402 890 mulina
1441 859 1508 890 ..ιι
1539 862 1856 890 unumunum
1887 865 2034 890 -......:
2140 865 2414 890 unum..-
2465 866 2549 890 -.-ε
2576 881 2669 890 __-
2703 869 2948 890 -,.-ει---
2972 886 3159 890 μημη
3191 874 3245 890 ι..
3266 875 3303 890 ι..
3401 877 3414 889 .
3520 878 3555 890 ..

460 848 697 919 corporis
738 861 1025 908 exsecutus
1049 894 1063 919 ,
1112 863 1172 910 ut
1207 856 1405 912 multos
1440 859 1509 914 ab
1539 862 1856 932 aegritudine
1886 865 2035 933 gravi
2138 865 2434 932 apostolus,
2460 866 2551 936 qui
2576 881 2673 935 pro
2699 869 2951 925 omnibus
2972 874 3489 943 responditDomino
3503 878 3722 937 dicens:

458 944 750 1012 spiritualis
791 946 1009 1017 alloquii
1056 949 1457 1019 dispensatione
1507 957 1793 1014 relevaret.
1857 960 2035 1016 Bonus

456 1049 585 1104 ergo
612 1036 934 1093 stabularios
957 1079 975 1108 ,
1006 1041 1205 1098 stabuli
1242 1044 1359 1115 ejus
1386 1046 1439 1101 in
1470 1062 1576 1117 quo
1603 1051 1821 1121 agnovit
1849 1052 2032 1108 asinus

457 1131 770 1200 praesepium
806 1133 1004 1190 domini
1036 1138 1118 1193 sui
1145 1176 1161 1203 ,
1202 1149 1258 1196 et
1286 1139 1337 1197 in
1361 1156 1466 1211 quo
1493 1158 1680 1214 greges
1711 1146 2033 1204 clauduntur

457 1234 710 1290 agnorum
735 1263 751 1290 ,
782 1240 850 1281 ne
881 1227 1230 1287 frementibus
1267 1233 1332 1289 ad
1358 1236 1539 1292 caulas
1561 1239 1841 1307 rapacibus
1868 1241 2026 1311 lupis,

455 1310 621 1369 facilis
645 1315 699 1369 in
729 1318 885 1373 ovilia
933 1319 1003 1375 sit
1029 1320 1322 1393 ingressus.
1380 1326 1619 1396 Spondet
1650 1344 1779 1400 ergo
1820 1345 2029 1387 merce-

453 1403 573 1459 dem
600 1420 657 1461 se
682 1408 1032 1466 redditurum.
1064 1413 1285 1482 Quando
1307 1420 1611 1488 reverteris,
1645 1421 1889 1491 Domine,
1924 1424 2028 1480 nisi

452 1496 504 1551 in
529 1499 715 1568 judicii
739 1502 863 1558 die?
890 1502 1021 1559 Nam
1054 1506 1180 1563 licet
1208 1510 1403 1580 ubique
1429 1513 1505 1567 sis
1528 1527 1762 1582 semper,
1793 1524 1942 1571 stans
1972 1518 2025 1573 in

452 1589 628 1643 medio
656 1601 920 1659 nostrum,
950 1605 1005 1651 et
1033 1612 1140 1653 non
1166 1602 1407 1656 cernaris
1449 1618 1479 1656 a
1510 1604 1683 1672 nobis,
1715 1608 1815 1661 erit
1846 1616 2024 1663 tamen

450 1686 659 1749 tempus
688 1698 794 1752 quo
823 1686 1069 1743 universa
1101 1703 1228 1746 caro
1278 1702 1329 1747 te
1377 1695 1599 1764 aspiciat
1640 1686 2022 1755 revertentem.

447 1768 631 1825 Redde
681 1787 809 1843 ergo
855 1776 995 1845 quod
1044 1777 1230 1836 debes.
1285 1781 1449 1849 Beati,
1480 1786 1673 1855 quibus
1702 1803 1760 1843 es
1789 1787 2020 1845 debitor.

448 1859 657 1916 Utinam
702 1878 799 1921 nos
841 1866 1010 1923 simus
1059 1869 1235 1927 idonei
1285 1874 1575 1934 debitores.
1630 1880 1846 1936 Utinam
1877 1883 2018 1952 quod

2135 953 2215 1009 Tu
2247 972 2297 1011 es
2321 958 2548 1013 Christus
2581 958 2749 1016 Filius
2792 961 2889 1018 Dei
2922 966 3022 1019 vivi
3046 965 3265 1037 (Matth.
3301 972 3436 1043 xvr).
3466 971 3725 1029 Pharisai

2134 1060 2266 1102 vero
2314 1048 2369 1103 id
2409 1051 2551 1119 quod
2577 1051 2860 1121 videbant,
2896 1054 2999 1113 hoc
3035 1058 3377 1115 solummodo
3408 1063 3723 1122 credebant.

2135 1135 2405 1195 Videbant
2456 1142 2601 1198 enim
2638 1146 2809 1200 oculis
2839 1150 3151 1217 corporeis,
3200 1161 3257 1207 et
3301 1160 3503 1209 tantum
3532 1172 3725 1226 purum

2132 1228 2405 1285 hominem
2443 1245 2565 1287 esse
2592 1234 2909 1293 credebant.
2973 1238 3279 1296 Credebant
3312 1243 3434 1299 dico
3454 1286 3471 1312 ,
3506 1244 3634 1317 quia
3658 1249 3724 1304 ah

2130 1317 2443 1379 hominibus
2473 1324 2573 1381 hoc
2602 1328 2751 1383 credi
2781 1329 3035 1386 volebant
3060 1351 3073 1387 :
3106 1334 3345 1405 alioquin
3372 1336 3488 1405 lege
3513 1347 3569 1394 et
3598 1354 3723 1408 pro-

2130 1410 2308 1481 phetis
2340 1414 2544 1481 edocti,
2587 1414 2857 1474 Christum
2892 1420 3042 1475 illum
3089 1436 3211 1481 esse
3252 1423 3723 1496 non'dubitabant,

2127 1503 2227 1558 sed
2260 1515 2476 1574 propter
2508 1507 2736 1578 gloriam
2778 1510 3068 1568 humanam
3097 1529 3256 1584 quam
3300 1517 3529 1586 perdere
3556 1520 3722 1576 time-

2128 1594 2280 1662 bant,
2322 1597 2596 1654 Christum
2626 1600 2778 1656 illum
2808 1604 3061 1660 conﬁteri
3092 1606 3421 1664 metuebant.
3478 1609 3574 1665 Vel
3602 1612 3677 1666 ita
3705 1629 3719 1666 :

2127 1685 2385 1745 Pharisaei
2433 1706 2560 1747 vero
2598 1692 2717 1749 solo
2744 1694 2867 1750 visu
2899 1700 3143 1768 corporis
3174 1700 3459 1758 Dominum
3492 1706 3722 1761 metien~

2128 1786 2229 1843 tes,
2277 1779 2412 1835 nihil
2460 1782 2515 1836 in
2556 1797 2624 1838 eo
2661 1783 2904 1841 divinum
2937 1802 3080 1844 caeca
3112 1801 3295 1847 mente
3326 1792 3720 1865 intelligebant,

2127 1869 2269 1923 unde
2306 1884 2406 1924 nec
2435 1885 2559 1926 eum
2600 1877 2880 1946 persequi,
2919 1886 2974 1933 et
3010 1879 3225 1948 injuriis
3253 1882 3341 1938 vel
3372 1882 3720 1944 contumeliis

442 1954 778 2023 accepimus,
811 1958 1079 2026 possimus
1101 1964 1379 2022 exsolvere
1402 2007 1418 2033 ,
1472 1984 1572 2024 nec
1601 1986 1700 2026 nos
1724 1983 1818 2027 aut
1840 1988 2002 2030 sacer-

2123 1972 2187 2012 ac
2222 1958 2436 2029 probris
2480 1942 3122 2027 insectari'metueban't.
3186 1973 3300 2029 Non
3353 1992 3484 2049 ergo
3525 1979 3719 2037 horum

441 2045 572 2100 dotii
594 2057 685 2102 aut
706 2049 987 2107 ministerii
1014 2068 1206 2111 munus
1227 2058 1467 2114 extollat.
1501 2062 1783 2128 Quomodo
1806 2066 2018 2138 reddes,

440 2137 581 2195 bone
606 2139 773 2198 Jesu't
817 2145 1119 2204 Promisisti
1158 2151 1371 2221 quidem
1402 2153 1457 2208 in
1486 2156 1622 2211 coelo
1650 2158 1804 2214 bonis
1837 2137 2022 2229 copio-

439 2244 552 2284 sam
599 2246 719 2289 esse
763 2238 1067 2295 mercedem
1092 2281 1108 2307 ,
1162 2242 1339 2299 reddis
1378 2253 1559 2301 tamen
1603 2257 1805 2304 etcum
1835 2251 1968 2307 dicis
2003 2271 2016 2307 :

440 2325 584 2398 Euge
624 2346 764 2387 serve
807 2334 966 2403 bone,
1017 2340 1257 2407 quoniam
1292 2359 1447 2413 super
1464 2362 1627 2416 pauca
1657 2350 1799 2415 fuisti
1827 2351 2015 2419 ﬁdelis,

438 2435 593 2489 supra
624 2423 789 2477 multa
833 2435 881 2480 te
924 2431 1229 2486 constituant
1254 2473 1271 2499 ,
1299 2434 1437 2490 intra
1470 2438 1521 2491 in
1546 2442 1796 2509 gaudium
1820 2444 2016 2501 domini

439 2509 511 2560 tui
539 2507 749 2577 (Matth.
775 2513 924 2585 xxv).
943 2517 1082 2589 Ergo
1106 2524 1355 2590 quoniam
1381 2542 1537 2584 nemo
1551 2507 1728 2598 inagis
1742 2537 2016 2601 proximus

439 2612 597 2666 quam
647 2604 736 2672 qui
786 2610 1003 2663 vulnera
1055 2621 1237 2670 nostra
1276 2619 1515 2686 curavit,
1568 2623 1853 2694 diligamus
1892 2641 2014 2684 eum

438 2688 586 2754 quasi
612 2688 917 2763 Dominum,
950 2697 1233 2770 diligamus
1260 2715 1314 2761 et
1344 2711 1493 2778 quasi
1521 2688 1841 2781 proximum.
1872 2718 2015 2776 Nihil

436 2777 579 2832 enim
611 2788 715 2836 tam
765 2788 1069 2855 proximum
1117 2809 1275 2863 quam
1324 2777 1482 2869 caput
1514 2805 1789 2862 membris.
1815 2808 2013 2882 Diliga-

433 2882 551 2924 mus
579 2873 737 2929 etiam
787 2891 908 2934 eum
959 2883 1050 2953 qui
1102 2885 1342 2946 imitator
1379 2893 1697 2966 estChristi,
1726 2873 2013 2971 diligamus

434 2974 556 3014 eum
582 2964 674 3032 qui
699 2966 895 3038 inopia:
924 2972 1145 3031 alterius
1173 2984 1415 3049 corporis
1437 2986 1641 3045 unitate
1666 2995 2006 3063 eompatitur.

437 3048 554 3106 Non
576 3054 717 3111 enim
751 3063 997 3141 cognatio
1040 3064 1165 3122 facit
1209 3073 1534 3144 proximum,
1586 3080 1681 3136 sed
1712 3084 2011 3142 misericor-

429 3143 554 3211 dia,
600 3147 723 3217 quia
775 3152 1138 3213 misericordia
1183 3168 1479 3225 secundum
1526 3184 1790 3232 naturam.
1865 3180 2008 3237 Nihil

429 3238 571 3293 enim
595 3251 704 3298 tam
735 3248 1027 3305 secundum
1059 3265 1327 3328 naturam,

429 3338 534 3385 tem
566 3342 795 3394 naturae.

920 3435 1204 3498 llOMlLlA
1244 3443 1519 3505 CLXXIV.

924 3562 974 3604 IN
1015 3567 1192 3610 BADEM
1234 3574 1505 3618 DOHINICA.

638 3632 741 3705 (Ex
772 3635 966 3696 Herico
995 3647 1255 3704 monacho
1285 3653 1764 3717 Antissiodorensi.

491 3717 560 3772 In
589 3721 681 3777 illo
723 3732 946 3797 tempore
992 3735 1121 3789 dixit
1168 3736 1320 3794 Jesus
1361 3744 1629 3814 discipulis
1666 3752 1775 3805 suis
1798 3767 1817 3806 :
1854 3753 2004 3810 Beati

421 3811 557 3862 oculi
578 3813 670 3881 qui
691 3814 861 3873 vident
880 3836 994 3890 qua:
1015 3839 1102 3879 vos
1121 3829 1322 3897 videtis,
1347 3843 1450 3888 etc.
1484 3811 1638 3907 (Luc.
1663 3840 1746 3910 x.)

495 3898 777 3962 Familiare
819 3918 872 3964 et
913 3914 1310 3981 quodammodo
1359 3898 1632 3994 proprium
1677 3898 1758 3987 est
1807 3934 2002 3992 divinae

420 3988 709 4062 Scriptum
734 4040 751 4067 ,
783 4008 1060 4071 sequentia
1104 3988 1533 4077 praecedentibus
1558 4020 1800 4092 jungere,
1854 4036 1906 4081 et
1933 4041 1999 4083 ex

420 4087 811 4149 praemissorum
863 4097 1089 4153 scientia
1141 4103 1206 4157 ad
1256 4121 1471 4165 sensum
1518 4127 1702 4170 eorum
1751 4133 1869 4189 qua:
1918 4136 2001 4179 se«

417 4188 654 4244 quuntur
678 4224 692 4249 ,
726 4194 873 4243 recto
915 4190 1105 4249 ordine
1136 4195 1450 4257 informare.
1507 4204 1656 4262 Unde
1686 4220 1898 4279 oportet
1927 4215 1996 4271 ad

424 4265 663 4325 lectionis
692 4272 849 4345 hujus
881 4282 1073 4337 seriem
1106 4293 1544 4363 pernoscendam,
1571 4300 1729 4367 paulo
1746 4304 1994 4373 superius

414 4357 552 4413 dicta
582 4366 751 4419 sancti
782 4375 1126 4441 evangelista:
1159 4392 1403 4440 retexere
1428 4429 1444 4454 ,
1494 4388 1583 4443 ubi
1626 4391 1822 4463 legitur
1848 4397 1993 4466 quod

414 4452 647 4508 reversis
695 4455 768 4510 de
818 4460 997 4519 ollicio
1051 4472 1444 4535 praedicationis
1473 4479 1791 4553 discipulis,
1841 4496 1896 4543 et
1937 4499 1993 4546 ut

413 4541 577 4596 moris
605 4554 689 4598 est
734 4547 1008 4609 hominum
1056 4564 1466 4638 exsultantibus,
1498 4541 1840 4645 quodetiam
1878 4580 1992 4637 da)-

411 4634 588 4688 monia
610 4635 688 4690 eis
715 4640 1124 4719 subjicerentur,
1153 4653 1224 4707 ait
1244 4658 1322 4711 eis
1337 4634 1587 4720 Dominus
1620 4686 1632 4719 :
1661 4634 1843 4724 iVolite
1859 4690 1987 4743 gau-
2013 4660 2065 4721 Β

411 4726 527 4781 dere
545 4729 667 4799 quia
685 4732 938 4792 daemonia
958 4741 1096 4797 vobis
1124 4748 1486 4823 subjiciuntur,
1510 4759 1597 4812 sed
1626 4726 1985 4835 gaudete

408 4822 610 4877 nomina
638 4834 803 4881 vestra
843 4832 1031 4902 scripta
1072 4848 1190 4891 sunt
1216 4841 1268 4893 in
1305 4847 1462 4901 caelis.
1506 4850 1571 4905 Et
1601 4858 1782 4922 paucis
1811 4859 1982 4916 inter-

408 4912 614 4981 positis,
649 4929 941 4974 conversus
966 4924 1033 4977 ad
1067 4926 1373 5001 discipulos,
1398 4937 1511 4992 ait:
1557 4912 1702 4998 Beati
1723 4912 1858 5003 oculi
1892 4955 1984 5022 qui

406 5001 575 5056 vident
596 5022 709 5074 qua:
733 5024 817 5062 vos
840 5012 1040 5069 videtis.
1090 5018 1144 5072 ln
1175 5024 1365 5089 quibus
1388 5031 1563 5086 verbis
1588 5034 1714 5091 illud
1751 5001 1980 5101 maxime

404 5096 569 5161 quaeri
594 5096 792 5165 debet,
828 5111 1005 5158 utrum
1058 5112 1293 5168 omnium
1346 5120 1435 5189 qui
1479 5120 1748 5183 Christum
1795 5133 1978 5194 videre

405 5190 654 5251 poterant
682 5190 845 5257 oculi,
882 5195 1169 5255 credantur
1193 5204 1258 5257 ad
1282 5206 1418 5264 hanc
1445 5211 1824 5276 beatitudinem
1850 5190 1977 5293 per;

404 5275 592 5345 tinere,
621 5294 742 5338 cum
774 5301 881 5342 non
910 5290 1083 5347 solum
1108 5294 1229 5351 boni
1257 5304 1449 5373 quique
1479 5316 1530 5361 et
1555 5310 1756 5382 lideles,
1783 5275 1971 5374 verum

401 5370 561 5426 etiam
589 5375 715 5430 mali
744 5389 800 5434 et
832 5380 1073 5442 inlideles
1106 5393 1314 5459 possint
1343 5412 1462 5453 eum
1495 5403 1699 5472 videre,
1729 5424 1827 5467 nec
1852 5429 1969 5470 mo-

398 5457 470 5514 do
492 5460 873 5567 adsidendum
903 5491 1023 5532 eum
1054 5522 1068 5548 ,
1107 5457 1204 5538 sed
1235 5498 1287 5541 et
1314 5491 1380 5544 ad
1408 5457 1970 5575 irrogandasinju-rias

397 5555 694 5619 expositum
722 5561 1006 5624 baberent.
1049 5573 1114 5626 Et
1145 5585 1201 5632 ut
1228 5555 1691 5666 scrupulusuhujus
1714 5555 1969 5668 quatstio-

398 5641 483 5695 nis
508 5647 829 5725 elucidetur,
878 5676 1097 5722 necesse
1142 5680 1224 5724 cst
1295 5686 1349 5729 ut
1404 5641 1679 5757 ttlriusq'ue
1715 5641 1965 5756 1visionis

398 5736 581 5757 ...ιηΛ--λ
631 5743 663 5757 ¹⁹
704 5747 733 5757 Α·
879 5752 888 5757 ⁵
952 5755 961 5757 “

395 5736 585 5791 modus
611 5743 927 5805 distinctein
949 5755 1177 5815 Domino
1205 5736 1603 5833 consideretur.l
1623 5783 1795 5841 Aliter
1821 5792 1963 5849 enim

393 5829 646 5898 apostolis
684 5839 1079 5924 spiritualibus,
1123 5854 1281 5917 aliter
1321 5829 1960 5958 scribiswet-P'harisvalei's:

1372 3279 1529 3334 quam
1560 3270 1747 3337 juvare
1777 3286 2002 3330 consor-
2035 3307 2082 3371 ο

2126 2050 2266 2105 oculi
2322 2052 2697 2112 beatificautur
2755 2059 2844 2129 qui
2894 2074 3017 2117 eum
3061 2064 3402 2124 solummodo
3439 2071 3718 2129 hominem

2123 2157 2241 2198 esse
2294 2146 2582 2215 putabant,
2628 2150 2724 2206 sed
2777 2153 2919 2208 oculi
2961 2157 3331 2226 apostolorum
3370 2171 3425 2217 et
3477 2164 3716 2225 ﬁdelium

2121 2234 2288 2304 beati,
2308 2239 2395 2308 qui
2425 2237 2696 2297 Christum
2727 2244 2782 2301 in
2802 2245 3000 2304 decore
3027 2263 3140 2306 suae
3161 2252 3460 2311 divinitatis
3491 2273 3715 2318 cernere
3752 2330 3769 2347 ‘

2122 2326 2471 2347 μωμμμμ
2549 2331 2561 2347 .
2762 2343 2772 2347 -
2918 2338 2930 2347 .

2122 2326 2493 2396 merebantur,
2548 2331 2650 2388 hoc
2695 2343 2812 2405 est,
2843 2338 2932 2404 qui
2968 2339 3116 2397 illum
3157 2352 3212 2400 et
3245 2360 3431 2404 verum
3464 2349 3641 2406 Deum
3669 2358 3715 2409 el

2119 2433 2306 2474 verum
2338 2420 2611 2478 hominem
2641 2440 2761 2484 esse
2784 2430 3096 2503 credebant,
3130 2436 3196 2493 de
3223 2422 3417 2509 quibus
3474 2443 3594 2513 ipse
3632 2459 3711 2500 su-

2118 2511 2296 2579 perius
2325 2514 2392 2568 ad
2445 2514 2656 2572 Patrem
2706 2519 2969 2591 loquens,
3021 2526 3278 2585 dicebat:
3310 2511 3572 2602 Confiteor
3604 2536 3714 2591 tibi.

2119 2601 2279 2658 Pater
2298 2647 2314 2672 ,
2363 2606 2583 2665 Domine
2610 2613 2723 2668 caeli
2761 2624 2807 2669 et
2846 2626 2993 2674 terra:
3016 2663 3031 2687 ,
3060 2623 3184 2691 quia
3207 2601 3521 2681 abscondisti
3551 2630 3665 2685 hac
3685 2647 3708 2683 c

2114 2696 2427 2763 sapientibus
2483 2709 2533 2754 et
2574 2704 2952 2777 prudentibus,
2998 2721 3045 2764 et
3087 2715 3328 2771 revelasti
3375 2735 3437 2773 ea
3481 2722 3715 2790 parvulis

2120 2783 2337 2856 (Matth.
2368 2788 2471 2860 ιι),
2507 2790 2561 2846 id
2586 2802 2669 2848 est
2699 2796 2990 2856 humilibus
3017 2812 3073 2858 et
3103 2809 3398 2865 mansuetis
3429 2783 3713 2882 apostolis.

2113 2874 2202 2942 qui
2227 2876 2328 2931 etsi
2359 2878 2505 2934 illum
2540 2882 2786 2942 viderunt
2810 2895 3085 2948 communi
3117 2896 3435 2958 inﬁrmitate
3464 2904 3704 2961 circum-

2111 2966 2316 3038 datum,
2341 2973 2683 3032 crediderunt
2713 2988 2890 3037 tamen
2921 2993 2977 3041 et
3000 2986 3381 3047 intellexerunt
3419 2994 3475 3050 in
3525 2995 3705 3054 homi-

2111 3073 2177 3113 ne
2207 3059 2462 3119 latentem
2508 3082 2670 3125 unum
2696 3086 2821 3128 cum
2858 3075 3020 3134 Patre
3062 3080 3253 3139 Deum.
3302 3084 3511 3144 Felices
3542 3092 3703 3148 etiam

2110 3163 2292 3205 eorum
2343 3155 2515 3224 oculi,
2566 3168 2618 3214 et
2658 3161 2814 3233 hujus
2851 3167 2969 3224 sine
3012 3170 3176 3229 dubio
3203 3174 3560 3237 beatitudinis
3584 3197 3703 3247 cum

2110 3244 2371 3309 apostolis
2410 3250 2649 3315 conscii,
2706 3255 2796 3324 qui
2836 3260 3074 3316 omnium
3125 3264 3375 3323 vitiorum
3435 3271 3703 3330 elfusione

2113 3331 2359 3403 detersa,
2404 3350 2460 3395 et
2497 3344 2674 3399 omnis
2704 3345 2837 3402 labis
2868 3349 3093 3409 hutnore
3121 3357 3188 3410 ad
3220 3375 3414 3426 purum
3446 3364 3701 3421 decocto-

2111 3428 2494 3496 purgatissima
2522 3437 2717 3492 mentis
2747 3440 2863 3498 acie
2895 3442 3057 3499 Deum
3091 3452 3449 3521 contemplari
3477 3471 3699 3513 meren-

2111 3525 2217 3584 lur,
2244 3534 2333 3588 qui
2367 3537 2474 3579 non
2510 3525 2682 3582 solum
2719 3544 2842 3586 cum
2880 3534 3064 3591 multis
3093 3537 3379 3598 Dominum
3419 3560 3516 3615 per
3537 3546 3700 3607 ﬁdem

2117 3624 2466 3681 cognoscere,
2515 3619 2609 3674 sed
2653 3619 2772 3691 ejus
2818 3624 3036 3698 insuper
3073 3630 3370 3692 divinitatis
3420 3634 3694 3709 naturam,

2106 3714 2363 3770 quantum
2393 3708 2506 3777 ipse
2536 3716 2827 3783 permittit,
2876 3722 3109 3790 sapienti
3138 3728 3350 3786 ratione
3382 3731 3585 3791 intueri
3615 3736 3693 3792 ie-

2105 3792 2325 3850 stinant.
2354 3796 2481 3853 Dico
2506 3803 2640 3856 enim
2674 3806 2848 3877 vobis,
2902 3814 3037 3879 quod
3067 3818 3216 3871 multi
3250 3821 3517 3891 prapltettz
3548 3833 3596 3879 et
3616 3842 3691 3881 νει

2104 3900 2191 3954 ges
2219 3886 2485 3946 voluerunt
2509 3894 2677 3951 videre
2711 3900 2852 3969 quod
2880 3919 2968 3958 vos
2988 3906 3186 3977 videtis,
3218 3886 3268 3966 et
3289 3886 3393 3968 non
3410 3916 3649 3972 viderunt
3669 3936 3691 3975 :

2100 3983 2147 4028 et
2172 3977 2356 4033 audire
2378 3997 2492 4051 quis
2517 3988 2727 4060 auditis,
2764 4002 2813 4047 et
2834 4011 2936 4051 non
2976 4000 3271 4058 audierunt.
3334 4005 3529 4078 Reges,
3564 4025 3690 4066 san~

2099 4073 2217 4122 ctos
2261 4079 2316 4124 et
2369 4072 2545 4141 justos
2570 4082 2808 4150 appellat
2829 4127 2843 4152 ,
2879 4088 2969 4158 qui
3000 4105 3188 4149 omnes
3212 4072 3461 4168 corporis
3489 4072 3687 4168 motus,

2097 4170 2286 4215 omnes
2316 4164 2481 4220 animi
2509 4174 2775 4239 appetitus
2800 4177 2949 4246 juxta
2988 4183 3070 4237 sui
3095 4164 3393 4244 conditoris
3429 4192 3680 4249 volunta-

2103 4254 2210 4304 teut
2255 4267 2440 4320 regere
2488 4269 2543 4313 et
2595 4262 2881 4334 diSponere
2906 4286 3188 4342 noverunt,
3219 4280 3380 4334 animi
3428 4283 3675 4353 imperio,

2095 4343 2339 4408 corporis
2369 4354 2579 4405 utentes
2606 4357 2846 4413 servitio.
2911 4361 3017 4418 Sed
3045 4383 3166 4423 cum
3196 4382 3408 4429 constet
3439 4375 3609 4433 Deum
3649 4394 3678 4435 a

2093 4434 2397 4499 pastoribus
2424 4440 2611 4507 priscis
2641 4452 2970 4517 temporibus
3001 4458 3169 4513 visum
3190 4505 3206 4531 ,
3249 4464 3375 4533 quid
3420 4467 3525 4522 sibi
3569 4470 3677 4524 v'ult

2092 4523 2235 4593 quod
2265 4527 2459 4585 dicitur
2491 4550 2502 4585 :
2533 4532 2688 4591 Multi
2705 4544 2964 4613 propheta:
2985 4558 3033 4601 et
3054 4523 3481 4622 regeeae-luerunt
3507 4523 3677 4614 ridere

2090 4628 2205 4679 qua:
2232 4630 2317 4672 vos
2344 4621 2523 4677 videtis
2544 4666 2557 4689 ,
2587 4635 2636 4681 et
2675 4646 2777 4685 non
2814 4634 3087 4694 viderunt?
3112 4621 3380 4700 Abraham
3409 4650 3675 4719 siquidem

2093 4703 2259 4762 Deum
2289 4712 2455 4782 vidit,
2496 4731 2655 4785 quem
2697 4724 2852 4779 toties
2876 4741 3223 4798 apparentem
3252 4737 3302 4791 in
3325 4703 3497 4795 tribus
3514 4745 3673 4797 etiam

2088 4802 2398 4869 angelorum
2451 4813 2693 4876 personis
2751 4815 2981 4888 hospitio
3025 4828 3229 4896 recepit
3279 4830 3449 4900 (Cen.
3494 4840 3670 4897 svnt).

2088 4887 2299 4960 Moyses
2349 4912 2596 4967 quoque,
2656 4915 2712 4960 ut
2753 4915 2977 4968 testatur
3014 4887 3324 4988 Scriptura,
3352 4925 3537 4980 solitus
3565 4935 3670 4982 erat

2087 4995 2201 5034 cum
2231 4981 2341 5039 Deo
2372 4987 2512 5059 loqui
2541 4994 2674 5062 facie
2708 5000 2776 5051 ad
2800 5001 3005 5071 faciem,
3030 4981 3161 5063 sicut
3189 5012 3409 5082 loquitur
3431 5017 3587 5073 homo
3606 5019 3670 5073 ad

2082 5074 2305 5129 anticth
2331 5095 2481 5133 suum
2540 5083 2737 5154 (Exod.
2778 5097 2993 5167 sntit).
3059 5100 3163 5157 Sed
3190 5111 3247 5158 et
3272 5120 3478 5177 magna:
3522 5111 3667 5167 vocis

2084 5160 2284 5219 lsaias:
2323 5167 2459 5238 Vidi,
2485 5171 2679 5247 inquit,
2716 5179 2993 5240 Dominum
3022 5192 3272 5248 sedentem
3299 5214 3453 5266 super
3478 5203 3663 5257 solium

2083 5253 2336 5309 excelsum
2362 5257 2543 5348 (Isaiae
2563 5264 2656 5337 γι).
2679 5267 2769 5324 Sic
2793 5270 3029 5333 Micheas
3053 5253 3411 5354 multiqueaiii

2085 5351 2150 5396 la:
2172 5347 2449 5406 verissime
2486 5342 2587 5411 sibi
2603 5357 2771 5416 Deum
2795 5371 3105 5437 apparuisse
3141 5377 3480 5437 conﬁrmant.
3510 5384 3663 5441 Unde

2078 5446 2129 5490 et
2147 5438 2388 5497 videntes
2404 5453 2811 5524 suntappellati,
2825 5469 2877 5514 et
2893 5477 3029 5530 pene
3049 5482 3235 5525 cuncta
3250 5474 3522 5543 Scriptura
3544 5479 3655 5535 reli-

2080 5542 2181 5597 qua
2210 5541 2387 5598 patres
2416 5540 2665 5609 antiquos
2693 5545 2807 5603 fere
2828 5565 3016 5609 omnes
3030 5556 3197 5615 Deum
3224 5540 3419 5621 vidisse
3436 5567 3652 5625 demono

2072 5628 2229 5676 strat.
2260 5622 2317 5678 Si
2348 5640 2477 5696 ergo
2507 5635 2677 5689 sancti
2707 5648 2886 5707 patres
2915 5655 2968 5699 et
2999 5650 3271 5718 propheta:
3304 5656 3469 5712 Deum
3500 5661 3649 5717 video

2070 5719 2210 5776 runt,
2242 5723 2298 5767 ut
2330 5715 2600 5788 Scriptura
2632 5735 2875 5800 testatur,
2930 5738 3053 5807 quid
3086 5715 3169 5797 est
3208 5747 3347 5813 quod
3396 5749 3648 5807 Dominus

2067 5799 2215 5912 dicit,
2247 5804 2299 5856 Μ
2306 5809 2398 5912 ulti
2424 5814 2682 5883 propheta:
2709 5832 2757 5874 et
2785 5840 2928 5895 reges
2946 5799 3212 5889 voluerunt
3225 5799 3542 5912 sidere—qua:
3566 5860 3644 5898 ros
