3972 6340
231 429 374 492 1585

1227 403 1696 486 noittLtARtus.
1734 447 1806 470 --
1842 424 2008 482 non.
2049 419 2140 482 ne
2176 419 2515 482 TBMPORE.

3353 422 3490 487 4580

227 544 487 618 speciem.
538 540 799 598 Viderunt
860 539 1125 611 siquidem
1182 543 1360 598 sancti
1416 539 2128 612 praememoratiAsuaruni
2175 539 2408 593 motibus
2441 551 2546 592 non
2575 533 2964 594 consentiendo
2992 539 3362 608 succumbere,
3398 545 3492 600 sed

229 639 403 696 Deum
427 635 875 710 omnipotentem,
907 634 1001 690 sed
1031 648 1127 705 per
1154 634 1453 704 speculum,
1482 642 1538 688 et
1561 647 1656 703 per
1682 633 1814 687 ima-

227 730 400 798 gines,
430 734 487 783 et
524 724 576 780 in
623 724 864 795 subjecta
912 732 1178 780 creatura.
1208 722 1405 779 Omnes
1448 722 1592 779 enim
1639 719 1813 777 mani-

229 817 540 873 festationes
565 830 686 886 quae
711 815 765 870 in
788 813 965 870 Veteri
995 814 1341 870 Testamento
1363 813 1428 868 ad
1456 821 1634 883 patres
1662 812 1815 867 facta

226 911 394 967 fuisse
437 917 825 974 memorantur,
871 922 966 977 per
1015 905 1301 964 inferiores
1347 916 1624 962 creaturas
1679 905 1816 974 (hoc

226 1013 340 1071 est,
367 1003 609 1075 angelos)
659 1009 890 1072 peracta:
937 1017 968 1057 a
1013 1001 1325 1057 doctoribus
1373 1000 1725 1056 aftirmantur.
1757 997 1815 1054 Si

225 1094 450 1156 enimjn
479 1108 579 1150 sua
604 1092 884 1149 divinitate
910 1101 970 1147 ut
994 1103 1100 1161 est,
1123 1092 1325 1160 absque
1351 1091 1474 1147 ullis
1496 1091 1816 1161 imaginibus

228 1186 401 1242 Deum
431 1185 684 1240 videbant
713 1184 909 1250 sancti,
942 1184 1068 1254 quid
1093 1192 1178 1240 est
1203 1183 1345 1254 quod
1366 1183 1595 1254 Moyses,
1620 1191 1678 1236 ut
1701 1178 1815 1252 jam

226 1277 429 1333 dictum
453 1287 557 1342 est,
591 1290 713 1330 cum
741 1275 966 1330 Domino
990 1275 1122 1331 facie
1147 1275 1212 1330 ad
1255 1274 1446 1329 faciem
1479 1273 1814 1344 loquebatur,

229 1377 405 1422 tamen
423 1381 489 1421 ex
516 1366 655 1422 bono
669 1365 952 1421 Dominum
979 1365 1312 1431 obsecrabat,
1327 1365 1547 1420 dicens:
1572 1365 1631 1421 Si
1651 1365 1818 1419 inveni

226 1458 445 1529 gratiam
459 1458 514 1511 in
530 1467 799 1528 conspectu
814 1466 918 1521 tuo,
934 1457 1142 1511 ostende
1157 1457 1278 1511 mihi
1295 1458 1510 1528 teipsum
1527 1456 1813 1524 manifeste,

225 1561 284 1606 ut
323 1552 521 1607 videam
568 1560 614 1606 te
661 1549 858 1623 (Exod.
883 1550 1113 1619 xxxtn)?
1144 1550 1314 1618 Quem
1347 1551 1489 1604 enim
1532 1549 1816 1605 manifeste

227 1644 412 1701 videre
441 1646 735 1714 qumrehat,
771 1645 954 1714 utique
983 1658 1148 1713 usque
1187 1643 1253 1698 ad
1287 1643 1415 1698 illud
1468 1653 1678 1710 tempus
1721 1657 1819 1713 per

227 1736 488 1805 imagines
531 1744 587 1792 et
636 1735 833 1804 figuras
878 1735 1074 1792 vidisse
1130 1734 1462 1790 declarabat.
1516 1735 1584 1790 Et
1625 1734 1816 1790 beatus

226 1829 532 1899 Stephanus
568 1828 636 1884 de
678 1828 870 1884 eodem
914 1827 1096 1898 Moyse
1143 1828 1306 1882 dicit:
1339 1827 1438 1881 Hic
1476 1838 1549 1881 est
1606 1824 1816 1898 Moyses

1919 630 2158 702 regendo
2175 645 2406 700 praeesse
2421 639 2703 686 noverunt.
2723 629 2790 685 Et
2811 647 2924 686 ecce
2943 632 3148 702 quidam
3173 636 3492 704 legisperitnt

1914 724 2131 777 surrexit
2148 732 2344 777 tentans
2363 739 2504 790 eum,
2519 731 2564 776 et
2586 723 2759 776 dicens
2781 738 2800 778 :
2816 721 3081 794 Magister,
3104 727 3226 794 quid
3241 728 3494 795 faciendo,

1914 816 2070 869 vitam
2091 825 2343 870 (sternam
2365 815 2662 884 possidebo?
2689 815 2785 870 Ille
2808 816 3161 886 legisperitus,
3189 819 3236 871 id
3266 829 3347 874 est
3369 821 3495 890 legis

1915 905 2122 972 doctor,
2148 914 2203 959 ut
2253 906 2533 962 Dominum
2577 907 2871 978 quaestione
2917 917 3175 976 tentaret,
3216 926 3280 964 ex
3334 913 3497 981 ipsius

1916 997 2127 1054 Domini
2161 998 2340 1053 verbis
2372 1001 2652 1056 materiam
2682 1001 2933 1069 sumpsit,
2961 1015 3080 1069 qua:
3112 1003 3176 1054 ad
3210 1003 3498 1071 discipulos
3564 988 3572 1056 ἶ

1915 1088 2160 1156 superius
2197 1089 2505 1158 specialiter
2535 1090 2675 1145 dicta
2708 1089 2956 1145 fuerant:
2988 1091 3221 1145 Gaudete
3250 1096 3382 1162 quod
3411 1110 3499 1146 no-
3561 1080 3564 1084 ’

1918 1182 2056 1236 mina
2083 1193 2247 1237 uestra
2288 1185 2480 1253 scripta
2509 1193 2629 1238 sunt
2674 1186 2729 1238 in
2772 1185 2909 1240 caelis
2958 1183 3108 1254 (Luc.
3135 1188 3213 1253 ιι).
3245 1186 3355 1240 Hoc
3406 1188 3502 1242 iste

1917 1275 2163 1340 audiens,
2190 1285 2246 1330 et
2287 1291 2440 1331 suum
2468 1291 2683 1348 quoque
2728 1292 2922 1333 nomen
2968 1278 3018 1332 in
3049 1279 3185 1333 cmlo
3233 1278 3502 1349 designari

1918 1366 2161 1433 cupiens,
2196 1375 2537 1433 percontatus
2567 1376 2651 1422 est
2679 1368 2809 1436 quid
2840 1368 3015 1422 facere
3046 1366 3287 1433 deberet,
3320 1377 3378 1422 ut
3426 1367 3503 1422 vi-

1925 1465 2029 1510 tam
2078 1466 2333 1511 aeternam
2368 1458 2686 1527 possideret.
2732 1459 3071 1515 lntellexerat
3099 1461 3243 1514 enim
3285 1461 3405 1528 quia
3451 1460 3504 1515 in

1916 1548 2055 1605 caelo
2076 1549 2257 1616 scribi,
2281 1549 2409 1604 nihil
2435 1551 2576 1605 aliud
2599 1560 2685 1607 est
2704 1567 2860 1622 quam
2888 1553 2938 1606 in
2963 1553 3277 1608 aeternitatis
3302 1568 3505 1608 memo-

1919 1641 1997 1695 ria
2052 1640 2501 1704 titulari.,\'erum
2532 1643 2656 1710 quia
2688 1658 2718 1696 a
2760 1642 3066 1712 legisperito
3111 1643 3372 1700 Dominus
3420 1646 3506 1701 in-

1921 1740 2221 1801 terrogatus
2247 1732 2440 1799 fuerat,
2487 1747 2820 1803 consequens
2860 1744 2980 1790 erat
3013 1746 3072 1791 ut
3113 1750 3239 1791 eum
3275 1739 3339 1790 ad
3373 1738 3508 1808 legis

1921 1822 2200 1879 scientiam
2231 1826 2486 1889 mitteret,
2520 1835 2578 1881 ut
2626 1829 2738 1882 suis
2768 1828 2946 1883 verbis
2995 1828 3097 1883 sibi
3141 1829 3242 1897 ipsi
3289 1830 3509 1885 satisfa~

225 1923 312 1991 qui
338 1923 438 1991 [uit
471 1938 587 1976 cum
614 1920 798 1991 angelo
825 1921 910 1990 qui
938 1921 1176 1990 apparuit
1204 1921 1251 1974 ei
1277 1920 1331 1973 in
1358 1919 1486 1973 rubo
1519 1918 1659 1990 (Act.
1692 1916 1811 1988 vn).
1843 1909 1894 1972 Β
1919 1924 2086 1970 ceret.
2128 1915 2279 1971 Unde
2327 1918 2570 1986 sequitur
2608 1935 2622 1970 :
2663 1918 2747 1972 Ait
2788 1919 2868 1972 illi
2905 1919 3098 1978 Jesus:
3130 1919 3196 1973 In
3237 1920 3344 1990 lege
3384 1919 3509 1989 quid

225 2015 423 2071 Verum
453 2013 621 2069 sancti
649 2013 877 2083 apostoli
920 2011 1203 2067 Dominum
1248 2025 1459 2079 semper
1490 2017 1813 2080 praesentem
1914 2009 2162 2076 scriptum
2187 2008 2297 2062 est?
2321 2007 2572 2073 quomodo
2625 2009 2788 2080 legis?
2811 2008 2943 2077 Quia
2991 2012 3104 2080 ipse
3154 2011 3284 2081 legis
3316 2011 3509 2066 doctor

226 2106 513 2173 habebant,
545 2115 600 2160 et
645 2120 768 2160 cum
799 2107 944 2160 omni
990 2105 1370 2169 familiaritate,
1413 2114 1523 2160 tum
1567 2106 1727 2159 etiam
1760 2103 1813 2159 in

225 2197 478 2252 convictu
531 2194 604 2250 illi
657 2193 1076 2250 familiarissime
1136 2193 1507 2260 adhaerentes,
1556 2191 1814 2264 quidquid

227 2285 557 2357 cognoscere
580 2285 902 2352 voluissent,
941 2300 1045 2341 non
1076 2300 1173 2355 per
1202 2286 1515 2354 speculum,
1564 2298 1675 2340 non
1721 2298 1818 2354 per

226 2379 542 2448 zenigmata,
576 2377 672 2432 sed
723 2391 818 2446 per
867 2376 1151 2432 Dominum
1207 2375 1587 2446 interrogando
1636 2375 1815 2431 disce-

224 2473 355 2529 bant
382 2492 394 2528 :
427 2473 569 2530 unde
598 2473 788 2529 merito
817 2474 1069 2530 omnibus
1099 2482 1243 2530 retro
1275 2475 1474 2529 sanctis
1502 2474 1618 2546 lege
1649 2473 1818 2530 beati-

231 2564 432 2619 tudinis
459 2562 834 2633 prazferuntur,
869 2563 1148 2620 audientes
1176 2579 1206 2619 a
1243 2564 1471 2620 Domino
1505 2583 1517 2619 :
1549 2563 1705 2618 Multi
1745 2580 1820 2619 re-

228 2673 316 2728 ges
343 2667 390 2712 et
427 2655 688 2728 praphetw
730 2654 996 2711 voluerunt
1036 2656 1206 2712 cidere
1249 2674 1362 2728 qua:
1403 2674 1488 2713 vos
1529 2658 1739 2724 videtis,
1772 2666 1819 2711 et

230 2764 336 2803 non
384 2748 641 2814 viderunt,
673 2761 722 2802 et
771 2748 948 2802 audire
993 2765 1106 2817 quae
1159 2751 1371 2815 auditis,
1401 2759 1449 2805 et
1491 2767 1593 2805 non
1628 2751 1820 2804 audie-

231 2848 374 2894 runt.
401 2837 533 2894 Nam
566 2839 639 2895 illi
669 2839 758 2910 qui
792 2841 843 2894 in
869 2841 1036 2896 veteri
1061 2841 1405 2898 Testamento
1437 2842 1600 2898 Deum
1623 2841 1818 2898 vidisse

229 2939 534 2994 narrantur,
561 2929 714 2999 juxta
745 2930 899 2986 fidem
928 2932 1161 2988 defuncti
1199 2944 1323 2989 sunt
1350 2948 1561 3001 omnes,
1588 2950 1696 2989 non
1725 2948 1818 2989 ac-

1915 2109 2054 2166 erat,
2085 2108 2141 2153 ut
2169 2099 2373 2155 dictum
2413 2109 2516 2168 est,
2548 2101 2670 2156 ideo
2696 2101 2763 2157 de
2808 2102 2922 2172 ipsa
2955 2103 3072 2172 lege
3101 2117 3226 2158 eum
3279 2105 3504 2159 interro‘

1917 2200 2026 2260 gat.
2053 2192 2158 2247 Sed
2189 2191 2281 2247 ille
2312 2206 2416 2246 non
2452 2202 2560 2247 tam
2593 2193 2822 2250 Domino
2869 2197 3172 2266 respondit,
3201 2212 3360 2267 quam
3404 2196 3509 2252 sibi

1918 2284 2235 2352 quaestionis
2265 2282 2494 2353 objecta:
2524 2284 2723 2342 nodum
2752 2287 2960 2358 aperit:
2991 2287 3207 2358 Diliges,
3237 2289 3506 2357 inquiens,

1919 2375 2195 2430 Dominum
2215 2374 2383 2431 Deum
2402 2384 2550 2430 tuum
2569 2392 2634 2431 ea;
2659 2386 2763 2432 toto
2783 2378 2937 2433 corde
2961 2388 3071 2446 tuo,
3097 2378 3149 2433 id
3179 2388 3280 2446 est,
3310 2395 3373 2434 ex
3401 2387 3510 2434 toto

1919 2467 2233 2528 intellectu;
2264 2477 2311 2522 et
2340 2484 2402 2522 ea:
2448 2478 2553 2523 tota
2580 2470 2755 2523 artima
2796 2477 2904 2538 tua,
2951 2469 3003 2524 id
3033 2479 3133 2536 est,
3163 2485 3231 2525 ex
3278 2477 3387 2525 tota
3418 2485 3512 2522 vo-

1919 2559 2125 2616 luntate
2163 2569 2271 2627 tua,
2304 2561 2388 2616 vel
2433 2576 2500 2617 ex
2529 2561 2677 2617 omni
2717 2563 2857 2632 quod
2895 2560 3031 2618 vivis
3073 2574 3126 2618 et
3155 2564 3335 2632 sapis;
3367 2574 3412 2617 et
3443 2579 3509 2616 ea:

1922 2653 2159 2708 onmibus
2184 2654 2373 2709 viribus
2405 2656 2530 2722 tuis,
2555 2656 2658 2712 hoc
2688 2666 2790 2723 est,
2823 2672 2889 2712 ex
2917 2657 3064 2713 omni
3094 2657 3432 2723 fortitudine;
3462 2666 3513 2712 et

1921 2761 1984 2825 ea
2006 2754 2112 2799 tota
2138 2755 2303 2800 mente
2320 2755 2429 2813 tua,
2448 2746 2502 2803 id
2522 2757 2624 2812 est,
2642 2762 2708 2804 ex
2729 2750 2871 2803 omni
2894 2749 3146 2804 memoria
3171 2751 3249 2804 vel
3276 2750 3504 2803 ratione.

1921 2836 1990 2891 Et
2019 2838 2310 2907 proximum
2349 2848 2492 2892 tuum
2542 2840 2674 2893 sicut
2713 2839 2947 2909 teipsum.
2990 2839 3119 2894 Post
3162 2838 3504 2896 dilectionem

1925 2929 2040 2995 Dei,
2089 2931 2208 3000 jure
2257 2931 2496 2986 secundo
2548 2931 2667 2986 loco
2713 2932 2928 3000 ponitur
2976 2930 3191 2986 dilectio
3241 2930 3506 3000 proximi,

229 3022 400 3091 ceptis
440 3022 968 3092 repromissionibus,
1000 3026 1094 3079 sed
1123 3040 1153 3081 a
1183 3025 1339 3096 longe
1368 3040 1461 3081 eas
1498 3025 1821 3093 aspicientes
1923 3037 2044 3092 quae
2069 3023 2180 3091 jam
2211 3022 2477 3092 quondam
2504 3033 2648 3078 certa
2677 3023 3062 3077 determinatur
3089 3036 3361 3089 mensura,
3383 3037 3506 3080 cum

231 3120 286 3166 et
317 3111 632 3169 salutantes.
662 3111 954 3168 Sciendum
987 3130 1117 3170 vero
1159 3131 1255 3186 per
1305 3117 1637 3172 incrementa
1685 3125 1822 3174 tem-
1924 3116 2064 3170 sicut
2093 3130 2207 3181 nos,
2245 3117 2317 3170 ita
2349 3117 2652 3185 proximum
2682 3115 2908 3185 diligere
2954 3115 3314 3185 praecipimur.
3349 3116 3508 3171 Nam-

230 3220 420 3276 porum
451 3205 687 3262 crevisse
717 3206 913 3261 divinae
953 3208 1275 3279 cognitionis
1319 3220 1680 3281 augmentum.
1712 3211 1822 3280 Ap-
1859 3273 1896 3281 _
1924 3221 2029 3277 que
2059 3208 2110 3260 in
2149 3206 2440 3263 dilectione
2469 3205 2563 3263 Dei
2592 3199 2772 3262 nullus
2808 3207 2996 3262 modus
3019 3207 3382 3272 constituitur,
3409 3209 3506 3264 sed

232 3273 410 3374 paruit
453 3304 598 3360 enim
639 3304 781 3360 Deus
810 3273 1104 3367 Abraham,
1138 3302 1234 3358 sed
1283 3273 1441 3374 longe
1488 3313 1607 3372 post
1653 3273 1821 3375 Moysi
1849 3273 1898 3338 ο
1926 3273 2176 3358 omnibus
2205 3302 2366 3358 simul
2397 3303 2592 3358 mentis
2617 3311 2672 3357 et
2697 3303 2935 3371 corporis
2961 3302 3153 3356 ofﬁciis
3182 3302 3328 3371 diligi
3361 3318 3512 3357 man-

229 3395 376 3450 visus
405 3395 534 3452 dicit
559 3415 570 3450 :
601 3394 717 3467 Ego
762 3413 874 3451 sum
914 3395 1050 3451 Deus
1075 3395 1358 3463 Abraham,
1387 3404 1436 3449 et
1475 3393 1615 3450 Deus
1644 3394 1818 3463 Isaac,
1926 3394 2102 3451 datur.
2131 3397 2219 3451 Ait
2240 3396 2382 3451 enim
2417 3396 2691 3465 apostolus
2714 3394 3289 3465 Pauluszﬂuaecunque
3313 3397 3509 3464 scripta

229 3496 278 3541 et
312 3485 444 3540 Deus
484 3485 667 3554 Jacob,
691 3495 738 3542 et
769 3504 955 3542 nomen
996 3503 1162 3542 meum
1201 3488 1406 3542 Adonai
1450 3504 1555 3543 non
1601 3489 1822 3543 indicaui
1925 3497 2066 3557 sunt,
2108 3490 2177 3543 ad
2202 3497 2430 3543 nostram
2457 3488 2749 3542 doctrinam
2784 3488 2978 3557 scripta
3016 3498 3133 3542 sunt
3179 3487 3359 3558 (Rom.
3391 3487 3506 3556 xv).

230 3579 304 3632 eis
334 3577 529 3650 (Exod.
552 3578 656 3650 ιιι).
701 3580 905 3648 Quibus
957 3581 1137 3636 verbis
1184 3579 1303 3650 plus
1347 3580 1546 3650 aliquid
1593 3580 1664 3636 de
1713 3581 1823 3637 Deo
1930 3581 2063 3637 Dum
2085 3596 2214 3652 ergo
2239 3581 2494 3637 Dominus
2519 3582 2826 3653 Iegisperito
2846 3597 2905 3638 se
2929 3590 3150 3637 tentantt
3176 3583 3505 3652 respondere

230 3669 465 3742 Moyses,
492 3685 647 3741 quam
681 3671 1045 3741 praecedentes
1075 3681 1275 3742 patres,
1299 3673 1614 3744 cognovisse
1643 3680 1824 3728 osten-
1925 3673 2193 3744 dignatur,
2224 3684 2462 3731 nostram
2495 3675 2814 3744 imperitiam
2837 3674 3035 3742 erudit,
3065 3675 3120 3730 in
3150 3691 3254 3746 qua
3286 3691 3508 3743 respon-

231 3761 398 3818 ditur.
433 3762 625 3818 Beatus
654 3763 814 3818 etiam
846 3761 1014 3818 David
1043 3764 1226 3818 multis
1254 3772 1373 3832 post
1399 3763 1583 3818 saeculi
1617 3773 1824 3833 tempo-
1926 3768 2080 3823 sione
2122 3767 2225 3824 iter
2253 3769 2441 3838 patriae
2469 3767 2703 3823 caelestis
2734 3767 2886 3822 nobis
2917 3767 3168 3824 ostendit.
3198 3770 3329 3824 Cum
3361 3770 3504 3825 enim

228 3856 404 3910 ribus-
425 3865 604 3924 natus,
654 3858 940 3914 manifeste
979 3859 1196 3927 clamat,
1232 3858 1416 3914 dicens
1446 3877 1462 3914 :
1491 3859 1662 3928 Super
1681 3875 1823 3914 series
1926 3872 2024 3914 suo
2057 3861 2313 3914 tentatori
2343 3860 2653 3914 mandatum
2679 3857 2982 3915 dilectionis
3007 3864 3291 3930 exponenti
3339 3862 3507 3918 dicit:

227 3945 462 4000 intellexi
492 3945 666 4018 (Psal.
688 3948 904 4020 cxvnt).
931 3948 1084 4016 Quod
1113 3956 1198 4004 est
1239 3959 1424 4018 aperte
1451 3948 1631 4005 dicere
1655 3966 1669 4003 :
1705 3950 1824 4006 Prre
1929 3950 2086 4006 Recte
2112 3949 2444 4021 respondisti,
2469 3951 2564 4006 hoc
2591 3950 2672 4020 [ac
2693 3959 2738 4004 et
2763 3951 2912 4020 vives,
2942 3960 3126 4020 aperte
3153 3951 3306 4004 nobis
3333 3952 3514 4005 decla-

230 4039 440 4095 cunctis
471 4041 558 4109 qui
591 4049 716 4096 ante
744 4056 830 4096 me
869 4043 1017 4097 fuere
1064 4041 1386 4112 patriarcbis
1431 4051 1484 4098 et
1529 4042 1822 4113 prepbetis,
1927 4051 2032 4110 rat,
2071 4043 2194 4112 quia
2232 4057 2327 4112 per
2354 4044 2524 4098 solam
2571 4043 2912 4098 dilectionem
2941 4042 3009 4097 ad
3055 4043 3214 4097 vitam
3255 4053 3510 4098 aeternam

229 4130 481 4186 subtilius
502 4133 701 4203 aliquid
725 4134 792 4189 de
820 4133 913 4190 Dei
943 4134 1228 4203 majestate
1251 4136 1498 4205 cognovi.
1527 4136 1667 4204 Quid
1695 4151 1825 4194 vero
1926 4135 2212 4204 pervenire
2245 4149 2551 4204 possumus,
2581 4137 2624 4188 si
2657 4135 2794 4189 hanc
2823 4149 2928 4189 non
2958 4135 3123 4190 verbo
3162 4145 3386 4202 tantum,
3413 4136 3509 4189 sed

230 4224 302 4276 de
351 4227 549 4280 sanctis
572 4224 680 4294 jam
714 4225 920 4280 dicatur
947 4225 1226 4296 apostolis,
1255 4227 1346 4297 qui
1392 4227 1459 4281 ab
1488 4227 1604 4298 ipsa
1633 4237 1688 4284 et
1729 4242 1825 4297 per
1927 4240 2093 4297 opere
2121 4241 2418 4293 servamus,
2453 4227 2659 4282 scilicet
2689 4237 2745 4281 ut
2771 4228 3055 4296 diligamus
3085 4228 3252 4284 Deum
3285 4243 3350 4282 ex
3403 4238 3518 4284 toto

234 4309 409 4396 ipsam
456 4314 551 4369 Dei
581 4316 896 4384 sapientiam
936 4317 1165 4385 eruditi,
1192 4326 1384 4375 cuncta
1411 4334 1532 4389 quae
1571 4307 1639 4375 de
1665 4322 1826 4377 caele-

234 4402 411 4459 stibus
438 4412 492 4458 et
520 4403 716 4460 divinis
747 4409 981 4465 humana
1029 4418 1238 4479 poterat
1268 4409 1495 4466 sufferre
1538 4412 1823 4482 sapientia,

237 4495 549 4566 plenissime
609 4496 947 4555 didicerunt?
983 4502 1139 4568 Quod
1201 4502 1345 4557 enim
1403 4504 1606 4572 antiqui
1655 4503 1826 4560 sancti

239 4587 533 4643 maximum
584 4587 911 4645 desiderium
942 4590 1250 4672 habuerint,
1287 4603 1343 4648 ut
1388 4594 1553 4650 Deum
1585 4595 1826 4653 viderent

239 4679 295 4734 in
344 4695 510 4738 carne
539 4693 885 4752 praesentem,
917 4685 1059 4754 quod
1090 4685 1176 4742 hic
1204 4685 1320 4758 ipse
1348 4703 1442 4745 eos
1490 4691 1685 4747 intueri
1715 4690 1825 4746 de-

240 4773 511 4832 siderasse
536 4787 830 4846 asseverat,
861 4780 1100 4850 ipsorum
1130 4781 1290 4838 verba
1323 4789 1606 4852 testantur,
1633 4784 1828 4855 quibus

239 4880 301 4922 se
347 4867 442 4923 Dei
499 4867 692 4924 Filium
741 4871 1077 4928 incarnatum
1135 4873 1318 4930 videre
1363 4874 1491 4932 totis
1548 4875 1830 4934 aﬂectibus

241 4959 618 5031 concupivisse
643 4963 941 5024 declarant.
973 4966 1109 5024 Hinc
1133 4966 1295 5024 Isaias
1323 4983 1518 5040 magno
1544 4979 1598 5024 et
1625 4970 1832 5026 incom-

241 5057 470 5122 parabili
505 5056 672 5114 Deum
697 5059 912 5116 videndi
939 5059 1154 5118 fervens
1181 5063 1486 5132 desiderio,
1517 5065 1783 5122 clamabat
1812 5083 1826 5122 :

245 5146 458 5201 Utinam
486 5149 827 5222 disrumperes
858 5153 1031 5224 caelos,
1056 5164 1102 5210 et
1132 5156 1461 5212 descenderes
1487 5155 1786 5229 (Ismutv)
1813 5160 1828 5217 l

242 5236 381 5293 Hinc
411 5239 597 5307 David,
623 5245 738 5313 pari
768 5246 1065 5316 cupiditate
1108 5257 1434 5319 exestuans,
1467 5249 1684 5307 aiebat:
1718 5249 1832 5304 Do-

241 5330 399 5398 mine,
430 5332 622 5389 inctina
663 5338 815 5393 caelos
861 5347 996 5407 tuos,
1027 5348 1074 5394 et
1105 5340 1353 5397 descende
1400 5341 1586 5414 (Psal.
1612 5343 1832 5414 cum).

241 5422 512 5491 Optabant
539 5427 681 5484 enim
705 5431 918 5502 singuli,
947 5433 994 5490 si
1026 5433 1140 5490 ﬁeri
1167 5445 1368 5506 posset,
1395 5446 1455 5498 ut
1479 5451 1579 5493 suo
1600 5439 1833 5510 quisque

240 5520 488 5585 tempore
513 5517 610 5576 Dei
643 5520 837 5580 Filium
880 5525 1215 5583 incarnatum
1262 5527 1489 5585 videret.
1527 5529 1829 5588 Notandum

241 5616 449 5676 autem,
479 5611 602 5681 quia
653 5627 787 5685 quos
828 5615 1000 5675 Lucas
1040 5621 1092 5675 in
1139 5622 1393 5691 praesenti
1436 5621 1667 5680 lectione
1714 5639 1834 5694 pro-

241 5703 435 5768 phetas
454 5713 508 5759 et
542 5720 699 5778 reges
743 5708 892 5777 dicit,
925 5712 1206 5769 Matthaaus
1242 5714 1372 5770 alibi
1416 5714 1718 5772 distinctius
1749 5717 1830 5772 lo—

241 5803 438 5861 quens,
463 5798 755 5869 prophetas
780 5811 835 5858 et
859 5803 1036 5873 justos
1059 5805 1293 5877 appellat
1317 5805 1530 5879 (Matth.
1555 5808 1705 5880 xui):
1734 5811 1833 5881 ipsi

241 5881 392 5940 enim
416 5894 542 5943 sunt
571 5902 727 5959 reges
755 5895 959 5964 magni,
985 5897 1078 5968 qui
1101 5908 1158 5955 et
1182 5897 1332 5970 justi,
1359 5897 1450 5971 qui
1480 5901 1835 5960 tentationum

537 5981 815 6070 Panos.
842 5986 1036 6051 XCV.

1927 4324 2112 4395 corde,
2139 4333 2196 4382 et
2225 4339 2291 4380 ex
2334 4334 2445 4379 tota
2489 4324 2689 4390 anima,
2719 4333 2772 4380 et
2800 4339 2869 4379 ex
2912 4324 3160 4379 omnibus
3206 4323 3428 4391 viribus,
3461 4331 3519 4379 et

1927 4431 1996 4473 ex
2024 4425 2134 4472 tota
2167 4426 2365 4474 mente.
2397 4416 2548 4472 'l‘unc
2574 4421 2735 4472 etiam
2765 4415 3036 4486 diligimus
3067 4417 3363 4488 proximum
3397 4426 3516 4472 tan-

1929 4524 2088 4581 quam
2129 4509 2510 4578 nosmetipsos,
2542 4508 2588 4563 si
2618 4507 2797 4563 omnia
2839 4524 2957 4577 quas
3007 4509 3161 4564 nobis
3193 4525 3222 4563 a
3256 4508 3517 4580 proximis

1933 4602 2051 4660 fieri
2103 4602 2384 4671 volumus,
2431 4602 2618 4657 eadem
2663 4611 2718 4658 et
2770 4617 2867 4658 nos
2929 4603 3190 4672 proximis
3241 4604 3517 4661 faciamus.

1935 4695 2223 4752 Sciendum
2250 4702 2507 4763 praeterea
2537 4709 2753 4750 omnem
2777 4695 2927 4750 illum
2958 4695 3298 4765 decalogum,
3329 4699 3384 4753 in
3410 4713 3518 4768 quo

1932 4785 2096 4844 totius
2126 4785 2326 4841 divina:
2353 4785 2486 4855 legis
2516 4786 2774 4854 perfectio
2800 4793 3034 4854 constat,
3058 4785 3141 4840 his
3160 4786 3366 4842 duabus
3385 4788 3514 4842 cha-

1933 4882 2112 4937 ritatis
2139 4879 2424 4950 complecti
2465 4879 2769 4937 sententiis.
2804 4879 2860 4934 ln
2908 4879 3163 4950 decalogo
3193 4879 3333 4934 enim
3385 4888 3514 4935 sunt

1934 4974 2038 5030 tria
2077 4982 2344 5044 praecepta
2373 4973 2440 5028 ad
2472 4973 2813 5029 dilectionem
2848 4973 3188 5042 pertinentia,
3220 4980 3273 5028 et
3301 4980 3510 5040 septem

1935 5064 2128 5135 quibus
2184 5063 2485 5120 dilectionis
2540 5079 2656 5120 mos
2697 5065 2995 5120 instruitur.
3042 5064 3176 5118 Hinc
3225 5063 3514 5132 Apostolus

1935 5152 2063 5210 dicit
2085 5170 2101 5209 :
2135 5153 2271 5219 Quia
2297 5155 2350 5210 in
2368 5155 2452 5210 Itis
2479 5156 2674 5210 duobus
2693 5157 2949 5211 mandatis
2966 5157 3206 5210 universa
3227 5155 3308 5209 lex
3330 5155 3517 5222 pendet

1936 5255 1984 5302 et
2015 5247 2276 5317 propheta:
2299 5245 2478 5319 (Rom.
2503 5248 2618 5314 xv).
2645 5247 2784 5302 Nulli
2813 5262 2942 5318 ergo
2981 5246 3091 5317 jam
3121 5247 3188 5301 de
3217 5246 3516 5315 ignorantia

1937 5339 2226 5397 excusandi
2255 5339 2405 5395 locus
2432 5338 2770 5408 conceditur,
2803 5337 2935 5394 nulli
2958 5340 3026 5393 de
3055 5335 3338 5408 implendis
3365 5349 3517 5389 man-

1939 5433 2081 5490 datis
2125 5433 2221 5488 Dei
2266 5431 2716 5502 impossibilitatis
2758 5438 3131 5503 argumentum
3178 5427 3514 5497 relinquitur.

1917 5524 2132 5612 ‘Omnia
2163 5526 2304 5584 enim
2348 5525 2482 5600 legis
2509 5534 2564 5582 et
2587 5525 2863 5596 Evangelii
2909 5531 3174 5595 praecepta
3203 5520 3518 5576 cbaritatem

1938 5625 2346 5682 commendant.
2405 5623 2529 5678 Haec
2553 5623 2607 5679 in
2630 5622 2854 5693 singulis
2883 5621 3020 5689 sola,
3049 5618 3104 5674 in
3134 5615 3382 5672 omnibus
3410 5622 3522 5669 tota

1937 5717 2264 5790 praecipitur,
2297 5718 2436 5772 hanc
2461 5718 2688 5787 quisque
2715 5732 2780 5772 eo
2812 5730 2918 5787 quo
2943 5714 2997 5770 in
3035 5714 3200 5768 Deum
3241 5719 3295 5766 et
3324 5722 3516 5764 secun-

1939 5809 2068 5868 dum
2115 5809 2284 5866 Deum
2329 5811 2592 5867 servanda
2637 5819 2723 5868 est
2759 5810 2948 5868 ordine
2991 5806 3258 5874 tenuerit,
3301 5815 3519 5859 omnem

1939 5901 2182 5974 profecto
2229 5902 2361 5975 legis
2397 5912 2455 5961 et
2481 5903 2759 5964 Evangelii
2806 5916 3103 5968 summam,
3147 5912 3266 5969 quae
3308 5911 3378 5954 ex
3420 5894 3522 5951 hac
