4096 6346
535 396 670 469 i387

1400 402 1606 462 PAULI
1645 403 1919 463 DlACONi
1957 405 2114 464 ore.
2156 403 2333 465 psus
2368 402 2440 463 ii.
2477 388 2954 464 «'Asce'rtcs.

3677 400 3815 501 tsss

812 516 1043 571 τῖιν¹σι1ιίί
1126 514 1249 569 Sol-1
1297 520 1440 573 enim
1488 518 1723 573 charitas
1766 522 1993 576 virtutes
2038 519 2453 586 iu-Amimut
2500 530 2713 593 pergat,
2759 529 2814 575 et
2861 520 3105 575 similiter
3149 530 3308 592 agere
3348 518 3583 580 studeat.

651 644 719 677 ...,
764 620 869 663 ..ηιμ
908 625 1173 679 promtu.
1205 613 1314 665 auia
1359 614 1589 682 perﬁcit,
1616 623 1676 671 ut
1704 618 1900 672 merito
1928 617 1995 672 de
2024 618 2126 672 hac

539 726 632 779 per
676 708 1010 761 l’saltnistattl
1051 708 1251 761 dictum
1308 708 1380 763 sit
1412 725 1426 765 :
1460 707 1617 764 Ibunt
1648 711 1813 765 sancti
1844 711 1908 766 de
1939 712 2126 765 virtute

534 807 587 856 in
622 811 854 856 virtutem
894 798 1068 870 (Psal.
1094 798 1343 871 Lxxxttt).
1390 801 1463 857 At
1505 817 1634 859 vero
1668 802 1794 858 dum
1837 802 2124 875 legisperiti

537 894 804 953 Dominus
849 895 1257 967 responsionem
1300 898 1585 969 approbat,
1614 908 1671 956 et
1704 899 1934 971 objectis
1975 906 2124 970 qua:-

536 989 733 1045 stionis
779 988 980 1044 nodum
1024 990 1206 1057 solvit,
1237 990 1415 1058 nobis,
1445 1005 1549 1063 qua
1588 993 1715 1049 vita
1760 1002 1977 1049 teternze
2022 993 2126 1048 iter

533 1079 685 1150 sequi
726 1080 1039 1151 debemus,
1071 1081 1330 1139 ostendit.
1389 1082 1498 1139 Sed
1530 1083 1621 1140 ille
1673 1084 1884 1140 Domini
1928 1100 1988 1140 se
2029 1098 2126 1142 ore

534 1168 813 1226 laudatum
845 1170 1052 1238 videns,
1065 1173 1300 1243 'majoris
1328 1172 1506 1229 adhuc
1536 1173 1738 1231 favoris
1781 1175 1994 1243 avidus,
2028 1176 2128 1232 ite-

537 1271 660 1321 rato
708 1277 869 1332 quem
895 1276 1052 1319 suum
1094 1266 1397 1334 proximum
1441 1265 1580 1323 scire
1618 1266 1861 1334 deberet,
1890 1268 2127 1324 interro-

534 1365 649 1432 gat,
681 1357 784 1413 hoc
813 1367 899 1414 est
924 1359 1068 1428 quod
1092 1359 1441 1432 Evangelium
1470 1362 1545 1416 ait
1570 1381 1581 1415 :
1621 1362 1723 1417 Ille
1745 1373 1919 1417 autem
1957 1364 2127 1419 volens

528 1436 820 1524 ἱαδιίβεατε
844 1451 1090 1522 “ipsum,
1112 1450 1217 1508 hoc
1253 1460 1360 1519 est,
1390 1451 1593 1522 justum
1622 1466 1676 1509 et
1705 1454 2003 1524 sapientem
2034 1467 2127 1509 os-

532 1541 782 1600 tendere.
808 1542 996 1612 Neque
1023 1543 1169 1600 enim
1195 1543 1391 1615 dignus
1414 1553 1536 1601 erat
1565 1559 1797 1602 numero
1832 1558 2025 1601 eorum
2058 1543 2128 1602 de

531 1635 731 1709 quibus
756 1648 920 1707 supra
941 1634 1010 1692 ad
1024 1635 1241 1694 Patrem
1258 1637 1473 1694 dixerat
1498 1655 1510 1691 :
1538 1636 1796 1693 Βανάααὶ
1816 1652 1876 1692 ea
1902 1636 2127 1709 parvulis

538 1730 695 1801 (Luc.
723 1731 809 1801 x),
853 1730 909 1786 id
938 1738 1057 1801 est,
1106 1732 1404 1788 mansuetis
1445 1732 1748 1803 apostolis;
1793 1731 1887 1788 sed
1914 1730 2127 1787 illorum

532 1822 714 1879 socius
753 1820 1021 1879 existebat
1076 1822 1144 1881 de
1184 1822 1385 1894 quibus
1412 1824 1491 1879 ait
1526 1842 1542 1879 :
1587 1824 1915 1879 Abscondisti
1950 1823 2062 1878 ’Ittec
2097 1838 2131 1878 a

2224 613 2435 685 quidam
2458 613 2791 667 descendebat
2813 614 2876 666 ab
2898 611 3192 667 Jerusalem
3218 614 3270 668 in
3294 613 3525 671 Iericho.
3551 618 3817 685 Quantum

2224 707 2293 761 ad
2326 707 2560 761 litteram
2594 707 2715 761 ideo
2762 706 3040 761 hominem
3085 706 3156 761 ab
3183 707 3478 765 Jerusalem
3516 709 3570 765 iu
3600 710 3819 767 Jericbo

2225 799 2573 856 descendisse
2604 808 2808 866 narrat,
2836 799 2962 869 quia
3005 794 3303 856 Jerusalem
3332 799 3385 875 in
3414 806 3701 879 montosis,
3731 803 3821 862 Je-

2222 892 2377 949 ricbo
2424 904 2551 948 vero
2598 891 2783 947 civitas
2831 891 2886 948 in
2923 891 3313 962 campestribus
3357 892 3459 951 sita
3503 903 3588 953 est
3614 913 3628 950 :
3656 906 3821 968 atque

2224 987 2350 1045 ideo
2378 989 2444 1044 de
2473 987 2766 1044 Jerusalem
2814 985 2869 1043 in
2892 974 3123 1044 'Jericbo
3157 1002 3264 1047 non
3308 988 3409 1046 nisi
3438 987 3822 1047 descendendo

2226 1078 2557 1150 pervenitur.
2588 1077 2645 1132 in
2686 1092 2790 1147 quo
2832 1076 3030 1135 itinere
3062 1076 3310 1134 ferontur
3354 1077 3593 1137 latrones
3624 1079 3680 1143 in
3711 1080 3827 1152 qui-

2220 1170 2452 1228 busdam
2498 1170 2771 1242 speluncis
2801 1183 2865 1226 ac
2904 1169 3077 1226 foveis
3127 1169 3360 1241 latitare,
3392 1181 3552 1242 atque
3599 1171 3828 1229 subinde

2227 1261 2296 1318 de
2324 1261 2725 1317 transeuntibus
2765 1260 2974 1332 pradas
3002 1276 3181 1332 agere.
3215 1262 3422 1322 Aliter:
3453 1263 3649 1320 Fertur
3672 1263 3829 1334 juxta

2226 1355 2459 1411 litteram
2500 1355 2639 1410 inter
2687 1354 2985 1411 Jerusalem
3033 1362 3089 1410 et
3138 1354 3355 1412 Jericbo
3407 1355 3600 1415 vallem
3655 1338 3830 1414 fuisse

2228 1444 2595 1515 frequentibus
2625 1447 3014 1516 permeantium
3050 1445 3535 1518 depraadationibus
3578 1456 3632 1505 et
3666 1450 3835 1507 latro-

2227 1536 2385 1591 ciniis
2412 1535 2696 1607 famosam,
2725 1550 2790 1593 eo
2822 1545 3065 1607 tempore
3092 1552 3201 1607 quo
3236 1536 3423 1593 decem
3456 1538 3625 1595 tribus
3653 1554 3686 1594 a
3722 1539 3831 1595 Da-

2228 1632 2320 1687 vid
2370 1646 2538 1703 regno
2572 1631 2903 1699 defecerant,
2934 1642 3096 1701 atque
3132 1632 3270 1687 inter
3314 1629 3555 1688 Roboam
3594 1642 3650 1690 et
3677 1629 3838 1690 Jero-

2228 1722 2389 1779 beam
2434 1724 2686 1779 intestina
2740 1724 2878 1779 bella
2927 1724 3180 1793 vigebant
3209 1720 3333 1796 (III
3368 1720 3499 1797 Reg.
3526 1725 3646 1798 xu).
3685 1726 3837 1783 Situs

2232 1820 2411 1871 autem
2439 1813 2842 1871 Jerichtmtinus
2871 1815 3131 1872 mirabilis
3160 1815 3328 1872 fuisse
3348 1831 3379 1871 a
3409 1814 3651 1872 locorum
3684 1818 3839 1874 scitis

530 1911 849 1985 sapientibus
879 1921 928 1969 et
967 1914 1322 1983 prudentibus,
1361 1915 1570 1972 Scribis
1606 1915 1810 1973 scilicet
1837 1926 1892 1971 et
1940 1914 2129 1970 anri-
2157 1902 2513 1969 Basseritur.
2548 1907 2667 1964 Fuit
2712 1909 2852 1965 enim
2887 1910 3013 1965 ttrbs
3062 1909 3153 1966 illa
3196 1909 3368 1966 instar
3409 1908 3613 1966 lunaris
3657 1909 3837 1968 hemi-

534 2005 682 2065 satis.
713 2005 853 2073 Quia
878 2020 1008 2077 ergo
1037 2007 1285 2063 laudatus
1313 2006 1490 2063 fuerat
1510 2022 1548 2062 θ
1582 2008 1828 2076 Domino,
1858 2016 1919 2063 ut
1966 2020 2128 2076 supra
2234 2007 2476 2077 sphmrii,
2501 2005 2837 2076 septemplici
2868 2021 3023 2062 muro
3050 2006 3269 2074 vallata,
3295 2006 3437 2063 unde
3465 2006 3606 2064 luna:
3636 2023 3840 2066 nomen

537 2097 743 2173 dictum
774 2107 877 2167 est,
896 2097 1041 2170 quod
1071 2099 1210 2156 bene
1240 2100 1630 2171 respondisset,
1656 2100 2132 2171 quantulacunque
2234 2099 2459 2173 accepit,
2495 2110 2616 2155 nam
2658 2099 2878 2155 Jericbo
2923 2100 3048 2153 luna
3078 2100 3487 2170 interpretatur.
3531 2097 3640 2157 Sed
3672 2098 3751 2155 ita
3777 2114 3840 2158 ea

537 2204 606 2249 ex
636 2190 741 2259 hoc
768 2198 1024 2262 percepta
1048 2191 1328 2261 iactantia,
1362 2191 1550 2247 volens
1576 2206 1637 2249 se
1681 2192 1885 2261 justum
1938 2199 2130 2246 osten-

541 2287 692 2350 dere,
718 2285 853 2341 disit
881 2285 949 2341 ad
975 2285 1265 2341 Dominum
1292 2301 1305 2338 :
1339 2284 1408 2339 Et
1434 2287 1546 2357 quis
1565 2294 1638 2341 est
1662 2301 1803 2339 meus
1826 2285 2090 2356 proximus
2107 2284 2133 2338 Γ

539 2376 748 2447 Quaerit
794 2377 895 2433 iste
936 2376 1069 2443 legis
1095 2375 1307 2441 doctor,
1338 2387 1518 2431 utrum
1544 2378 1595 2432 is
1625 2379 1715 2446 qui
1756 2374 2135 2446 consanguini-

542 2479 656 2525 tate
690 2476 919 2535 tantum,
942 2477 1034 2523 aut
1071 2468 1479 2539 propinquitate
1506 2469 1688 2525 carnis
1715 2468 1891 2524 amnis
1920 2478 2024 2537 est,
2067 2480 2136 2523 an

548 2560 733 2635 potius
760 2560 935 2617 omnis
961 2561 1129 2617 homo
1154 2561 1247 2631 qui
1272 2560 1699 2617 misericordiam
1740 2559 1896 2615 alteri
1929 2562 2137 2630 impen-

545 2654 647 2722 dit,
687 2653 961 2724 proximus
988 2652 1213 2723 intelligi
1251 2652 1466 2710 debeat.
1496 2652 1595 2708 Cui
1638 2653 1899 2707 Dominus
1928 2652 2001 2706 ita
2048 2665 2138 2707 re-

543 2745 786 2817 spondit,
809 2753 867 2800 ut
895 2758 1110 2801 omnem
1134 2744 1433 2812 hominem,
1456 2743 1546 2814 qui
1567 2743 1792 2799 alterius
1818 2743 2131 2808 miseretur,

541 2838 846 2910 proximum
894 2835 1036 2893 illius
1083 2849 1204 2893 esse
1250 2836 1506 2893 doceret:
1539 2846 1592 2892 et
1638 2844 1819 2892 tamen
1868 2835 1990 2904 quia
2022 2835 2140 2903 ipse

547 2947 643 3007 per
674 2937 1003 3003 assumptam
1052 2929 1438 2988 humanitatem
1485 2928 1763 3001 proximus
1815 2925 1973 2983 nobis
2019 2923 2140 2980 ﬁeri

545 3024 796 3095 dignatus
838 3031 944 3092 est,
987 3022 1263 3081 evidenter
1310 3021 1649 3077 ostenderet.
1692 3018 1810 3075 Jam
1853 3032 1983 3075 vero
2011 3014 2141 3088 quid

553 3116 816 3173 Dominus
864 3113 1073 3181 iecerit,
1114 3120 1505 3185 consequenter
1549 3111 1809 3182 aperitur,
1838 3122 1960 3165 cum
2010 3106 2142 3163 sub-

546 3207 727 3265 ditur:
759 3206 1062 3277 Suscipiens
1081 3213 1253 3261 unum
1281 3202 1435 3260 Jesns
1463 3203 1614 3259 dicit.
1660 3201 1894 3259 Verbum
1912 3197 2142 3267 suscipio

2241 2205 2362 2262 qua:
2388 2192 2583 2248 littera:
2613 2190 2923 2262 superﬁcies
2956 2192 3229 2263 exposcit,
3277 2192 3542 2264 tangenda
3589 2201 3756 2261 sunt,
3784 2200 3840 2251 ut

2238 2287 2434 2341 veritas
2462 2285 2730 2355 allegoria:
2755 2283 3045 2341 efﬁcaciter
3077 2284 3406 2356 requiratur,
3430 2286 3590 2356 eique
3646 2286 3842 2343 incon-

2238 2391 2396 2455 cusse
2425 2377 2707 2433 inhaereat.
2739 2376 2909 2432 Homo
2935 2392 3064 2448 ergo
3090 2378 3191 2433 iste
3220 2378 3310 2448 qui
3339 2378 3620 2435 descendit
3645 2378 3720 2435 de
3750 2377 3844 2436 Je-

2238 2469 2472 2541 rusalem
2520 2469 2575 2524 in
2622 2464 2841 2524 Jericho
2871 2476 2924 2525 et
2955 2469 3140 2524 incidit
3165 2468 3425 2538 latrones,
3474 2470 3670 2539 Adam,
3707 2472 3847 2529 etin

2240 2574 2309 2615 eo
2340 2559 2627 2615 causaliter
2672 2572 2843 2631 genus
2891 2561 3202 2629 humanum,
3226 2561 3506 2631 accipitur.
3538 2562 3846 2621 Jerusalem

2243 2661 2422 2707 autem
2451 2650 2642 2705 civitas
2664 2650 2729 2707 de
2758 2642 2860 2721 qua
2888 2650 3236 2709 descendisse
3277 2650 3527 2720 refertur,
3557 2668 3682 2724 qua:
3716 2654 3845 2709 visio

2243 2746 2385 2817 pacis
2432 2745 2855 2815 interpretatur,
2897 2744 3159 2816 signilicat
3197 2747 3472 2804 caelestem
3517 2746 3845 2815 Jerusalem,

2242 2835 2296 2892 id
2322 2842 2426 2902 est,
2454 2835 2597 2890 illam
2638 2836 3021 2891 habitationem
3062 2837 3249 2908 patriae
3283 2838 3540 2905 ctelestis,
3574 2839 3646 2894 ad
3678 2852 3847 2910 quam

2248 2927 2633 2996 perpetualiter
2682 2927 3153 2999 contemplandam
3207 2937 3370 3002 atque
3420 2931 3846 3000 possidendam,

2246 3017 2451 3087 primus
2483 3017 2643 3075 homo
2682 3032 2712 3073 a
2742 3016 2852 3075 Deo
2882 3029 3091 3076 creatus
3137 3019 3336 3077 fuerat.
3387 3025 3432 3079 Δ
3475 3020 3632 3093 cujus
3680 3023 3851 3078 felici-

2248 3114 2360 3163 tate
2386 3117 2512 3165 tunc
2533 3108 2755 3179 dedidit,
2779 3124 2900 3167 cum
2923 3108 3186 3182 superbus
3208 3127 3278 3169 ex
3311 3113 3563 3185 paradiso
3586 3119 3850 3186 expulsus

2249 3210 2353 3268 est,
2385 3211 2546 3273 atque
2572 3212 2603 3258 a
2632 3202 2841 3260 visione
2869 3203 3064 3260 divina:
3109 3206 3590 3277 contemplationis
3637 3208 3851 3264 aliena-

558 3305 771 3363 duobus
795 3273 973 3359 modis
1001 3301 1340 3373 intelligitur.
1374 3301 1674 3372 Aliquando
1705 3300 1922 3372 ponitur
1946 3312 2046 3368 pro
2073 3310 2141 3353 eo
2165 3273 2217 3340 α
2249 3300 2355 3349 tus.
2376 3292 2626 3360 Quandiu
2655 3294 2798 3351 enim
2830 3294 2883 3351 in
2933 3295 3181 3367 paradiso
3221 3273 3350 3366 fuit,
3374 3290 3430 3353 in
3471 3300 3762 3355 consortio
3796 3307 3851 3355 et

549 3397 695 3470 quod
724 3405 809 3453 est
835 3404 1078 3464 accepto,
1100 3403 1164 3451 ut
1202 3402 1287 3451 est
1324 3394 1498 3450 illud:
1534 3394 1832 3464 Suscipimus
1875 3390 2057 3445 Issum
2086 3390 2144 3443 in

550 3486 707 3542 ulnas
732 3500 853 3541 satas
884 3483 1095 3541 Simon
1120 3484 1277 3555 (an.
1297 3485 1382 3556 tt).
1400 3482 1703 3555 Aliquando
1728 3494 1860 3538 vero
1886 3479 2148 3551 signiﬁcat

551 3576 880 3647 respondeo,
909 3574 1050 3631 sicut
1079 3575 1135 3630 in
1172 3575 1427 3646 presenti
1452 3574 1573 3630 loco
1598 3588 1723 3630 cum
1748 3572 1884 3628 dicit
1917 3587 1932 3625 :
1966 3569 2145 3626 Susci-

553 3674 699 3745 piens
721 3669 896 3738 Iesus,
928 3671 983 3726 id
1022 3679 1106 3729 est
1142 3671 1496 3741 respondens,
1523 3670 1702 3727 dixit:
1734 3669 1909 3726 Homo
1933 3669 2147 3742 quidam

554 3762 884 3819 descendebat
910 3762 976 3819 ab
1004 3760 1290 3819 Jerusalem
1330 3764 1386 3817 in
1409 3763 1639 3832 Iericho,
1667 3771 1717 3819 et
1750 3762 1936 3817 incidit
1974 3761 2033 3815 in
2064 3760 2149 3814 lu-

560 3863 751 3910 trones.
780 3854 1149 3927 lnterrogante
1185 3855 1494 3926 legisperito
1535 3855 1822 3913 Dominum
1850 3854 1971 3925 quis
2002 3859 2150 3910 esset

559 3949 678 4017 ejus
705 3947 1000 4017 proximus,
1030 3948 1284 4019 proponit
1309 3948 1385 4004 illi
1417 3948 1681 4005 Dominus
1708 3946 2016 4018 paraboiam
2049 3945 2151 4000 bo-

563 4038 725 4093 ntinis
748 4037 1128 4095 descendentis
1137 4039 1207 4095 de
1224 4039 1523 4097 Jerusalem
1541 4040 1594 4095 in
1611 4038 1830 4096 Jericho
1849 4038 2145 4105 civitatem,

558 4129 647 4199 qui
677 4128 747 4183 sit
774 4142 803 4182 a
829 4127 1123 4185 latronibus
1163 4129 1217 4185 in
1251 4129 1441 4187 itinere
1475 4129 1802 4201 despoliatus
1838 4135 2004 4197 atque
2026 4126 2150 4182 vol-

559 4227 801 4288 neratus,
827 4233 983 4290 quem
1030 4219 1191 4276 levita
1227 4229 1282 4276 et
1306 4221 1560 4278 sacerdos
1589 4222 1681 4292 qui
1718 4229 1873 4277 erant
1898 4233 1964 4276 ex
1991 4225 2150 4289 gente

562 4310 755 4383 ipsius,
800 4311 1134 4369 invenientes
1174 4315 1634 4381 pertransierunt,
1680 4328 1781 4371 nec
1810 4313 1888 4370 illi
1931 4312 2146 4369 miseri-

564 4408 801 4464 cordiam
848 4407 1160 4478 impendere
1204 4411 1543 4467 studueram.
1594 4408 1919 4465 Praeterieris
1964 4416 2148 4463 autem

560 4501 929 4557 Samaritanus
958 4502 1192 4571 quidam,
1219 4503 1311 4573 qui
1354 4503 1530 4574 gentis
1559 4511 1674 4559 erat
1702 4501 1953 4569 alterius,
1986 4499 2152 4554 mise-

2251 3385 2509 3442 societate
2566 3387 2884 3457 angelorum
2933 3400 3032 3459 per
3074 3388 3268 3446 mentis
3326 3391 3850 3464 contemplationem

2259 3476 2474 3533 mansit.
2503 3478 2575 3535 At
2604 3477 2717 3546 ubi,
2751 3480 3021 3550 serpentis
3053 3480 3397 3552 persuasione
3422 3489 3629 3550 motus,
3662 3493 3853 3541 contra

2251 3567 2567 3625 Creatorem
2608 3570 2933 3641 superbivit,
2961 3572 3142 3628 statim
3172 3586 3205 3630 a
3252 3573 3499 3643 paradiso
3536 3574 3708 3630 simul
3738 3584 3799 3632 et
3820 3588 3854 3631 a

2253 3661 2711 3731 contemplatione
2738 3666 2822 3719 sui
2844 3662 3152 3722 Conditoris
3179 3656 3399 3725 decidit.
3433 3664 3503 3723 Et
3531 3666 3640 3724 hoc
3677 3668 3852 3740 signi-

2252 3755 2378 3812 ﬂcat
2406 3769 2646 3826 praesens
2668 3757 2941 3826 parabola,
2970 3773 3086 3831 qua:
3109 3767 3294 3816 narrat
3314 3758 3593 3818 hominem
3621 3761 3856 3819 descen-

2252 3849 2399 3906 disse
2428 3850 2496 3907 de
2524 3845 2855 3921 Jerusalem,
2894 3853 3048 3924 cujus
3085 3856 3306 3914 nomine
3336 3856 3594 3914 videlicet
3630 3857 3853 3915 Jerusa-

2253 3942 2380 4008 lem,
2411 3942 2723 4013 designatur
2767 3944 2858 4000 iila
2890 3944 3165 4003 beatitudo
3212 3949 3401 4020 patria:
3432 3950 3702 4008 ctelestis.
3733 3952 3853 4021 Quo

2255 4047 2386 4090 vero
2414 4034 2674 4092 decidet-it
2705 4036 2796 4094 ille
2842 4040 3043 4108 primus
3073 4055 3268 4113 parens
3310 4050 3520 4113 noster,
3562 4056 3853 4118 postquam

2252 4142 2284 4185 a
2320 4131 2781 4202 'cOntemplatione
2810 4134 3046 4192 cmlestis
3072 4134 3372 4195 Jerusalem
3417 4138 3687 4198 alienatus
3731 4149 3853 4208 est,

2253 4221 2559 4278 manifestat
2594 4224 2847 4281 Dominus
2888 4240 3010 4282 cum
3038 4225 3201 4295 addit,
3234 4228 3287 4283 iu
3316 4228 3560 4298 Jericho,
3592 4231 3702 4289 hoc
3741 4236 3848 4297 est,

2254 4313 2307 4369 in
2336 4312 2474 4369 hanc
2497 4318 2659 4370 vitam
2688 4316 2991 4385 mortalem,
3019 4317 3295 4375 laboribus
3318 4328 3373 4376 et
3400 4306 3713 4375 defectibus
3736 4320 3849 4389 ple-

2255 4420 2401 4477 nam,
2442 4407 2502 4462 in
2532 4420 2691 4479 quam
2738 4412 2937 4466 merito
2966 4408 3346 4467 inobedientiat
3387 4394 3580 4465 infelix
3614 4412 3854 4467 humana

2255 4490 2551 4557 mortaiitas
2618 4502 2845 4572 expulsa
2930 4499 3299 4573 gravissimam
3364 4505 3853 4576 praesumptionem

558 4593 789 4648 ricordia
819 4602 996 4649 motus
1042 4594 1280 4664 alligavit
1308 4597 1527 4649 vulnera
1558 4594 1697 4664 ejus,
1747 4602 1802 4650 et
1855 4593 2144 4661 imponens
2175 4643 2228 4665 ﬁ
2253 4591 2518 4661 superbiae
2562 4602 2815 4662 perpetuo
2859 4590 3021 4647 deﬁet
3049 4588 3260 4651 exsilio.
3294 4582 3419 4649 Haec
3448 4595 3556 4650 vita
3606 4611 3853 4665 prasens

560 4682 712 4740 illum
736 4684 794 4743 in
818 4681 1119 4757 jumentum
1164 4699 1353 4753 suum,
1385 4686 1535 4741 duxit
1564 4685 1620 4741 iu
1649 4685 1919 4741 stabulum
1964 4697 2144 4753 suum,

560 4775 666 4833 hoc
698 4785 805 4844 est,
834 4775 903 4831 ad
944 4775 1235 4846 hospitium
1269 4792 1445 4843 suum,
1475 4788 1531 4833 et
1567 4792 1752 4834 curam
1798 4778 1941 4833 illius
1984 4778 2149 4848 ccepit

562 4868 781 4925 habere.
813 4869 1070 4938 Sequenti
1098 4879 1279 4925 autem
1304 4871 1394 4925 die
1438 4871 1574 4926 dans
1603 4869 1923 4935 stabulario,
1954 4868 2147 4925 videli-

562 4971 649 5018 cet
682 4961 879 5032 hospiti
910 4976 1027 5027 suo,
1058 4962 1196 5017 duos
1224 4962 1497 5028 denarios,
1530 4964 1719 5031 petivit
1748 4970 1807 5017 ut
1850 4975 2036 5017 curam
2083 4961 2153 5018 il-

568 5052 668 5105 lius
700 5052 944 5117 haberet,
979 5052 1299 5121 promittens
1345 5054 1399 5107 in
1430 5053 1707 5108 redeundo
1736 5053 2041 5109 mercedem
2072 5052 2152 5109 illi

565 5140 973 5197 resutuentlam.
1018 5142 1138 5209 Qua
1194 5143 1791 5214 proposita‘paraboia,
1853 5146 2152 5217 interrogat

569 5233 823 5288 Dominus
851 5232 1128 5289 doctorem
1176 5234 1329 5305 legis,
1359 5235 1480 5304 quis
1528 5234 1718 5291 horum
1768 5236 1931 5293 trium
1983 5236 2153 5293 fuerit

569 5324 846 5392 proximus
882 5323 962 5378 illi
1008 5324 1099 5395 qui
1144 5324 1319 5382 fuerat
1367 5326 1720 5384 vulneratus:
1750 5337 1931 5385 utrum
1964 5329 2152 5398 levita,

567 5414 654 5468 vel
699 5413 976 5484 sacerdos,
1006 5416 1096 5485 qui
1136 5431 1201 5472 ex
1240 5417 1430 5473 eadem
1479 5427 1661 5491 gente,
1695 5421 1801 5477 imo
1844 5434 1914 5477 es
1959 5419 2151 5477 eadem

568 5504 783 5561 civitate
830 5514 1019 5578 erant,
1047 5515 1103 5563 et
1148 5507 1573 5567 misericordiam
1623 5526 1730 5567 non
1780 5511 2049 5581 iecerunt,
2083 5526 2154 5569 an

572 5600 749 5669 potius
778 5602 1149 5661 Samaritanus
1177 5603 1474 5675 alienigena
1500 5607 1593 5677 qui
1625 5606 1675 5661 ei
1704 5606 1964 5676 impendit
1990 5608 2157 5663 mise-

573 5692 883 5751 ricordiam.
909 5698 977 5753 Et
1000 5714 1067 5753 ex
1096 5700 1448 5770 responsione
1469 5701 1671 5758 Scriba
1699 5711 1941 5772 patenter
1960 5716 2156 5773 appro-

2175 4643 2230 4708 D

2253 4684 2469 4739 nomine
2497 4681 2716 4739 Jericho
2740 4682 3067 4755 designatur.
3096 4684 3158 4739 Et
3180 4693 3327 4740 recte
3358 4700 3453 4755 per
3486 4685 3710 4742 Jericbo
3736 4700 3856 4757 qua

2248 4774 2628 4846 interpretatur
2658 4775 2799 4844 luna,
2830 4775 3068 4830 delectus
3098 4782 3294 4831 nostra:
3323 4768 3513 4831 mortis
3564 4776 3857 4847 ﬁguratur,

2250 4880 2370 4925 cum
2394 4870 2541 4924 “sicut
2570 4870 2795 4939 singulis
2829 4870 3100 4931 mensibus
3133 4869 3258 4925 luna
3290 4871 3614 4926 decrescens
3648 4872 3858 4937 deﬁcit,

2252 4961 2325 5017 ita
2363 4960 2473 5016 vita
2503 4970 2701 5017 nosme
2745 4959 3091 5015 mortalitatis
3119 4959 3344 5031 singulis
3391 4962 3692 5021 momentis
3718 4962 3861 5017 deii-

2253 5054 2424 5119 ciens,
2450 5052 2693 5123 quotidie
2723 5052 3011 5109 evanescit.
3043 5051 3218 5108 ilomo
3246 5046 3374 5124 ergo
3413 5053 3514 5109 iste
3546 5062 3677 5108 tunc
3705 5068 3737 5108 a
3765 5052 3858 5109 Je-

2255 5146 2488 5201 rusalem
2516 5144 2796 5201 deacendit
2820 5149 2873 5200 in
2898 5144 3136 5216 Jc‘richo,
3161 5138 3374 5218 quando
3397 5156 3596 5217 parens
3628 5149 3859 5204 humani

2255 5237 2487 5310 generis,
2518 5238 2575 5293 in
2609 5242 2716 5308 quo
2743 5248 2929 5294 omnes
2956 5235 3181 5308 fuimus,
3215 5237 3484 5310 peccando
3511 5238 3580 5295 ab
3611 5239 3725 5294 illis
3754 5240 3861 5307 im-

2257 5330 2576 5388 mortalibus
2624 5330 2848 5388 sedibus
2890 5331 3125 5403 paradisi
3178 5326 3246 5387 ad
3296 5328 3434 5388 hanc
3478 5334 3773 5413 mortalem
3804 5345 3863 5389 et

2257 5438 2620 5482 aerumnarum
2654 5426 2864 5495 plenam
2916 5425 3201 5482 devolutus
3231 5422 3313 5483 est
3342 5410 3527 5481 vitam.
3553 5425 3626 5481 Et
3672 5410 3859 5481 incidit

2260 5518 2317 5572 in
2360 5520 2606 5574 latrones.
2642 5520 2748 5575 Sed
2779 5519 3055 5576 videamus
3088 5520 3175 5591 qui
3213 5504 3319 5576 sint
3366 5520 3606 5576 latrones
3634 5520 3687 5575 in
3718 5535 3861 5590 quos

2263 5613 2468 5683 primus
2502 5613 2664 5668 homo
2690 5614 2901 5681 incidit,
2933 5616 3016 5669 vel
3041 5613 3310 5686 qucrnodo
3331 5613 3400 5671 ab
3421 5606 3500 5669 eis
3521 5610 3860 5681 deSpoliatns

2264 5713 2422 5773 atque
2450 5705 2761 5762 vulneratus
2805 5706 3099 5761 semivivus
3129 5706 3381 5763 evaserit.
3422 5706 3695 5763 Latrones
3719 5703 3857 5758 olim

573 5786 666 5841 bat
710 5790 907 5849 nullum
939 5794 1093 5850 nobis
1132 5796 1359 5865 amplius
1403 5797 1705 5868 proximum
1740 5812 1861 5854 esse
1890 5810 2049 5867 quam
2093 5797 2159 5852 ii-
2268 5796 2587 5854 dicebantnr
2620 5813 2755 5869 quos
2801 5799 2963 5856 modo
2995 5801 3253 5857 satellites
3282 5814 3561 5865 vocamus,
3590 5795 3730 5873 quod
3762 5811 3855 5850 re-

575 5878 685 5936 lum
725 5884 817 5952 qui
863 5890 1033 5943 nostri
1079 5890 1383 5963 miseretur,
1416 5902 1473 5951 et
1519 5896 1608 5951 cui
1660 5894 1970 5964 prmeipitur
1996 5906 2026 5947 a
2054 5890 2159 5949 Do-

1089 6013 1133 6038 Φ

2268 5907 2391 5963 gum
2416 5902 2655 5951 astarent
2684 5894 2959 5953 lateribus.
2982 5894 3087 5953 Sed
3117 5888 3276 5955 modo
3301 5894 3534 5953 latrones
3554 5907 3587 5948 a
3609 5890 3851 5959 latendo.
