4096 6346
279 401 418 465 i389

1276 392 1753 456 HOMILIARIUS.
1798 378 1868 440 '—
1909 386 2069 453 non.
2116 393 2203 453 ne
2242 392 2590 454 TEMPORE.

3425 403 3562 463 Hi0

282 523 565 598 praedones
602 512 657 575 et
697 512 842 572 fures
885 513 1219 571 consuetudo
1270 516 1497 572 obtinuit
1549 515 1866 587 nuneupari.
1897 520 2060 580 Acus
2092 517 2279 584 locum,
2311 526 2358 571 et
2406 517 2589 570 videret
2638 528 2774 582 eum,
2816 514 3129 587 pertransiit.
3179 517 3282 575 Per
3312 523 3566 577 εδει-Μω-

283 616 386 672 Per
412 614 645 670 latrones
667 610 754 681 qui
785 624 813 663 a
850 608 1053 664 latendo
1076 608 1203 663 dicti
1227 618 1370 674 sunt,
1401 608 1621 679 maligni
1651 608 1872 677 Spiritus

283 703 675 775 intelliguntur,
703 701 792 773 qui
820 702 1057 755 latrones
1079 699 1350 765 dicuntur,
1374 701 1516 770 quod
1548 714 1614 755 eo
1645 700 1872 770 nequius

282 810 392 868 quo
432 794 693 851 occultius
720 792 976 849 sariunt.
1005 792 1060 848 Si
1101 793 1245 847 enim
1298 792 1730 860 providerentur,
1766 792 1873 848 ior-

284 886 443 942 tassis
471 880 805 955 aliquatenus
831 892 1169 939 caverentnr.
1202 884 1305 937 Pro
1337 898 1399 937 eo
1438 884 1579 938 enim
1612 883 1751 953 quod
1786 885 1875 939 in-

283 970 523 1037 visibiles
550 978 697 1046 ’sunt,
730 978 833 1035 iter
863 987 1104 1034 nostrum
1142 979 1367 1034 latenter
1398 978 1661 1033 obsident.
1692 978 1744 1032 In
1779 980 1874 1034 hos

286 1069 523 1127 latrones
553 1070 715 1127 homo
762 1069 883 1126 ideo
915 1070 1120 1137 incidit,
1155 1072 1277 1140 quia
1311 1070 1608 1125 descendit.
1644 1070 1877 1125 Descen-

284 1179 379 1221 sus
404 1174 581 1221 autem
604 1160 696 1220 hic
729 1180 833 1220 non
866 1164 1003 1219 alius
1030 1180 1189 1231 quam
1237 1165 1484 1235 superbia
1535 1165 1869 1235 intelligitur,

285 1256 354 1311 de
382 1271 482 1327 qua
508 1256 762 1311 Dominus
777 1256 887 1309 ait:
919 1246 1020 1321 Qui
1042 1272 1094 1310 se
1113 1257 1369 1324 humiliat,
1394 1258 1702 1312 exaltabitur
1721 1258 1874 1329 (Luc.

284 1349 459 1418 xvnt).
491 1346 606 1402 Nisi
634 1362 764 1418 ergo
810 1346 1174 1418 superbiendo
1204 1347 1593 1414 descendisset,
1626 1349 1680 1403 in
1710 1350 1877 1405 latro-

286 1454 384 1495 nes
416 1454 519 1493 non
548 1434 846 1506 incidisset,
877 1439 1000 1509 quia
1047 1438 1279 1509 primum
1312 1441 1363 1493 in
1408 1456 1466 1494 se
1496 1440 1780 1509 superbus,
1814 1455 1877 1495 ac

286 1530 481 1587 deinde
506 1538 763 1595 tentatus,
790 1529 1039 1585 hostibus
1090 1534 1274 1586 cessit.
1320 1532 1591 1599 Scriptum
1640 1546 1877 1601 namque

285 1630 369 1679 est
398 1641 409 1676 :
439 1622 570 1677 Ante
611 1623 815 1677 ruinam
852 1624 1111 1678 exaltatur
1153 1639 1261 1694 cor,
1292 1635 1338 1679 et
1371 1636 1485 1679 ante
1523 1626 1741 1698 gloriam
1783 1627 1881 1679 liu-

286 1716 517 1771 miliatur
562 1712 746 1789 (Prov.
775 1716 911 1783 tm).
940 1714 1086 1773 Bene
1115 1727 1292 1774 autem
1323 1720 1469 1788 prius
1518 1714 1877 1788 descendisse,

287 1814 342 1865 et
386 1809 578 1865 deinde
607 1810 660 1865 in
703 1808 943 1865 latrones
989 1809 1280 1870 incurrisse
1326 1812 1537 1867 dicitur.
1571 1811 1687 1868 iam
1736 1814 1881 1869 enim

1975 614 2079 658 tem
2105 614 2157 659 et
2183 606 2395 661 levitam
2427 607 2513 674 qui
2546 606 2790 675 inspecto
2820 606 3000 662 saucio
3030 610 3377 678 transierunt,
3404 614 3565 683 signi-

1972 697 2160 753 iicatur
2202 699 2286 755 lex
2330 696 2534 754 Veteris
2586 697 2915 755 Tcstamenti
2959 709 3012 755 et
3061 700 3414 758 Sacerdotium
3461 704 3568 761 Ju-

1974 790 2244 857 dteorum,
2287 792 2426 861 quod
2455 791 2686 847 maxime
2729 788 2994 862 quondam
3027 792 3079 847 in
3114 794 3483 851 sacerdotibus
3512 804 3568 869 et

1975 883 2149 939 levitis
2182 885 2417 940 emicuit.
2469 882 2565 939 Vel
2594 891 2652 940 ut
2682 883 2985 940 distinctius
3017 885 3323 957 loquamur,
3355 902 3450 960 per
3477 903 3568 945 sa-

1976 978 2245 1033 cerdotem
2298 977 2509 1048 quidem
2571 982 2746 1033 Aaron
2802 979 3056 1034 sacerdos
3102 992 3223 1035 cum
3278 980 3423 1036 omni
3472 996 3568 1039 sua

1978 1071 2258 1139 progenie,
2292 1084 2382 1139 per
2434 1070 2650 1125 levitatn
2705 1086 2832 1126 vero
2881 1071 3093 1143 Moyses
3149 1070 3397 1129 similiter
3444 1060 3567 1149 cum

1980 1168 2073 1216 Sua
2117 1163 2455 1218 successione
2485 1163 2816 1234 intelligitur.
2858 1164 2959 1231 Qui
2990 1164 3153 1221 levita
3196 1150 3406 1221 idcirco
3436 1158 3569 1221 di'ci-

1984 1266 2087 1325 tur,
2120 1258 2259 1327 qimd
2298 1257 2429 1329 legis
2468 1258 2632 1312 fuerit
2671 1258 3091 1314 administrator.
3143 1259 3243 1326 Qui
3271 1248 3457 1315 eadem
3487 1261 3571 1315 via

1981 1347 2406 1417 descenderunt,
2440 1352 2560 1422 quia
2595 1365 2695 1405 una
2727 1365 2829 1420 qua
2870 1359 2924 1405 et
2949 1362 3135 1427 omnes
3164 1353 3353 1407 mortis
3385 1351 3572 1408 condi-

1984 1438 2130 1496 tione
2174 1456 2266 1508 per
2297 1441 2399 1496 iter
2442 1442 2623 1497 smculi
2671 1442 3041 1498 deCurrerunt.
3076 1432 3189 1497 Sed
3222 1440 3338 1498 viso
3367 1436 3573 1511 ‘saueio,

1984 1532 2103 1589 sine
2132 1535 2287 1590 ullius
2317 1535 2542 1590 remedii
2572 1534 2763 1591 effectu
2788 1526 3236 1606 pertransier‘unt,
3263 1536 3387 1608 quia
3416 1532 3573 1595 vetus

1986 1628 2077 1685 illa
2137 1630 2223 1685 lex
2276 1638 2330 1685 et
2384 1631 2741 1685 sacerdotium
2793 1640 3008 1700 peccata
3058 1629 3273 1700 quidem
3328 1614 3577 1687 valebant

1989 1728 2191 1776 tantum
2224 1720 2525 1791 ostendere,
2558 1720 2650 1779 sed
2692 1722 2960 1778 neminem
2984 1712 3021 1777 ‘a
3046 1724 3271 1793 peccato
3322 1716 3575 1780 liberare.

1990 1813 2334 1869 Pec‘catorum
2369 1816 2511 1870 enim
2542 1816 2764 1870 vulnera
2792 1824 2889 1885 per
2930 1814 3109 1888 legem
3139 1826 3192 1872 et
3217 1806 3575 1870 sacerdotium

286 1894 512 1958 interius
562 1912 687 1958 ante
748 1902 841 1958 Dei
900 1903 1084 1960 oculos
1129 1918 1224 1973 per
1282 1905 1585 1975 superbiam
1654 1914 1871 1974 ruerat,
1906 1896 1954 1960 Β
1985 1905 2290 1962 Judaeorum
2338 1916 2542 1962 tantum
2592 1902 2881 1963 monstrati
2923 1910 3338 1975 p‘oterant,non
3394 1908 3573 1962 autem

283 1994 503 2067 Quando
547 2008 669 2051 eum
721 1995 821 2051 sibi
868 1995 1039 2053 hostis
1086 1998 1343 2052 tentando
1384 1999 1511 2055 foris
1561 2006 1667 2054 tam
1721 1998 1875 2065 facile

284 2091 578 2146 eternebat.
605 2091 718 2159 Qua
751 2088 818 2146 de
842 2098 902 2155 re
939 2090 1132 2161 conjici
1172 2091 1327 2147 datur
1369 2092 1638 2148 neminem
1688 2107 1877 2164 sugge-

286 2174 464 2239 8tione
506 2183 769 2238 malorum
815 2182 1129 2254 spirituum,
1185 2183 1285 2238 nisi
1327 2184 1593 2239 volentem
1633 2194 1687 2240 et
1734 2185 1879 2240 ultro

282 2262 530 2330 tentandi
551 2276 863 2333 occasiones
886 2286 1247 2351 appetentem,
1272 2276 1337 2332 ad
1364 2278 1689 2348 peccandum
1720 2292 1878 2346 posse

286 2362 506 2437 impelli.
539 2366 639 2434 Qui
663 2356 817 2423 etiam
849 2367 1194 2441 spoliaverunt
1219 2386 1351 2435 crint,
1380 2371 1596 2441 quando
1626 2371 1775 2426 hunc
1806 2371 1882 2425 in-

286 2454 474 2515 dutum
504 2458 595 2515 illa
642 2458 1061 2517 immortalitatis
1091 2470 1144 2517 et
1175 2461 1497 2517 innocentiae
1527 2471 1681 2518 veste
1710 2462 1880 2517 nuda-

286 2559 501 2616 verunt,
530 2550 584 2606 et
616 2565 681 2606 ex
714 2551 881 2621 iustis
921 2562 977 2609 et
1016 2552 1410 2607 immortalibus
1461 2563 1773 2623 peccatores
1814 2568 1878 2608 ac

284 2644 547 2699 mortales
592 2642 852 2701 fecerunt.
905 2640 1019 2701 Nisi
1063 2646 1207 2701 enim
1260 2645 1619 2716 superbiendo
1670 2648 1875 2716 primus

282 2742 485 2807 parens
514 2726 698 2795 noster
743 2734 913 2794 Adam
946 2750 1241 2812 peccasset,
1272 2740 1589 2796 immortalis
1621 2756 1875 2811 perman-

288 2818 470 2884 Sisset.
522 2820 639 2886 Hoc
686 2830 828 2887 enim
877 2833 1070 2888 merito
1112 2831 1446 2901 designatum
1487 2844 1566 2889 est
1609 2849 1706 2905 per
1752 2828 1875 2889 folia

280 2918 424 2977 ﬁcus
475 2924 671 2993 quibus
722 2925 967 2995 pudenda
1026 2934 1307 2993 texerunt,
1355 2930 1619 3000 asperitas
1674 2931 1879 2985 scilicet

282 3010 654 3081 peccatorum,
686 3023 741 3070 et
770 3017 1001 3084 pruritus
1030 3014 1233 3071 illicitae
1264 3016 1545 3087 voluptatis
1583 3017 1742 3085 (Gen.
1771 3021 1874 3088 ιιι).

285 3105 394 3162 Sed
423 3115 477 3162 et
518 3108 572 3163 in
605 3110 847 3164 vestibus
884 3109 1124 3180 pelliceis
1152 3108 1388 3166 conditio
1430 3111 1767 3185 prmligurata
1796 3121 1879 3168 est

282 3194 657 3273 mortalitatis.
696 3196 822 3258 Haec
854 3211 939 3258 est
962 3202 1109 3259 ’enim
1138 3204 1229 3259 illa
1270 3206 1405 3259 stola
1434 3221 1589 3275 quam
1622 3206 1878 3279 prodigus

287 3289 433 3345 ﬁlius
479 3294 719 3365 recipere
761 3300 955 3351 meruit
1001 3297 1067 3351 ad
1118 3300 1368 3367 pietatem
1417 3302 1580 3370 patris
1627 3316 1877 3357 reversus

280 3380 442 3453 (Luc.
473 3386 590 3456 ιν).
618 3384 687 3439 Et
717 3387 882 3459 plagis
910 3386 1163 3458 impositis
1194 3391 1445 3447 abierunt.
1477 3393 1613 3462 Quid
1659 3397 1877 3451 vulnera

284 3478 591 3549 plagarum,
640 3481 743 3534 nisi
802 3476 1018 3537 inﬂicta:
1073 3484 1449 3555 correptiones
1502 3487 1879 3560 intelliguntur

278 3571 675 3643 peccatorum?
718 3570 869 3628 Sicut
912 3575 1053 3629 enim
1082 3572 1250 3646 plagis
1294 3578 1420 3631 caro
1467 3578 1760 3647 sauciatur,
1804 3579 1878 3633 ita

278 3652 523 3731 p'cc’catis
550 3665 723 3717 anima
755 3673 1087 3721 cruentatur.
1116 3664 1275 3733 Quod
1316 3664 1531 3723 intuens
1568 3667 1874 3735 Psalmista,

275 3744 453 3809 ﬂebili
494 3752 881 3826 lacrymatione
926 3762 1275 3830 semetipsum
1324 3760 1598 3830 deplorat,
1645 3761 1873 3817 dicens:

278 3840 510 3899 ‘Peccata
552 3862 665 3899 mea
711 3849 836 3902 sicut
878 3851 1077 3921 sagitta:
1118 3846 1283 3921 inﬁxa
1324 3862 1440 3905 sunt
1481 3851 1535 3905 in
1575 3869 1653 3905 me
1688 3849 1875 3924 (Psal.

275 3924 521 4007 inv“),
565 3948 711 3993 tanto
750 3936 930 4011 utique
969 3930 1217 4011 nequius,
1247 3944 1446 4013 quanto
1476 3958 1571 4013 per
1608 3945 1721 3998 haec
1763 3944 1878 3998 ani-

284 4045 410 4099 mm,
444 4048 548 4089 non
576 4037 815 4105 corporis
846 4038 952 4091 vita
993 4036 1327 4093 subducitur.
1368 4036 1541 4108 Plagis
1582 4036 1741 4108 igitur
1770 4035 1875 4091 im—

274 4124 497 4197 ‘positis,
538 4129 587 4183 id
630 4139 732 4196 est,
765 4134 997 4200 peccatis
1034 4132 1320 4187 cumulatis
1359 4128 1558 4187 abiisse
1603 4132 1872 4199 dicuntur,

280 4230 395 4275 non
453 4238 559 4294 quo
616 4226 684 4280 ab
726 4225 1006 4281 hominum
1080 4227 1479 4296 impugnatione
1537 4225 1875 4297 aliquatenus

280 4318 538 4381 'c‘essen't,
585 4317 679 4372 sed
733 4319 874 4387 ipsas
923 4334 1048 4374 suas
1086 4319 1305 4374 ‘iraudes
1353 4327 1408 4375 et
1461 4319 1726 4389 nequitias
1764 4320 1875 4389 Spi-

287 4407 511 4463 rituaies
580 4407 803 4476 callide,
852 4425 920 4465 ne
983 4411 1157 4465 caveri
1229 4402 1333 4465 vel'
1383 4410 1711 4481 deprehendi
1784 4426 1876 4464 va-

280 4498 465 4566 i‘eant,
512 4502 852 4559 occultando.
912 4502 1161 4558 Semivivo
1214 4504 1411 4560 relicto.
1468 4505 1543 4559 Ex
1591 4520 1651 4559 ea
1729 4515 1875 4575 parte

286 4604 389 4661 qua
434 4594 593 4648 homo
640 4592 810 4649 Deum
851 4609 1176 4664 cognoscere
1220 4605 1422 4667 potest,
1472 4597 1632 4663 vivit,
1677 4606 1742 4653 ex
1774 4604 1875 4668 qua

278 4692 418 4741 “Vero
501 4686 775 4757 peccando
854 4686 1025 4743 Deum
1102 4687 1361 4755 offendit,
1437 4699 1677 4745 mortuus
1754 4706 1874 4747 esse

276 4776 567 4850 probatur,
598 4780 735 4835 sicut
783 4780 973 4852 legitur
998 4798 1012 4837 :
1040 4783 1223 4837 Anima
1266 4792 1377 4854 quae
1422 4784 1721 4853 peccauerit,
1754 4783 1871 4851 ipsa

266 4871 535 4929 .i‘morietur
579 4871 791 4942 (Ezech.
826 4870 996 4944 xvnt).
1048 4875 1199 4931 Licet
1242 4876 1518 4932 meliorem
1560 4878 1610 4931 in
1664 4877 1879 4932 homine

282 4970 492 5033 partem
529 4963 623 5034 (id
646 4974 732 5020 est
760 4966 1035 5038 animam)
1066 4962 1397 5035 occiderunt,
1434 4984 1769 5040 nequaquam
1804 4979 1881 5023 ta-

278 5046 407 5111 in’en
436 5056 486 5111 ei
511 5056 738 5113 rationis
756 5066 811 5113 et
829 5056 1029 5114 divinae
1053 5059 1300 5132 imaginis
1322 5060 1634 5131 dignitatem
1666 5061 1879 5116 auferre

278 5148 595 5217 lpotuerunt.
640 5148 701 5205 in
742 5162 998 5222 quantum
1044 5153 1186 5208 enim
1216 5152 1377 5208 homo
1408 5157 1639 5223 peccatis
1686 5160 1873 5207 conta-

282 5228 488 5309 bescit,
542 5242 791 5299 moritur.
830 5245 1113 5313 Quantum
1166 5260 1292 5301 vero
1342 5246 1556 5300 ratione
1604 5247 1771 5315 viget,
1820 5253 1874 5301 et

276 5340 559 5390 unctorem
606 5348 763 5392 suum
810 5337 1107 5408 cognoscit,
1142 5351 1249 5393 non
1279 5347 1541 5406 mortuus,
1583 5338 1677 5395 sed
1723 5336 1877 5394 vivus

278 5420 532 5486 habetur.
560 5424 825 5489 Latrones
863 5448 1011 5505 ergo,
1043 5433 1097 5488 id
1124 5443 1207 5490 est
1234 5432 1526 5499 daemones,
1558 5424 1876 5490 semivivum

274 5516 559 5581 hominem
592 5527 957 5598 reliquerunt,
992 5528 1113 5599 quia
1144 5527 1531 5584 beatitudinem
1564 5529 1779 5598 quidem
1812 5527 1879 5584 ab

278 5610 348 5672 eo
378 5616 794 5677 im'mOrtalitatis
838 5621 1097 5688 tulerunt,
1144 5622 1237 5678 sed
1272 5622 1530 5677 rationem
1562 5621 1725 5676 animi
1756 5634 1876 5691 qua:

274 5700 452 5765 ficum
485 5726 645 5770 nosse
675 5720 873 5783 potest,
905 5715 1117 5771 auferre
1140 5702 1362 5771 minime
1395 5718 1701 5785 potuerunt.
1730 5716 1876 5769 Acci-

272 5798 547 5860 Zﬁtaatem
587 5817 642 5862 ut
678 5811 914 5866 sacerdos
943 5798 1153 5880 quidarii
1186 5802 1513 5865 descenderet
1563 5814 1739 5865 eadem
1768 5811 1871 5880 via,

268 5887 326 5953 iet
350 5890 580 5956 visolitto
606 5892 904 5971 praeripit.
953 5902 1200 5961 Similiter
1225 5896 1275 5963 ei
1304 5903 1454 5961 (edita
1481 5920 1596 5959 cum
1627 5915 1751 5960 esset
1793 5921 1873 5960 se-
1913 5898 1920 5904 ’

1981 1999 2176 2053 curari.
2212 1996 2279 2053 Ut
2308 1997 2451 2053 enim
2498 1999 2783 2067 Apostolus
2812 1999 2923 2053 ait:
2953 1994 3278 2070 Impassibite
3304 1998 3421 2054 erat
3448 2010 3573 2051 san-

1980 2087 2134 2159 guine
2160 2086 2439 2143 brutorum
2471 2086 2779 2143 animalium
2809 2089 3004 2159 auferri
3034 2097 3237 2157 peccata
3270 2085 3463 2158 (Hebr.
3492 2085 3574 2159 χ),

1982 2178 2155 2236 donec
2205 2178 2414 2236 veniret
2472 2179 2599 2235 illud
2652 2180 2923 2251 singulare
2958 2178 3284 2236 sacriﬁcium
3330 2179 3472 2250 quod
3521 2183 3572 2235 in

1982 2285 2140 2347 cruce
2170 2270 2405 2327 oblatum
2441 2280 2652 2340 peccata
2692 2272 2877 2328 mundi
2918 2266 3163 2330 extersit.
3210 2271 3370 2328 Unde
3401 2273 3578 2344 sequi-

1980 2372 2070 2419 tur
2090 2383 2102 2418 ;
2124 2363 2669 2433 Samaritanusautem
2685 2366 2916 2436 quidam,
2933 2368 3025 2420 iter
3046 2356 3263 2439 faciens,
3282 2360 3415 2420 venit
3432 2376 3575 2422 secu‘s

1979 2470 2117 2510 eum.
2167 2452 2495 2511 Samaritani
2546 2472 2652 2512 non
2678 2466 2835 2514 erant
2884 2456 2951 2512 de
2996 2456 3195 2526 populo
3239 2448 3571 2524 Judreorum,

1981 2550 2073 2605 sed
2108 2548 2420 2618 alienigena:
2444 2551 2623 2619 potius
2650 2560 2705 2605 et
2734 2548 2892 2605 idolis
2920 2550 3235 2605 servientes.
3265 2547 3398 2605 Cum
3429 2550 3572 2605 enim

1980 2654 2010 2695 a
2040 2656 2165 2712 rege
2197 2630 2541 2714 Assyriorum
2573 2643 2759 2697 decem
2790 2642 2962 2698 tribus
2990 2650 3212 2713 propter
3240 2630 3455 2714 peccata
3481 2644 3577 2698 sua

1982 2732 2256 2787 translatae
2288 2732 2515 2788 fuissent
2539 2733 2607 2789 de
2632 2732 2902 2799 Samaria,
2936 2744 3004 2787 ne
3024 2726 3176 2788 terra
3205 2726 3391 2789 eorum
3421 2726 3579 2789 habi-

1981 2830 2155 2878 tatore
2184 2836 2351 2879 vacua
2380 2824 2715 2895 redigeretur
2740 2825 2793 2881 in
2828 2816 3174 2881 Solitudinem
3194 2866 3209 2891 ,
3236 2825 3390 2895 jussu
3436 2828 3579 2897 regis

1983 2915 2327 2986 Assyriorum
2374 2916 2589 2985 quidam
2621 2914 2687 2971 de
2712 2914 3065 2986 alienigenis,
3098 2917 3335 2988 Assyriis
3384 2914 3573 2972 videli-

1982 3018 2088 3075 cet,
2118 3010 2266 3065 missi
2312 3019 2434 3065 sunt
2473 3009 2529 3065 in
2560 3008 2881 3085 Samariam,
2906 3012 3032 3081 ‘qute
3058 3000 3173 3067 erat
3203 3016 3363 3081 caput
3393 2998 3576 3067 de‘c'em

1982 3102 2242 3168 tribuum,
2299 3111 2358 3157 ut
2404 3101 2711 3159 habitarent
2752 3096 2860 3172 ibi,
2893 3115 2947 3159 et
2992 3094 3196 3159 terram
3242 3092 3573 3161 exc‘olerent.

1984 3193 2226 3263 Cumque
2281 3197 2574 3266 coepissent
2622 3194 2759 3252 inibi
2806 3190 3114 3268 degere,'et
3162 3192 3576 3272 idolis(utp‘ote

1984 3285 2153 3343 Deum
2182 3282 2518 3359 ignorantes)
2549 3289 2845 3356 deservire,
2876 3290 3170 3346 immisitin
3196 3306 3291 3347 eos
3317 3276 3577 3349 Dominus

1982 3379 2194 3437 feroces
2210 3382 2437 3449 bestias,
2462 3384 2527 3438 ad
2559 3392 2783 3454 quarum
2810 3382 3231 3439 devastationem
3258 3378 3572 3441 interibant.

1982 3472 2104 3541 Quo
2134 3484 2434 3542 comperto,
2467 3490 2563 3530 rex
2606 3478 2951 3549 Assyriorum
2985 3488 3104 3533 cum
3136 3476 3247 3534 suis
3277 3477 3574 3533 communi-‘

1981 3576 2105 3624 cato
2149 3560 2397 3635 consilio,
2428 3569 2629 3625 direxit
2666 3570 2747 3626 ’eis
2792 3570 3075 3642 quemdam
3106 3572 3173 3628 de
3202 3568 3570 3630 sacerdotibus

1981 3657 2309 3728 indecorum,
2338 3664 2431 3731 qui
2460 3677 2554 3718 eos
2582 3662 2818 3733 legitima
2858 3664 2956 3721 Del
2986 3675 3142 3721 terra:
3188 3668 3423 3725 doceret.
3462 3666 3570 3737 'Qui

1982 3767 2101 3807 cum
2135 3754 2366 3807 divinam
2397 3754 2473 3809 eis
2500 3754 2677 3825 legem
2705 3755 2941 3813 dedisset
2963 3758 3045 3828 (ut
3086 3754 3293 3830 Regum
3325 3754 3379 3815 e't
3407 3760 3569 3815 Para-

1980 3842 2289 3912 lipomenon
2348 3845 2658 3912 plenissime
2708 3852 2893 3902 narrat
2946 3847 3240 3919 historia),
3293 3862 3574 3919 cmpcrunt

1984 3938 2173 4001 timore
2205 3948 2429 4007 cogente
2456 3934 2627 3994 Deum
2657 3940 2856 4005 colere,
2891 3938 2984 3995 sed
3018 3924 3239 4011 pristina
3283 3936 3455 3997 adhuc
3486 3944 3572 3999 in-

1980 4028 2242 4085 ﬁdelitate
2282 4032 2516 4100 vigente,
2552 4031 2898 4086 nihilominus
2929 4031 3067 4087 idola
3096 4028 3204 4087 non
3250 4034 3574 4109 destiterunt

1980 4127 2231 4180 adorare.
2254 4126 2391 4180 istos
2416 4141 2543 4197 ergo
2567 4122 2737 4181 Judaei
2762 4126 3144 4183 abominationi
3168 4136 3219 4183 et
3244 4130 3571 4199 contemptui

1981 4219 2320 4289 deputantes,
2371 4219 2740 4276 Samaritanus
2771 4230 2821 4275 et
2856 4222 3041 4288 plenos
3088 4220 3370 4276 daemoniis
3420 4237 3577 4275 voca-

1982 4313 2132 4377 baut,
2168 4328 2232 4368 eo
2274 4314 2413 4383 quod
2456 4313 2736 4369 darmoniis
2782 4312 3137 4369 deservirent.
3192 4304 3437 4370 Undeet
3477 4317 3577 4370 hoc

1981 4419 2079 4475 pro
2130 4420 2344 4462 summo
2391 4405 2634 4461 convicio
2688 4404 2917 4461 Domino
2966 4402 3184 4463 Christo
3239 4408 3575 4480 objeceruut,

1984 4498 2346 4555 Samaritanus
2376 4516 2427 4554 es
2477 4509 2554 4566 tu,
2588 4508 2635 4552 et
2681 4500 2996 4553 dwmonium
3034 4496 3189 4554 habes
3226 4494 3401 4572 (Jaan.
3435 4503 3574 4572 vnit).

1982 4589 2354 4646 Samaritanus
2397 4591 2480 4645 hic
2506 4590 2720 4645 Domini
2766 4590 2893 4647 Jesu
2923 4582 3119 4647 Christi
3160 4602 3314 4663 typus
3346 4602 3447 4659 est,
3482 4594 3574 4663 qui

1987 4685 2115 4740 alibi
2155 4683 2355 4740 Jttdteis
2386 4700 2443 4741 se
2477 4686 2971 4754 blasphemantibus
3001 4695 3055 4741 et
3085 4682 3481 4742 Samaritanum
3512 4703 3577 4743 ac

1988 4774 2315 4833 daemonium
2364 4793 2484 4833 eum
2528 4776 2734 4834 habere
2792 4777 3129 4845 dicentibus,
3180 4778 3575 4837 Samaritanunt

1988 4884 2046 4926 se
2072 4886 2192 4927 esse
2223 4885 2327 4927 non
2361 4871 2567 4937 abnuit,
2598 4873 2689 4927 sed
2721 4870 2882 4931 ialSos
2928 4872 3048 4928 illos
3079 4874 3217 4943 quod
3252 4874 3575 4929 daemonium

1986 4962 2216 5021 haberet
2260 4980 2577 5021 succensere
2608 4965 2919 5034 declaravit,
2966 4964 3149 5021 dicens
3186 4981 3200 5019 :
3240 4964 3352 5035 Ego
3390 4968 3579 5018 dicmo-

1992 5060 2133 5113 nium
2180 5074 2282 5112 non
2322 5060 2504 5114 habeo.
2556 5058 2672 5114 Non
2712 5074 2841 5130 ergo
2869 5072 2927 5114 se
2955 5055 3346 5114 Samaritanutn
3398 5056 3575 5112 vocari

1981 5152 2254 5221 indignum
2314 5154 2453 5217 tulit,
2487 5152 2608 5222 quia
2661 5150 2712 5205 in
2760 5162 2881 5207 nota
2922 5149 3199 5208 dedecoris
3258 5150 3571 5224 mysterium

1982 5247 2264 5314 amplexus
2294 5255 2377 5300 est
2422 5245 2687 5300 veritatis.
2726 5245 3095 5300 Samaritanus
3127 5244 3269 5301 enim
3311 5244 3575 5316 interpre-

1985 5343 2125 5391 tatur
2154 5343 2339 5390 custos.
2382 5335 2577 5391 Custos
2625 5344 2802 5390 autem
2844 5349 3004 5391 nemo
3049 5328 3439 5407 competentius
3466 5328 3573 5391 hu-

1986 5430 2128 5485 mani
2172 5420 2387 5507 generis
2434 5428 2717 5499 accipitur,
2748 5442 2906 5499 quam
2936 5427 3023 5485 cui
3073 5428 3332 5507 propheta
3358 5420 3571 5500 inpar-‘-

1990 5534 2123 5580 SOna
2151 5518 2408 5579 Ecclesiae
2436 5523 2567 5587 dicit
2593 5543 2604 5577 :
2649 5524 2851 5599 Custos,
2883 5524 3007 5594 quid
3031 5518 3095 5579 de
3120 5533 3263 5579 nocte
3300 5513 3405 5594 ('Is.
3432 5522 3574 5591 XXI)?

1984 5612 2055 5675 Et
2082 5606 2402 5695 Psalmista:
2430 5612 2549 5674 Nisi
2583 5612 2832 5673 Dominus
2876 5608 3173 5675 custodierit
3216 5619 3493 5688 civitatem,
3525 5618 3579 5673 in

1986 5722 2172 5768 vanum
2203 5713 2413 5785 vigilant
2443 5714 2529 5784 qui
2570 5713 2861 5769 custodiunt
2891 5730 3003 5769 eam
3046 5698 3222 5784 (Psal.
3250 5711 3458 5783 cxxvr).
3514 5711 3577 5767 Et

1987 5807 2130 5866 idem
2178 5807 2465 5865 Psalmista
2497 5817 2553 5865 ut
2584 5809 2682 5864 hos
2709 5808 2947 5865 latrones
2976 5804 3291 5880 spirituales
3329 5806 3579 5869 evitaret,

1984 5902 2130 5963 hunc
2165 5904 2439 5962 custodem
2490 5904 2899 5975 deprecabatur,
2932 5896 3114 5961 dicens
3143 5922 3153 5955 :
3187 5900 3398 5956 Custodi
3444 5914 3520 5952 me
3548 5900 3580 5951 α
