4096 6346
562 383 696 444 1591

1419 384 1624 446 PAULI
1661 384 1935 444 DIACONI
1971 383 2127 444 opp.
2169 383 2348 445 PARS
2383 384 2454 443 ιι.
2482 372 2555 431 —'-
2587 363 2950 444 sscErtcal

3699 384 3840 445 I592

561 497 742 568 laqueo
795 512 943 568 quem
995 502 1283 554 statuerunt
1333 499 1461 554 mihi
1489 501 1664 570 (Psal.
1712 501 1823 571 xc).
1874 501 1970 556 Hic
2021 514 2150 569 ergo
2177 503 2229 564 Α
2256 515 2352 570 pus
2383 500 2620 570 pondere
2648 510 2989 572 peccatorum
3032 513 3370 570 nequaquam
3402 507 3702 571 gravatum.
3729 502 3842 560 Hoc

564 591 956 659 Samaritanus,
1000 592 1051 648 id
1097 603 1180 650 est
1229 593 1485 650 Dominus
1514 595 1668 649 .lesus
1704 595 1969 661 Christus,
2001 609 2149 648 com-

566 682 816 753 passione
859 684 1134 749 ﬁnitimus,
1169 686 1537 741 misericordia
1567 687 1792 754 vicinus,
1826 687 1924 740 iter
1951 686 2150 740 faciens

566 788 724 830 secus
750 778 990 831 saucium
1019 779 1183 844 venit,
1218 779 1319 834 hoc
1351 778 1605 848 estjuxta
1635 795 1802 848 genus
1832 778 2145 843 humanum,

557 867 702 937 quod
728 869 956 937 peccatis
977 880 1092 926 erat
1123 873 1618 942 vulneratum,quia
1652 872 1791 928 Deus
1831 887 1990 942 super
2027 887 2148 928 om-

563 956 678 1021 nia,
709 956 877 1013 factus
926 959 1085 1016 homo
1136 963 1273 1017 inter
1325 964 1497 1018 omnia
1518 1003 1535 1031 ,
1569 973 1867 1031 temporum
1900 963 2154 1017 conditor

561 1060 617 1107 et
645 1051 916 1120 locorum,
949 1053 1002 1109 in
1035 1064 1272 1126 tempore
1301 1068 1354 1114 et
1382 1057 1498 1113 loco
1530 1057 1696 1112 voluit
1744 1055 2150 1126 comprehendi,

560 1146 777 1215 quando
824 1159 1093 1218 assumpta
1142 1150 1472 1207 humanitate
1504 1153 1554 1205 in
1593 1150 1942 1204 similitudine
1973 1149 2152 1203 carnis

563 1235 764 1309 [carnis
786 1238 1013 1311 peccati]
1043 1244 1309 1313 apparuit,
1338 1251 1396 1296 ut
1440 1257 1532 1311 per
1565 1251 1839 1312 peccatum
1871 1239 2153 1294 damnaret

561 1341 860 1400 peccatum.
896 1333 1056 1401 Quasi
1086 1335 1230 1390 enim
1260 1336 1529 1405 quoddam
1563 1336 1662 1390 iter
1689 1334 1893 1400 habuit,
1926 1333 2052 1401 quia
2085 1332 2152 1386 de

561 1424 716 1480 caelis
743 1426 889 1480 venit
923 1427 976 1482 in
1014 1434 1224 1483 uterum
1274 1428 1517 1499 virginis,
1551 1426 1619 1483 de
1658 1439 1810 1482 utero
1843 1427 2066 1496 virginis
2099 1425 2152 1479 in

560 1532 833 1589 praisepe,
867 1527 922 1574 et
957 1520 1025 1576 de
1065 1523 1291 1591 praesepi
1323 1523 1389 1576 ad
1429 1537 1662 1588 crucem,
1705 1522 1771 1575 de
1800 1533 1958 1574 cruce
1986 1519 2152 1573 collo-

559 1620 714 1667 catur
742 1613 794 1667 in
837 1624 1275 1681 monumentum,
1322 1614 1388 1670 de
1419 1623 1769 1670 monumento
1807 1615 2002 1668 iterum
2033 1626 2152 1666 sur-

559 1719 692 1775 gens
720 1707 963 1762 ascendit
993 1708 1047 1763 in
1077 1710 1294 1764 emtum.
1329 1709 1465 1764 Hinc
1493 1718 1548 1764 et
1579 1710 1632 1762 in
1673 1708 2016 1778 epithalamio
2045 1708 2153 1762 Ec-

560 1799 739 1855 clesia
759 1815 888 1856 voce
909 1801 1104 1856 dicitur
1120 1820 1131 1855 :
1150 1803 1286 1858 Ecce
1308 1804 1403 1858 iste
1425 1805 1558 1858 venit
1584 1805 1774 1858 saliens
1795 1804 1851 1857 in
1872 1802 2151 1867 montibus,

2252 601 2335 645 est
2363 600 2544 648 autem
2573 593 2715 661 quod
2746 593 2939 647 dicitur
2971 593 3309 648 unlneratum
3334 593 3578 662 jumento
3608 608 3708 651 suo
3737 597 3840 651 im-

2255 683 2534 750 posuisse,
2566 686 2705 754 qnod
2750 686 2804 739 in
2834 685 2940 738 alia
2982 686 3234 751 parabola
3263 685 3616 755 signiﬁcatur,
3650 687 3703 742 in
3740 701 3844 757 qua

2255 786 2437 844 pastor
2463 777 2634 832 bonus
2665 792 2818 832 ovem
2853 778 3092 834 humeris
3120 779 3231 834 suis
3261 779 3544 848 imposuit,
3576 791 3630 835 et
3657 784 3735 849 sic
3762 797 3844 837 re-

2255 867 2481 934 portavit
2515 870 2579 920 ad
2611 883 2824 936 gregem
2855 867 3025 938 (Luc.
3056 869 3181 938 xv).
3213 869 3484 925 Moraliter
3513 880 3694 926 autem
3724 881 3846 926 tunc

2255 958 2478 1027 quilibet
2505 960 2986 1029 superjumentum
3014 961 3226 1017 Domini
3260 963 3549 1032 imponitur
3575 974 3631 1020 et
3657 964 3712 1018 in
3744 973 3846 1017 sta-

2256 1048 2439 1104 bulum
2479 1051 2708 1111 ducitur,
2758 1066 2878 1106 cum
2911 1052 2975 1105 ad
3025 1054 3342 1121 baptismum
3385 1056 3640 1120 veniens,
3689 1055 3845 1109 ﬁdem

2257 1155 2459 1200 saneta:
2485 1145 2761 1200 Trinitatis
2793 1147 3040 1216 percipit,
3064 1158 3117 1202 et
3149 1148 3202 1202 in
3231 1149 3492 1204 societate
3514 1159 3720 1203 sanctae
3755 1149 3849 1202 Ec-

2255 1240 2432 1292 clesia:
2461 1239 2776 1293 collocatur.
2814 1239 2946 1294 Nam
2978 1243 3220 1309 sequitur
3251 1259 3264 1295 :
3299 1239 3461 1296 Duxit
3489 1243 3542 1296 in
3573 1243 3848 1296 stabulum.

2256 1329 2538 1385 Stabulum
2569 1332 2622 1386 in
2656 1332 2796 1400 quod
2843 1332 2986 1387 illum
3030 1333 3216 1398 duxit,
3246 1348 3484 1402 praesens
3520 1344 3702 1390 sancta
3751 1335 3848 1388 Ec-

2259 1424 2424 1480 clesia
2451 1425 2732 1495 accipitur,
2767 1429 2818 1480 in
2852 1442 2953 1497 qua
2987 1438 3169 1483 sancta
3203 1428 3294 1482 Dei
3327 1429 3577 1483 animalia
3600 1471 3614 1492 ,
3646 1429 3748 1482 hoc
3775 1437 3852 1481 cst

2258 1517 2463 1582 ﬁdeles,
2500 1517 2795 1585 frumento,
2831 1519 2883 1572 id
2924 1529 3007 1574 est
3035 1520 3200 1574 verbo
3234 1518 3350 1587 Dei,
3383 1519 3580 1589 jugiter
3611 1521 3850 1589 aluntur,

2257 1619 2312 1666 et
2335 1610 2699 1666 sacratissimo
2724 1611 2986 1666 Dominici
3014 1612 3256 1681 corporis
3280 1629 3414 1681 pane
3440 1614 3852 1680 conﬁrmantur,

2257 1705 2324 1760 de
2351 1705 2545 1774 quibus
2574 1705 2772 1758 dictum
2814 1713 2896 1757 est
2930 1722 2941 1757 :
2975 1704 3237 1758 Animalia
3267 1714 3357 1758 tua
3389 1705 3690 1759 habitabant
3719 1706 3772 1757 in
3799 1721 3854 1758 ea

2261 1796 2433 1867 (Psal.
2467 1797 2650 1865 van).
2687 1795 3022 1851 Stabularius
3050 1809 3228 1852 autem
3261 1799 3505 1853 ordinem
3538 1797 3854 1866 praedicato-

560 1894 859 1948 lramiliens
898 1896 1053 1950 colles
1094 1894 1275 1966 (Cant.
1317 1896 1410 1966 ιι).
1454 1896 1566 1951 Hoc
1601 1897 1702 1951 iter
1744 1910 2006 1966 peragens
2049 1895 2154 1949 Do-
2184 1897 2233 1960 Β
2260 1906 2379 1944 rum
2409 1890 2682 1960 designat,
2708 1889 2900 1959 quibus
2929 1901 3111 1946 sancta
3138 1892 3381 1946 Ecclesia
3405 1898 3692 1947 commissa
3725 1901 3807 1945 est
3827 1906 3854 1947 a

563 1987 774 2052 minus,
826 1987 982 2042 videt
1023 1989 1261 2044 saucium
1310 2003 1478 2058 genus
1531 1989 1858 2053 humanum,
1908 1987 2010 2042 hoc
2048 1995 2150 2051 est,

562 2078 816 2134 misertus
857 2087 941 2134 est
987 2081 1124 2150 ejus.
1175 2081 1340 2137 Seeus
1386 2082 1627 2136 saucium
1672 2082 1884 2136 venisse
1933 2080 2152 2145 dicitur,

565 2170 687 2238 quia
728 2170 1123 2239 quodammodo
1161 2170 1313 2242 juxta
1361 2185 1460 2226 nos
1507 2173 1654 2228 stetit
1704 2171 1919 2242 quando
1961 2171 2156 2226 similis

565 2260 870 2316 hominibus
904 2263 955 2316 in
999 2263 1226 2318 veritate
1260 2271 1523 2332 suscepta
1565 2265 1743 2317 carnis
1783 2264 2058 2331 apparuit,
2089 2262 2155 2317 de

560 2367 668 2420 quo
707 2352 844 2407 bene
882 2353 1079 2408 dicitur
1113 2371 1126 2407 :
1168 2352 1360 2407 Videas
1399 2370 1552 2421 eum,
1600 2352 1950 2407 misericordia
1993 2361 2155 2406 motus

564 2455 662 2501 est.
690 2445 867 2501 Solius
897 2448 1041 2500 enim
1067 2445 1261 2501 divina:
1287 2447 1499 2515 pietatis
1531 2455 1586 2501 et
1625 2445 2004 2500 misericordiae
2037 2444 2153 2511 fuit,

562 2537 705 2608 quod
735 2553 832 2591 nos
862 2538 962 2592 sub
987 2537 1137 2593 dura:
1170 2539 1359 2593 mortis
1390 2539 1615 2608 imperio
1644 2537 1964 2593 constitutos
1997 2537 2154 2592 indo-

561 2627 694 2693 luit,
730 2627 844 2682 haec
880 2629 1083 2697 justum
1115 2630 1278 2696 vicit,
1308 2636 1364 2683 et
1402 2637 1461 2684 ut
1504 2629 1717 2684 miseris
1757 2629 2151 2695 subveniretur,

561 2720 816 2776 obtinuit.
863 2719 933 2775 Et
971 2723 1319 2793 apprOpians,
1364 2724 1597 2794 alligavit
1637 2725 1845 2778 vulnera
1882 2725 2017 2794 ejus.
2054 2722 2157 2777 Per

560 2810 924 2882 alligationem
970 2816 1249 2870 vulnerum
1293 2816 1606 2886 intelligitur
1648 2816 1871 2871 abolitio
1911 2823 2156 2885 peccato-

562 2919 707 2960 rum.
753 2905 905 2961 Tunc
936 2905 1196 2962 Dominus
1226 2909 1547 2978 appropians
1576 2909 1799 2963 sauciati
1843 2909 2061 2961 vulnera
2092 2906 2158 2960 li-

561 2996 740 3067 gavit,
770 2999 987 3068 quando
1013 3001 1236 3056 veniens
1264 3001 1317 3055 in
1347 3000 1490 3055 hunc.
1513 3001 1772 3056 mundum
1800 3008 2015 3072 peccata
2037 3013 2157 3070 qua:

562 3091 617 3145 in
651 3091 957 3147 hominibus
989 3093 1212 3158 invenlt,
1244 3094 1614 3164 redarguendo
1635 3094 1896 3161 cohibuit,
1929 3094 2112 3150 dicens
2138 3109 2152 3146 :

562 3182 925 3238 Paenitentiam
963 3186 1099 3255 agile
1145 3184 1374 3256 (Matth.
1418 3185 1538 3257 ιιι).
1583 3187 1838 3254 Alligavit
1873 3201 2002 3255 ergo
2040 3185 2157 3239 vul-

2259 1981 2495 2049 Christo,
2522 1988 2577 2035 ut
2599 1979 2794 2050 pabulo
2821 1980 2967 2036 verbi
2997 1981 3162 2036 divini
3187 1997 3305 2038 eam
3335 1983 3556 2037 reﬁcere
3580 1982 3851 2037 studeant.

2257 2074 2482 2130 Stabulo
2530 2074 2691 2128 etiam
2744 2075 2980 2129 viatores
3033 2073 3161 2128 fessi
3211 2075 3504 2130 succedere
3551 2076 3763 2138 solent.
3807 2083 3856 2130 et

2257 2167 2429 2220 sancti
2471 2166 2668 2236 quique
2715 2164 3054 2220 tumultuosis
3098 2166 3279 2220 saeculi
3323 2166 3627 2221 actionibus
3668 2165 3856 2220 defati-

2257 2259 2398 2327 gati,
2451 2259 2589 2312 intra
2636 2258 2931 2313 Ecclesiatn
2985 2259 3149 2328 quieti
3196 2260 3514 2314 consistunt.
3567 2257 3636 2312 Et
3683 2273 3856 2310 curam

2258 2350 2396 2403 illius
2428 2350 2548 2420 egit.
2589 2349 2702 2404 Non
2746 2350 2887 2404 enirn
2927 2349 3137 2406 sullecit
3176 2351 3404 2406 Domino
3448 2351 3588 2422 quod
3639 2361 3856 2420 peccata

2259 2442 2562 2512 prohibuit,
2591 2444 2730 2512 quod
2761 2444 2883 2497 vita:
2921 2453 3184 2513 praecepta
3219 2445 3527 2514 proposuit,
3556 2445 3658 2499 nisi
3694 2445 3855 2498 etiam

2258 2536 2545 2606 aegerrimo
2574 2535 2754 2605 generi
2796 2536 3033 2592 humano
3062 2537 3363 2604 conferret,
3398 2547 3455 2591 ut
3487 2537 3758 2605 prohibita
3788 2537 3858 2588 vi-

2264 2639 2398 2684 taret
2429 2639 2483 2685 et
2515 2639 2785 2698 praecepta
2818 2631 3088 2699 impleret.
3128 2630 3234 2686 Sed
3274 2647 3379 2687 non
3418 2631 3645 2686 vacabat
3673 2629 3860 2685 Sama-

2261 2723 2438 2775 ritano
2470 2720 2594 2774 huic
2623 2719 2821 2774 diutius
2858 2722 2910 2774 in
2942 2732 3083 2776 terra
3117 2722 3349 2788 morari,
3380 2721 3718 2776 redeundum
3753 2726 3860 2772 erat

2262 2811 2388 2867 illuc
2414 2811 2556 2866 unde
2586 2820 2820 2866 venerat.
2862 2809 2929 2864 Et
2970 2813 3133 2865 altera
3167 2813 3252 2864 die
3291 2811 3505 2880 protulit
3536 2812 3666 2863 duos
3700 2812 3860 2863 dena-

2259 2911 2395 2975 rios,
2442 2918 2488 2962 et
2524 2908 2664 2962 dedit
2707 2908 3015 2974 stabulario,
3057 2919 3104 2961 et
3144 2908 3214 2962 ait
3255 2923 3274 2962 .'
3313 2906 3501 2961 Curam
3530 2907 3670 2958 illius
3713 2905 3859 2958 habe.

2265 3001 2442 3055 Prima
2467 3001 2583 3056 dies
2605 3009 2691 3055 est
2712 3009 2920 3069 tempus
2943 2999 3237 3054 Dominicm
3263 2999 3669 3064 incarnationis,
3697 3011 3861 3066 quan-

2261 3092 2362 3156 do,
2396 3091 2535 3147 sicut
2567 3092 2826 3158 scriptum
2858 3100 2936 3145 est
2957 3131 2970 3153 ,
3009 3090 3300 3144 sedentibus
3337 3091 3392 3142 in
3421 3089 3638 3142 tenebris
3668 3097 3719 3139 et
3747 3102 3860 3138 um-

2265 3185 2357 3237 bra
2400 3184 2607 3249 mortis,
2649 3182 2742 3236 tua:
2779 3191 2892 3236 orta
2933 3191 3004 3236 est
3047 3182 3120 3236 eis
3165 3180 3310 3253 (lsa.
3351 3179 3464 3251 is).
3513 3179 3695 3234 Altera
3741 3190 3860 3232 vero

563 3291 720 3342 nera,
750 3276 876 3331 dum
909 3276 1164 3344 peccandi
1191 3279 1584 3332 consuetudine
1621 3278 1889 3341 submota,
1937 3276 2158 3345 justitite
2186 3260 2236 3325 C
2264 3278 2379 3332 dies
2408 3286 2490 3332 est
2518 3286 2634 3346 post
2663 3277 2873 3331 Domini
2903 3276 3373 3338 resurrectionem,
3402 3276 3453 3329 in
3478 3289 3580 3344 qua
3606 3273 3861 3344 splendor

563 3377 620 3424 et
657 3370 957 3424 sanctitatis
999 3370 1163 3425 fascia
1213 3379 1422 3426 mentes
1460 3371 1668 3425 saucias
1709 3368 1976 3425 astrinxit.
2009 3367 2160 3423 Unde

559 3469 616 3515 et
644 3463 945 3530 peccatoris
971 3464 1207 3518 animam
1238 3466 1495 3533 propheta
1527 3479 1556 3517 a
1588 3477 1752 3533 pravo
1780 3477 1942 3531 opere
1968 3461 2159 3517 dolens

560 3568 667 3608 non
708 3555 1060 3622 resipiscere,
1105 3555 1235 3609 dicit
1280 3573 1293 3609 :
1350 3555 1542 3610 Vulnus
1580 3564 1628 3609 et
1657 3557 1785 3610 livor
1811 3565 1858 3610 et
1888 3555 2045 3625 plaga
2076 3564 2158 3608 tu-

561 3662 707 3701 mens
738 3663 840 3702 non
872 3657 946 3702 est
973 3650 1169 3702 circum
1199 3650 1393 3720 ligata,
1443 3666 1604 3720 neque
1646 3652 1754 3721 fota
1782 3652 1893 3704 oleo
1927 3649 2060 3721 (Isa.
2094 3650 2158 3720 ι).

562 3735 858 3806 Infundens
907 3738 1075 3792 oleum
1116 3747 1166 3793 et
1221 3740 1414 3796 vinum.
1467 3740 1658 3794 Vinum
1709 3741 1878 3811 plagis
1925 3741 2158 3798 infusum

564 3827 804 3897 mordet,
852 3829 1028 3885 oleum
1061 3844 1191 3886 vero
1232 3831 1363 3887 lenit
1402 3841 1456 3888 et
1494 3833 1685 3887 mollit.
1719 3831 1823 3889 Per
1852 3834 2033 3888 vinum
2063 3848 2159 3889 au-

560 3925 669 3974 tem
698 3933 890 3990 aspera
919 3930 973 3976 et
1004 3922 1197 3978 acerba
1241 3922 1474 3979 invectio
1507 3925 1708 3994 peccati
1750 3926 2030 3994 accipitur,
2064 3939 2161 3994 per

561 4011 738 4064 oleum
782 4026 912 4066 vero
956 4013 1093 4068 lenis
1134 4024 1189 4068 et
1228 4015 1421 4070 blanda
1462 4016 1668 4072 curatio
1696 4015 2029 4086 designatur.
2066 4016 2158 4071 Vi-

559 4115 687 4155 num
717 4102 864 4157 enim
904 4104 1144 4172 putridas
1180 4119 1371 4162 carnes
1405 4117 1634 4163 resecat.
1671 4109 1733 4162 Et
1759 4109 2159 4178 quodammodo

558 4192 743 4248 vinum
786 4194 1021 4261 infudit,
1068 4196 1195 4251 dum
1247 4208 1530 4267 peccantes
1575 4209 1630 4255 et
1681 4216 1784 4253 non
1836 4202 2158 4270 poenitentes

561 4299 840 4356 poenarum
873 4288 1161 4343 severitate
1193 4291 1505 4358 perterruit,
1528 4290 1715 4345 dicens
1751 4307 1763 4343 :
1794 4289 1974 4346 Omnis
2004 4293 2159 4347 arbor

558 4394 672 4448 quia
702 4396 806 4434 non
844 4382 969 4450 facit
1009 4385 1234 4451 fructum
1273 4385 1459 4440 bonum
1480 4427 1495 4452 ,
1538 4385 1802 4439 excidetur
1829 4396 1877 4440 et
1908 4388 1960 4440 in
1991 4389 2159 4460 ignem

558 4471 788 4524 mittetur
819 4469 1035 4539 (Matth.
1064 4475 1164 4544 ιιι).
1195 4474 1380 4531 Oleum
1410 4476 1763 4532 nihilominus
1790 4477 2004 4544 infudit,
2036 4495 2155 4535 cum

559 4576 711 4630 Spem
741 4563 908 4617 venia:
942 4568 1322 4632 paenitentibus
1351 4570 1680 4638 repromisit,
1707 4571 1894 4628 dicens
1929 4591 1942 4626 :
1975 4573 2153 4629 Paeni-

561 4653 773 4707 tentiam
801 4656 936 4725 agite
954 4697 971 4722 ,
1009 4659 1439 4729 appropinquabit
1467 4663 1604 4719 enim
1641 4681 1856 4735 regnum
1886 4668 2151 4724 caelorum.
2177 4654 2236 4719 υ

560 4744 629 4798 Et
655 4746 920 4816 imponens
948 4750 1097 4803 illum
1127 4753 1178 4805 in
1198 4753 1494 4824 jumentum
1521 4774 1689 4814 suum.
1719 4761 2029 4817 Jumentum
2061 4778 2152 4819 ac-

559 4839 754 4907 cipitur
783 4854 910 4896 caro
953 4841 1271 4902 Salvatoris.
1312 4847 1622 4906 Jumentum
1669 4856 1814 4908 enim
1859 4868 1889 4909 a
1917 4854 2154 4924 juvando

559 4931 773 4990 dicitur.
814 4937 876 4990 Et
905 4951 1034 4992 caro
1067 4939 1274 4997 Domini
1315 4942 1618 5013 iumentum
1663 4947 1794 5011 fuit,
1835 4949 1958 5018 quia
2000 4950 2155 5008 nobis

559 5036 618 5081 ut
649 5027 714 5083 ad
756 5031 917 5086 vitam
957 5047 1288 5103 reparemur,
1330 5047 1588 5093 aeternum
1621 5040 1988 5110 adiumentum
2017 5059 2155 5113 prat-

558 5119 713 5176 8titit.
748 5121 1005 5193 Imposuit
1042 5141 1170 5198 ergo
1210 5129 1450 5184 saucium
1493 5132 1544 5185 in
1569 5131 1872 5201 jutnentum
1894 5174 1909 5201 ,
1940 5135 2156 5205 quando

557 5227 777 5284 peccata
805 5228 986 5274 nostra
1017 5223 1232 5290 pertulit
1264 5224 1315 5278 in
1355 5239 1581 5296 corpore
1610 5241 1708 5282 suo
1734 5241 1898 5297 super
1927 5229 2152 5299 lignum.

560 5303 630 5360 Et
659 5321 722 5361 ea
754 5306 895 5364 Deus
916 5309 1550 5383 dignationejutnentum
1585 5317 1754 5374 factus
1787 5331 1890 5385 cst,
1915 5329 1969 5375 ut
1994 5319 2154 5379 homo

556 5397 858 5468 iumentum
907 5401 1058 5459 ﬁeret
1101 5406 1217 5460 Dei.
1269 5407 1519 5466 .lumenta
1569 5411 1712 5467 enim
1763 5414 2152 5472 irrationabilia

557 5499 713 5545 erant
757 5490 1002 5550 homines
1031 5497 1227 5565 quibus
1265 5501 1396 5557 dicit
1426 5518 1440 5556 :
1484 5501 1662 5559 Nolite
1692 5506 1804 5575 ﬁeri
1831 5508 1965 5562 sicut
1991 5524 2154 5578 equus

556 5590 604 5635 et
633 5585 803 5640 mulus
833 5585 1007 5659 (Psal.
1034 5591 1209 5661 xui).
1244 5592 1396 5651 Unde
1425 5605 1478 5652 et
1506 5603 1657 5668 quasi
1683 5599 1925 5670 jumenta
1961 5603 2014 5658 in
2043 5611 2154 5657 sta-

495 5720 506 5733 ,
558 5673 742 5732 bulum
785 5679 1128 5752 inducuntur,
1161 5685 1230 5741 de
1267 5701 1369 5758 qua
1408 5687 1754 5748 humanitatis
1783 5696 2156 5766 assumptione

558 5766 784 5840 loquens
817 5776 1110 5846 propheta,
1135 5778 1267 5837 dicit
1300 5799 1311 5833 :
1347 5779 1482 5839 Ecce
1507 5783 1760 5842 Dominus
1799 5792 2041 5846 ascendet
2068 5808 2157 5847 su-

558 5878 650 5934 per
686 5866 869 5923 nubem
901 5870 1059 5926 levem
1099 5871 1245 5945 (Isa.
1278 5878 1442 5950 xix),
1476 5878 1578 5940 hoc
1612 5892 1727 5951 est,
1771 5893 2012 5944 assumet
2036 5901 2157 5945 cor-

2264 3372 2397 3428 lucis
2421 3381 2636 3428 aeternae
2667 3387 2789 3427 cum
2831 3372 3077 3428 claritate
3109 3371 3380 3440 Evangelii
3408 3371 3618 3426 cunctis
3646 3385 3747 3440 per
3775 3384 3859 3423 or-

2261 3465 2384 3521 bem
2435 3465 2683 3534 gentibus
2714 3465 2960 3521 radiavit.
2991 3465 3104 3521 Duo
3147 3479 3274 3522 vero
3313 3466 3557 3532 denarii,
3603 3465 3712 3521 duo
3759 3465 3861 3520 Te-

2263 3566 2532 3612 stamenta
2560 3557 2884 3626 signiﬁcant,
2913 3558 3075 3615 Vetus
3098 3558 3304 3614 scilicet
3323 3568 3378 3614 et
3403 3558 3640 3626 Novum,
3666 3560 3722 3612 in
3753 3558 3862 3628 qui-

2264 3649 2364 3703 bus
2393 3650 2582 3704 teterni
2606 3650 2764 3720 Regis
2794 3665 2988 3706 nomen
3007 3661 3061 3706 et
3084 3653 3278 3722 imago,
3310 3655 3411 3708 hoc
3433 3663 3518 3708 est
3543 3654 3784 3724 cognitio
3811 3661 3864 3707 et

2262 3743 2680 3812 contemplatio,
2715 3744 3041 3799 continetur.
3082 3747 3266 3803 Altera
3297 3748 3457 3818 igitur
3489 3749 3576 3802 die
3609 3748 3862 3803 Dominus

2263 3834 2396 3887 duos
2439 3834 2678 3889 denarios
2720 3835 2965 3902 protulit,
3006 3845 3055 3890 et
3094 3838 3232 3914 dedit
3275 3839 3595 3905 stabulario,
3627 3842 3753 3910 quia
3784 3853 3865 3894 re-

2263 3942 2492 3998 surgens
2536 3944 2602 3984 ex
2636 3930 2894 3996 mortuis,
2940 3931 3152 4000 aperuit
3198 3931 3479 4000 discipulis
3521 3940 3864 4004 sensumvet

2267 4021 2545 4090 utriusque
2586 4019 2922 4078 Testamenti
2963 4025 3220 4095 mysteria
3249 4024 3313 4078 ad
3355 4025 3721 4081 eruditionem
3754 4025 3938 4081 amat

2264 4112 2413 4166 nium
2453 4113 2689 4182 gentium
2735 4113 2842 4169 illis
2891 4114 3164 4185 patefecit.
3215 4116 3552 4171 Stabularius
3602 4131 3765 4179 vero,
3811 4122 3865 4170 ut

2264 4205 2605 4274 praemissum
2647 4216 2758 4271 est,
2802 4207 2936 4263 ordo
2979 4209 3297 4280 intelligitur
3340 4211 3789 4279 praedicatorum,
3833 4223 3863 4263 e

2262 4297 2459 4367 quibus
2491 4312 2630 4352 unus
2659 4307 2742 4354 est
2779 4299 3010 4354 eximius
3041 4300 3235 4356 Paulus
3263 4302 3540 4370 apostolus
3562 4344 3575 4366 ,
3611 4304 3701 4371 qui
3735 4299 3861 4370 legis

2263 4391 2543 4448 denarium
2584 4396 2636 4448 in
2667 4408 2852 4449 curam
2881 4395 3048 4450 saucii
3079 4396 3405 4465 expendens,
3436 4396 3650 4451 dicebat
3683 4414 3697 4449 :
3739 4395 3863 4449 licet:

2263 4488 2435 4541 omnia
2472 4499 2774 4557 contemno,
2814 4497 2862 4541 et
2904 4489 3131 4542 arbitror
3171 4498 3223 4542 ut
3259 4499 3483 4545 stercora
3519 4488 3703 4559 (Phil.
3746 4487 3859 4558 ιιι).

2264 4581 2409 4638 Duos
2438 4597 2566 4654 ergo
2594 4583 2848 4639 denarios
2874 4584 3199 4641 stabularius
3231 4587 3456 4655 accepit,
3487 4586 3707 4654 quando
3739 4601 3863 4657 apo-

2261 4674 2414 4728 stolis
2453 4675 2732 4745 utriusqne
2777 4673 3109 4732 Testamenti
3154 4678 3380 4734 scientia
3423 4679 3621 4734 collata
3661 4688 3780 4742 est,
3810 4686 3862 4733 et

2259 4766 2327 4822 ad
2375 4767 2807 4836 praedicationem
2856 4770 3006 4838 quasi
3051 4769 3117 4824 ad
3167 4785 3347 4824 curam
3392 4771 3617 4826 humani
3656 4771 3861 4841 generis

2259 4859 2451 4915 directi
2479 4869 2630 4916 sunt.
2659 4861 2795 4928 Quid
2836 4862 2979 4918 enim
3021 4873 3106 4919 est
3146 4864 3290 4920 aliud
3330 4865 3530 4932 dicere,
3573 4867 3770 4922 Curam
3804 4868 3862 4920 il-

2259 4953 2365 5008 lius
2409 4954 2582 5021 habe,
2636 4956 2766 5024 nisi,
2800 4957 2882 5011 Ite
2929 4959 2981 5011 in
3023 4961 3271 5012 mundum
3301 4961 3598 5015 universum
3653 4973 3701 5014 et
3735 4977 3863 5029 pnt—

2260 5051 2428 5105 dicale
2487 5051 2828 5124 Evangelium
2870 5054 3009 5107 omni
3058 5064 3308 5108 creaturte
3356 5053 3563 5123 (Marc.
3608 5055 3766 5124 xvi)?
3796 5053 3863 5106 Et

2260 5145 2590 5214 quodcunque
2623 5147 3102 5215 supererogaveris,
3134 5163 3226 5217 ego
3269 5164 3383 5200 cum
3413 5148 3617 5202 rediero
3650 5149 3862 5202 reddant

2263 5237 2373 5291 tibi.
2408 5236 2700 5294 Videamus
2733 5239 2861 5308 quid
2901 5250 3423 5311 supererogaverunt
3462 5241 3782 5307 stabularii,
3812 5239 3860 5294 id

2259 5336 2344 5384 est
2364 5330 2533 5384 sancti
2556 5329 2956 5398 praedicatores.
2981 5331 3522 5403 Supererogaverunt
3542 5334 3717 5388 sancti
3737 5346 3862 5400 apo-

2259 5421 2415 5490 stoli,
2447 5423 2661 5492 quando
2685 5438 2848 5493 super
2878 5424 3148 5496 Evangelii
3177 5437 3444 5497 praecepta
3474 5427 3640 5482 dictis
3669 5427 3783 5481 suis
3809 5433 3859 5479 et

2258 5514 2504 5584 epistolis
2534 5516 2692 5570 saluti
2723 5515 2996 5573 hominum
3035 5518 3429 5576 conduxerunt.
3477 5519 3724 5590 Implevit
3764 5522 3859 5572 hoc

2258 5608 2516 5680 magister
2552 5607 2831 5679 gentium,
2879 5611 2970 5680 qtti
3017 5609 3115 5664 fuit
3166 5626 3302 5666 unus
3347 5620 3550 5666 sanctae
3600 5611 3858 5666 Ecclesia

2259 5702 2616 5771 stabularios,
2650 5703 2742 5773 qui
2784 5717 2948 5774 super
2987 5717 3106 5760 eam
3150 5719 3310 5775 quam
3347 5706 3556 5773 accepit
3595 5704 3859 5759 rationem

2260 5796 2457 5867 aliquid
2487 5797 2763 5866 erogavit,
2795 5797 3013 5868 quando
3041 5799 3377 5854 moderatum
3408 5797 3718 5852 mandatum
3757 5794 3858 5848 Do-

2260 5894 2391 5950 mini
2420 5907 2588 5964 prope
2613 5892 2971 5955 immoderato
2991 5892 3176 5952 labore
3198 5901 3494 5952 exsecutus
3519 5899 3625 5961 est,
3647 5886 3858 5963 quando
