4096 6346
297 426 440 484 1595

293 541 458 596 etiam
491 535 558 592 de
594 537 678 592 his
716 536 785 591 de
818 525 1010 606 quibus
1047 545 1373 605 praeceptum
1423 551 1529 590 non
1581 542 1884 604 acceperat,
1913 535 1970 595 Α

294 630 578 686 consilium
617 629 810 693 dabat,
853 627 1039 703 dicens
1086 645 1097 681 :
1146 627 1220 682 De
1262 628 1540 699 virginibus
1580 639 1888 699 prwceptum

293 723 504 778 Dontini
543 738 644 776 non
683 722 874 788 habeo,
908 721 1174 775 consilium
1203 733 1375 773 autem
1404 721 1470 773 do
1501 717 1566 790 (Ι
1595 719 1715 773 Cor.
1749 720 1883 781 vlt).

292 817 361 872 Et
390 831 600 870 rursum
640 813 772 872 dicit
803 833 813 868 :
851 813 1099 868 Dominus
1137 814 1396 868 ordinavit
1433 815 1512 867 his
1547 814 1636 882 qui
1672 827 1888 882 evange-

292 911 420 965 lium
451 908 730 974 nuntiant,
762 903 824 961 dé
865 904 1151 978 Evangelia
1193 908 1395 972 vivere;
1440 922 1534 962 nos
1564 916 1740 960 autem
1782 921 1886 961 non

291 1007 372 1057 usi
400 1014 587 1056 sumus
621 1000 718 1071 hac
743 1007 1005 1069 pclestate
1036 999 1176 1054 inter
1202 1013 1332 1064 vos,
1361 1014 1429 1053 ne
1455 1013 1614 1067 quem
1646 1007 1885 1052 vestrum

287 1106 638 1164 gravaremus
673 1089 739 1163 (1
780 1090 901 1146 Cor.
935 1088 1042 1161 ix).
1078 1088 1175 1145 Cui
1214 1105 1334 1145 cum
1372 1090 1608 1153 venerit,
1643 1090 1741 1143 hoc
1781 1099 1881 1154 est,

285 1199 409 1239 cum
440 1183 490 1237 in
524 1183 627 1236 ﬁne
654 1181 833 1236 saaculi
865 1182 1128 1236 universa:
1158 1181 1304 1235 carni
1331 1181 1668 1250 apparuerit,
1696 1194 1885 1248 Supero

287 1285 508 1347 erogata
548 1275 831 1339 restituet,
876 1274 1000 1342 quia
1032 1271 1186 1342 juxta
1225 1273 1384 1327 aliam
1429 1271 1700 1340 Evangelii
1735 1285 1885 1339 para-

283 1374 463 1431 bolam
494 1387 652 1443 super
681 1369 861 1426 omnia
887 1370 1027 1426 bona
1059 1384 1155 1425 sua
1186 1370 1476 1424 constituet
1507 1384 1628 1423 eum
1660 1365 1880 1436 (Matth.

284 1468 450 1539 xxv).
481 1466 650 1537 Magni
683 1479 809 1534 ergo
840 1463 1016 1520 meriti
1044 1473 1127 1518 est
1156 1461 1243 1517 hic
1273 1462 1601 1516 stabularius
1621 1501 1635 1524 ,
1668 1459 1754 1514 cui
1787 1460 1883 1514 de-

282 1562 426 1617 bitor
464 1571 546 1616 est
597 1557 861 1614 Christus.
916 1553 1046 1623 Quis
1085 1557 1228 1611 enim
1272 1569 1376 1608 non
1417 1553 1649 1622 gaudeat
1695 1553 1882 1607 saltem

283 1654 509 1709 idoneus
549 1651 760 1707 debitor
795 1664 917 1706 esse
959 1647 1200 1704 Christi?
1228 1648 1470 1715 Quantus
1502 1655 1584 1701 est
1627 1661 1753 1715 ergo
1783 1647 1884 1700 iste

281 1747 437 1815 cujus
474 1754 558 1801 est
601 1744 692 1799 ille
735 1743 970 1809 debitor,
1013 1742 1104 1814 qui
1145 1757 1331 1797 omnes
1375 1740 1532 1794 habet
1573 1739 1882 1795 debitores?

281 1839 420 1894 ilinc
449 1839 564 1907 ipse
591 1846 771 1892 certus
799 1835 1064 1904 gloriatur
1093 1834 1278 1890 dicens
1307 1851 1318 1886 :
1343 1833 1457 1887 Non
1486 1831 1698 1901 negabit
1727 1832 1877 1887 dehi-

1270 422 1740 481 llOMlLlARlUS.
1782 451 1855 465 —
1890 420 2058 479 ΗΟΜ.
2101 422 2190 480 DE
2220 421 2574 480 TEMPORE.

3442 428 3582 488 1594

2506 535 2783 593 HOMlLlA
2829 536 3079 594 CLXXV.

2265 642 2316 682 IN
2357 641 2606 682 DOHIMCA
2650 642 2717 682 XV
2758 638 2873 684 P081
2912 642 3305 684 PHNTECOSTBN.

2062 720 2128 775 In
2156 721 2247 775 illo
2269 729 2497 791 tempore
2517 722 2639 775 dum
2667 722 2761 776 iret
2783 721 2935 777 Iesus
2959 723 3015 776 in
3037 721 3384 790 Hierusalem,
3410 733 3579 782 trans-

1987 813 2094 866 ibat
2153 831 2243 882 per
2304 815 2526 868 mediam
2583 815 2896 869 Samariam.
2955 813 3021 868 Et
3070 832 3186 870 cum
3233 817 3581 887 ingrederetur

1986 907 2247 976 quoddam
2276 907 2568 973 castellum,
2602 917 2932 964 occurrerunt
2961 910 3006 965 ei
3035 909 3210 964 decem
3237 911 3336 966 viri
3365 912 3577 982 leprosi,

1988 1010 2094 1056 etc.
2128 1000 2281 1070 (Luc.
2312 1001 2466 1070 xvn).

2060 1093 2115 1147 In
2149 1093 2375 1162 leprosis
2406 1094 2510 1148 illis
2540 1111 2674 1161 quos
2715 1095 2981 1151 Dominus
3008 1097 3077 1152 ita
3121 1098 3425 1165 mundavit,
3455 1113 3580 1153 cum

1985 1188 2060 1241 ait
2109 1203 2123 1239 :
2173 1183 2286 1251 Ite,
2329 1188 2577 1242 ostendite
2626 1206 2715 1244 vos
2763 1191 3143 1256 sacerdotibus,
3196 1193 3360 1247 multa
3410 1195 3582 1261 qttteri

1987 1287 2208 1348 possunt
2238 1295 2356 1348 qua:
2387 1280 2577 1334 merito
2609 1293 2910 1350 quaerentes
2944 1294 3220 1349 moveant,
3255 1300 3358 1340 non
3398 1286 3576 1344 solum

1984 1370 2052 1424 de
2090 1385 2350 1436 numero,
2397 1370 2521 1439 quid
2567 1371 2666 1426 sibi
2707 1373 2831 1427 velit
2873 1373 3017 1443 quod
3059 1375 3244 1430 decem
3282 1385 3441 1442 sunt,
3485 1378 3581 1432 sed

1984 1462 2124 1530 quod
2165 1477 2301 1516 unus
2339 1478 2400 1516 ex
2441 1464 2521 1518 eis
2558 1462 2731 1518 solum
2775 1465 2972 1535 gratias
3010 1466 3142 1537 agit.
3186 1464 3310 1522 Haec
3340 1467 3483 1522 enim
3516 1467 3579 1521 li-

1984 1554 2112 1610 bere
2139 1565 2469 1626 quaeruntur,
2501 1568 2555 1610 ut
2596 1558 2756 1611 etiam
2806 1572 2911 1611 non
2953 1557 3299 1627 investigata,
3334 1559 3414 1614 vel
3447 1559 3581 1616 nihil

1984 1647 2067 1701 vel
2097 1648 2322 1702 multum
2355 1646 2647 1716 impediant
2681 1649 3034 1704 intentionem
3066 1650 3324 1720 legentis,
3355 1651 3448 1706 sed
3491 1653 3580 1708 illa

1985 1740 2158 1809 potius
2186 1755 2282 1794 cur
2308 1755 2403 1794 eos
2445 1741 2509 1794 ad
2548 1741 2859 1796 sacerdotes
2893 1743 3132 1811 miserit,
3163 1753 3220 1798 ut
3249 1759 3372 1800 cum
3413 1745 3576 1814 irent,

1982 1834 2388 1889 mundarentur.
2427 1833 2642 1888 Nullum
2674 1849 2861 1890 eorum
2890 1835 3085 1905 quibus
3128 1837 3242 1893 haec
3270 1839 3577 1908 corporalia

280 1943 393 1987 tum
415 1973 430 1997 ,
457 1930 545 2000 qui
571 1930 790 1984 donavit
816 1927 1138 1984 indebitum.
1166 1927 1430 1984 Producto
1453 1942 1582 1981 vero
1609 1925 1880 1994 hucusque
1908 1911 1957 1974 Β
1984 1925 2250 1980 beneﬁcia
2282 1926 2527 1995 przestitit
2550 1966 2564 1990 ,
2598 1927 2873 1984 invenitur
2903 1928 3118 1985 misisse
3146 1929 3213 1984 ad
3242 1931 3574 2001 sacerdotes,

276 2024 644 2080 similitudinis
672 2022 831 2090 hujus
860 2033 1081 2088 tenore,
1125 2021 1176 2076 id
1221 2021 1364 2091 quod
1412 2030 1722 2088 susceperat
1750 2033 1881 2074 con-

278 2121 560 2184 clusurus,
598 2118 968 2188 legisperitum
1000 2117 1325 2186 interrogat,
1351 2116 1472 2186 quis
1504 2115 1693 2170 horum
1720 2116 1878 2170 trium

278 2211 350 2265 illi
380 2209 467 2280 qui
502 2211 552 2264 in
583 2209 820 2264 latrones
860 2209 1127 2264 inciderat
1158 2207 1436 2276 proximus
1468 2205 1632 2261 fuisse
1663 2207 1876 2261 videre-

277 2311 384 2368 tur,
423 2311 600 2358 utrum
642 2301 893 2358 videlicet
940 2301 1194 2357 sacerdos
1241 2310 1296 2354 et
1331 2300 1487 2355 levita
1522 2300 1633 2368 qui,
1682 2315 1878 2370 genere

279 2399 544 2467 proximi,
571 2396 934 2452 misericordia
969 2396 1182 2450 fuerant
1211 2393 1492 2460 extranei,
1533 2409 1599 2447 an
1637 2393 1873 2448 Samari-

277 2497 432 2542 tanus
459 2489 570 2556 qui,
607 2488 824 2541 natione
856 2497 1106 2541 externus
1129 2531 1142 2553 ,
1183 2484 1557 2553 compassinne
1599 2485 1769 2540 fuerat
1800 2485 1876 2538 vi-

277 2583 451 2637 cinus.
476 2584 543 2636 At
570 2582 660 2636 ille
683 2581 825 2648 quod
854 2584 989 2636 ratio
1015 2579 1371 2649 persnadebat
1401 2578 1696 2646 respondit,
1727 2578 1874 2633 illum

275 2678 483 2732 scilicet
510 2677 678 2746 magis
708 2676 783 2730 illi
816 2676 978 2730 fuisse
1007 2676 1341 2743 proximum,
1374 2673 1463 2743 qui
1502 2673 1625 2727 fecit
1660 2672 1875 2728 miseri-

275 2768 517 2823 cordiam
542 2768 596 2822 in
625 2767 798 2822 illum.
828 2766 892 2820 Et
919 2767 1174 2822 Dominus
1201 2767 1267 2820 ad
1296 2766 1526 2821 similem
1554 2781 1676 2820 eum
1706 2767 1877 2836 pieta-

277 2863 344 2916 tis
376 2877 594 2933 operam
635 2876 932 2932 provocans
953 2904 968 2928 ,
1008 2861 1186 2929 Vade,
1218 2861 1422 2930 inquit,
1453 2872 1499 2916 et
1541 2872 1593 2914 tu
1624 2861 1705 2930 [ac
1730 2862 1876 2916 simi-

275 2955 414 3009 liter.
468 2955 624 3024 Quod
665 2963 749 3011 est
795 2956 975 3012 dicere
1027 2972 1041 3009 :
1095 2955 1164 3011 Ut
1210 2955 1462 3011 ostendas
1513 2965 1564 3009 te
1612 2955 1875 3011 veraciter

274 3051 495 3122 diligere
536 3052 834 3122 proximum
866 3053 1002 3109 sicut
1031 3053 1290 3124 teipsum,
1323 3053 1490 3120 vade,
1533 3060 1589 3108 et
1618 3049 1872 3122 quidquid

274 3145 422 3198 vales
452 3143 507 3199 in
537 3144 823 3200 utilitatem
858 3145 1025 3214 ipsius
1057 3145 1140 3199 vel
1171 3145 1459 3215 corporali,
1493 3145 1576 3199 vel
1608 3143 1871 3212 Spirituali

274 3245 559 3307 promptus
587 3251 837 3306 operare.
872 3237 1084 3291 Imitare
1122 3235 1280 3306 hujus
1312 3236 1653 3304 praedicabile
1683 3234 1868 3290 Sama-

1981 2019 2088 2074 nisi
2133 2020 2394 2089 leprosos.
2446 2019 2579 2074 Nam
2622 2031 2676 2075 et
2720 2021 2872 2076 illum
2917 2036 2946 2075 a
2997 2023 3145 2092 lepra
3193 2024 3577 2092 mundaverat,

1981 2114 2065 2167 cui
2093 2111 2227 2168 dixit
2261 2131 2272 2165 :
2317 2112 2459 2168 Vade
2478 2154 2494 2179 ,
2523 2116 2730 2170 ostende
2756 2125 2803 2169 te
2827 2116 3178 2171 sacerdotibus
3197 2156 3211 2182 ,
3244 2127 3291 2172 et
3320 2118 3448 2186 oﬂ'er
3480 2132 3576 2186 pro

1982 2215 2033 2259 te
2072 2206 2391 2260 sacriﬁcium
2433 2207 2573 2275 quod
2616 2209 2858 2278 prwcepit
2900 2207 3106 2280 Moyses
3136 2210 3191 2263 in
3229 2211 3575 2265 testimonium

1978 2298 2086 2352 illis
2118 2297 2283 2366 (Luc.
2316 2315 2343 2351 v
2362 2298 2402 2368 ).
2435 2299 2640 2355 Deinde
2665 2302 2838 2370 qualis
2865 2303 3141 2359 mundatio
3171 2305 3424 2372 spiritalis
3450 2320 3574 2374 pos~

1979 2389 2051 2444 sit
2094 2405 2279 2446 eorum
2325 2392 2546 2461 intelligi
2587 2407 2720 2462 quos
2766 2393 3005 2462 ingratos
3048 2395 3317 2451 exstitisse
3371 2399 3572 2466 arguit.

1979 2483 2285 2538 Secundum
2332 2498 2530 2551 corpus
2571 2484 2714 2538 enim
2763 2484 2919 2539 facile
2963 2494 3045 2540 est
3083 2486 3263 2542 videre
3302 2487 3571 2542 hominem

1984 2592 2142 2645 posse
2185 2591 2290 2631 non
2339 2576 2540 2644 habere
2585 2577 2822 2644 lepram,
2861 2587 2914 2632 et
2953 2586 3129 2634 tamen
3161 2579 3324 2635 animi
3357 2594 3461 2634 non
3493 2591 3576 2635 est

1978 2667 2125 2724 boni.
2164 2669 2473 2724 Secundum
2514 2669 2962 2738 signiﬁcationem
2998 2682 3177 2727 autem
3219 2671 3378 2742 hujus
3416 2673 3575 2726 mira-

1977 2762 2122 2826 culi,
2148 2762 2253 2816 dici
2285 2762 2454 2830 possit
2477 2762 2734 2832 ingratus.
2765 2763 3126 2830 Quaerendum
3150 2772 3233 2819 est
3261 2763 3422 2834 igitur
3442 2763 3570 2834 quid

1977 2857 2090 2925 ipsa
2124 2855 2272 2926 lepra
2303 2855 2588 2926 signiﬁcet.
2630 2855 2744 2911 Non
2774 2858 2917 2912 enim
2949 2858 3118 2911 sanati
3146 2897 3160 2920 ,
3193 2857 3288 2912 sed
3329 2857 3568 2912 mundati

1976 2950 2249 3014 dicuntur,
2293 2951 2380 3019 qui
2431 2965 2492 3007 ea
2539 2959 2846 3005 caruerunt.
2888 2949 3099 3005 Coloris
3138 2950 3336 3020 quippe
3373 2951 3561 3006 vitium

1976 3052 2091 3109 est,
2138 3059 2242 3098 non
2273 3041 2592 3098 valetudinis
2632 3050 2724 3097 aut
2764 3042 3082 3112 integritatis
3113 3055 3367 3097 sensuum
3408 3052 3568 3111 atque

1976 3135 2362 3189 membrorum.
2393 3134 2613 3203 Leprosi
2641 3149 2768 3204 ergo
2801 3150 2906 3189 non
2932 3133 3162 3190 absurde
3189 3131 3414 3203 intelligi
3445 3148 3566 3202 pos-

1982 3228 2247 3296 suntqui,
2277 3227 2556 3281 scientiam
2591 3241 2730 3281 verae
2771 3227 2891 3282 ﬁdei
2924 3241 3029 3281 non
3072 3227 3360 3293 habentes,
3393 3227 3569 3282 varias

275 3284 558 3307 ,πη-τη-
592 3284 837 3306 ντ---η-
872 3284 1083 3291 --κ----ν
1122 3284 1278 3306 ---τ.---
1314 3284 1651 3304 τ-η--τ--η-
1684 3284 1842 3290 τ-π---η

274 3331 435 3387 ritani
465 3331 802 3401 exemplum,
825 3340 878 3386 et
900 3331 1201 3402 cuicunque
1225 3331 1461 3399 potueris
1485 3331 1873 3387 misericordia:

1985 3318 2257 3373 doctrinas
2290 3317 2607 3388 proﬁtentur
2635 3319 2858 3374 erroris.
2894 3318 3009 3374 Non
3041 3320 3183 3373 enim
3217 3319 3305 3374 vel
3335 3319 3568 3373 abscon-

275 3439 472 3480 utunus
513 3423 811 3493 impertire.
853 3423 967 3478 Tali
998 3433 1312 3494 argumento
1353 3439 1568 3479 omnem
1601 3424 1872 3477 hominem

274 3526 518 3573 nostrum
560 3532 680 3574 esse
723 3517 1022 3586 proximum
1061 3525 1115 3571 et
1150 3516 1526 3584 cognoscendo
1551 3515 1870 3588 diligamus,

274 3619 332 3667 et
361 3611 632 3679 diligendo
675 3611 873 3678 in0piaa
919 3610 1085 3677 ipsius
1125 3608 1397 3664 aflinitatis
1439 3609 1631 3663 intuitu
1657 3623 1873 3675 compa-

279 3702 500 3756 tiamur.
535 3700 662 3755 Plus
692 3701 835 3756 enim
878 3701 1244 3756 misericordia
1275 3715 1432 3770 quam
1465 3703 1712 3770 cognatio
1751 3716 1872 3767 pro-

273 3797 479 3851 ximum
516 3795 672 3861 facit,
704 3796 824 3863 quia
855 3795 1220 3852 misericordia
1249 3809 1334 3850 res
1365 3804 1447 3850 est
1478 3806 1700 3850 naturai.
1732 3794 1871 3862 Quid

273 3886 425 3943 enim
464 3884 636 3954 majus
665 3887 958 3940 secundum
990 3896 1230 3940 naturam
1258 3928 1272 3952 ,
1316 3901 1474 3954 quam
1512 3885 1702 3954 juvare
1739 3900 1872 3939 con-

275 3988 482 4037 sortem
532 3980 774 4033 naturae?
817 3978 1178 4048 Spiritualiter
1218 3993 1346 4033 vero
1388 3978 1659 4046 proximus
1693 3987 1874 4032 noster

275 4072 453 4128 nullus
481 4071 714 4140 amplius
741 4080 823 4126 est
845 4085 1002 4141 quam
1030 4069 1298 4134 Christus,
1327 4069 1416 4137 qui
1447 4071 1662 4123 vulnera
1693 4078 1870 4122 nostra

273 4164 507 4219 curavit.
545 4162 834 4218 Proximus
873 4163 1054 4232 itaque
1092 4161 1246 4216 nobis
1276 4169 1360 4216 est
1395 4175 1489 4230 per
1515 4160 1871 4227 divinitatem,

274 4255 400 4324 quia
437 4269 546 4310 non
585 4253 742 4324 longe
769 4263 852 4309 est
880 4253 947 4307 ab
977 4267 1084 4308 uno
1119 4261 1330 4322 qucque
1362 4263 1622 4307 nostrum.
1664 4251 1732 4304 In
1760 4251 1876 4320 ipso

273 4347 410 4400 enim
436 4346 681 4412 vivimus,
725 4359 984 4400 movemur
1027 4356 1074 4398 et
1101 4360 1276 4398 sumus
1305 4344 1322 4410 (
1341 4343 1452 4397 Act.
1485 4357 1589 4397 xvn
1610 4341 1652 4412 ).
1684 4341 1875 4396 Proxi-

278 4455 400 4494 mus
429 4440 589 4495 etiam
638 4438 792 4494 nobis
839 4437 955 4493 ﬁeri
997 4439 1248 4506 dignatus
1289 4445 1372 4492 est
1413 4451 1476 4490 ex
1521 4435 1874 4502 humanitate,

274 4533 398 4602 quia
431 4546 554 4586 cum
582 4541 728 4588 esset
762 4531 918 4601 longe
959 4546 987 4584 a
1029 4529 1182 4584 nobis
1205 4569 1218 4594 ,
1250 4538 1307 4582 ut
1349 4538 1470 4594 pote
1501 4527 1820 4581 immortalis
1846 4541 1876 4583 τι

1975 3409 2108 3464 dunt
2138 3409 2461 3477 imperitiam
2503 3425 2688 3475 suam,
2727 3412 2821 3466 sed
2864 3425 2960 3479 pro
2989 3426 3195 3466 summa
3229 3412 3417 3481 peritia
3447 3425 3572 3480 pro-

1975 3500 2157 3556 ferunt
2196 3501 2248 3554 in
2290 3502 2461 3557 lucem
2488 3542 2504 3568 ,
2533 3514 2589 3558 et
2615 3503 2922 3571 jactamiam
2959 3503 3224 3559 sermonis
3254 3502 3567 3558 ostendunt.

1973 3591 2134 3648 Nulla
2186 3607 2344 3661 porro
2398 3594 2531 3648 falsa
2583 3594 2826 3648 doctrina
2883 3605 3007 3661 est,
3059 3605 3181 3665 qua:
3231 3608 3340 3650 non
3392 3593 3568 3664 aliqua

1975 3698 2099 3738 vera
2145 3683 2527 3739 intermisceat.
2579 3682 2714 3738 Vera
2746 3698 2874 3753 ergo
2916 3683 3066 3738 falsis
3107 3684 3409 3740 inordinate
3446 3699 3568 3755 per-

1974 3776 2141 3829 mixta
2166 3775 2219 3831 in
2244 3790 2346 3829 una
2371 3773 2728 3844 disputatione
2755 3775 2837 3829 vel
2862 3776 3171 3830 narratione
3194 3775 3424 3831 hominis
3451 3785 3567 3831 tan-

1975 3882 2136 3937 quam
2188 3867 2242 3921 in
2291 3867 2446 3921 unius
2484 3867 2724 3934 corporis
2777 3868 2956 3922 colore
3007 3870 3316 3936 apparentia
3366 3868 3569 3940 signiﬁ-

1974 3970 2102 4017 cant
2147 3960 2349 4028 lepram
2403 3969 2651 4028 tanquam
2699 3961 2843 4014 veris
2891 3959 3145 4030 falsisque
3189 3962 3429 4016 colorum
3476 3961 3566 4016 lo-

1975 4055 2054 4108 cis
2095 4053 2323 4106 liumana
2373 4066 2600 4120 corpora
2628 4051 2920 4108 variantem
2966 4063 3128 4124 atque
3170 4055 3560 4110 maculantem.

1976 4144 2041 4200 lli
2073 4155 2249 4200 autem
2275 4154 2380 4198 tam
2403 4145 2606 4199 vitandi
2627 4146 3054 4213 suntEcclesiaa,
3085 4156 3140 4202 ut
3163 4148 3210 4203 si
3238 4147 3352 4203 ﬁeri
3382 4157 3565 4216 potest

1978 4236 2186 4306 longius
2216 4234 2433 4303 rem0ti,
2481 4251 2675 4306 magno
2722 4237 2962 4292 clamore
2995 4236 3269 4292 Christum
3301 4237 3559 4307 interpel-

1979 4332 2109 4400 lent,
2140 4335 2278 4390 sicut
2322 4337 2408 4391 isti
2456 4338 2644 4392 decem
2695 4345 2963 4392 steterunt
2993 4353 3022 4390 a
3053 4335 3232 4405 longe,
3271 4344 3327 4390 et
3351 4335 3564 4391 levave-

1979 4435 2104 4479 runt
2133 4442 2342 4492 vocem,
2373 4428 2614 4484 dicentes
2641 4446 2655 4481 :
2684 4428 2813 4483 Jesu
2853 4437 3158 4499 praeceptor,
3202 4428 3440 4482 miserere
3465 4445 3562 4482 no.

1977 4518 2092 4571 stri.
2118 4517 2250 4573 Nam
2279 4528 2335 4574 et
2361 4520 2501 4589 quod
2535 4531 2918 4588 praeceptorem
2948 4527 3164 4586 vocant,
3206 4535 3312 4588 quo
3349 4519 3570 4575 nomine

276 4624 598 4679 mortalibus
619 4663 634 4688 ,
663 4624 839 4694 justus
864 4639 893 4677 a
926 4623 1295 4691 peccatoribus
1313 4661 1328 4687 ,
1354 4621 1632 4675 descendit
1659 4621 1724 4674 ad
1751 4635 1868 4688 nos,

1980 4611 2199 4675 nescio,
2250 4618 2423 4666 utrum
2481 4613 2761 4680 quisquam
2813 4609 3094 4665 Dominum
3142 4609 3570 4680 interpellaverit

275 4726 338 4771 ut
364 4715 517 4771 nobis
559 4716 716 4770 ﬁeret
752 4716 1065 4784 proximus,
1097 4715 1187 4784 qui
1216 4725 1331 4770 erat
1369 4722 1494 4769 ante
1525 4714 1866 4784 longinquus.

275 4810 614 4868 Veneremur
653 4824 784 4880 ergo
823 4826 946 4866 eum
979 4811 1126 4880 quasi
1161 4809 1446 4864 Dominum
1483 4815 1538 4862 et
1579 4807 1746 4863 Deum
1776 4823 1874 4861 no-

274 4915 476 4972 strum,
512 4905 802 4976 diligamus
850 4913 905 4960 et
939 4905 1094 4974 quasi
1127 4904 1460 4974 proximum,
1491 4903 1610 4972 quia
1648 4902 1760 4972 ipse
1789 4910 1874 4956 est

273 5012 437 5072 caput
473 5009 742 5056 nostrum.
790 4997 857 5054 Et
894 5009 1106 5054 constat
1142 4999 1265 5069 quia
1297 4997 1425 5052 nihil
1464 5005 1547 5052 est
1577 4995 1873 5065 proximius

276 5109 439 5164 quam
477 5100 642 5163 caput
687 5091 964 5147 membris.
1014 5091 1165 5146 Hunc
1204 5105 1418 5159 semper
1454 5086 1604 5159 quasi
1637 5085 1873 5140 membra

277 5186 596 5242 ﬁdelissima
640 5192 803 5253 caput
842 5193 1241 5252 respectemus,
1289 5181 1512 5251 ejusque
1563 5178 1876 5234 misericor-

277 5277 424 5334 diam
464 5277 574 5346 jam
627 5275 694 5329 de
742 5283 938 5330 caetero
987 5273 1162 5329 securi
1216 5287 1518 5341 poscamus.
1565 5270 1680 5325 Non
1735 5266 1874 5322 enim

279 5370 482 5441 poterit
522 5383 631 5424 non
676 5367 918 5423 misereri
964 5365 1216 5431 subditis,
1260 5364 1382 5434 quia
1417 5378 1536 5419 sese
1575 5361 1874 5433 proximum

279 5462 527 5533 praebere
567 5459 814 5531 dignatus
852 5467 936 5512 est
979 5455 1261 5513 indevotis.
1306 5453 1594 5523 Diligentes
1640 5467 1769 5521 ergo
1817 5464 1876 5507 se

279 5553 498 5623 diliget,
536 5563 591 5610 et
627 5550 695 5607 ad
735 5547 1243 5620 contemplationem
1280 5560 1434 5602 suam
1467 5545 1747 5616 Patrisque
1795 5543 1876 5600 in-

278 5647 530 5704 troducet
548 5689 565 5714 ,
592 5646 750 5704 Jesus
780 5642 1026 5708 Christus
1055 5643 1313 5702 Dominus
1337 5651 1542 5709 noster,
1569 5641 1658 5713 qui
1689 5647 1879 5710 regnat

279 5738 344 5801 in
372 5739 587 5798 saecula.

1981 4719 2078 4773 pro
2109 4703 2375 4758 medicina
2401 4703 2687 4772 corporali,
2713 4701 2842 4757 satis
2874 4711 3002 4772 puto
3029 4701 3333 4772 signiﬁcare
3361 4704 3564 4773 lepram

1977 4797 2164 4853 falsam
2206 4813 2328 4853 esse
2353 4797 2673 4861 doctrinam,
2705 4812 2863 4867 quam
2892 4797 3064 4853 bonus
3107 4808 3407 4867 praeceptor
3434 4797 3561 4851 abs-

1953 4891 2158 4958 .tergit.
2199 4888 2572 4945 Sacerdotium
2601 4904 2730 4945 vero
2758 4889 3067 4944 Judaaorum
3117 4904 3276 4943 nemo
3323 4888 3560 4944 ﬁdelium

1980 4982 2096 5038 fere
2126 4981 2331 5037 dubitat
2362 4982 2584 5052 ﬁguram
2615 4981 2780 5038 fuisse
2809 4979 2972 5036 futuri
3013 4980 3299 5036 sacerdotii
3340 4981 3559 5050 regalis,

1981 5075 2120 5145 quod
2150 5085 2232 5131 est
2264 5075 2316 5129 in
2350 5074 2613 5140 Ecclesia,
2643 5090 2750 5144 quo
2794 5081 3182 5130 consecrantur
3226 5088 3414 5129 omnes
3442 5090 3564 5143 per-

1981 5170 2216 5224 tinentes
2259 5168 2324 5222 ad
2360 5183 2554 5238 corpus
2583 5167 2782 5224 Chri8ti
2824 5169 3162 5222 summiveri
3196 5167 3448 5237 principis
3477 5181 3567 5222 sa-

1981 5262 2283 5318 cerdotum.
2314 5260 2446 5315 Nam
2475 5275 2618 5316 nunc
2640 5269 2695 5316 et
2721 5274 2912 5315 omnes
2939 5268 3229 5328 unguntur,
3262 5261 3406 5330 quod
3438 5270 3566 5316 tunc

1981 5354 2196 5424 regibus
2249 5364 2451 5407 tantum
2497 5361 2552 5406 et
2592 5352 2962 5407 sacerdotibus
2996 5351 3178 5408 ﬁebat.
3212 5351 3280 5408 Et
3322 5352 3463 5420 quod
3491 5351 3570 5407 ait

1982 5445 2171 5501 Petrus
2198 5445 2264 5499 ad
2293 5445 2655 5499 Christianum
2698 5445 2950 5514 populum
2979 5445 3243 5508 scribens,
3279 5445 3457 5513 regale
3479 5460 3568 5498 sa-

1984 5539 2267 5593 cerdotium
2312 5535 2360 5606 (l
2397 5535 2539 5591 Petr.
2573 5536 2658 5608 ιι),
2709 5545 2995 5606 utrumque
3024 5535 3096 5590 illi
3147 5537 3341 5602 populo
3369 5549 3562 5590 nomen

1983 5629 2272 5687 convenire
2296 5628 2606 5693 declaravit,
2632 5643 2739 5696 quo
2764 5627 2856 5682 illa
2885 5628 3067 5684 unctio
3097 5627 3416 5694 pertinebat.
3448 5629 3565 5684 Cae-

1980 5733 2101 5778 tera
2128 5721 2309 5790 itaque
2336 5720 2467 5776 vitia
2500 5732 2751 5791 tanquam
2774 5720 3106 5776 valetudines
3133 5729 3187 5775 et
3215 5720 3370 5790 quasi
3396 5734 3567 5777 mem-

1983 5815 2203 5872 brorum
2234 5816 2428 5870 anima:
2453 5826 2613 5886 atque
2638 5828 2918 5883 sensuum,
2949 5827 3044 5883 per
3070 5811 3304 5883 seipsum
3335 5813 3559 5871 interius

1984 5906 2042 5968 in
2071 5907 2402 5969 conscientia
2429 5918 2483 5968 et
2526 5907 2804 5981 intellectu
2837 5905 3097 5978 Dominus
3134 5913 3288 5970 sanat
3313 5914 3370 5966 et
3391 5907 3562 5966 corri-
