4096 6346
548 338 687 396 1595

1409 346 1610 405 PAULI
1652 348 1919 405 DIACONI
1963 349 2113 406 UPP.
2158 354 2336 411 PARS
2378 357 2435 411 ll.
2482 388 2548 396 -—-
2591 356 2958 417 ASCETICA.

3689 366 3827 427 1396

537 457 632 531 git.
668 457 915 515 Doctrina
946 472 1073 514 vero
1101 458 1183 515 vel
1226 459 1498 518 imbuendi
1530 477 1623 534 per
1647 477 2002 531 sacramenta,
2038 468 2117 524 vel
2229 485 2413 526 rursus
2462 471 2526 525 ad
2570 488 2732 527 unum
2780 472 3053 540 redeatur,
3101 480 3156 529 et
3198 472 3314 529 haec
3346 489 3441 546 per
3485 476 3827 549 inﬁnitatem,

538 551 903 609 catechizandi
943 566 1039 620 per
1068 566 1376 611 sermonem
1409 568 1690 612 sonantem
1731 566 1893 630 atque
1936 560 2125 617 lectio-

538 656 684 708 nem,
720 643 807 698 ubi
839 642 987 699 color
1016 644 1232 713 quidam
1278 661 1438 700 verus
1474 648 1789 719 intelligitur
1815 661 1976 724 atque
2021 654 2131 711 sin-

538 748 718 801 cerus,
752 735 874 805 quia
908 736 960 792 in
994 746 1246 808 promptu
1275 748 1357 797 est
1380 748 1433 795 et
1463 739 1592 797 foris
1623 743 2081 803 eminentissimus
2109 767 2123 803 :

537 839 645 881 non
676 824 818 880 enim
851 826 905 882 in
940 826 1169 884 occultis
1206 829 1648 902 cogitationibus,
1680 832 1774 889 sed
1809 834 1859 889 in
1908 836 2130 894 manife-

535 920 635 976 stis
684 921 1252 989 operationibusdtaec
1298 933 1548 995 aguntur,
1604 924 1859 985 Ecclesia:
1919 934 2131 1003 proprie

537 1014 841 1071 contributa
871 1025 974 1072 est.
1000 1016 1183 1090 Itaque
1202 1027 1256 1076 et
1286 1018 1501 1087 Paulus,
1526 1036 1657 1079 voce
1686 1024 1895 1081 Domini
1926 1027 2128 1096 audita,

537 1104 680 1173 Quid
710 1116 789 1163 me
816 1112 1175 1181 persequeris?
1202 1128 1294 1184 ego
1332 1129 1448 1170 sum
1475 1112 1655 1183 Iesus,
1684 1134 1834 1189 quem
1882 1132 1935 1174 tu
1962 1137 2131 1192 perse-

533 1200 704 1269 queris
735 1200 877 1270 (Act.
906 1203 984 1273 ts)
1012 1218 1026 1257 :
1055 1203 1123 1260 ad
1163 1202 1426 1261 Ananiam
1476 1216 1655 1263 tamen
1703 1210 1903 1265 missus
1941 1219 2043 1280 est,
2075 1218 2131 1267 ut

484 1340 487 1341 ν
534 1290 631 1346 illo
658 1291 962 1350 sacerdotio
989 1297 1135 1366 quod
1162 1297 1216 1353 in
1247 1296 1489 1354 Ecclesia
1522 1299 1872 1356 constitutum
1899 1311 2006 1370 est,
2039 1319 2126 1359 sa-

534 1391 869 1440 cramentum
903 1384 1029 1441 ﬁdei
1056 1387 1316 1444 doctrinae
1348 1390 1675 1460 perciperet,
1720 1401 1775 1448 et
1822 1408 1982 1450 verus
2013 1396 2129 1464 ejus

534 1475 923 1549 approbaretur
944 1478 1123 1547 color;
1153 1495 1258 1537 non
1286 1483 1405 1552 quia
1437 1498 1541 1537 non
1566 1492 1743 1553 potest
1774 1501 1869 1557 per
1890 1487 2127 1557 seipsum

534 1569 795 1631 Dominus
841 1574 1023 1629 omnia
1072 1574 1248 1633 facere
1291 1578 1436 1648 (nam
1487 1579 1609 1649 quis
1659 1580 1794 1638 alius
1840 1580 1957 1637 lucc
2005 1582 2132 1639 facit

533 1664 768 1722 etiamin
784 1666 1094 1739 Ecclesia?),
1112 1666 1205 1726 sed
1232 1680 1287 1726 ut
1308 1670 1422 1741 ipsa
1439 1672 1671 1731 societas
1686 1685 2131 1746 congregatorum

535 1758 776 1817 ﬁdelium
810 1762 1159 1833 approbando
1206 1764 1456 1834 invicem,
1486 1775 1647 1840 atque
1681 1771 2130 1827 communicando

2234 565 2441 620 numeri
2487 566 2670 636 regula
2709 565 3061 621 custodiatur.
3108 564 3308 623 Novem
3356 567 3539 639 itaque
3585 570 3833 646 indigent

2234 675 2339 715 uno
2370 669 2421 713 ut
2449 658 2677 731 quadam
2704 660 2925 714 unitatis
2970 660 3139 714 forma
3169 658 3521 731 coaguleotur
3550 673 3605 720 et
3643 664 3831 722 decem
3876 724 3879 725 ν

2233 753 2361 807 sint.
2399 751 2572 807 Unum
2608 762 2784 808 autem
2820 768 2924 809 non
2955 754 3033 808 eis
3066 753 3266 826 indiget
3298 765 3353 812 ut
3395 756 3659 812 custodiat
3708 763 3832 816 uni-

2235 852 2417 899 tatem.
2468 842 2827 913 Quamobrem
2879 854 2936 899 ut
2984 844 3059 901 illi
3117 862 3307 902 novem
3356 848 3445 917 qui
3494 849 3695 919 gratias
3727 866 3834 907 non

2234 946 2476 1009 egerunt,
2521 936 2735 1005 reprobi
2777 936 2976 1015 effecti,
3008 954 3033 990 a
3066 939 3340 993 consortio
3370 942 3591 996 unitatis
3623 942 3834 1000 exclusi

2233 1041 2380 1098 sunt,
2428 1032 2498 1087 ita
2543 1030 2632 1087 ille
2674 1047 2809 1088 unus
2838 1031 2929 1102 qui
2958 1033 3160 1105 gratias
3190 1031 3323 1105 egit,
3351 1035 3521 1091 unica:
3570 1036 3833 1093 Ecclesia:

2233 1125 2624 1197 signiﬁcatione
2653 1127 2980 1198 approbatus
3010 1136 3170 1197 atque
3200 1126 3447 1183 laudatus
3472 1138 3579 1186 est.
3614 1130 3681 1187 Et
3709 1131 3833 1201 quia

2234 1218 2315 1275 illi
2378 1228 2533 1275 erant
2582 1217 2775 1287 Judtei,
2826 1218 3071 1279 amisisse
3111 1219 3362 1291 Superbia
3401 1218 3659 1277 declarati
3711 1232 3837 1278 sunt

2232 1326 2461 1382 regnum
2510 1312 2805 1377 ctelorum,
2857 1309 2948 1365 ubi
3003 1300 3240 1371 maxime
3287 1312 3463 1367 unitas
3505 1298 3836 1371 custoditur.

2233 1398 2339 1456 Iste
2380 1416 2508 1456 vero
2558 1392 2954 1470 Samaritanus,
3002 1392 3142 1475 quod
3200 1402 3583 1474 interpretatur
3624 1413 3836 1472 custm,

2235 1493 2311 1549 illi
2343 1509 2371 1548 a
2404 1510 2512 1565 quo
2540 1494 2746 1564 accepit
2779 1495 3023 1583 tribuens
3050 1494 3194 1577 quod
3224 1495 3451 1566 accepit,
3482 1504 3533 1551 et
3566 1498 3837 1568 quodam-

2235 1584 2398 1640 modo
2434 1597 2656 1641 cantans
2684 1586 2815 1641 illud
2861 1578 2928 1643 de
2959 1578 3177 1643 Pssimo
3206 1603 3219 1642 :
3256 1585 3637 1643 Fortitudinem
3668 1605 3838 1642 meam

2235 1678 2305 1732 ad
2326 1688 2373 1733 te
2403 1680 2685 1733 custodiam
2712 1677 2884 1750 (Psal.
2912 1680 3083 1755 Lvnt),
3116 1696 3209 1749 per
3236 1676 3527 1751 gratiarum
3555 1680 3833 1736 actionem

2235 1773 2349 1844 regi
2371 1772 2664 1843 subjectus,
2691 1774 2947 1830 unitatem
2968 1774 3077 1846 regi
3105 1774 3289 1831 humili
3313 1773 3599 1831 devotione
3627 1784 3837 1832 servat.

532 1860 676 1910 rem
725 1851 850 1910 ﬁdei
892 1855 1189 1914 doctrinam
1222 1859 1272 1914 in
1300 1859 1551 1918 omnibus
1579 1879 1699 1934 qua:
1727 1864 1978 1921 dicuntur
2007 1882 2129 1922 vcr-
2159 1850 2209 1925 Β
2236 1869 2315 1925 Tu
2344 1878 2543 1925 autem.
3688 1876 3693 1881 ’

531 1945 639 2015 bis,
669 1946 752 2003 vel
782 1940 1062 2022 signantur
1091 1956 1472 2037 sacramentis,
1511 1966 1765 2027 tanquam
1804 1974 1961 2014 unam
2006 1974 2131 2030 spe-

531 2039 672 2096 ciem
717 2042 837 2099 veri
878 2043 1075 2103 coloris
1124 2045 1377 2104 obducat.
1412 2048 1495 2105 Ad
1545 2050 1650 2107 hoc
1697 2050 1929 2121 pertinet
1967 2052 2128 2107 etiam

532 2132 676 2205 quod
707 2134 848 2192 idem
892 2136 1021 2193 dicit
1060 2141 1338 2210 apostolus
1373 2160 1385 2195 :
1422 2142 1622 2199 Deinde
1648 2154 1764 2217 post
1810 2162 1974 2201 annos
2004 2128 2129 2216 qua-

531 2228 819 2285 tuordecim
866 2230 1078 2287 ascendi
1126 2230 1544 2308 Hierosolymam
1591 2256 1707 2292 cum
1736 2238 2002 2309 Barnaba,
2045 2256 2129 2293 as-

534 2332 740 2393 sumpto
765 2324 920 2379 etiam
954 2324 1088 2382 Tito.
1114 2326 1335 2384 Ascendi
1355 2340 1527 2385 autent
1550 2335 1831 2385 secundum
1861 2332 2128 2387 revelatio—

534 2432 671 2484 netn,
706 2427 762 2473 et
802 2418 1025 2489 exposui
1069 2421 1415 2492 Evangelium
1450 2423 1588 2496 quod
1618 2423 1847 2493 prtcdico
1877 2426 1929 2479 in
1959 2425 2128 2497 genti-

537 2509 649 2577 bus,
691 2525 919 2565 scorsum
943 2510 1112 2567 autem
1145 2513 1228 2569 his
1259 2516 1345 2585 qui
1380 2514 1644 2583 videntur,
1680 2531 1747 2571 ne
1776 2516 1911 2572 forte
1944 2518 1994 2572 iu
2032 2533 2128 2573 va-

533 2617 693 2661 cuum
742 2618 901 2660 curro
944 2614 1037 2660 aut
1080 2609 1292 2662 cucurri
1326 2604 1472 2681 (Gal.
1523 2611 1607 2679 Il).
1653 2611 1719 2665 Et
1766 2611 1923 2681 paulo
1970 2621 2128 2680 post:

534 2695 666 2750 Cum
698 2698 1067 2771 cegnovissenl,
1114 2690 1310 2773 inquit,
1338 2700 1559 2772 gratiam
1589 2718 1703 2770 qua:
1733 2702 1854 2755 data
1882 2712 1953 2757 est
1982 2701 2127 2769 mihi,

538 2786 742 2857 Petrus,
773 2788 1000 2846 Jacobus
1044 2794 1090 2847 et
1130 2790 1360 2848 Joannes
1404 2795 1490 2865 qui
1540 2794 1844 2850 videbantur
1880 2796 2132 2850 columna:

534 2900 661 2953 esse,
712 2885 949 2941 dexteras
998 2884 1247 2944 dederunt
1294 2885 1420 2943 mihi
1474 2899 1521 2943 et
1572 2887 1829 2946 Barnabae
1875 2891 2130 2946 societatis

535 2975 754 3051 (ιὺὶά.>.
791 2976 905 3052 Ipsa
955 2981 1100 3037 enim
1128 2979 1345 3037 collatio
1378 2997 1535 3037 unam
1586 2983 1849 3039 doctrinm
1892 2983 2128 3053 speciem

534 3072 756 3129 exclusa
796 3074 940 3129 omni
974 3074 1239 3130 varietate
1268 3075 1623 3141 monstrabat,
1657 3075 1799 3145 quod
1844 3076 2131 3132 salubriter

535 3168 698 3224 etiam
739 3166 1046 3225 Corinthios
1073 3180 1279 3239 monet,
1310 3170 1497 3226 dicens
1523 3190 1534 3224 ;
1567 3170 1791 3226 Obsecro
1820 3183 1991 3228 autem
2017 3191 2125 3245 vos,

2721 1961 3004 2023 lIOMILIA
3058 1966 3339 2023 CLXXVI.

2501 2074 2549 2112 IN
2595 2073 2847 2113 DOMINICA
2889 2074 2960 2113 xv
2999 2074 3130 2113 posr
3170 2054 3579 2114 rsurscosrsn.

2449 2150 2547 2221 (Ex
2590 2151 2783 2207 Ilerico
2812 2154 3075 2207 monacho
3106 2148 3612 2223 Autissiodurensi.)

2307 2246 2373 2302 In
2418 2247 2508 2301 illo
2580 2256 2805 2318 tempore
2853 2248 2977 2300 dum
3024 2248 3119 2300 iret
3178 2247 3333 2305 Jesus
3381 2246 3435 2300 in
3480 2244 3842 2314 Hierusalem,

2234 2344 2483 2402 transibat
2515 2358 2604 2412 per
2629 2343 2852 2396 mediam
2882 2341 3201 2410 Samariam,
3233 2352 3337 2401 etc.
3373 2338 3531 2411 (Luc.
3561 2342 3730 2411 xvtt).

2305 2438 2502 2493 Itinera
2529 2434 2738 2490 Domini
2770 2443 2824 2490 et
2844 2433 3137 2490 Salvatoris
3165 2434 3362 2502 nostri,
3392 2444 3502 2490 tum
3527 2434 3840 2498 miraculis,

2236 2540 2346 2587 tum
2379 2532 2537 2584 etiam
2563 2527 2835 2600 mysteriis
2865 2528 3018 2597 plena
3047 2542 3262 2596 semper
3291 2526 3457 2584 fuisse
3480 2570 3498 2594 ,
3522 2536 3841 2583 sanctorum

2237 2622 2689 2693 evangelistartnn
2721 2619 3127 2676 evidentissima
3159 2620 3401 2675 declarat
3426 2620 3684 2693 assertio.
3734 2620 3840 2676 Ne-

2235 2730 2340 2787 que
2366 2714 2506 2769 cnim
2555 2713 2712 2771 locali
2739 2721 2947 2771 tantum
2991 2713 3357 2773 ambulatione
3383 2700 3708 2784 esplebatur
3748 2729 3840 2770 ne-

2235 2808 2532 2873 cessitudo,
2563 2820 2748 2863 verum
2791 2808 2951 2862 etiam
2999 2821 3092 2877 per
3122 2806 3223 2861 hoc
3271 2806 3431 2861 saluti
3471 2805 3676 2876 aliquid
3714 2821 3842 2877 pro-

2236 2902 2515 2957 videbatur
2541 2900 2808 2955 humante.
2863 2897 3185 2955 Atnbulabat
3224 2899 3364 2953 enim
3404 2897 3470 2981 de
3502 2899 3629 2953 loco
3656 2907 3842 2955 trans-

2236 2998 2352 3055 iens
2399 2996 2465 3051 ad
2516 2996 2738 3061 locum,
2797 3002 2854 3049 ut
2908 2992 3157 3048 omnibus
3210 2992 3537 3059 subveniret,
3587 2990 3841 3063 omnibus

2236 3090 2475 3157 adesset,
2522 3092 2839 3144 occurreret
2887 3085 3138 3157 singulis,
3169 3091 3516 3140 concurreret
3542 3082 3839 3151 universis,

2237 3185 2337 3241 hos
2368 3183 2669 3250 miraculis,
2708 3182 2828 3237 illos
2866 3174 3339 3252 praedicationibus
3368 3175 3435 3231 ad
3478 3175 3644 3232 ﬁdem
3684 3191 3841 3247 coge-

536 3264 745 3332 fratres,
788 3278 879 3333 per
908 3277 1090 3318 nomen
1120 3262 1331 3318 Domini
1364 3265 1525 3319 nostri
1550 3261 1677 3320 Jesu
1722 3266 1932 3337 Christi,
1964 3278 2015 3322 ut
2050 3266 2131 3321 id-

2239 3285 2344 3335 ret.
2390 3277 2491 3346 Qui
2534 3285 2587 3331 ct
2625 3244 2828 3330 idcirco
2867 3244 2996 3328 cum
3040 3270 3322 3326 divinitate
3352 3264 3607 3339 impleret
3635 3244 3839 3334 omnia,

534 3354 708 3424 ipsum
730 3354 915 3409 dicatis
957 3371 1129 3410 omnes
1163 3354 1213 3428 (l
1241 3356 1359 3411 Cor.
1385 3356 1447 3427 ι).
1500 3356 1784 3415 Cornelius
1810 3360 1972 3416 etiam
2008 3374 2130 3417 cum

539 3459 593 3515 et
622 3449 984 3522 eleemosynat
1014 3449 1133 3522 ejus
1176 3462 1438 3523 acceptas,
1477 3461 1531 3508 et
1562 3468 1749 3524 preces
1795 3454 1911 3524 ejus
1939 3455 2135 3511 audita

535 3540 615 3602 illi
643 3544 710 3624 ab
735 3532 1362 3617 angelo'nuntiarentur,
1396 3558 1617 3618 propter
1647 3548 1905 3605 doctrina:
1948 3564 2133 3605 saera-

542 3646 957 3713 taentorumque
998 3638 1259 3695 unitatem
1291 3638 1359 3694 ad
1403 3639 1623 3697 Petrum
1664 3640 1885 3710 iubetur
1918 3642 2134 3698 mittere

538 3730 683 3802 (Act.
705 3727 1057 3801 x),tanquam
1084 3729 1163 3785 illi
1193 3739 1248 3787 et
1276 3730 1387 3788 suis
1412 3732 1685 3790 diceretur
1714 3751 1726 3787 :
1754 3732 1858 3802 Ite,
1885 3734 2135 3790 ostendite

534 3840 627 3881 vos
667 3824 1037 3882 sacerdotibus.
1067 3826 1202 3882 Nam
1234 3837 1289 3884 et
1330 3843 1452 3885 cum
1503 3828 1663 3893 irent,
1697 3830 1938 3884 mandati
1983 3837 2129 3886 sunt.

534 3916 652 3975 Jam
684 3917 826 3975 enim
876 3917 943 3974 ad
990 3932 1086 3975 eos
1138 3930 1358 3976 venerat
1406 3921 1620 3989 Petrus,
1654 3921 1750 3977 sed
1801 3931 1977 3978 tamen
2031 3923 2134 3992 ipsi

534 4010 775 4068 nondum
816 4021 1038 4083 accepto
1082 4011 1420 4082 baptismatis
1469 4022 1832 4081 sacramento,
1886 4014 2129 4071 nondum

537 4105 889 4177 spiritualiter
940 4105 1009 4162 ad
1058 4106 1369 4163 sacerdotes
1416 4117 1800 4176 pervenerant,
1849 4116 1905 4164 et
1951 4116 2133 4165 tamen

536 4202 808 4261 iniusione
834 4201 1072 4274 Spiritus
1098 4202 1293 4269 sancti,
1316 4210 1373 4259 et
1412 4201 1772 4260 admiratione
1798 4202 2129 4274 linguarum,

534 4310 725 4355 eorum
753 4295 1034 4355 mundatio
1062 4294 1335 4352 declarata
1360 4304 1463 4352 est.
1496 4295 1628 4365 Qum
1666 4309 1789 4351 cum
1821 4297 1893 4352 ita
1931 4310 1990 4351 se
2030 4295 2132 4351 ba-

537 4388 725 4458 heant,
752 4385 865 4459 iam
906 4385 1063 4443 facile
1091 4395 1172 4445 est
1220 4386 1384 4445 etiam
1417 4386 1550 4444 illud
1580 4386 1765 4444 videre
1795 4386 1912 4444 ﬁeri
1943 4400 2129 4471 posse,

536 4489 601 4541 ut
622 4482 847 4554 quisque
876 4480 931 4536 in
961 4478 1219 4538 Ecclesia:
1246 4482 1507 4539 societate
1537 4481 1837 4538 doctrinam
1867 4483 2132 4554 integram

536 4591 833 4647 veramque
865 4585 1204 4648 assequatur,
1259 4586 1314 4633 et
1372 4579 1554 4635 omnia
1601 4579 1898 4636 secundum
1945 4580 2131 4635 catho-

535 4670 661 4729 licae
700 4669 825 4727 ﬁdei
875 4670 1116 4741 regulam
1160 4671 1411 4740 disserat,
1458 4670 1752 4743 distinguat
1795 4686 1824 4725 a
1869 4670 2130 4728 Creatore

540 4772 864 4833 creaturam,
904 4777 1081 4837 eoque
1125 4765 1500 4822 manifestatur
1538 4765 1796 4822 varietate
1822 4764 2130 4821 mendacio-

540 4872 664 4917 rum
692 4866 945 4931 tanquam
975 4858 1123 4930 lepra
1154 4857 1412 4927 caruisse,
1458 4866 1514 4915 et
1566 4865 1744 4914 tamen
1791 4858 2035 4926 ingratus
2064 4855 2134 4911 sit

540 4954 658 5013 Deo
701 4964 761 5013 et
808 4954 1038 5011 Domino
1067 4952 1377 5032 mandatori
1406 4966 1528 5018 suo,
1559 4952 1650 5022 qui
1679 4950 1852 5006 elatus
1881 4948 2133 5019 superbia

537 5051 829 5120 gratiarum
859 5048 1187 5119 agendarum
1235 5047 1322 5115 pia
1372 5045 1675 5103 humilitate
1716 5057 1825 5098 non
1850 5041 2131 5112 sternitur,

534 5142 836 5213 similisque
865 5140 1099 5196 efﬁcitur
1140 5139 1223 5195 eis
1254 5138 1322 5193 de
1367 5136 1563 5207 quibus
1612 5133 1908 5203 Apostolus
1960 5132 2132 5188 dicit:

540 5238 643 5309 Qui
664 5252 783 5292 cum
824 5234 1173 5306 cognouissent
1204 5231 1391 5299 Deum,
1418 5246 1522 5285 non
1551 5227 1685 5284 sicut
1713 5226 1893 5282 Deum.
1919 5225 2128 5299 gloriﬁ-

538 5339 798 5400 cauerunt,
848 5335 939 5382 aut
982 5325 1179 5399 gratias
1216 5331 1428 5395 egerunt
1454 5319 1635 5393 (Rom.
1678 5320 1746 5392 ι).
1784 5319 1937 5388 Quod
1984 5318 2131 5375 enim

540 5428 673 5485 dicit
714 5440 810 5483 eos
844 5423 1014 5481 Deum
1044 5417 1382 5494 cognovisse,
1413 5418 1654 5475 osrendit
1680 5418 1895 5487 quidem
1919 5432 1950 5472 a
1981 5416 2127 5486 lepra

540 5523 709 5581 fuisse
751 5519 1057 5585 mandatos,
1086 5515 1182 5574 sed
1207 5523 1387 5572 tamen
1413 5513 1597 5569 statim
1627 5519 1846 5569 accusat
1867 5512 2124 5582 ingratos.

544 5617 780 5689 Ideoque
809 5613 941 5672 tales
980 5614 1035 5669 in
1062 5610 1358 5669 maenario
1381 5602 1609 5664 numero
1637 5614 1894 5677 tanquam
1931 5605 2129 5672 imper-

537 5713 668 5771 fecti
696 5711 1008 5769 manebunt.
1042 5709 1220 5769 Unum
1249 5704 1393 5764 enim
1437 5705 1483 5762 si
1531 5703 1759 5761 addatur
1803 5702 1870 5759 ad
1912 5714 2129 5769 novem,

539 5807 786 5879 qumdam
814 5806 1018 5879 efﬁgies
1040 5804 1259 5862 unitatis
1286 5801 1563 5874 impletur,
1586 5816 1694 5875 quo
1729 5800 1792 5855 fit
1813 5806 1955 5854 tanta
1983 5810 2133 5854 com-

543 5905 753 5976 plexio,
803 5911 867 5963 ut
912 5898 1059 5964 ultra
1100 5914 1213 5963 non
1264 5898 1639 5972 progrediatur
1693 5908 1972 5995 numerus,
2004 5887 2135 5989 nisi

2240 3368 2574 3426 humanitate
2616 3367 2736 3422 loco
2768 3365 2938 3422 voluit
2977 3352 3369 3430 circumscribi,
3401 3360 3458 3417 ut
3500 3360 3838 3417 assumenda

2237 3462 2381 3533 quod
2430 3476 2667 3529 eramus,
2720 3474 2834 3513 suae
2884 3472 2980 3513 nos
3024 3454 3321 3512 divinitatis
3373 3453 3670 3527 participes
3722 3468 3841 3510 esse

2236 3557 2485 3613 donaret.
2523 3553 2717 3609 Verum
2749 3566 2854 3607 non
2889 3551 3019 3606 satis
3050 3558 3134 3605 est
3161 3548 3207 3604 si
3238 3548 3341 3603 hoc
3367 3538 3471 3604 iter
3497 3548 3715 3603 Domini
3756 3561 3842 3601 εο-

2236 3649 2514 3706 Iummodo
2539 3647 2833 3705 carnaliter
2864 3643 3179 3715 accipimus,
3211 3652 3265 3699 et
3287 3657 3393 3699 non
3420 3641 3585 3699 etiam
3627 3636 3675 3697 si
3706 3640 3842 3696 forte

2236 3742 2439 3813 aliquid
2481 3741 2721 3814 mysterii
2769 3742 2953 3806 lateat,
2997 3738 3518 3807 investigaverimus.
3555 3732 3671 3791 Iter
3712 3750 3844 3806 ergo

2239 3835 2472 3902 Domini,
2505 3834 2759 3889 transitus
2780 3843 2863 3887 est
2884 3829 2953 3886 de
2976 3830 3134 3885 terris
3170 3829 3234 3883 ad
3269 3827 3491 3883 ctelum.
3522 3826 3640 3881 Ibat
3669 3827 3840 3893 enim,

2237 3928 2363 4000 quia
2395 3940 2521 3983 mox
2551 3924 2769 3996 impleta
2803 3924 3073 3993 passione,
3108 3920 3331 3975 transito
3355 3906 3559 3976 mundo
3583 3914 3841 3974 festinato

2236 4021 2304 4076 ad
2345 4019 2557 4076 Patrem
2608 4017 2926 4085 repedabat.
2958 4014 3093 4085 lbat,
3123 4016 3267 4097 quia,
3299 4014 3369 4071 de
3412 4015 3750 4072 mortalitate
3780 4010 3842 4067 ad

2237 4113 2730 4180 immortalitatem,
2768 4110 2835 4167 de
2863 4126 3020 4191 poena
3052 4109 3117 4167 ad
3147 4110 3392 4181 gloriam,
3424 4108 3496 4165 de
3525 4118 3843 4178 contemptu

2235 4210 2303 4268 ad
2335 4224 2561 4282 regnum
2594 4207 2906 4265 festinabat.
2939 4205 3078 4261 Dum
3107 4219 3239 4276 ergo
3271 4205 3365 4261 iret
3395 4205 3447 4258 in
3478 4192 3838 4281 Hierusalem,

2235 4305 2489 4362 transibat
2530 4319 2623 4376 per
2675 4302 2897 4369 mediam
2945 4288 3263 4369 Samariam.
3314 4297 3521 4373 Memor
3580 4296 3841 4351 Dominus

2234 4398 2423 4454 salutis
2444 4396 2698 4452 humanae
2744 4393 2814 4449 ob
2854 4405 3014 4463 quam
3045 4384 3457 4446 restaurandam
3485 4388 3712 4444 ctelitus
3741 4387 3841 4441 ad-

2236 4498 2476 4558 venerat,
2526 4490 2763 4544 instante
2804 4488 2914 4554 iam
2966 4498 3077 4540 sua:
3127 4483 3391 4554 passionis
3437 4480 3689 4547 articulo,
3733 4480 3842 4534 ibat

2237 4587 2291 4650 in
2323 4584 2660 4641 Hierusalem
2710 4580 3007 4646 civitatem,
3057 4591 3164 4633 non
3207 4576 3567 4634 reformidans
3620 4584 3841 4646 gentem

2236 4678 2529 4750 quamlibet
2554 4685 2814 4741 atrocem,
2852 4670 3146 4750 quamlibet
3165 4670 3248 4726 sui
3271 4668 3594 4724 elfusibnem
3615 4667 3841 4738 sangui-

2236 4746 2322 4828 nis
2370 4767 2528 4824 anxie
2574 4768 2869 4823 sitientem.
2912 4760 2970 4819 In
3021 4746 3354 4818 Hierusalem
3405 4768 3525 4817 erat
3574 4759 3841 4830 templum

2245 4862 2479 4928 Domini,
2515 4860 2587 4914 ibi
2634 4857 2996 4914 sacerdotium
3031 4855 3364 4922 Judaeorum,
3398 4851 3471 4907 ibi
3515 4861 3636 4908 erat
3665 4851 3842 4907 cultus

2242 4970 2411 5012 sacrae
2443 4950 2733 5023 religionis,
2786 4950 2858 5004 ibi
2906 4947 3067 5002 etiam
3118 4955 3200 5002 ter
3246 4946 3299 5000 in
3352 4954 3495 4999 anno
3538 4942 3843 5014 apparebat

2243 5062 2406 5104 omne
2436 5044 2792 5101 masculinum
2840 5040 3147 5097 Judaeorum
3177 5038 3475 5095 secundum
3506 5044 3841 5107 praeceptum

2241 5139 2433 5211 legale,
2464 5146 2520 5193 et
2540 5137 2659 5192 ideo
2691 5133 2951 5189 Dominus
2980 5146 3125 5202 sape
3154 5130 3336 5186 adibat
3359 5130 3509 5185 illam
3535 5128 3841 5196 civitatein,

2237 5232 2459 5302 cupiens
2485 5228 2560 5285 ibi
2590 5224 2833 5298 plurimis
2860 5223 3179 5287 annuntiare
3210 5221 3373 5279 verba
3414 5219 3627 5287 salutis,
3665 5228 3720 5276 et
3740 5231 3841 5274 sua

2238 5325 2519 5384 ostendere
2549 5321 2822 5378 miracula.
2858 5318 2925 5375 Ut
2948 5332 3079 5388 ergo
3111 5332 3208 5373 nec
3239 5317 3343 5374 iter
3373 5314 3518 5371 illius
3544 5328 3573 5368 a
3601 5313 3841 5370 miracu-

2235 5416 2409 5473 lorum
2441 5412 2724 5484 praeconiis
2764 5410 3001 5467 alienum
3041 5419 3201 5478 atque
3246 5406 3490 5463 immune
3535 5404 3839 5473 videretur,

2242 5510 2565 5564 Transeunte
2603 5504 2697 5561 illo
2748 5520 2837 5576 per
2864 5502 3087 5557 mediam
3127 5498 3425 5557 Samariam
3464 5505 3511 5551 et
3545 5494 3836 5563 Galileam,

2240 5612 2287 5659 et
2316 5601 2637 5677 ingrediente
2663 5600 2925 5672 quoddam
2954 5597 3247 5679 castellum,
3293 5604 3630 5650 occurrerunt
3672 5592 3718 5647 ei
3749 5592 3839 5675 def

2240 5714 2347 5754 cem
2374 5697 2471 5750 viri
2502 5694 2712 5765 leprosi,
2742 5694 2812 5748 ita
2838 5701 2896 5748 ut
2915 5698 3072 5748 erant
3100 5690 3233 5760 legis
3256 5690 3475 5745 decreto
3499 5702 3529 5741 a
3557 5681 3836 5741 communi

2240 5793 2524 5848 domorum
2548 5789 2633 5845 vel
2656 5787 2865 5843 urbium
2890 5783 3293 5840 cobabitatione
3318 5778 3560 5836 discreti.
3591 5772 3835 5833 Samaria

2172 5912 2177 5917 -
2245 5901 2476 5956 namque
2518 5884 2708 5943 civitas
2737 5882 2821 5941 vel
2860 5880 3009 5947 regio
3037 5892 3133 5937 sua
3166 5884 3302 5945 erat,
3333 5878 3388 5935 iu
3430 5887 3534 5947 qua
3575 5871 3701 5931 olim
3734 5883 3833 5927 re-
