4096 6346
295 316 432 374 15θῖ

1244 294 1703 363 HOMILIARIUS.
1737 322 1810 335 ——
1849 287 2085 348 HOMIL.
2126 287 2215 345 DE
2253 284 2596 345 TEMPORE.

3439 282 3574 341 4393
3616 366 3621 371 Α

292 442 457 502 gnum
497 423 685 481 decem
721 419 964 493 viguerat
992 417 1224 481 tribuum
1243 454 1259 483 ,
1292 420 1576 482 antequam
1607 422 1639 463 a
1665 406 1880 502 cultura
1906 403 1963 466 Α
2160 399 2676 502 illud_sacerdotium
2703 397 3013 502 iudicatum
3044 407 3206 473 typus
3225 412 3355 502 erat
3390 417 3573 502 super.

293 496 390 578 Dei
428 515 762 580 deficientes,
792 508 1157 581 captivitatem
1194 502 1537 574 Assyriorum
1568 496 1879 569 experiren-

296 620 400 668 tur.
438 609 546 665 illis
588 620 716 679 ergo
746 620 774 659 a
801 603 919 659 solo
946 599 1162 673 proprio
1190 596 1253 652 in'
1280 592 1526 651 exsilium
1550 589 1745 656 ductis,
1771 595 1879 643 ter-

295 721 386 764 ras
452 717 638 760 eorum
689 699 866 755 missae
930 704 1116 768 gentes
1157 692 1225 749 ab
1269 689 1504 763 Assyriis
1549 685 1878 743 incolebant.

300 797 518 855 Galilaea
548 807 679 851 vero
708 791 941 848 maxima
972 804 1098 861 pars
1120 794 1236 844 erat
1255 784 1460 842 Judaiei
1493 782 1663 854 regni,
1693 780 1745 837 in
1774 793 1882 849 qua

298 900 352 944 et
384 884 646 943 Nazareth
687 882 785 939 fuit
812 880 882 954 (si
902 880 1007 939 dici
1036 879 1114 935 fas
1144 878 1251 949 est)
1277 877 1445 948 patria
1475 873 1706 931 Domini.
1753 871 1882 927 Per-

299 992 433 1050 geus
482 989 612 1048 ergo
660 973 918 1029 Dominus
962 970 1017 1026 in
1066 968 1420 1034 Hierusalem,
1448 965 1514 1021 ad
1555 962 1880 1036 passionem,

299 1086 419 1143 qua:
447 1085 478 1127 e
508 1066 738 1139 vestigio
781 1060 1049 1135 implenda
1091 1067 1232 1129 erat,
1275 1070 1592 1131 properans,
1621 1055 1721 1111 has
1750 1068 1885 1125 quo-

299 1177 407 1236 que
448 1158 747 1234 provincias
796 1155 1020 1212 transitu
1076 1150 1347 1217 visitabat,
1394 1158 1448 1206 et
1496 1147 1882 1206 miraculorum

300 1250 596 1324 insignibus
624 1246 943 1303 iiiustrabat.
976 1241 1048 1298 Et
1084 1242 1209 1297 dum
1243 1241 1596 1313 ingrederetur
1619 1238 1883 1324 quoddam

300 1341 593 1399 castellum.
638 1336 870 1395 Pulchre
891 1344 1109 1393 sanctus
1137 1333 1460 1404 evangelista
1488 1330 1695 1387 castelli
1726 1323 1886 1400 hujus

304 1433 629 1489 vocabulum
678 1427 994 1486 nominatim
1036 1428 1338 1497 exprimere
1384 1424 1579 1493 noluit,
1608 1434 1664 1479 ut
1706 1431 1889 1480 osten-

300 1526 455 1582 deret
477 1524 576 1580 hos
606 1520 697 1594 qui
722 1520 949 1577 Domino
968 1531 1251 1575 occurrere
1274 1511 1517 1586 lep'rosos
1542 1515 1741 1571 n‘uilam
1765 1528 1888 1571 cum

302 1616 607 1673 hominibus
635 1613 833 1670 habere
868 1612 1204 1679 societatem,
1233 1620 1499 1681 nusquam
1522 1617 1729 1665 certum
1758 1623 1891 1665 cou-

301 1709 527 1768 sistendi
560 1708 756 1763 locum“.
806 1702 965 1777 Legis
993 1705 1136 1760 enim
1179 1702 1400 1759 decreto
1428 1701 1745 1774 sequestrati
1773 1700 1891 1758 fue-

1983 490 2115 549 dotii
2142 491 2338 565 regalis
2357 501 2412 549 et
2434 490 2741 557 Christiani,
2767 492 2909 563 quod
2936 506 3079 549 nunc
3102 507 3200 565 per
3225 494 3321 552 Dei
3342 497 3571 567 gratiam

1985 586 2043 642 in
2071 585 2309 642 Ecclesia
2338 594 2539 651 manet,
2572 600 2680 658 quo
2712 587 2876 645 etiam
2903 587 3267 645 emundantur
3295 598 3350 647 et
3380 606 3571 649 conse-

1986 686 2206 734 crantur
2233 692 2419 734 omnes
2447 679 2515 735 ad
2553 678 2668 736 veri
2699 679 2999 736 sacerdotis
3026 681 3268 739 membra
3299 687 3576 755 pertinen-

1985 776 2091 826 tes.
2122 768 2189 824 Et
2212 770 2405 840 factum
2426 770 2663 837 est,dunr
2686 771 2841 839 irent,
2873 773 3111 828 mandati
3139 783 3285 831 sunt.
3316 774 3571 833 Velocem

1987 860 2345 919 obedientiam
2393 869 2517 932 apte
2559 859 2752 919 festina
2802 863 3004 919 sanitas
3045 873 3131 921 est
3166 865 3474 923 subsecuta.
3507 868 3575 923 Et

1987 967 2183 1024 magna
2224 964 2433 1023 gestum
2465 954 2822 1024 providentia,
2854 963 2914 1011 ut
2952 965 3237 1027 antequam
3279 958 3347 1013 ad
3395 972 3574 1015 sacer—

1989 1042 2146 1099 dotes
2175 1045 2447 1113 venirent,
2480 1047 2889 1114 mundarentur,
2918 1062 2987 1105 ne
3032 1049 3079 1106 si
3122 1050 3176 1106 in
3217 1064 3403 1107 eorum
3439 1067 3577 1124 pra:-

1994 1134 2168 1190 sentia
2196 1135 2440 1192 mundari
2466 1150 2563 1194 eos
2592 1138 2925 1210 contigisset,
2953 1140 3345 1199 arbitrarentur
3366 1159 3427 1200 se
3466 1145 3577 1201 for-

1991 1229 2151 1284 tassis
2194 1242 2381 1284 eorum
2432 1230 2763 1300 ministerio,
2808 1238 2864 1288 et
2909 1247 3017 1289 non
3063 1233 3266 1290 virtute
3313 1236 3581 1293 mittentis

1991 1318 2160 1376 fuisse
2178 1329 2413 1378 curatos.
2440 1322 2549 1378 Sed
2578 1324 2691 1379 haec
2713 1338 2832 1395 quae
2854 1324 2924 1380 ad
2944 1324 3175 1382 litteram
3199 1327 3399 1382 cursim
3422 1342 3582 1385 exse-

1992 1413 2228 1483 quimur,
2286 1416 2445 1486 plena
2494 1426 2957 1473 sacramentorum
3011 1432 3170 1487 esse,
3232 1420 3347 1491 ipse
3397 1437 3576 1477 rerum

1993 1507 2127 1563 ordo
2168 1508 2496 1566 manifestat.
2552 1510 2815 1567 Miraculav
2855 1512 3000 1567 enim
3057 1512 3269 1569 Domini
3325 1514 3428 1569 hoc
3477 1516 3582 1572 sibi

1994 1599 2305 1668 specialiter
2329 1601 2665 1673 privilegium
2695 1602 2991 1671 vindicant,
3020 1612 3080 1660 ut
3121 1605 3273 1676 juxta
3304 1606 3579 1665 historiam

1994 1694 2259 1751 veraciter
2300 1695 2439 1752 facta
2480 1697 2793 1765 credantur,
2837 1708 2895 1754 et
2933 1697 3283 1768 spirituaiiter
3329 1715 3580 1769 excussa,

302 1812 428 1860 rant
455 1819 485 1859 a
521 1800 791 1859 consortio
828 1773 1131 1855 communis
1173 1773 1541 1853 habitationis.
1583 1796 1885 1852 Notandum
1918 1773 1969 1835 Β
1998 1788 2224 1845 interius
2267 1790 2603 1846 reconditam
2633 1792 3017 1864 mysteriorum
3059 1797 3302 1865 aperiant
3342 1797 3581 1854 suavita-

302 1904 481 1951 autem
511 1895 635 1965 quia
662 1908 767 1948 non
799 1891 1025 1962 legimus
1070 1890 1373 1946 occurrisse
1399 1888 1623 1945 Domino
1649 1887 1783 1945 istos
1804 1887 1885 1943 le-

304 1994 499 2056 prosus
529 1986 584 2040 in
609 1985 724 2040 vico
753 1990 841 2038 aut
873 1983 926 2037 in
952 1981 1175 2038 castello
1201 1983 1284 2037 vel
1311 1981 1549 2046 civitate,
1580 1980 1675 2037 sed
1710 1981 1887 2050 potius

306 2077 362 2134 iu
392 2077 601 2142 itinere,
633 2077 753 2146 quia
795 2075 881 2129 lex
912 2071 1257 2143 praecipiebat
1288 2082 1347 2128 ut
1376 2073 1618 2144 quisquis
1644 2073 1889 2142 leprosus

303 2177 470 2234 esset,
503 2180 600 2236 per
628 2165 981 2221 ministerium
1010 2164 1306 2221 sacerdotis
1339 2166 1405 2220 ab
1434 2166 1579 2219 omni
1610 2164 1768 2235 plebe
1796 2179 1888 2221 se-

306 2266 623 2329 pararetur:
649 2263 705 2312 et
743 2256 866 2311 ideo
908 2266 937 2309 a
983 2256 1254 2311 communi
1294 2255 1568 2311 consortio
1592 2256 1880 2328 segregati,

306 2367 413 2408 non
444 2357 801 2407 occurrerunt
827 2347 1055 2403 Domino
1081 2348 1137 2403 in
1180 2348 1300 2403 vico
1328 2355 1419 2402 aut
1446 2346 1502 2403 in
1522 2346 1768 2413 castello,
1794 2346 1891 2404 sed

307 2444 488 2515 potius
521 2443 585 2497 ln-
604 2442 817 2497 itinere.
850 2439 1183 2511 Ingrediente
1207 2439 1434 2495 Domino
1470 2439 1772 2508 castellum,
1802 2454 1893 2496 oc-

306 2544 611 2603 currerunt,
643 2533 771 2600 quia
794 2547 829 2590 e
851 2531 1027 2589 vicino
1049 2533 1275 2588 sanandi
1305 2542 1479 2588 erant.
1517 2534 1669 2591 Unde
1714 2543 1770 2591 et
1797 2550 1893 2592 au-

309 2629 516 2698 spicato
572 2627 855 2684 Domitium
911 2636 1295 2699 praeceptorem
1345 2627 1656 2695 inclamant,
1708 2644 1739 2684 a
1784 2638 1893 2700 quo

312 2741 437 2781 cum
471 2725 644 2781 salute
673 2722 916 2795 corporis
947 2723 1067 2780 vita:
1098 2729 1315 2779 mternae
1338 2728 1604 2792 pmcepta
1634 2723 1896 2793 suscipie-

310 2818 458 2873 bant.
505 2815 617 2873 Sed
659 2816 915 2873 Domitius
943 2822 1007 2871 ut
1031 2815 1253 2872 doceret
1287 2813 1490 2870 divinae
1532 2814 1635 2884 legi
1682 2826 1896 2883 semper

311 2924 431 2966 esse
481 2909 817 2980 parendum,
867 2907 1001 2979 legis
1048 2920 1078 2962 a
1130 2920 1192 2964 se
1240 2907 1545 2962 constituta:
1584 2907 1895 2962 mandatum

311 3010 615 3070 exsecutus,
664 3014 759 3058 eos
800 3001 877 3056 ad
912 3000 1221 3057 sacerdotes
1265 2998 1477 3065 direxit,
1530 2998 1717 3055 dicens
1747 3016 1760 3054 :
1790 2998 1893 3067 Ite,

312 3093 564 3149 ostendite
584 3108 673 3149 vos
693 3091 1065 3149 sacerdotibus.
1098 3090 1453 3162 Praecipiebat
1471 3091 1614 3147 enim
1637 3091 1721 3147 lex
1744 3090 1893 3163 (Leo.

1992 1888 2124 1938 tem.
2156 1881 2308 1948 Quod
2339 1882 2553 1953 quando
2593 1894 2774 1953 agunt,
2804 1885 2937 1956 quid
2954 1885 3097 1941 aliud
3128 1902 3287 1958 quam
3312 1888 3580 1946 abstrusis

1991 1972 2231 2029 favorum
2262 1973 2463 2029 intimis
2492 1974 2650 2030 mella
2671 1976 3054 2046 producimus?
3081 1978 3302 2050 Leprosi
3325 1995 3455 2051 ergo
3488 1981 3605 2037 isti.

1992 2066 2280 2123 haereticos
2316 2083 2422 2123 non
2472 2068 2764 2139 incongrue
2810 2070 3096 2142 designare
3126 2082 3367 2141 possunt.
3402 2074 3575 2141 Lepra

1992 2175 2223 2232 namque
2252 2161 2517 2233 ejusmodi
2548 2170 2631 2218 est
2661 2170 2887 2229 naturae,
2919 2173 2981 2219 ut
3016 2173 3199 2221 cutem
3241 2180 3405 2237 quam
3442 2165 3579 2223 infe-

1992 2256 2145 2320 cerit,
2172 2254 2402 2311 diversis
2442 2255 2713 2311 coloribus
2755 2267 3051 2328 respergat.
3094 2258 3187 2315 Sic
3212 2265 3268 2315 et
3315 2258 3581 2329 interetici,

1992 2354 2052 2402 ut
2089 2359 2273 2402 verum
2312 2360 2373 2401 se
2406 2346 2586 2403 dicere
2623 2347 2972 2416 mentiantur,
3004 2363 3132 2406 vera
3176 2350 3329 2407 falsis
3375 2351 3580 2420 permi-

1995 2446 2168 2504 scent,
2214 2447 2271 2493 et
2315 2438 2471 2509 quasi
2511 2439 2670 2495 unius
2718 2441 2917 2497 coloris
2945 2441 3139 2513 dogma
3178 2444 3581 2501 mendaciorum

1995 2529 2315 2599 superducta
2366 2531 2630 2588 varietate
2678 2534 3055 2604 intertingunt,
3104 2535 3228 2607 quia
3276 2535 3321 2591 si
3369 2549 3587 2607 semper

1996 2632 2125 2675 vera
2151 2629 2631 2691 prosequerentur,
2662 2623 2901 2679 haeretici
2928 2638 3037 2681 non
3068 2635 3281 2694 essent;
3311 2628 3357 2683 si
3402 2638 3584 2685 autem

1997 2722 2211 2777 semper
2240 2711 2371 2766 falsa
2399 2710 2665 2783 dicerent,
2696 2714 2878 2771 nullus
2904 2714 2984 2772 eis
3016 2716 3121 2773 nisi
3146 2717 3589 2776 dementissimus

1998 2804 2263 2860 crederet.
2290 2805 2626 2864 Permisceut
2651 2824 2802 2880 ergo,
2833 2820 2890 2865 ut
2915 2810 3123 2868 dictum
3136 2820 3239 2881 est,
3263 2829 3388 2889 vera
3412 2814 3582 2885 falsis,

2001 2899 2062 2947 ut
2083 2892 2209 2948 dum
2234 2895 2431 2952 veritas
2457 2899 2784 2968 superducta
2815 2902 3091 2975 recipitur,
3122 2904 3295 2962 latens
3325 2908 3585 2964 intrinse-

2005 2998 2102 3042 cus
2128 2986 2376 3045 faisitatis
2397 2991 2615 3047 morbus
2640 2992 2863 3062 irrepat,
2884 3010 3034 3052 more
3056 3010 3241 3054 eorum
3263 2998 3355 3071 qui
3378 3012 3588 3058 venena

2003 3080 2377 3150 propinantes,
2405 3096 2499 3139 ora
2525 3084 2710 3141 ealicis
2737 3087 2903 3143 melle
2924 3088 3140 3158 liuiunt,
3170 3101 3231 3147 ut
3254 3092 3380 3148 dum
3410 3093 3587 3150 mellis

244 3224 251 3229 .
581 3143 1767 3256 ξίν
1927 3143 1976 3211 c
2004 3143 2233 3226 dulcedo
2260 3143 2574 3253 intenditur,
2602 3174 2776 3232 virtus
2815 3143 3229 3247 pocuiiavidids

314 3278 585 3332 cerdotem‘
642 3276 950 3344 duceretur,
997 3283 1055 3331 ut
1103 3273 1222 3346 ejus
1277 3272 1478 3344 judicio
1537 3273 1767 3328 mundus
1813 3273 1905 3329 vel

318 3368 631 3424 immundus
668 3367 1021 3438 judicaretur;
1063 3365 1294 3423 Provida
1334 3379 1462 3437 ergo
1502 3364 1902 3435 dispensatione

317 3459 573 3515 Dominus
616 3454 859 3531 leprosos
904 3458 974 3515 ad
1016 3459 1327 3516 sacerdotes
1366 3459 1650 3526 mittebat,
1702 3459 1899 3514 multas

318 3549 386 3605 ob
414 3563 624 3605 causas.
656 3549 839 3605 Primo
858 3549 1097 3619 quidem,
1122 3558 1183 3605 ut
1214 3548 1292 3606 eis
1312 3548 1515 3604 aditum
1543 3547 1905 3604 calumniandi

318 3641 644 3709 Obstrueret,
674 3640 791 3696 illis
827 3642 996 3712 magis
1043 3652 1273 3711 parcens
1319 3640 1411 3710 qui
1457 3652 1644 3695 eorum
1684 3641 1907 3710 garrula

319 3733 573 3804 obloquia
610 3732 891 3787 curabant.
938 3732 1207 3800 Secundo,
1239 3741 1297 3788 ut
1322 3731 1566 3788 videntes
1609 3746 1643 3786 a'
1675 3732 1903 3786 Domino

320 3823 566 3893 leprosos
614 3822 918 3893 mundatus,
962 3834 1101 3893 quos
1150 3824 1255 3894 ipsi
1304 3832 1402 3891 per
1444 3822 1807 3879 sacerdotium
1848 3831 1909 3879 et

320 3916 501 3987 legem
524 3926 715 3972 curare
741 3917 1110 3987 nequiverant,
1141 3924 1234 3972 aut
1280 3917 1571 3973 crederent
1618 3925 1672 3972 et
1724 3916 1903 3970 salva-

320 4020 537 4082 rentur,
566 4018 665 4068 aut
689 4012 735 4069 si
766 4018 875 4068 non
910 4012 1217 4080 crederent,
1249 4010 1643 4068 inexcusabiles
1683 4011 1755 4068 de
1786 4011 1905 4081 ejus

322 4104 555 4160 adventu
584 4102 961 4161 redditreddit.
991 4104 1193 4172 Tertio,
1225 4108 1284 4159 ut
1307 4108 1404 4176 per
1436 4105 1537 4161 iiut:
1579 4112 1780 4161 sancta
1802 4104 1906 4161 Ee-

321 4197 504 4253 ciesiae
532 4197 897 4254 sacerdmium
924 4197 1085 4255 aitius
1113 4196 1537 4255 commendaret.
1571 4196 1639 4271 Si
1667 4198 1813 4254 enim
1837 4197 1906 4253 ii-

324 4291 423 4347 iud
445 4291 825 4367 Sacerdotium,
876 4291 1029 4367 quod
1061 4292 1117 4347 in
1160 4296 1291 4364 typo
1327 4296 1381 4347 et
1427 4289 1597 4362 figura
1624 4291 1905 4362 agebatur,

325 4383 463 4438 adeo
482 4382 801 4440 venerabile
832 4396 931 4440 suo
960 4386 1203 4453 tempore
1229 4381 1454 4448 exstitit,
1482 4388 1541 4437 ut
1564 4382 1633 4437 ab
1661 4376 1779 4453 ipso
1803 4381 1906 4437 Do-

2004 3260 2176 3317 Aliter
2200 3277 2212 3315 :
2243 3261 2349 3318 Sed
2375 3265 2500 3335 quia
2531 3265 2679 3336 lepra
2708 3268 2759 3322 in
2801 3266 2903 3324 ulta
2931 3270 3229 3344 eademque
3257 3282 3379 3331 cute
3406 3276 3590 3333 diver-

2004 3353 2083 3409 sis
2113 3354 2387 3423 permixta
2422 3358 2694 3414 coloribus
2724 3359 2925 3416 foedum
2954 3362 3227 3420 hominem
3258 3366 3455 3434 reddit,
3480 3381 3591 3424 non

2003 3441 2295 3515 incongrue
2313 3445 2465 3516 juxta
2510 3449 2967 3519 signiﬁcationem
2988 3455 3324 3526 spiritualem
3348 3459 3590 3529 leproso-

2004 3551 2125 3593 rum
2169 3538 2386 3595 nomine
2429 3542 2708 3612 signantur
2750 3546 3015 3615 haeretici,
3040 3550 3133 3618 qui
3176 3552 3433 3609 unitatem
3464 3552 3594 3610 fidei

2005 3644 2112 3685 non
2143 3631 2422 3702 habentes,
2452 3634 2687 3692 diversis
2726 3637 3039 3697 inficiuntur
3081 3645 3375 3701 erroribus.
3405 3645 3599 3703 Scien-

2006 3721 2135 3777 dum
2159 3736 2287 3779 vero
2326 3733 2411 3782 est
2439 3728 2639 3783 nullam
2672 3743 2899 3799 prorsus
2925 3746 3050 3790 esse
3075 3731 3270 3792 falsam
3291 3737 3592 3796 doctrinam

2006 3827 2128 3883 quas
2172 3830 2277 3871 non
2326 3817 2502 3888 aliqua
2555 3819 2632 3874 sit
2679 3822 2905 3878 veritate
2944 3826 3240 3895 permixta;
3297 3843 3365 3886 ne
3406 3829 3456 3886 si
3502 3840 3598 3889 aut
3637 3838 3646 3847 ‘

2005 3916 2191 3974 aperte
2225 3908 2455 3965 mendax
2482 3910 2663 3980 fixerit,
2695 3926 2801 3969 non
2826 3916 3141 3987 recipiatur,
3182 3927 3275 3975 aut
3302 3923 3348 3976 si
3382 3936 3450 3978 ex
3478 3932 3594 3981 toto

2008 4012 2157 4067 vera,
2200 4000 2457 4059 haeretica
2504 4018 2613 4060 non
2642 4004 2732 4062 sit.
2763 4007 3229 4075 Quemadmodum
3264 4023 3445 4071 autem
3476 4018 3595 4074 vul-

2006 4106 2147 4149 nera
2168 4094 2327 4149 unius
2348 4097 2603 4166 corporis
2632 4098 2695 4153 ini
2724 4108 2849 4157 cute
2884 4105 3223 4173 apparentia,
3253 4106 3480 4165 diversis
3501 4123 3595 4167 co-

2008 4186 2225 4245 loribus
2253 4202 2479 4245 earnen'r
2505 4192 2801 4261 uliducunt,
2830 4196 2904 4250 ita
2942 4196 3005 4253 in
3045 4199 3468 4271 uniuscujusque
3494 4203 3599 4260 hac-

2007 4279 2161 4335 retiei
2191 4279 2439 4337 doctrina
2478 4282 2623 4338 fatae
2653 4285 2799 4341 veris
2836 4294 3246 4360 resperguntur,
3288 4300 3347 4348 ut
3374 4294 3475 4349 sub
3500 4296 3601 4352 ob-

2010 4377 2165 4427 tentu
2208 4371 2459 4431 veritatis
2504 4372 2731 4431 Miles
2758 4376 2973 4433 inimica
3022 4382 3333 4449 praevaleat.
3367 4382 3498 4440 Nam
3543 4394 3603 4442 et

325 4475 472 4532 mino
499 4475 877 4544 honoramur,
906 4473 1075 4532 multo
1104 4475 1275 4546 magis
1311 4473 1421 4531 hoc
1440 4475 1583 4546 quod
1627 4486 1767 4531 nunc
1791 4473 1898 4547 iam

2010 4462 2105 4533 qui
2132 4478 2341 4521 venena
2690 4468 2840 4538 prius
2858 4471 3027 4528 melle
3047 4470 3232 4530 calicis
3252 4484 3346 4531 ora
3376 4476 3594 4547 iiniunt,

326 4580 435 4625 non
464 4569 516 4625 in
546 4568 738 4640 figura,
789 4568 887 4626 sed
925 4569 981 4625 in
1018 4568 1249 4625 veritate
1290 4567 1717 4631 administratur,-
1756 4578 1912 4623 revee

326 4660 551 4717 randum
584 4667 640 4717 et
666 4660 812 4716 omni
841 4659 913 4715 sit
941 4660 1151 4717 honore
1184 4658 1491 4716 colendum.
1525 4659 1733 4715 Aliter:
1772 4659 1911 4725 Quos

327 4757 386 4803 ut
414 4748 562 4817 vidit,
599 4748 734 4803 dixit
755 4762 776 4803 :
807 4746 909 4817 Ite,
951 4749 1199 4804 ostendite
1235 4762 1325 4803 vos
1363 4748 1735 4805 sacerdotibus.-
1771 4747 1913 4805 inter

330 4858 517 4901 omnes
546 4858 680 4916 quos
707 4844 965 4900 Dominus
999 4850 1030 4901 a
1060 4843 1289 4900 diversis
1328 4842 1729 4900 infirmitatibus
1778 4845 1911 4901 mul-

329 4939 581 5009 tipliciter
607 4952 827 4995 curasse
876 4942 1143 5005 narratur,
1174 4938 1447 4995 nemiuem
1478 4936 1691 4994 illorum
1720 4938 1914 5009 quibus

330 5040 515 5086 curam
547 5028 833 5100 impendit,
862 5034 1060 5100 praeter
1088 5030 1331 5099 leprosos
1359 5028 1426 5085 ad
1455 5030 1765 5085 sacerdOtes
1786 5033 1915 5087 mit-

332 5127 447 5176 tere
477 5120 661 5176 voluit.
690 5119 855 5199 Cujus
897 5121 977 5177 rei
1017 5121 1233 5190 quidem
1275 5120 1342 5176 ad
1374 5120 1608 5178 litteram
1642 5122 1815 5178 facitis
1833 5128 1917 5179 est

332 5211 659 5279 intellectus,
690 5212 811 5282 quia
844 5216 995 5282 patet
1016 5210 1167 5266 iitum
1196 5211 1318 5268 ideo
1346 5212 1450 5269 hoc
1485 5212 1681 5283 egisse,
1716 5224 1789 5269 ne
1828 5228 1916 5270 ca-

332 5304 716 5362 lumniantibus
770 5304 872 5361 sibi
918 5303 1243 5361 adversariis
1291 5304 1575 5362 advorsum
1631 5318 1691 5361 se
1733 5305 1913 5375 iacula

332 5398 608 5455 videretur
641 5396 972 5465 miniStrare,
1002 5396 1128 5451 dum
1158 5405 1512 5467 quererentur
1536 5395 1685 5451 illum
1732 5408 1915 5452 sacer;-

333 5491 551 5548 dotib‘us
594 5492 706 5547 suis
734 5490 973 5548 debitum
1022 5492 1281 5546 honorem
1322 5503 1385 5546 ac
1420 5491 1777 5547 reverentiam
1809 5505 1916 5547 non

335 5583 571 5655 deferre,
617 5584 911 5652 praesertim
938 5594 1062 5639 cum
1092 5582 1429 5651 ieprosorum
1472 5581 1678 5637 curatio
1702 5582 1915 5651 specia-

335 5674 517 5732 liter’a
545 5676 917 5733 sacerdotibus
958 5681 1103 5732 esset
1128 5674 1501 5731 discernenda.
1555 5672 1611 5731 Si
1654 5686 1784 5731 vero
1809 5674 1918 5745 spi-

334 5768 549 5826 ritualis
580 5768 631 5826 in
672 5769 773 5826 hoc
802 5768 942 5826 iacto
965 5766 1315 5840 intelligentia
1350 5767 1677 5839 requiratur,
1706 5774 1919 5828 constat

2012 4565 2073 4613 ut
2110 4570 2209 4628 per
2254 4565 2475 4629 gustum
2509 4561 2813 4619 dulcedinis
2853 4565 3196 4634 perveniatur
3242 4568 3307 4625 ad
3346 4572 3599 4640 poculum
3638 4648 3639 4651 η

2012 4651 2224 4708 mortis.
2258 4651 2642 4722 Huiuscemodi
2676 4664 2855 4712 autem
2880 4666 3079 4728 pestes,
3111 4663 3435 4719 austeritate
3458 4664 3603 4733 prin-

2014 4744 2191 4814 cipum
2236 4744 2494 4801 Ecclesiae
2517 4747 2590 4801 ita
2643 4756 2771 4803 sunt
2816 4749 3204 4819 propellenda,
3248 4762 3306 4808 ut
3346 4764 3600 4810 auctores

2016 4851 2209 4894 earum
2232 4850 2263 4891 a
2299 4837 2460 4894 totius
2494 4838 2914 4897 Christianitatis
2955 4844 3210 4899 societate
3233 4843 3451 4914 deiecti,
3481 4860 3600 4900 ma-

2016 4932 2137 5003 gnis
2164 4932 2445 4990 Dominum
2470 4932 2651 4989 losum
2680 4934 2903 4990 vocibus
2942 4942 3040 5007 pro
3082 4936 3257 4993 s‘aiute
3293 4937 3600 5008 recipienda

2018 5026 2330 5083 necessario
2378 5027 2719 5097 interpellare
2757 5034 3037 5098 cogamur.
3091 5029 3157 5083 Et
3209 5028 3591 5085 attendendum

2018 5119 2161 5190 «fired
2208 5128 2435 5177 strictus
2465 5118 2789 5188 evangelista
2844 5121 3018 5188 ipsum
3060 5128 3274 5189 quoque
3316 5130 3601 5181 numerum

2018 5210 2292 5280 uigilanter
2314 5210 2669 5280 expresserit,
2693 5222 2816 5265 cum
2837 5216 2966 5281 quat
2988 5211 3206 5277 fuerint,
3239 5210 3475 5267 indicare
3496 5227 3592 5269 cu-

2018 5304 2175 5359 tavit.
2222 5302 2311 5358 Ait
2353 5303 2520 5370 enim,
2555 5313 2885 5357 occurrerunt
2931 5306 2980 5358 ei
3027 5304 3199 5359 decem
3241 5305 3338 5359 tiri
3388 5304 3598 5378 leprosi.

2020 5395 2248 5451 Pulchra
2315 5393 2535 5467 quidem.
2603 5394 2900 5465 quantitate
2957 5394 3412 5453 commendabiies
3435 5439 3448 5465 ,
3506 5397 3604 5456 sed

2019 5489 2249 5545 obscena
2270 5494 2393 5544 cute
2414 5486 2704 5544 deformes.
2736 5488 2873 5559 Ergo
2896 5489 3137 5546 lueretici
3157 5491 3297 5546 intra
3324 5490 3603 5548 denariam

2018 5581 2414 5654 quodammodo
2441 5578 2820 5652 perfectionem
2860 5594 2980 5638 sese
3013 5584 3219 5652 jactant
3247 5583 3601 5654 comprehen-

2019 5688 2129 5741 sos,
2172 5675 2297 5732 dum
2345 5674 2648 5731 divinorum
2691 5689 2811 5747 qua:
2848 5676 3104 5748 decalogo
3131 5679 3418 5750 accipiunt,
3447 5695 3598 5737 man-

2021 5768 2262 5827 datorum
2310 5767 2623 5841 impletores
2664 5780 2722 5827 se
2765 5780 2889 5829 esse
2930 5768 3291 5846 confirmant,
3341 5780 3396 5832 et
3441 5771 3599 5831 Chri-
