4096 6346
488 366 633 427 1599
1347 351 1554 417 PAULI
1593 355 1866 414 DIACONI
1904 353 2059 414 OPP.
2099 354 2279 412 PARS
2319 351 2382 412 ll.
2422 383 2494 398 --
2531 355 2894 415 ASCETICA.
3624 362 3763 421 1400

487 491 682 548 ειὶίιηω
723 483 845 540 ﬁdei
877 480 1211 553 professores
1235 491 1297 536 se
1339 486 1668 534 asseverant.
1706 477 1946 533 Delectat
1975 491 2075 530 nu-
2101 475 2158 537 Α
2177 489 2301 531 cum
2329 489 2396 530 eo
2416 485 2566 532 erant
2596 476 2873 544 impletum
2899 483 3001 542 est,
3021 473 3090 531 de
3119 474 3314 545 quibus
3342 476 3536 548 legitur
3569 496 3582 534 :
3613 480 3769 551 Quia,

489 593 695 643 merus,
719 578 813 633 sed
835 573 1285 632 oﬁ'enditsinistri
1307 571 1572 643 dogmatis
1593 568 1950 626 insinceritas.
1968 569 2079 625 Hoc
2181 565 2485 636 disputante
2513 568 2603 622 diu
2636 567 2829 633 Petro,
2861 565 3056 622 cecidit
3091 567 3325 636 Spiritus
3360 580 3580 626 sanctus
3616 587 3777 643 super

489 686 574 730 est
607 671 748 743 quod
793 668 1084 738 Apostolus
1109 667 1177 723 de
1222 665 1417 722 talibus
1445 665 1556 719 ait:
1588 662 1844 720 Habentes
1870 665 2078 732 quidem
2181 673 2276 715 eos
2309 659 2399 730 qui
2440 659 2725 715 audiebant
2756 658 3003 713 verbum.
3046 659 3107 712 Et
3140 658 3326 715 beatus
3356 659 3548 716 Petrus
3582 680 3594 715 :
3624 665 3775 732 Quis,

489 768 708 834 speciem
759 763 1066 829 sanctitatis,
1124 763 1358 818 uirtutem
1404 769 1574 814 autem
1621 761 1730 831 ejus
1774 759 2082 830 abnegantes

496 859 586 929 (11
619 859 752 912 Tim.
789 856 897 926 tu).
927 857 992 911 Hi
1027 854 1160 910 tales
1191 870 1219 908 ιι
1263 852 1656 910 cohabitatione
1701 853 1931 908 civitatis
1964 853 2083 922 Dei,

493 952 599 1007 hoc
628 961 732 1016 est,
783 967 813 1006 a
851 949 1228 1006 communione
1256 945 1579 1002 universalis
1623 945 1877 1001 Ecclesia
1930 944 2086 1014 proji-

493 1044 672 1099 ciendi
705 1052 850 1108 sunt,
882 1052 938 1098 ut
965 1042 1152 1097 saltem
1182 1039 1442 1106 damnati,
1474 1049 1530 1096 et
1571 1039 1639 1094 ab
1677 1039 1916 1094 omnium
1954 1052 2084 1092 con-

495 1140 667 1193 sortio
714 1137 1052 1208 sequestrati,
1088 1135 1303 1192 tandem
1334 1135 1492 1206 longo
1537 1150 1650 1191 suae
1700 1131 2082 1190 eliminationis

499 1231 660 1286 taedio
706 1229 932 1301 fatigati,
963 1227 1231 1284 Christum
1282 1227 1492 1298 magnis
1520 1227 1741 1283 vocibus
1791 1227 2084 1282 inclamare

493 1334 551 1381 et
579 1340 703 1379 eum
749 1322 990 1378 veritatis
1018 1331 1401 1392 praeceptorem
1447 1320 1602 1376 fateri
1648 1330 1925 1392 cogantur.
1972 1321 2084 1377 Hoc

499 1417 643 1470 rnim
676 1424 757 1468 est
786 1413 925 1484 quod
967 1413 1293 1483 evangelista
1336 1412 1413 1468 ait
1444 1430 1458 1467 :
1493 1412 1751 1467 Steterunt
1779 1429 1812 1466 a
1844 1415 1994 1482 longe
2036 1419 2086 1467 et

495 1508 784 1562 levaverunt
825 1522 1016 1572 uocem,
1049 1507 1271 1561 dicentes
1299 1522 1320 1562 :
1341 1503 1465 1561 Jesu
1513 1514 1818 1576 praeceptor,
1849 1506 2087 1559 miserere

496 1602 683 1668 nostri.
732 1599 858 1655 Ideo
897 1615 926 1653 a
970 1600 1126 1669 longe
1167 1608 1450 1666 steterunt,
1492 1614 1590 1654 nec
1616 1598 1844 1654 Domino
1884 1613 2084 1669 appro-

496 1693 918 1763 pinquavernnt,
955 1693 1100 1761 quia,
1131 1701 1186 1746 ut
1213 1690 1324 1760 jam
1353 1691 1551 1747 dictum
1599 1699 1702 1758 est,
1733 1707 1760 1744 a
1811 1689 2085 1746 communi

495 1786 772 1841 consortio
812 1784 1044 1855 separati
1085 1795 1262 1841 erant.
1293 1785 1362 1841 Et
1403 1802 1436 1840 a
1473 1784 1625 1856 longe
1665 1793 1857 1840 stantes
1882 1785 2083 1855 leprosi

2183 751 2386 823 inquit,
2419 767 2607 822 aquam
2647 750 2935 820 prohibere
2972 760 3181 820 potest,
3214 760 3271 807 nt
3302 767 3408 808 non
3437 754 3778 823 baptizentur

2186 845 2242 900 bi
2268 846 2357 915 qui
2387 844 2643 915 Spiritum
2672 856 2918 900 sanctum
2949 854 3297 912 acceperunt,
3328 846 3611 902 credentes
3642 848 3782 904 sicut

2187 948 2244 995 et
2270 940 2402 995 nos?
2430 939 2699 1010 Multiplex
2731 943 2872 998 enim
2904 942 2997 998 Dei
3029 943 3395 999 misericordia
3419 943 3562 1000 hanc
3594 947 3784 1016 praela-

2188 1033 2257 1088 tis
2287 1032 2536 1089 Ecclesiae
2569 1035 2938 1090 sacerdotibus
2980 1046 3301 1105 poteStatem
3331 1037 3596 1104 contulit,
3637 1048 3695 1093 ut
3731 1048 3786 1095 et

2188 1125 2559 1181 confitentibus
2583 1127 2910 1196 poenitentia:
2931 1128 3260 1185 sanctionem
3286 1127 3496 1197 darent,
3514 1138 3570 1185 et
3593 1130 3782 1187 eadem

2188 1219 2391 1276 salubri
2424 1219 2789 1276 satisfactione
2819 1230 3093 1292 purgatos,
3126 1222 3191 1277 ad
3220 1222 3435 1291 januam
3468 1223 3788 1280 reconcilia-

2189 1311 2350 1367 tionis
2379 1313 2541 1368 etiam
2574 1313 2947 1379 admitterent,
2982 1315 3059 1370 sic
3095 1314 3293 1370 divinas
3324 1315 3622 1371 voluntatis
3648 1332 3789 1384 pra:-

2189 1403 2340 1458 sidiis
2366 1402 2646 1471 ordinatis,
2683 1416 2741 1459 ut
2772 1404 3099 1476 indulgentia
3129 1404 3225 1461 Dei
3251 1405 3355 1462 nisi
3382 1406 3792 1475 supplicationi-

2190 1492 2293 1550 bus
2317 1493 2652 1550 sacerdotum
2678 1506 2910 1566 nequeat
2939 1496 3189 1552 obtineri.
3220 1496 3368 1551 Unus
3386 1509 3560 1554 autem
3588 1514 3655 1552 ea:
3682 1499 3792 1553 illis

2189 1591 2245 1638 ut
2283 1585 2407 1640 vidit
2444 1587 2566 1658 quia
2599 1589 2876 1641 mundatus
2905 1597 3010 1654 est,
3038 1603 3298 1660 regressus
3336 1596 3410 1643 est
3445 1605 3561 1643 cum
3601 1606 3794 1660 magna

2190 1693 2309 1732 voce
2359 1680 2701 1750 magniﬁcans
2758 1679 2940 1734 Deum.
2997 1680 3170 1750 Magni
3220 1680 3399 1736 meriti
3453 1681 3795 1752 ingentisque

2191 1771 2316 1827 ﬁdei
2353 1773 2513 1828 istum
2545 1789 2708 1829 unum
2739 1772 2935 1844 fuisse,
2968 1789 3033 1831 ex
3076 1775 3179 1832 hoc
3207 1775 3294 1831 vel
3329 1778 3563 1832 maxime
3592 1778 3795 1848 conjici

496 1894 685 1935 vocem
712 1879 777 1933 ad
801 1878 1082 1934 Dominum
1106 1879 1392 1945 extollunt,
1423 1893 1491 1934 ne
1519 1877 1888 1932 tumultuantis
1917 1876 2085 1932 turba:

2194 1865 2348 1920 datur
2375 1864 2535 1934 quod,
2557 1865 2770 1921 cmteris
2793 1865 3010 1937 ingratis
3040 1867 3462 1937 remanentibus,
3499 1869 3615 1939 ipse
3644 1871 3796 1923 solus

497 1973 730 2040 strepitu
762 1980 983 2041 possent
1013 1972 1347 2042 aliquatenus
1383 1969 1654 2040 impediri.
1710 1969 1900 2024 Merito
1942 1983 2090 2039 prae-

496 2072 771 2134 ceptorem
801 2063 912 2133 jam
943 2064 1170 2118 sanandi
1209 2070 1424 2128 vocant,
1457 2062 1510 2116 iu
1551 2060 1704 2131 cujus
1752 2059 1858 2116 ﬁde
1887 2071 1944 2118 et
1987 2059 2087 2116 do-

438 2155 452 2163 ’
499 2157 674 2211 ctrina
703 2171 763 2213 se
791 2172 1002 2213 errasse
1031 2157 1398 2214 considerant.
1428 2154 1534 2212 Sed
1574 2163 1628 2210 et
1655 2154 1710 2210 in
1750 2164 1902 2225 parte
1929 2153 2090 2224 spiri-

496 2250 656 2304 tualis
676 2249 1040 2319 intelligentiae
1056 2264 1213 2320 quam
1236 2262 1469 2318 congrue
1492 2246 1675 2304 Jesum
1698 2256 2087 2316 prmeeptorem

495 2339 741 2397 haeretici
772 2350 988 2408 vocant,
1019 2340 1076 2396 in
1099 2341 1252 2409 cujus
1279 2340 1458 2395 verbis
1483 2352 1544 2394 se
1572 2337 1816 2394 recolunt
1837 2337 2091 2407 deliquis-

499 2448 582 2498 se,
609 2434 842 2500 dumque
866 2432 933 2486 ad
952 2432 1068 2501 ejus
1083 2429 1372 2500 magisterii
1393 2430 1632 2499 regulam
1655 2429 1895 2484 studiose
1915 2444 2093 2485 recur-

498 2538 627 2579 rere
651 2521 930 2587 festinant,
961 2536 1085 2576 mox
1109 2531 1383 2578 merentur
1403 2528 1598 2593 optatae
1617 2520 1806 2576 salutis
1827 2521 2092 2578 beneﬁcia

496 2615 764 2670 invenire.
793 2614 938 2682 Quos
958 2623 1014 2668 ut
1040 2613 1198 2682 vidit,
1215 2613 1351 2669 dixit
1369 2632 1381 2668 :
1401 2613 1499 2683 Ite,
1521 2615 1775 2669 ostendite
1803 2630 1890 2669 vos
1915 2630 2091 2669 sacer-

505 2707 733 2762 dotibus.
767 2707 828 2760 Et
851 2708 1042 2776 factum
1061 2717 1158 2777 est,
1183 2707 1305 2761 dum
1328 2708 1478 2776 irent,
1495 2710 1730 2762 mundati
1752 2718 1891 2762 sunt.
1918 2708 2092 2779 Lepra

506 2809 736 2871 quatuor
763 2799 924 2855 habet
971 2798 1300 2856 differentias
1331 2800 1808 2871 signiﬁcationum.
1841 2801 2094 2872 Designat

502 2895 650 2950 enim
681 2891 1046 2947 infidelitatem
1077 2905 1427 2962 paganorum,
1454 2891 1730 2960 perfidiam
1755 2891 2092 2961 Judaeorum,

505 3000 748 3041 errorem
800 2986 1175 3040 haereticorum
1225 2993 1279 3040 et
1327 2984 1565 3040 maculas
1611 2985 1853 3053 gravium
1904 2999 2098 3055 pecea-

499 3088 697 3133 torum.
743 3079 824 3133 Ab
861 3077 960 3133 hac
999 3085 1108 3131 tam
1148 3075 1431 3147 multiplici
1467 3076 1614 3146 lepra
1653 3077 1959 3148 quicunque
1999 3092 2098 3134 ex-

499 3171 634 3241 piari
665 3170 967 3234 desiderat,
999 3182 1219 3224 necesse
1245 3177 1330 3224 est
1353 3168 1648 3225 Ecclesiam
1689 3169 1876 3235 adeat,
1918 3183 2098 3226 sacer-

500 3263 657 3318 dotes
696 3263 962 3332 requirat,
1003 3270 1062 3316 ut
1109 3276 1205 3330 per
1247 3275 1430 3317 eorum
1471 3261 1823 3317 ministerium
1862 3271 2096 3318 exuatur

501 3357 730 3412 maculis
773 3369 1148 3426 peccatorum,
1189 3359 1306 3414 sine
1343 3357 1536 3430 quibus
1573 3369 1783 3415 constat
1823 3360 2094 3416 neminem

504 3452 574 3506 ab
603 3449 974 3520 hujuscemodi
998 3450 1301 3508 valetudine
1330 3467 1488 3522 posse
1513 3453 1711 3508 curari.
1741 3452 1892 3520 Quod
1919 3463 2096 3509 autem

503 3542 570 3598 ad
596 3542 907 3599 sacerdotes
935 3543 1130 3614 leprosi
1162 3544 1314 3600 missi
1343 3554 1492 3613 sunt,
1523 3544 1788 3616 signiﬁcat
1813 3544 1937 3616 quia
1962 3559 2096 3602 eon-

503 3634 651 3690 versi
684 3633 945 3703 haeretici,
977 3635 1348 3692 saeerdouibus
1369 3637 1456 3693 vel
1478 3636 1741 3693 ministris
1763 3647 1962 3692 sancta:
1992 3637 2097 3692 Ec-

503 3729 685 3784 clesia:
726 3742 848 3784 sese
888 3729 1082 3785 offerre
1119 3729 1346 3796 debent,
1377 3738 1434 3786 et
1470 3731 1617 3800 pravi
1656 3730 1921 3801 dogmatis
1948 3746 2099 3786 erro-

505 3835 620 3874 rem
644 3821 793 3890 quasi
815 3819 1072 3875 morbidus
1094 3819 1234 3876 cutis
1259 3821 1572 3877 varietatem
1593 3821 1661 3876 ad
1680 3821 2096 3878 examinandum

504 3912 760 3976 pandere,
792 3911 975 3979 sicque
1005 3911 1073 3967 ab
1096 3911 1175 3967 eis
1206 3910 1332 3967 ﬁdei
1359 3910 1638 3966 catholicae
1666 3911 1864 3980 regulis
1901 3911 2099 3968 instru-

508 4002 614 4066 eti,
648 4003 887 4070 pristinae
914 4002 1194 4058 munditiae
1222 4013 1278 4058 et
1309 4003 1689 4072 pulchritudini
1729 4005 2097 4063 restituantur.

505 4093 761 4160 Quamvis
786 4095 929 4150 enim
955 4095 1236 4164 Dominus,
1263 4096 1354 4166 qui
1383 4110 1624 4153 summus
1654 4096 1890 4167 pontifex
1918 4112 2103 4157 vernae

503 4199 610 4251 que
650 4185 903 4255 magister
947 4197 1061 4255 est,
1099 4187 1307 4242 interna
1359 4187 1443 4242 sui
1477 4188 1779 4245 eruditione
1826 4189 1968 4259 quod
2017 4202 2099 4250 te-

503 4279 742 4334 nendum
772 4278 846 4335 sit
873 4279 1049 4334 valeat
1077 4278 1364 4348 inspirare,
1398 4295 1589 4351 magna
1620 4290 1798 4336 tamen
1825 4282 2103 4353 dispensa-

505 4371 653 4426 tione
677 4373 791 4425 vult
814 4369 1126 4427 doctoribus
1151 4370 1396 4441 obsequi,
1426 4381 1483 4428 ut
1510 4387 1607 4442 per
1634 4372 1738 4428 hoc
1760 4375 1852 4444 qui
1872 4373 2102 4432 docendi

507 4470 638 4518 sunt
669 4461 931 4532 profunda
968 4461 1272 4519 humilitate
1313 4464 1632 4533 solidentur,
1671 4465 1938 4522 humiliati
1972 4483 2101 4526 vero

505 4551 575 4607 ad
608 4552 867 4621 capienda
897 4552 1021 4610 fidei
1052 4564 1388 4610 sacramenta
1427 4555 1662 4624 potiores
1691 4557 2013 4616 efﬁciantur.
2041 4561 2097 4618 Si

507 4642 708 4697 etenim
746 4642 937 4698 beatus
965 4643 1161 4700 Paulus
1179 4683 1196 4711 ,
1226 4647 1315 4715 qui
1345 4645 1540 4703 divinis
1568 4648 1780 4706 coalitus
1807 4652 2100 4708 revelatio-

508 4737 666 4792 nibus
703 4737 876 4793 fuerat
903 4738 1224 4807 instructus,
1267 4740 1466 4812 quique
1508 4757 1568 4799 se
1592 4743 1722 4798 dicit
1745 4744 2096 4816 Evangelium

506 4844 616 4886 non
645 4829 713 4884 ab
753 4828 968 4886 homine
1002 4845 1179 4901 neque
1219 4847 1314 4902 per
1349 4833 1620 4890 hominem
1660 4836 1960 4907 accepisse,
1999 4839 2096 4896 sed

507 4934 605 4990 per
651 4921 1029 4978 revelationem
1072 4921 1201 4979 Jesu
1245 4921 1476 4994 Christi,
1522 4938 1633 4982 tum
1682 4930 1879 4984 missus
1911 4939 1995 4986 est
2026 4932 2096 4988 ad

440 5039 460 5100 ρ
511 5014 768 5069 Anauiam
789 5055 804 5082 ,
833 5023 891 5071 ut
918 5015 986 5070 ab
1014 5030 1080 5072 eo
1108 5015 1232 5072 ﬁdei
1256 5019 1538 5074 veritatem
1566 5017 1867 5088 acciperet,
1891 5029 1946 5076 et
1971 5023 2096 5077 reli-

443 5108 446 5112 ’
507 5123 612 5178 qua
641 5124 760 5178 quae
795 5109 926 5164 ordo
965 5109 1360 5165 ecclesiasticus
1389 5109 1630 5180 exposcit
1671 5109 1920 5180 impleret
1947 5109 2091 5182 (Gal.

504 5214 574 5264 n;
608 5201 721 5255 Act.
762 5199 866 5269 nt).
899 5198 1037 5267 Quid
1075 5214 1202 5255 vero
1229 5200 1330 5256 sibi
1372 5200 1485 5256 vult
1523 5199 1663 5270 quod
1703 5209 1988 5272 antequam
2019 5202 2095 5267 ad

505 5291 816 5348 sacerdotes
841 5291 1135 5358 venissent,
1166 5294 1408 5349 nmndati
1430 5294 1589 5349 sunt?
1609 5294 1771 5351 Forte
1800 5294 1928 5350 illud
1958 5311 2094 5366 pra-

504 5383 682 5452 signat
722 5383 863 5453 quod
903 5383 1054 5438 multi
1098 5383 1202 5439 fide
1248 5384 1517 5452 fervente,
1559 5385 1685 5441 dum
1733 5401 1831 5456 pro
1869 5402 2090 5458 recupe-

507 5476 675 5531 randa
701 5477 1000 5531 animarum
1037 5477 1209 5531 salute
1238 5477 1488 5534 doctores
1511 5488 1725 5534 sanctos
1753 5491 2087 5550 expeterent,

507 5576 655 5623 tanta
688 5569 1066 5640 praevenientis
1108 5568 1202 5624 Dei
1237 5572 1402 5638 gratia
1444 5579 1569 5625 sunt
1596 5570 1811 5639 donati,
1844 5581 1902 5627 nt
1929 5583 2092 5630 ante-

508 5680 665 5730 quam
696 5679 790 5734 per
817 5664 1064 5733 baptismi
1097 5663 1366 5718 lavacrum
1404 5663 1597 5720 animo:
1627 5665 1825 5735 lepratn
1853 5667 2090 5737 depone-

508 5768 662 5825 rent,
692 5757 918 5825 Spiritus
953 5758 1122 5813 sancti
1163 5758 1353 5828 illapsu
1388 5759 1454 5815 ab
1484 5759 1832 5831 originalibus
1861 5763 2093 5831 peccatis

509 5851 788 5907 emundari
817 5854 1233 5918 promcruerint.
1269 5853 1380 5912 Hoc
1417 5853 1470 5912 in
1509 5854 1759 5923 Corneﬁo
1790 5857 1973 5926 eisque
2002 5857 2091 5928 qui

2192 1959 2498 2014 mundatori
2527 1973 2624 2014 suo
2652 1960 2852 2029 gratias
2880 1970 3096 2016 acturus
3137 1961 3295 2018 rediit
3315 2004 3330 2030 ,
3352 1964 3698 2020 sacerdotum
3731 1963 3796 2018 ad

2189 2069 2329 2124 quos
2355 2057 2551 2109 missus
2579 2054 2754 2110 fuerat
2784 2057 3164 2126 conspectibns
3202 2072 3324 2114 sese
3351 2059 3641 2116 ostendere
3675 2076 3799 2129 pair

2191 2150 2520 2221 vipendens,
2550 2161 2602 2209 et
2643 2166 2772 2208 vero
2799 2153 3067 2208 sacerdoti
3093 2151 3342 2219 Christo,
3381 2153 3473 2224 qui
3511 2165 3595 2209 est
3623 2171 3799 2208 sacer-

2189 2243 2287 2298 dos
2311 2245 2367 2298 in
2396 2255 2640 2300 a’ternum
2668 2246 2950 2299 secundum
2979 2247 3213 2300 ordinent
3243 2245 3648 2312 Melchisedech,
3676 2249 3800 2317 qui-

2191 2353 2298 2408 que
2328 2337 2563 2408 pontifex
2595 2339 2931 2407 pontificum,
2957 2347 3012 2395 et
3037 2337 3292 2396 sacerdos
3314 2347 3399 2394 est
3425 2340 3798 2409 sacerdotum,

2192 2443 2287 2485 sua
2327 2443 2420 2485 ora
2466 2431 2670 2486 studuit
2710 2441 3058 2500 prasentare.
3103 2431 3249 2489 Unus
3289 2431 3391 2488 iste
3435 2434 3550 2502 qui,
3582 2434 3802 2490 caeteris

2193 2521 2404 2592 ingrate
2445 2522 2769 2579 abeuntibus
2794 2566 2810 2591 ,
2856 2523 3003 2578 solus
3044 2523 3234 2590 rediit,
3285 2522 3551 2580 Salvatori
3595 2525 3799 2594 gratias

2193 2626 2394 2684 agens,
2425 2615 2585 2669 unius
2615 2613 2872 2669 Ecclesiae
2909 2614 3306 2670 devotam'Deo
3331 2614 3688 2672 humilitatem
3724 2618 3797 2672 si-

2193 2705 2443 2775 gniﬁcat,
2471 2706 2561 2776 qui
2599 2720 2728 2762 vero
2759 2705 2872 2762 Deo
2896 2706 3133 2776 quotidie
3161 2713 3339 2777 grates
3376 2706 3640 2774 exsolvit,
3669 2708 3801 2777 quia

2194 2801 2462 2869 repressis
2494 2800 2932 2870 praesumptionis
2967 2815 3082 2857 suae
3107 2799 3524 2870 cogitationibus
3562 2801 3798 2857 inuri-

2197 2899 2361 2946 tatem
2387 2907 2538 2947 suam
2569 2891 2841 2950 humiliter
2866 2893 3090 2964 aspicit,
3129 2892 3201 2950 de
3240 2894 3398 2950 bonis
3427 2909 3549 2964 quae
3577 2893 3689 2964 agit
3721 2894 3800 2948 ni-

2196 2983 2274 3039 hil
2304 2983 2406 3040 sibi
2439 2984 2656 3052 tribuit,
2686 2986 2781 3041 sed
2810 2985 2991 3042 omnia
3018 3000 3047 3040 a
3076 2985 3257 3042 divina
3282 2987 3572 3042 clementia
3604 3001 3802 3057 proce-

2195 3077 2326 3135 dere
2353 3079 2655 3136 conﬁtetur.
2689 3078 2917 3137 Pulchre
2943 3090 3122 3136 autem
3152 3079 3349 3136 dicitur
3372 3079 3497 3149 quia
3527 3097 3795 3151 regressus

2198 3178 2272 3224 est
2301 3185 2418 3224 cum
2445 3186 2636 3241 magna
2658 3185 2798 3225 soce.
2826 3168 2953 3225 Cum
2978 3186 3162 3240 magna
3189 3185 3311 3224 voce
3333 3168 3515 3236 rediit,
3535 3173 3662 3238 quia
3689 3184 3803 3224 ma-

2120 3232 2171 3298 α
2199 3276 2357 3334 gnam
2378 3277 2504 3334 erga
2517 3276 2576 3318 se
2591 3261 2683 3318 Dei
2699 3261 3117 3318 misericordiam
3135 3271 3316 3318 mente
3329 3261 3622 3332 persensit.
3636 3259 3804 3317 Recte

2198 3371 2392 3428 magna
2422 3369 2556 3412 voce
2601 3356 2768 3411 Deum
2809 3356 3158 3426 magnificans
3188 3369 3444 3413 reversus
3483 3363 3607 3423 est,
3645 3355 3800 3425 cujus

2199 3447 2642 3519 omnipotentiam
2667 3447 2722 3503 in
2752 3457 2860 3503 tam
2883 3449 3065 3504 subita‘
3079 3450 3162 3504 sui
3189 3451 3583 3505 restauratione
3607 3463 3802 3518 exper-

2202 3549 2288 3598 tus
2310 3549 2412 3597 est.
2439 3541 2558 3608 Quo
2580 3540 2632 3596 in
2663 3541 2802 3596 facto
2823 3541 3122 3598 membrum
3151 3556 3211 3596 se
3238 3541 3563 3612 praecipuum
3594 3552 3800 3596 sancta

2199 3634 2460 3692 Ecclesia:
2486 3633 2741 3701 ostendit,
2783 3633 2873 3704 qui
2915 3633 3152 3704 quotidie
3179 3633 3454 3690 Christum
3486 3634 3630 3689 inter
3666 3634 3802 3688 blas-

2201 3726 2444 3796 phemias
2464 3725 2835 3783 haereticorum
2856 3734 2912 3782 et
2933 3723 3235 3782 Judaeorum
3270 3739 3431 3782 voces
3469 3725 3799 3792 collaudem,

2201 3819 2358 3885 eique
2381 3817 2578 3887 gratias
2606 3831 2768 3888 agere
2800 3831 2904 3873 non
2933 3815 3166 3873 desistit.
3199 3816 3274 3872 De
3302 3831 3411 3888 quo
3437 3816 3620 3873 adhuc
3658 3826 3804 3873 recte

2201 3908 2467 3978 subditur,
2499 3907 2633 3977 Quia
2663 3908 2844 3963 cecidit
2873 3908 2925 3962 in
2954 3908 3141 3978 faciem
3168 3925 3346 3977 suam,
3385 3909 3582 3979 gratias
3621 3926 3800 3980 agens.

2201 3997 2371 4056 Casus
2399 3999 2500 4056 iste
2525 3999 2738 4070 proprie
2761 3999 3057 4055 electorum
3083 4011 3188 4056 est.
3212 3997 3585 4070 Reproborum
3617 4010 3800 4056 autem

2201 4100 2500 4148 retrorsum
2528 4103 2742 4162 semper
2769 4099 2854 4146 est
2881 4091 3096 4158 cadere,
3126 4089 3280 4162 juxta
3310 4091 3452 4162 quod
3483 4092 3552 4148 de
3584 4092 3803 4148 Domini

2202 4182 2638 4253 persecutoribus
2671 4181 2929 4253 scriptum
2969 4192 3086 4251 est,
3128 4184 3254 4255 quia
3291 4184 3505 4240 dicente
3542 4183 3800 4251 Domino,

2203 4272 2315 4348 Ego
2332 4291 2466 4342 sum,
2483 4275 2720 4330 abierunt
2742 4285 2790 4331 et
2808 4277 3099 4331 ceciderunt
3117 4287 3395 4332 retrorsum
3412 4275 3601 4346 (Joan.
3619 4278 3800 4347 xvm).

2201 4364 2270 4423 Et
2294 4367 2362 4424 de
2387 4367 2708 4436 sequacibus
2745 4366 3098 4435 Antichristi,
3139 4367 3239 4423 sub
3276 4367 3443 4438 ﬁgura
3487 4367 3606 4424 Dan
3637 4368 3802 4425 Jacob

2202 4460 2330 4518 dicit
2374 4478 2387 4514 :
2427 4457 2552 4517 Fiat
2589 4457 2709 4514 Dan
2747 4460 2954 4516 coluber
2996 4461 3048 4514 in
3082 4461 3194 4528 via,
3235 4469 3455 4516 cerastes
3498 4460 3554 4515 in
3591 4462 3801 4529 semita,

2203 4555 2438 4610 mordens
2481 4555 2701 4625 ungulas
2735 4555 2881 4624 equi,
2925 4563 2975 4609 et
3022 4554 3174 4608 cadat
3221 4569 3458 4608 assensor
3503 4554 3617 4624 ejus
3667 4565 3802 4609 retro

2209 4647 2365 4719 (Gen.
2394 4645 2566 4716 χιιι).
2593 4646 2693 4715 Qui
2721 4647 2870 4702 enim
2897 4655 3042 4701 retro
3069 4645 3244 4713 cadit,
3274 4644 3348 4700 ibi
3373 4645 3518 4701 cadit
3551 4645 3646 4702 ubi
3673 4646 3804 4716 quid

2205 4739 2311 4798 doli
2344 4741 2508 4797 lateat
2538 4741 2728 4797 nescit.
2761 4740 2863 4808 Qui
2908 4755 3038 4795 vero
3079 4743 3130 4794 in
3162 4740 3352 4796 faciem
3378 4739 3555 4809 cadit,
3590 4738 3664 4794 ibi
3698 4736 3803 4792 uti-

2203 4847 2309 4902 que
2352 4832 2494 4888 cadit
2541 4832 2629 4888 ubi
2677 4841 2868 4887 cuncta
2906 4847 3026 4903 quae
3064 4831 3262 4888 fuerint
3299 4831 3514 4902 aspicit.
3557 4829 3801 4901 Reprobi

2201 4925 2348 4979 enim
2390 4931 2536 4979 retro
2575 4925 2804 4994 cadunt,
2831 4925 2955 4995 quia
2985 4924 3110 4980 dum
3149 4924 3285 4979 mala
3325 4925 3598 4994 praeterita
3636 4923 3802 4978 modo

2201 5024 2327 5071 ante
2355 5015 2553 5071 mentis
2579 5016 2767 5072 oculos
2795 5016 2994 5072 ducere
3018 5015 3314 5087 negligunt,
3337 5015 3681 5085 postmodum
3715 5030 3802 5070 re-

2204 5118 2310 5180 tro,
2340 5109 2444 5166 hoc
2472 5118 2577 5180 est,
2603 5109 2672 5165 ad
2701 5109 2961 5181 supplicia
2987 5120 3188 5166 aeterna
3216 5123 3337 5179 quae
3364 5107 3667 5180 praevidere
3697 5122 3802 5164 no-

2199 5204 2445 5270 luerunt,
2490 5203 2775 5260 infeliciter
2799 5202 3174 5260 devoivuntur.
3215 5202 3274 5258 In
3310 5201 3501 5258 faciem
3542 5216 3676 5258 vero
3704 5216 3798 5258 ca-

2197 5296 2347 5364 dere,
2371 5306 2454 5352 est
2479 5297 2550 5353 de
2565 5296 2649 5353 his
2663 5311 2781 5366 quat
2799 5311 2894 5366 per
2906 5295 3257 5366 ignorantiam
3273 5310 3367 5352 seu
3396 5311 3489 5366 per
3507 5295 3762 5367 negligen
3773 5321 3796 5336 ο

2195 5389 2324 5445 tiam
2355 5391 2640 5445 commissa
2673 5398 2826 5454 eunt,
2855 5386 3191 5445 erubescere.
3228 5387 3428 5445 Taliter
3466 5401 3702 5457 namque
3740 5387 3796 5442 in

2195 5484 2383 5540 faciem
2416 5484 2758 5550 cadentibus,
2790 5483 2982 5538 Paulus
3014 5483 3286 5552 apostolus
3313 5481 3586 5552 loquitur:
3622 5481 3796 5546 Quem

2197 5593 2314 5648 ergo
2352 5576 2574 5647 fructum
2598 5578 2840 5633 habuistis
2870 5586 3008 5642 tunc,
3038 5577 3092 5631 in
3119 5576 3299 5646 quibus
3326 5593 3461 5631 nunc
3495 5575 3793 5630 erubescitis

2201 5667 2376 5740 (Rom.
2400 5669 2516 5741 vt)?
2539 5670 2689 5738 Quod
2721 5685 2846 5727 vero
2872 5681 3090 5727 sanctus
3117 5670 3444 5741 evangelista
3465 5669 3535 5724 de
3552 5684 3649 5725 suo
3678 5678 3791 5724 tam

2199 5763 2440 5819 studiose
2479 5764 2826 5832 interposuit,
2857 5763 3038 5820 dicens
3070 5778 3086 5818 :
3124 5761 3189 5816 Et
3231 5764 3314 5816 hic
3341 5773 3451 5816 erat
3489 5762 3790 5818 Samarita—

2202 5870 2316 5922 nus,
2346 5870 2452 5912 non
2482 5870 2547 5912 ex
2578 5856 2850 5928 superﬂuo
2876 5865 2968 5913 aut
2993 5855 3166 5916 otiose
3191 5856 3429 5912 additum
3459 5859 3784 5929 reperimus,
