4096 6346
339 434 473 492 “Ol

1291 428 1753 488 HOMILIARIUS.
1787 457 1856 468 —
1887 424 2116 484 HOMIL.
2159 429 2245 486 DE
2286 428 2627 487 TEMPORE.

3450 428 3592 487 uos
3622 379 3626 384 ’

335 563 384 607 st
431 545 661 601 hominis
709 543 1020 614 mysterium
1073 544 1493 599 consideremus.
1551 542 1913 600 Samaritanus
1942 541 2269 611 Aingratos.
2312 545 2366 599 Si
2407 545 2546 599 enim
2587 544 2820 614 perfecte
2866 544 3092 599 mundus
3126 551 3211 601 est
3253 545 3450 615 aliquis
3494 559 3592 616 per

337 642 479 700 enim
529 639 904 707 interpretatur
951 646 1154 694 custos.
1200 638 1314 704 Quo
1360 638 1575 693 nomine
1634 637 1912 708 aptissime

336 733 639 790 declaratur
677 730 723 784 is
760 729 849 799 qui
891 737 1154 798 perceptae
1184 728 1323 784 dona
1361 729 1664 798 sospitatis,
1698 727 1915 782 humilis

335 832 392 879 et
419 830 598 890 gratus
627 820 813 874 maluit
839 819 1108 875 custodire
1126 863 1139 886 ,
1171 835 1328 888 quam
1362 829 1570 876 tumens
1599 829 1652 875 et
1680 821 1916 889 ingratus

336 914 604 968 amittere.
655 911 882 980 ideoque
929 912 1038 967 veri
1079 911 1222 967 illius
1264 912 1580 967 Samaritani
1625 914 1714 982 qui
1751 913 1914 968 saucii

337 1004 554 1058 vulnera
583 1001 805 1070 curavit,
830 1002 1148 1072 cognomine
1180 1001 1466 1056 beatiﬁcari
1500 1002 1714 1057 meruit.
1741 1003 1805 1057 Et
1832 1001 1918 1056 hic

335 1106 452 1155 erat
479 1095 868 1164 Samaritanus,
897 1094 948 1148 id
973 1103 1055 1149 est
1081 1094 1398 1162 alienigena.
1431 1094 1584 1164 Saepe
1614 1095 1832 1165 legimus
1864 1093 1916 1149 in

337 1189 656 1260 Evangelio,
687 1191 807 1258 quia
845 1186 1066 1258 gentiles
1116 1191 1386 1244 venientes
1428 1188 1494 1243 ad
1541 1189 1817 1243 Dominum
1859 1197 1916 1242 ut

337 1296 460 1336 eum
491 1277 746 1334 audirent
776 1288 828 1333 et
853 1288 1170 1334 sanarentur
1191 1279 1256 1333 ab
1283 1295 1368 1344 eo,
1393 1281 1620 1336 sanitate
1648 1291 1914 1349 percepta,

336 1371 538 1441 gratias
582 1369 933 1424 Deo.referre
972 1370 1308 1426 studuerunt.
1347 1370 1515 1425 Judaei
1562 1385 1689 1426 vero
1723 1371 1917 1440 jugiter

335 1459 455 1526 ejus
486 1459 737 1514 miracula
769 1459 1043 1525 videntes,
1074 1470 1129 1515 et
1166 1460 1233 1517 ab
1266 1475 1330 1516 eo
1370 1459 1764 1516 mundationem
1799 1476 1916 1528 per-

337 1550 630 1619 cipientes,
672 1566 883 1619 semper
922 1553 1110 1620 ingrati
1158 1554 1521 1621 perstiterunt.
1562 1553 1918 1622 Spiritualiter

337 1639 727 1711 Samaritanus,
757 1643 846 1712 qui
875 1644 1256 1713 interpretatur
1279 1655 1480 1714 custos,
1512 1649 1773 1718 significat
1803 1649 1918 1703 uni-

337 1733 642 1789 versitatem
691 1736 867 1803 populi
909 1737 1122 1805 gentilis
1165 1753 1258 1808 per
1299 1740 1456 1794 ﬁdem
1494 1741 1560 1794 ad
1590 1741 1756 1796 Deum
1783 1756 1916 1797 coa-

336 1828 514 1895 versi,
556 1829 644 1896 qui
683 1828 977 1885 custodiam
1016 1831 1176 1887 habet
1214 1832 1280 1888 ad
1314 1832 1662 1889 humilitatem
1701 1849 1916 1890 conser-

336 1920 586 1976 vandam.
631 1920 764 1975 Dum
806 1924 948 1978 enim
987 1924 1196 1993 gentilis
1229 1926 1453 1994 pepulus
1491 1926 1555 1979 ad
1597 1927 1759 1982 Deum
1790 1942 1916 1982 con-
1951 1906 1996 1967 Β

336 2027 556 2078 versus,
593 2029 748 2068 omne
779 2014 976 2070 bonum
1018 2017 1161 2084 quod
1205 2016 1398 2084 habet,
1438 2018 1484 2073 ci
1523 2019 1706 2074 tribuit
1743 2035 1771 2072 a
1810 2035 1916 2090 quo

336 2107 576 2174 accepit,
608 2105 848 2174 profecto
883 2107 1139 2163 beneﬁcia
1182 2110 1432 2165 divinitus
1470 2111 1569 2166 sibi
1608 2113 1799 2167 collata
1839 2115 1918 2165 vi-

337 2197 565 2266 gilanter
597 2198 860 2261 custodit,
892 2199 1182 2256 decantans
1220 2218 1338 2256 cum
1372 2202 1646 2258 Psaltnista
1690 2221 1702 2256 :
1744 2203 1916 2259 Forti-

335 2291 563 2344 tudinem
596 2309 757 2346 nteant
789 2294 856 2345 ad
893 2300 940 2346 te
977 2295 1295 2358 custodiam,
1332 2296 1450 2364 quia
1489 2307 1541 2349 tu
1575 2295 1714 2352 Deus
1751 2314 1916 2351 susce-

333 2389 449 2451 ptor
489 2397 630 2435 meus
664 2398 718 2435 es
761 2380 943 2452 (Psal.
988 2387 1164 2450 Lvut).
1209 2384 1538 2455 Respondeas
1567 2396 1733 2440 autem
1764 2388 1914 2443 Jesus

333 2476 463 2529 dixit
494 2492 512 2529 .·
545 2475 731 2530 Nonne
758 2478 926 2530 decem
958 2480 1189 2533 mandati
1218 2490 1357 2546 sunt,
1383 2490 1427 2534 et
1451 2498 1622 2536 novent
1646 2483 1730 2536 ubi
1759 2485 1916 2537 sunt?

334 2565 525 2621 Merito
569 2567 813 2622 Salvator
848 2583 942 2624 eos
986 2569 1076 2638 qui
1118 2572 1305 2639 ingrati
1350 2575 1724 2641 perstiterunt,
1764 2577 1915 2642 quasi

334 2654 544 2724 ignotos
591 2658 811 2726 requirit
855 2673 974 2712 cum
1022 2659 1179 2726 dicit,
1229 2677 1406 2716 novem
1453 2665 1537 2717 ubi
1573 2668 1728 2719 sunt?
1765 2668 1914 2722 Sicut

332 2747 478 2800 enim
510 2761 602 2802 eos
633 2763 763 2817 quos
785 2749 952 2819 eligit,
976 2751 1114 2805 scire
1139 2753 1537 2820 comprobatur,
1569 2755 1635 2809 ita
1661 2771 1753 2812 eos
1777 2773 1913 2826 quos

333 2837 617 2908 reprobat,
663 2854 768 2894 non
819 2840 1108 2911 incongrue
1153 2843 1361 2900 nescire
1400 2845 1609 2900 dicitur.
1661 2846 1809 2904 Unde
1860 2859 1914 2904 et

332 2929 647 2999 quibusdam
690 2932 740 2985 in
782 2931 886 2987 ﬁne
923 2933 1158 2988 dicturus
1198 2946 1279 2990 est
1313 2955 1324 2989 :
1358 2936 1545 2992 Nescio
1572 2955 1658 2993 vos
1687 2941 1822 2992 unde
1845 2941 1914 2994 si-

335 3023 428 3087 tis;
447 3024 682 3077 discedite
701 3040 732 3076 a
757 3042 858 3092 me,
879 3043 1053 3081 omnes
1073 3031 1295 3099 operarii
1311 3031 1590 3100 iniquitatis
1607 3031 1755 3103 (Luc.
1771 3035 1908 3102 uti),

331 3129 439 3171 non
487 3131 589 3184 quo
636 3115 800 3171 Deum
851 3117 1048 3187 aliquid
1097 3120 1289 3187 lateat,
1340 3123 1432 3176 sed
1469 3123 1590 3192 quia
1628 3124 1908 3193 impiorum

330 3207 475 3274 vias,
506 3223 729 3277 quorum
761 3210 980 3278 figuram
1023 3211 1106 3265 isti
1137 3214 1473 3281 praetendunt
1505 3216 1699 3284 leprosi
1719 3258 1733 3282 ,
1760 3221 1906 3285 quasi

331 3298 538 3370 ignotas
562 3301 832 3368 reprobat.
863 3299 949 3356 Sic
979 3314 1033 3357 et
1058 3304 1269 3358 mentiri
1300 3306 1507 3360 nescire
1538 3307 1616 3360 vir
1643 3323 1806 3362 verax
1831 3308 1910 3362 di-

331 3391 473 3447 citur
510 3392 599 3462 qui
648 3392 790 3462 loqui
836 3393 1170 3449 mendacium
1213 3396 1546 3464 dedignatur,
1585 3413 1690 3453 non
1729 3415 1834 3470 quo
1863 3403 1906 3456 si

333 3482 547 3537 mentiri
591 3483 719 3538 velit
765 3485 998 3550 nesciat,
1043 3486 1136 3542 sed
1176 3487 1296 3556 quia
1336 3487 1464 3543 falsa
1504 3489 1645 3560 loqui
1677 3491 1910 3547 veritatis

329 3589 514 3631 amore
561 3586 884 3634 contemnat.
934 3580 1184 3648 Loquens
1235 3595 1364 3651 ergo
1410 3582 1666 3638 Dominus
1712 3585 1839 3640 dicit
1895 3604 1905 3639 :

330 3666 521 3723 Nonne
547 3670 717 3724 decem
742 3672 970 3725 mundati
993 3681 1141 3737 sunt,
1170 3682 1218 3727 et
1244 3688 1419 3727 novem
1443 3674 1529 3728 ubi
1554 3677 1714 3729 sunt?
1736 3675 1910 3730 Nove-

330 3760 513 3815 narius
544 3775 794 3816 numerus
816 3801 836 3827 ,λ
870 3763 914 3817 si
953 3779 1115 3818 unum
1159 3767 1208 3818 in
1239 3773 1580 3836 augmentum
1617 3768 1699 3821 sui
1739 3768 1910 3836 perui-

329 3853 478 3922 piat,
507 3853 792 3922 quamdam
833 3853 1056 3910 formam
1096 3858 1311 3914 unitatis
1339 3859 1546 3929 explet,
1577 3869 1630 3915 et
1663 3861 1715 3914 in
1743 3860 1910 3917 dena-

329 3943 470 3998 rium
509 3944 696 4015 surgit.
739 3945 854 4012 Quo
893 3950 1233 4016 numeroﬁd
1275 3961 1358 4006 est
1395 3954 1647 4022 denario,
1684 3964 1822 4009 tanta
1852 3957 1910 4009 ﬁt

327 4037 658 4105 complexio,
694 4047 748 4092 ut
778 4040 910 4094 ultra
939 4040 1085 4095 illum
1127 4043 1263 4098 alius
1302 4061 1553 4100 numerus
1594 4062 1699 4102 non
1725 4062 1909 4102 excre-

326 4135 474 4194 scat,
508 4128 610 4183 nisi
639 4128 724 4184 hic
762 4130 904 4185 idem
936 4133 1187 4190 denarius
1216 4145 1488 4205 repetatur
1513 4152 1543 4192 a
1573 4137 1772 4207 capite,
1807 4141 1908 4194 hoc

326 4231 429 4289 est,
464 4224 530 4277 ab
556 4224 780 4282 unitate.
814 4224 989 4282 Unum
1016 4243 1143 4297 ergo
1168 4230 1234 4284 ad
1266 4231 1520 4286 unitatem
1550 4245 1699 4286 suam
1727 4243 1905 4287 custo-

326 4313 574 4368 diendam
620 4330 723 4369 non
768 4316 966 4386 indiget
1007 4332 1235 4386 novem,
1281 4335 1472 4376 novem
1514 4336 1642 4377 vero
1667 4322 1907 4392 indigent

327 4420 465 4473 uno,
493 4416 550 4462 ut
587 4410 829 4477 quaedam
869 4410 1074 4480 efﬁgies
1101 4412 1319 4468 unitatis
1345 4413 1695 4481 compleatur,
1738 4414 1789 4468 id
1827 4424 1907 4470 est

325 4497 598 4556 denarius.
640 4500 900 4556 Similiter
933 4512 986 4557 et
1013 4502 1088 4560 illi
1127 4503 1220 4571 qui
1254 4505 1390 4559 intra
1422 4505 1677 4560 unitatem
1706 4515 1908 4561 sanctae

1934 3256 1984 3319 C

2018 634 2172 688 ﬁdem
2194 643 2246 689 et
2266 633 2584 704 baptismum
2603 676 2615 699 ,
2641 635 2908 706 quomodo
2929 645 3012 691 est
3036 634 3147 691 Deo
3174 635 3412 705 ingratus
3439 634 3592 706 cujus

2016 733 2382 788 misericordia
2424 733 2491 788 ab
2529 732 2843 788 inﬁdelitate
2879 731 3140 786 adductus
3173 740 3256 786 est
3288 733 3353 786 ad
3395 732 3593 788 ﬁdem?

2021 824 2082 879 Et
2104 826 2146 880 si
2173 826 2429 897 ingratus,
2453 825 2720 894 quomodo
2746 827 3011 882 mundus?
3039 823 3145 882 Sed
3172 825 3447 881 sciendum
3468 827 3593 897 quia

2016 926 2140 974 sunt
2168 918 2379 989 quidam
2411 919 2461 972 in
2494 919 2908 990 congregatione
2947 918 3180 973 ﬁdelium
3206 918 3292 987 qui
3325 917 3588 973 mundan-

2017 1021 2102 1068 tur
2141 1014 2354 1082 quidem
2397 1027 2489 1081 per
2526 1011 2686 1068 fidem
2729 1021 2783 1068 et
2826 1012 3180 1081 baptismum,
3226 1009 3419 1080 ingrati
3462 1015 3594 1066 ver’o

2017 1106 2309 1176 persistunt
2351 1120 2443 1172 per
2482 1106 2674 1162 bonam
2718 1107 3105 1174 operationem.
3148 1105 3225 1161 De
3252 1105 3446 1175 quibus
3465 1104 3594 1160 dicit

2018 1197 2290 1266 apostolus
2317 1197 2508 1252 Paulus
2537 1215 2552 1250 :
2585 1195 2686 1261 Qui
2731 1214 2845 1251 cum
2880 1198 3228 1278 cognovissent
3258 1198 3453 1264 Deum,
3495 1213 3596 1252 non

2017 1290 2147 1344 sicut
2167 1289 2327 1344 Deum
2348 1288 2776 1358 gloriﬁcaverunt,
2797 1298 2882 1362 aut
2905 1289 3094 1358 gratias
3107 1297 3313 1357 egerunt
3331 1290 3346 1356 (
3358 1288 3508 1344 Rom.
3529 1290 3595 1356 1.).

2018 1383 2149 1439 Cum
2170 1384 2311 1438 enim
2334 1381 2461 1438 dicit
2490 1396 2581 1438 eos
2603 1382 2886 1437 Dominum
2916 1383 3151 1446 novisse,
3179 1381 3413 1436 ostendit
3443 1397 3595 1436 mun-

2019 1477 2171 1532 datos
2201 1489 2322 1530 esse
2351 1490 2379 1528 a
2415 1474 2560 1544 lepra
2596 1474 2917 1529 inﬁdelitatis
2957 1489 3048 1542 per
3086 1473 3441 1542 baptismum;
3473 1487 3596 1528 cum

2020 1584 2148 1624 vero
2177 1568 2350 1634 addit,
2394 1583 2501 1623 non
2538 1567 2866 1636 gloriﬁcasse
2903 1581 2997 1622 eos
3029 1566 3346 1630 Dominum,
3381 1580 3480 1620 nec
3518 1565 3598 1622 illi

2019 1665 2216 1736 gratias
2249 1663 2456 1733 egisse,
2499 1672 2815 1718 accusantur
2846 1658 3052 1730 ingrati.
3101 1658 3220 1713 Non
3255 1670 3328 1713 est
3361 1659 3598 1714 inventus

2021 1759 2107 1829 qui
2134 1758 2321 1811 rediret
2347 1766 2394 1812 et
2422 1757 2564 1812 daret
2585 1756 2801 1827 gloriam
2833 1754 2958 1809 Deo.
2987 1754 3099 1819 Qua
3127 1752 3392 1808 sententia
3417 1761 3472 1808 et
3499 1754 3596 1808 du-

2023 1849 2198 1904 ritiam
2228 1847 2534 1905 Judaaorum
2564 1847 2698 1901 clam
2731 1847 2987 1908 percutit,
3016 1853 3072 1900 et
3106 1845 3340 1915 gentium
3381 1845 3444 1897 ad
3474 1857 3595 1900 cre-

2019 1941 2247 1997 dendum
2281 1940 2582 1996 facilitatem
2614 1938 2898 1994 collaudat.
2929 1937 3072 1991 Pene
3091 1937 3231 1992 enim
3266 1939 3317 1990 in
3349 1935 3597 1992 omnibus

2016 2033 2186 2087 sancti
2217 2031 2490 2100 Evangelii
2523 2030 2677 2094 locis,
2708 2037 2762 2083 et
2786 2027 3002 2082 Judmos
3030 2027 3094 2082 ad
3124 2027 3280 2082 ﬁdem
3309 2028 3512 2094 tardos,
3541 2035 3598 2084 et

2016 2124 2238 2191 gentiles
2254 2121 2319 2176 ad
2343 2121 2499 2176 ﬁdem
2528 2121 2804 2189 impigros,
2826 2119 2933 2172 imo
2952 2117 3320 2186 paratissimos
3338 2118 3504 2174 fuisse
3528 2117 3599 2174 in~

2017 2215 2282 2268 venimus.
2309 2212 2420 2267 Hoc
2442 2213 2494 2266 in
2523 2211 2613 2265 illo
2642 2210 2798 2265 beato
2823 2208 3137 2267 centurione
3165 2209 3233 2264 de
3263 2224 3368 2277 quo
3397 2209 3598 2266 dictum

2015 2315 2097 2362 est
2128 2320 2142 2358 :
2177 2304 2298 2359 Non
2329 2305 2495 2357 inveni
2522 2311 2711 2356 tantum
2739 2303 2890 2370 ﬁdem
2921 2302 2975 2356 in
2998 2301 3165 2356 Israel
3194 2300 3417 2372 (Matth.
3449 2317 3540 2358 vut
3554 2311 3598 2372 ).

2015 2396 2127 2453 lloc
2162 2407 2214 2451 et
2255 2395 2304 2450 In
2348 2394 2594 2463 gentibus
2630 2409 2748 2462 quae
2791 2391 2935 2448 circa
2983 2393 3282 2462 passionem
3327 2393 3598 2450 Christum

2019 2488 2201 2541 videre
2230 2485 2624 2547 desiderabant,
2657 2483 2987 2538 considerari
3022 2483 3361 2553 apertissime
3381 2493 3597 2552 potest:

2014 2579 2104 2632 Ait
2128 2591 2256 2648 ergo
2281 2592 2296 2630 :
2324 2575 2446 2630 Non
2467 2585 2539 2630 est
2563 2577 2795 2630 inventus
2817 2575 2904 2646 qui
2932 2575 3117 2629 rediret
3139 2583 3187 2630 et
3210 2575 3353 2630 daret
3377 2575 3600 2646 gloriam

2015 2667 2154 2734 Deo,
2195 2670 2292 2722 nisi
2333 2670 2416 2721 hic
2457 2669 2787 2738 alienigena;
2837 2676 3085 2735 tanquam
3137 2666 3339 2723 diceret
3385 2686 3396 2722 :
3443 2665 3599 2722 Cives

2014 2763 2262 2830 oderunt,
2293 2762 2602 2830 alienigena:
2631 2760 3042 2829 amplectuntur.
3065 2757 3234 2814 Judaei
3266 2773 3597 2829 persequun-

2015 2862 2123 2917 tur,
2154 2863 2339 2922 gentes
2386 2852 2623 2905 ambiunt
2665 2859 2718 2904 et
2757 2857 3099 2904 venerantur.
3145 2848 3210 2903 Hi
3251 2850 3495 2906 laborant
3541 2859 3599 2906 ut

2014 2954 2135 3015 post
2164 2953 2239 2999 tot
2272 2943 2526 2998 beneﬁcia
2554 2942 2846 3010 perimant,
2878 2942 2954 2996 illi
2983 2951 3192 2997 certant
3221 2951 3278 2997 ut
3307 2943 3373 2998 de
3413 2957 3597 3012 peree-

2016 3036 2120 3102 ptis
2149 3035 2344 3104 gratias
2373 3044 2621 3103 agentes,
2655 3033 2944 3102 majoribus
2972 3033 3114 3101 digni
3141 3034 3391 3089 existant.
3423 3033 3489 3090 Et
3520 3037 3597 3090 ait

2013 3127 2089 3180 illi
2111 3125 2261 3181 Iesus
2291 3141 2310 3179 :
2341 3125 2526 3196 Surge,
2558 3126 2702 3190 vade,
2730 3126 2849 3192 quia
2878 3124 3006 3192 ﬁdes
3036 3132 3125 3178 tua
3154 3132 3204 3179 te
3225 3125 3423 3180 saluum
3449 3127 3595 3198 fecit.

2015 3219 2199 3289 Surge,
2229 3218 2479 3273 videlicet
2504 3233 2530 3268 a
2567 3216 2710 3270 vitiis
2741 3226 3101 3283 peccatorum,
3137 3226 3190 3272 et
3217 3218 3346 3270 vade
3371 3219 3438 3273 ad
3467 3234 3597 3288 ope-

2013 3310 2276 3366 rationem
2313 3307 2586 3362 virtutum.
2628 3306 2904 3362 iacentem
2949 3312 3004 3361 et
3039 3307 3354 3376 simpliciter
3400 3323 3460 3362 se
3500 3311 3594 3363 ad-

2012 3413 2255 3456 orantem
2278 3398 2454 3454 laudat
2474 3397 2748 3462 Dominus,
2774 3412 3001 3466 eumque
3017 3408 3073 3451 ut
3096 3406 3282 3468 surgat
3302 3399 3467 3454 divini
3482 3399 3593 3455 oris

2012 3490 2172 3548 aﬂ‘atu
2217 3491 2452 3556 animat,
2493 3500 2549 3543 et
2593 3488 2732 3556 quod
2783 3488 3018 3558 perfecte
3055 3488 3312 3555 credens,
3365 3489 3598 3559 perfecte

2011 3585 2207 3640 salvari
2249 3583 2478 3646 meruit,
2519 3581 2798 3651 approbat.
2849 3581 3206 3638 Nihilominus
3249 3592 3304 3639 et
3347 3585 3473 3655 quid
3521 3585 3597 3641 illi

2012 3677 2103 3746 qui
2134 3676 2312 3730 redire
2344 3685 2398 3728 ut
2427 3675 2624 3744 gratias
2663 3683 2881 3740 agerent
2909 3673 3272 3730 detrectarunt
3299 3676 3596 3731 meruerint

2011 3767 2231 3832 indicat,
2255 3766 2378 3834 quia
2401 3765 2444 3818 si
2470 3765 2629 3818 istum
2655 3764 2784 3817 ﬁdes
2814 3779 2907 3818 sua
2928 3763 3174 3833 salvavit,
3205 3765 3322 3820 illos
3352 3764 3595 3834 profecto

2010 3854 2295 3911 infidelitas
2324 3853 2614 3907 damnavit.
2652 3852 2756 3908 Sed
2801 3860 2856 3908 et
2901 3852 3003 3906 illis
3032 3853 3122 3922 qui
3165 3854 3274 3921 jam
3307 3855 3374 3910 de
3405 3871 3598 3925 perpe-

2011 3947 2165 4002 tratis
2191 3945 2423 4014 peccatis
2453 3943 2772 3998 erubescere
2801 3952 3110 4012 coeperunt,
3134 3943 3458 4014 surgendum
3485 3947 3596 4014 pri-

2011 4054 2102 4095 mo
2122 4080 2137 4105 ,
2170 4036 2365 4093 deinde
2393 4035 2644 4090 indicitur
2670 4033 3067 4089 ambulandum.
3094 4031 3249 4089 Prius
3274 4033 3418 4090 enim
3441 4035 3595 4105 quasi

2009 4131 2310 4200 surgimus,
2349 4143 2468 4183 cum
2509 4142 2539 4181 a
2580 4127 2809 4196 peccatis
2849 4125 3241 4194 resipiscimus,
3285 4140 3408 4181 cum
3454 4125 3596 4181 male

2009 4223 2181 4280 insitae
2207 4219 2578 4277 consuetudini
2611 4217 2912 4274 resistimus
2928 4257 2943 4283 ,
2967 4230 3087 4271 cum
3115 4215 3269 4271 nobis
3294 4215 3423 4286 ipsis
3446 4216 3590 4285 quod

2010 4318 2142 4373 tales
2172 4318 2368 4371 fuimus
2391 4314 2754 4386 dieplicemus.
2782 4311 3127 4367 Ambulamus
3163 4325 3328 4380 vero,
3369 4325 3491 4366 cum
3534 4311 3592 4367 in

2007 4407 2093 4462 via
2123 4405 2492 4461 mandatorum
2528 4402 2620 4459 Dei
2651 4402 2775 4457 boni
2814 4401 2994 4469 operis
3037 4414 3278 4471 gressum
3319 4402 3591 4472 ponimus,

2007 4515 2129 4558 cum
2161 4499 2417 4553 virtutum
2448 4495 2640 4550 studiis
2659 4493 2936 4549 desuetum
2955 4493 3062 4561 jam
3085 4501 3140 4548 et
3163 4494 3314 4562 quasi
3343 4494 3589 4565 ignavqu

325 4590 581 4647 Ecclesiae
621 4603 744 4648 sunt
771 4594 1047 4662 collocati,
1088 4598 1178 4666 qui
1215 4596 1562 4667 designantur
1589 4611 1684 4667 per
1714 4614 1900 4666 unum,
1933 4609 1985 4669 ι)
2009 4592 2243 4649 animum
2257 4584 2962 4656 exercemus.Spiritualiter
2976 4599 3186 4654 quoque
3207 4598 3488 4654 possumus
3508 4585 3592 4641 in-

323 4697 431 4738 non
463 4682 700 4752 indigent
727 4684 927 4740 auxilio
952 4700 1137 4742 eorum
1169 4687 1259 4756 qui
1286 4697 1441 4744 extra
1470 4698 1596 4744 sunt
1625 4690 1779 4758 positi
1812 4705 1905 4759 per

320 4773 710 4830 inﬁdelitatem.
741 4774 822 4830 illi
861 4791 988 4832 vero
1017 4778 1107 4848 qui
1135 4779 1264 4835 foris
1289 4788 1450 4846 sunt,
1477 4780 1717 4852 indigent
1755 4781 1907 4849 adju-

322 4865 460 4920 torio
487 4867 804 4936 electorum,
837 4877 892 4924 ut
924 4883 1019 4938 per
1047 4885 1230 4927 eorum
1261 4873 1614 4928 ministerium
1639 4887 1702 4928 ac
1733 4875 1902 4930 inter-

321 4957 624 5014 cessionem
667 4970 971 5016 mereantur
1012 4974 1214 5019 sanctae
1261 4963 1517 5020 Ecclesia:
1553 4965 1901 5035 ineorporari,

323 5050 574 5119 quoniam
613 5049 770 5105 aliter
806 5051 1001 5106 salvari
1043 5069 1148 5108 non
1187 5064 1428 5123 possunt.
1470 5054 1658 5110 Adhuc
1690 5071 1903 5126 quoque

323 5141 389 5198 de
416 5143 522 5197 illis
548 5143 636 5213 qui
674 5142 864 5213 ingrati
909 5157 1308 5212 remanserant,
1339 5146 1588 5202 subditur
1621 5165 1634 5199 :
1671 5147 1791 5201 Non
1831 5158 1904 5202 est

321 5235 551 5289 inventus
584 5234 671 5304 qui
715 5237 937 5304 rediret,
977 5247 1022 5291 et
1057 5239 1200 5290 daret
1239 5239 1458 5306 gloriant
1493 5237 1633 5303 Deo,
1681 5239 1779 5293 nisi
1825 5239 1906 5292 hic

321 5327 624 5396 alienigena.
659 5325 830 5396 Supra
855 5327 1043 5382 decem
1071 5328 1352 5383 mundatos
1372 5328 1624 5394 asseruit,
1647 5345 1786 5384 nunc
1812 5343 1906 5382 au-

320 5428 428 5476 tem
461 5418 729 5474 neminem
761 5418 891 5474 dicit
929 5418 1201 5475 inventum
1227 5421 1313 5489 qui
1337 5421 1524 5475 rediret
1548 5431 1594 5475 et
1619 5423 1760 5475 daret
1787 5423 1903 5492 glo-

321 5509 454 5563 riam
483 5508 621 5575 Deo,
651 5510 754 5566 nisi
795 5511 942 5566 illum
973 5512 1342 5580 alienigenam.
1367 5511 1522 5566 Juxta
1554 5512 1786 5568 litteram
1820 5511 1902 5566 fa-

322 5601 426 5656 cile
461 5611 544 5657 est
574 5603 844 5659 hominem
881 5604 1049 5659 videri
1085 5618 1310 5671 corpore
1335 5611 1613 5669 sanatum,
1645 5613 1697 5659 et
1729 5614 1904 5659 tamen

323 5694 614 5763 persistere
652 5695 939 5764 ingratum.
979 5695 1338 5766 Spiritualiter
1376 5705 1552 5754 autem
1591 5696 1784 5751 mirum
1824 5704 1906 5751 est

323 5799 420 5839 cur
447 5785 576 5840 istos
605 5786 750 5840 dicat
780 5801 898 5842 esse
921 5795 1158 5854 sanatos,
1183 5787 1272 5856 qui
1299 5785 1471 5855 gratia
1499 5786 1594 5842 Dei
1621 5786 1688 5842 de
1716 5787 1905 5842 inﬁde-

326 5876 478 5935 litate
512 5877 581 5934 ad
616 5877 776 5936 ﬁdem
815 5887 1220 5946 convertuntur,
1266 5887 1322 5936 et
1367 5887 1542 5934 tamen
1584 5890 1906 5945 permanere

2008 4687 2251 4757 telligere
2273 4681 2522 4754 quoniam
2546 4683 2590 4736 si
2611 4679 2728 4734 illos
2748 4675 2833 4748 qui
2861 4679 3000 4733 intra
3030 4687 3267 4732 sanctam
3295 4677 3589 4734 Ecclesiam

2008 4780 2340 4843 consistunt,
2370 4774 2502 4830 fides
2535 4775 2772 4843 ipsorum
2809 4771 2985 4826 salvos
3011 4771 3169 4835 fecit,
3208 4772 3392 4840 procul
3428 4771 3591 4826 dubio

2007 4888 2100 4928 eos
2123 4871 2209 4941 qui
2236 4878 2385 4924 extra
2414 4876 2633 4922 manent
2658 4863 2946 4920 inﬁdelitas
2971 4878 3157 4920 eorum
3185 4863 3422 4918 damnat.
3454 4861 3588 4918 illud

2006 4965 2167 5020 etiam
2201 4963 2254 5017 in
2289 4963 2391 5016 isto
2419 4961 2506 5031 qui
2535 4958 2722 5028 jacens
2760 4967 2884 5011 ante
2925 4956 3086 5025 pedes
3126 4955 3332 5010 Domini
3369 4969 3590 5024 surgere

2005 5054 2240 5124 jubetur,
2270 5052 2524 5117 innuitur,
2557 5051 2680 5119 quia
2715 5049 2804 5118 qui
2837 5048 2992 5102 ﬁdem
3026 5056 3224 5102 rectam
3259 5061 3379 5101 cum
3410 5045 3588 5102 humi-

2010 5148 2179 5203 litatis
2205 5146 2577 5202 observatione
2609 5151 2811 5207 tenent,
2839 5154 2902 5195 ac
2927 5139 3167 5194 Creatori
3195 5153 3295 5192 suo
3321 5152 3381 5194 se
3408 5137 3586 5194 humi-

2011 5239 2132 5294 liter
2170 5236 2438 5301 subdunt,
2471 5243 2696 5302 querum
2739 5231 2959 5300 ﬁguram
3005 5231 3106 5284 iste
3144 5230 3455 5298 praetendit,
3497 5233 3591 5300 qui

2010 5327 2291 5385 mundatus
2319 5326 2384 5379 ad
2415 5325 2610 5393 gratias
2653 5323 2760 5377 Deo
2789 5319 3024 5392 agendas
3061 5320 3247 5385 rediit,
3292 5336 3386 5390 per
3422 5320 3588 5376 divini

2011 5420 2156 5477 verbi
2179 5417 2597 5475 consolationem
2621 5431 2650 5468 a
2675 5413 2906 5484 peccatis
2929 5427 3229 5482 resurgere,
3253 5422 3305 5468 et
3334 5412 3399 5466 ad
3424 5426 3589 5480 opera

2006 5511 2262 5568 virtutum
2300 5509 2606 5564 exercendo
2638 5506 2889 5577 jubentur
2929 5503 3207 5572 accedere,
3245 5502 3438 5572 donec,
3480 5517 3590 5558 cre-

2008 5606 2281 5662 scentibus
2319 5603 2557 5673 quotidie
2606 5603 2858 5655 virtutum
2909 5595 3283 5662 incrementis,
3327 5593 3394 5649 ad
3443 5593 3588 5649 illam

2008 5697 2392 5770 perfecﬁonem
2433 5694 2802 5756 sublimentur,
2841 5693 2894 5748 in
2931 5706 3032 5760 qua
3073 5690 3239 5746 Deum
3279 5688 3500 5744 deorum
3530 5685 3584 5744 in

2007 5790 2138 5850 Sion
2168 5795 2426 5863 perpetuo
2445 5783 2790 5856 contemplari
2821 5790 3148 5841 mereantur.
3172 5779 3254 5838 Tu
3280 5786 3477 5836 autem.
