4096 6346
518 363 547 418 Α,

485 360 625 427 1405
1343 360 1542 409 PAULI
1582 360 1652 406 υι.

888 462 1169 523 ﬂOMlLIA
1209 462 1467 517 CLXXVI
1508 461 1652 532 (bis).

729 598 780 638 IN
822 595 1075 639 DOMINICL
1114 594 1201 634 XVI
1242 592 1377 655 P057.
1412 591 1808 633 IENTECOSTEN.

551 719 617 774 in
660 718 749 774 illo
788 726 1019 788 tempore
1055 698 1189 771 dixit
1221 714 1377 770 Iesus
1414 714 1684 785 discipulis
1718 713 1823 768 suis
1851 726 1869 765 :
1903 710 2093 767 Nemo.

479 819 643 883 potest
676 809 875 865 duobus
916 810 1139 864 dominis
1177 807 1387 863 servire.
1426 806 1535 861 Aut
1565 806 1705 860 enim
1749 819 1913 859 unum
1954 803 2077 857 odio

477 898 703 967 habebit,
727 909 778 955 et
803 901 1023 954 alternus
1044 900 1226 969 diliget
1254 914 1272 953 :
1301 904 1391 951 aut
1416 913 1574 952 unum
1600 896 1890 961 sustinebit,
1920 902 1967 949 et
1995 893 2075 948 al-

478 999 647 1047 terum
671 1000 974 1058 contemnet,
1008 998 1113 1048 etc.
1146 989 1361 1061 (Matth.
1386 992 1486 1059 Vl).

557 1106 685 1163 Haec
716 1107 877 1162 verba
906 1105 1195 1177 diligenter
1219 1103 1610 1161 consideranda
1638 1111 1781 1159 sunt.
1815 1102 1946 1158 Nam
1983 1102 2075 1174 qui

480 1200 591 1255 sint
618 1200 725 1255 duo
752 1199 984 1263 domini,
1015 1199 1268 1269 deinceps
1312 1197 1545 1254 ostendit
1582 1210 1703 1253 cum
1742 1195 1871 1252 dicit
1902 1212 1919 1252 :
1951 1195 2076 1251 Non

479 1295 689 1364 potestis
720 1293 827 1347 Deo
855 1293 1044 1347 servire
1062 1303 1110 1348 et
1136 1305 1469 1347 mammonae.
1499 1289 1767 1345 Hammon
1795 1288 1933 1358 apud
1967 1287 2076 1345 He-

479 1387 655 1443 brtcos
682 1387 884 1443 divitia:
926 1386 1185 1457 appellari
1222 1386 1508 1449 dicuntur,
1544 1383 1787 1454 congruit
1828 1391 1883 1438 et
1912 1381 2076 1437 Puni-

477 1495 599 1537 cum
639 1493 868 1546 nomen,
902 1492 1026 1534 nam
1058 1480 1264 1535 lucrum
1312 1477 1513 1533 Punice
1552 1490 1821 1531 mammon
1861 1475 2074 1532 dicitur.

480 1572 587 1630 Sed
610 1572 701 1643 qui
728 1573 897 1629 servit
924 1577 1271 1640 mammonae,
1297 1570 1375 1627 illi
1402 1570 1587 1642 utique
1611 1570 1779 1625 servit
1803 1568 1890 1639 qui
1916 1568 2076 1624 rebus

478 1664 596 1720 istis
642 1664 875 1721 terrenis
917 1664 1109 1721 merito
1159 1679 1270 1720 sua:
1320 1664 1689 1734 perversitatis
1737 1663 2075 1733 prapositus,

378 1802 389 1815 .
481 1760 831 1828 magistratus
871 1759 1032 1829 hujus
1054 1760 1238 1814 seaculi
1273 1774 1301 1812 a
1330 1758 1556 1814 Domino
1582 1758 1796 1813 dicitur.
1825 1760 1928 1811 [tut
1948 1770 2078 1827 ergo

1342 350 1542 409 PAULI
1582 348 1850 407 DlACONl
1891 349 2042 405 OPP.
2077 346 2254 404 PARS
2294 346 2353 404 Il.
2395 377 2465 389 —-
2508 346 2865 405 ASCETICA.

2096 460 2150 524 Α
2176 460 2262 531 qui
2290 474 2481 529 corpus
2506 461 2689 525 dedit,
2722 460 2889 514 multo
2930 458 3138 514 facilius
3168 458 3415 515 daturum
3446 472 3568 517 esse
3608 464 3771 521 vesti-

3630 346 3767 403 1404

2175 560 2436 605 mentum.
2470 550 2586 619 Quo
2617 553 2735 607 loco
2757 551 2924 623 quaeri
2960 549 3097 606 solet
3125 558 3303 606 utrum
3334 550 3407 605 ad
3432 552 3669 609 animam
3697 556 3775 611 ci-

2174 645 2273 701 bus
2309 646 2410 700 iste
2448 645 2740 712 pertineat,
2782 658 2903 700 cum
2945 643 3125 700 anima
3170 644 3489 715 incorporea
3530 647 3631 714 sit,
3672 649 3773 706 ista

2176 748 2352 795 autem
2387 739 2537 795 cibus
2594 750 2905 810 corporeus.
2953 737 3063 795 Sed
3099 739 3339 795 animam
3377 738 3479 796 hoc
3518 741 3639 797 loco
3678 756 3776 813 pro

2176 830 2274 886 ista
2309 830 2417 886 vita
2467 831 2692 902 positam
2731 831 3045 888 noverimus
3069 872 3085 899 ,
3127 831 3282 902 cujus
3310 831 3664 889 retinaculum
3692 844 3777 892 est

2175 923 2489 980 alimentum
2522 925 2662 981 istud
2689 939 3025 997 corporeum.
3059 925 3370 983 Secundum
3400 926 3539 984 hanc
3568 928 3779 1000 signifi-

2176 1017 2440 1071 cationem
2470 1015 2669 1072 dictum
2702 1024 2784 1073 est
2808 1018 2971 1073 etiam
3014 1016 3147 1074 illud
3176 1033 3199 1073 τ
3225 1014 3329 1084 Qui
3362 1024 3502 1075 amat
3536 1021 3774 1075 animant

2177 1125 2344 1179 suam,
2359 1109 2532 1180 perdet
2555 1108 2700 1165 illam
2713 1108 2897 1182 (Joan.
2923 1109 3046 1181 χιι).
3066 1108 3221 1179 Quod
3239 1112 3338 1169 nisi
3360 1111 3426 1169 de
3441 1112 3539 1168 hac
3557 1113 3668 1168 vita
3691 1126 3781 1168 ac-

2178 1202 2502 1271 ceperimus,
2523 1217 2682 1271 quam
2706 1209 2916 1272 oportet
2938 1216 3034 1272 pro
3055 1216 3223 1273 regno
3243 1198 3337 1259 Dei
3364 1202 3611 1274 perdere,
3635 1202 3783 1273 quod

2179 1297 2420 1369 potuisse
2444 1305 2704 1369 martyres
2727 1298 2938 1363 claruit,
2964 1298 3292 1354 contrarium
3319 1296 3419 1353 hoc
3448 1300 3783 1369 praeceptum

2180 1392 2280 1450 crit
2305 1392 2379 1447 illi
2404 1391 2703 1458 sententim,
2720 1407 2823 1463 qua
2846 1391 3044 1448 dictum
3064 1400 3148 1449 est
3164 1411 3177 1446 :
3195 1388 3332 1456 Quid
3346 1392 3553 1462 prodest
3581 1390 3787 1448 hornini

2178 1485 2223 1540 si
2245 1494 2402 1538 totum
2431 1484 2675 1536 mundum
2697 1484 2941 1547 lucretur,
2973 1484 3158 1538 anima:
3182 1492 3349 1537 autem
3369 1498 3479 1537 sum
3501 1483 3784 1539 detrimen-

2184 1584 2289 1629 tum
2305 1574 2463 1643 faciat
2484 1571 2678 1644 (Marc.
2706 1572 2850 1634 XVI)?
2879 1571 3132 1642 Respicite
3150 1572 3365 1644 (inquit)
3388 1572 3619 1627 volatilia
3640 1573 3785 1649 curti,

2182 1666 2421 1736 quoniam
2452 1681 2553 1719 non
2586 1674 2790 1731 serunt,
2826 1680 2988 1734 neque
3012 1672 3237 1731 metunt,
3266 1679 3430 1736 neque
3468 1672 3787 1738 congregant

2182 1761 2234 1814 in
2261 1758 2445 1813 horrea
2476 1774 2588 1826 sua,
2612 1770 2657 1812 et
2689 1755 2846 1810 Pater
2871 1767 3033 1811 vester
3057 1757 3270 1812 caelestis
3294 1758 3457 1828 pascit
3478 1774 3559 1813 ea.
3591 1756 3787 1814 Nonne

481 1849 626 1907 hunc
662 1849 786 1905 odio
818 1848 1037 1906 habebit
1075 1849 1265 1915 homo,
1298 1858 1353 1904 et
1387 1849 1611 1905 alterum
1644 1848 1858 1919 diliget,
1893 1849 2073 1917 idest,
2109 1838 2156 1899 Β
2183 1868 2268 1907 vos
2298 1851 2461 1923 pluris
2491 1852 2610 1905 estis
2640 1851 2781 1906 illis?
2816 1850 2867 1905 id
2912 1858 3022 1917 est,
3056 1850 3229 1906 carius
3266 1865 3363 1905 vos
3400 1850 3627 1919 valetis,
3656 1852 3786 1923 quia

482 1942 688 2009 Deum;
723 1950 815 1997 aut
855 1941 1086 1996 alterum
1119 1941 1373 2011 patietur,
1405 1950 1457 1995 et
1487 1940 1714 1995 alterum
1743 1947 2073 1996 contemnet.

481 2034 723 2090 Patietur
747 2036 889 2090 enim
928 2034 1118 2090 durum
1153 2042 1207 2089 et
1237 2033 1593 2103 perniciosum
1625 2033 1898 2087 dominum
1932 2033 2078 2103 quis-

479 2124 602 2194 quis
629 2125 797 2179 servit
822 2136 1140 2179 mammona:
1173 2142 1186 2177 :
1220 2138 1317 2179 sua
1345 2124 1489 2179 enim
1519 2123 1811 2195 cupiditate
1835 2124 2080 2193 implica-

478 2225 652 2285 catur,
678 2216 924 2272 subditur
943 2216 1176 2283 diabolo,
1201 2224 1255 2271 et
1277 2230 1399 2271 eum
1430 2231 1535 2271 non
1560 2216 1751 2285 diligit.
1781 2215 1912 2283 Quis
1933 2215 2075 2270 enim

480 2322 565 2370 est
605 2315 693 2384 qui
736 2313 910 2385 diligit
939 2312 1254 2368 diabolum?
1283 2314 1389 2369 Sed
1435 2322 1611 2367 tamen
1653 2312 1906 2381 patietur,
1939 2311 2079 2367 sicut

481 2405 536 2460 in
556 2404 731 2474 aliqua
754 2406 915 2460 domo
939 2404 1165 2475 majore,
1197 2405 1284 2475 qui
1312 2405 1518 2459 ancilla:
1545 2404 1732 2459 alienae
1758 2404 2077 2473 conjunctus

483 2508 603 2565 est,
638 2506 856 2567 prapter
884 2498 1225 2568 cupiditatem
1255 2511 1407 2553 suam
1438 2498 1625 2552 duram
1671 2499 1867 2568 patitur
1905 2499 2076 2552 servi-

485 2598 683 2653 tutem,
714 2589 927 2644 etiamsi
965 2598 1071 2644 non
1104 2591 1290 2662 diligat
1328 2607 1449 2645 eum
1490 2590 1644 2662 cujus
1684 2590 1926 2645 ancillam
1954 2591 2076 2647 dili-

481 2681 578 2751 git.
610 2681 843 2736 Alterum
872 2692 1048 2736 autem
1077 2692 1359 2737 contemnet
1387 2684 1539 2749 dixit,
1567 2700 1671 2738 non
1704 2684 1821 2738 odio
1852 2685 2075 2742 habebit.

483 2772 690 2828 Nullius
725 2774 868 2829 enim
916 2788 1042 2829 vere
1080 2775 1407 2831 cunscicntia
1454 2774 1622 2831 Deum
1664 2786 1835 2846 potest
1874 2777 2079 2845 odisse,

482 2867 775 2922 contemnit
824 2876 1033 2929 autem,
1080 2867 1130 2922 id
1180 2876 1261 2923 est
1306 2884 1408 2923 non
1444 2870 1629 2937 timet,
1665 2884 1785 2924 cum
1828 2869 1976 2938 quasi
2011 2868 2080 2925 de

483 2959 601 3028 ejus
632 2958 867 3015 bonitate
896 2972 1116 3015 securus
1143 2969 1245 3015 esu
1280 2961 1362 3015 Ab
1404 2960 1501 3015 bac
1533 2960 1851 3031 negligentia
1879 2969 1933 3017 et
1958 2974 2081 3030 per-

484 3048 683 3104 niciosa
714 3047 1003 3104 securitate
1044 3058 1258 3105 revocat
1297 3048 1528 3119 Spiritus
1554 3060 1800 3117 sanctus,
1833 3067 1953 3106 cum
1986 3066 2080 3121 per

483 3141 798 3211 prophetam
830 3140 963 3196 dicit
1001 3158 1013 3195 :
1062 3139 1203 3208 Fili,
1237 3158 1302 3196 ne
1348 3144 1569 3212 adjicias
1619 3154 1886 3215 peceatum
1927 3159 2080 3211 super

482 3239 764 3300 peccatum,
802 3239 849 3285 et
879 3247 941 3286 ne
967 3232 1110 3285 dicas
1136 3246 1153 3285 :
1188 3230 1452 3287 Miseratio
1485 3233 1577 3287 Dei
1616 3248 1810 3305 magna
1838 3245 1911 3288 est
1942 3230 2077 3305 (Ec-
2103 3218 2153 3281 C

483 3322 572 3377 cli.
605 3322 673 3388 v)
698 3365 710 3389 ,
743 3323 995 3393 ignorans
1024 3323 1146 3393 quia
1185 3326 1438 3390 patientia
1473 3325 1567 3381 Dei
1598 3328 1665 3380 ad
1710 3328 2077 3395 paenitentiam

485 3422 538 3467 te
566 3412 801 3466 adducit.
834 3413 996 3482 Cujus
1036 3414 1181 3468 enim
1226 3424 1370 3469 tanta
1415 3418 1782 3472 misericordia
1812 3419 1957 3473 credi
1988 3434 2080 3488 po-

488 3510 628 3569 test,
662 3518 823 3572 quam
857 3503 973 3574 ejus
1017 3506 1105 3575 qui
1135 3507 1311 3560 onmia
1344 3507 1507 3562 donat
1534 3518 1750 3579 peccata
1783 3512 2079 3579 conversis,

488 3598 544 3650 et
574 3596 863 3651 oleaStrum
908 3596 1035 3651 facit
1069 3599 1380 3667 participem
1423 3601 1798 3671 pinguedinis?
1832 3602 1894 3656 Et
1931 3602 2081 3672 cujus

487 3695 634 3743 tanta
667 3689 947 3754 severitas,
977 3705 1133 3759 quam
1159 3692 1275 3761 ejus
1306 3693 1392 3761 qui
1423 3694 1759 3748 naturalibus
1788 3696 1946 3749 ramis
1975 3710 2080 3749 non

486 3781 758 3851 pepercit,
788 3781 882 3836 sed
925 3792 1142 3851 prepter
1183 3782 1551 3840 infidelitatem
1592 3785 1751 3857 fregit
1787 3787 1946 3841 illos?
1976 3788 2081 3842 Sed

489 3874 533 3928 si
568 3873 686 3943 quis
707 3868 823 3927 vult
854 3871 1080 3944 diligere
1107 3875 1267 3929 Deum
1292 3884 1349 3931 et
1374 3892 1566 3933 cavere
1594 3893 1661 3931 ne
1693 3877 1949 3945 offendat,
1977 3892 2081 3933 non

487 3978 547 4021 se
573 3966 860 4021 arbitretur
886 3966 1095 4021 duabus
1126 3969 1357 4025 dominis
1388 3970 1613 4035 servire,
1648 3979 1702 4025 et
1730 3970 2081 4025 intentionem

485 4058 665 4115 cordis
704 4058 789 4115 sui
834 4060 1036 4116 rectam
1082 4061 1148 4116 ab
1186 4064 1333 4117 omni
1374 4065 1689 4133 duplicitatc
1720 4064 1971 4133 explicet.
2009 4065 2081 4119 lla

486 4154 630 4211 enim
663 4154 857 4211 sentiet
902 4150 970 4212 de
998 4154 1227 4212 Domino
1258 4158 1309 4211 in
1350 4157 1586 4212 bonitate
1607 4198 1622 4223 ,
1655 4166 1709 4214 et
1749 4159 1799 4212 in
1829 4156 2085 4227 simplici-

485 4254 597 4302 tate
638 4246 815 4301 Cordis
853 4248 1056 4318 quaeret
1092 4248 1261 4303 illum.
1312 4248 1441 4304 Ideo
1487 4250 1720 4321 (inquit)
1761 4250 1876 4305 dico
1905 4250 2078 4317 vobis,

488 4342 596 4392 non
616 4336 813 4394 habete
832 4338 1251 4395 sollicitudinem
1272 4341 1322 4394 in
1346 4341 1521 4396 anima
1543 4348 1720 4397 vestra
1738 4341 1864 4411 quid
1888 4342 2078 4409 edatis,

483 4434 661 4501 neque
689 4431 900 4501 corpori
942 4434 1067 4502 quid
1103 4430 1367 4503 induatis,
1412 4451 1477 4491 ne
1518 4436 1673 4493 forte'
1696 4437 1940 4508 quamvis
1965 4437 2079 4509 jam

484 4516 757 4589 superﬂua
810 4520 913 4576 non
957 4538 1287 4593 qumrantur,
1343 4537 1558 4598 propter
1610 4529 1722 4599 ipsa
1775 4532 2076 4587 necessaria

485 4622 582 4666 cor
608 4611 928 4681 duplicetur,
962 4623 1015 4668 et
1052 4614 1118 4670 ad
1150 4617 1249 4671 ista
1277 4619 1641 4690 conquirenda
1685 4633 1866 4678 nostra
1897 4618 2079 4680 detor-

485 4700 713 4771 queatur
753 4703 1015 4771 intentio,
1063 4720 1183 4761 cum
1220 4710 1370 4778 quasi
1410 4712 1828 4768 misericorditer
1879 4715 2080 4786 aliquid

490 4807 802 4863 operemur,
834 4792 885 4850 id
913 4804 1015 4862 est,
1051 4803 1109 4852 ut
1138 4812 1257 4854 cum
1289 4803 1573 4859 consulere
1603 4806 1760 4860 alicui
1788 4805 1957 4862 videri
1990 4823 2080 4862 vo-

489 4886 691 4951 lumus,
722 4897 961 4942 nostrum
994 4891 1411 4951 emolumentum
1440 4895 1512 4950 ibi
1545 4898 1717 4966 potius
1748 4914 1907 4967 quam
1936 4898 2081 4955 illius

490 4977 774 5034 utilitatem
816 4981 1186 5051 attendamus,
1224 4994 1279 5041 et
1309 4987 1430 5043 ideo
1474 4989 1627 5043 nobis
1658 5004 1763 5043 non
1804 4989 2082 5047 videamur

485 5084 733 5141 peccare,
764 5074 885 5141 quia
916 5089 1020 5130 non
1051 5079 1340 5146 superflua,
1368 5080 1462 5134 sed
1489 5082 1789 5137 necessaria
1817 5091 1941 5137 sunt
1960 5098 2075 5155 qum

488 5166 745 5234 consequi
778 5166 1043 5224 volumus.
1081 5158 1340 5226 Dominus
1368 5180 1545 5227 autem
1574 5174 1845 5241 admonet,
1880 5185 1939 5232 ut
1969 5192 2053 5231 me

486 5256 801 5312 minerimus
828 5260 996 5315 multo
1028 5264 1256 5332 amplius
1285 5264 1437 5320 nobis
1470 5264 1640 5321 Deum
1671 5266 1906 5336 dedisse,
1934 5270 2077 5340 quod

485 5364 587 5407 nos
616 5349 744 5408 fecit
769 5361 821 5408 et
850 5357 1153 5426 composuit
1174 5374 1238 5414 ex
1262 5360 1437 5414 anima
1464 5368 1516 5415 et
1544 5375 1789 5431 corpore,
1816 5378 1974 5434 quam
1996 5374 2078 5420 est

486 5443 802 5501 alimentum
834 5456 995 5517 atque
1020 5458 1418 5519 tegumentum,
1452 5468 1679 5523 quorum
1710 5470 1891 5512 curam
1924 5458 2078 5515 nobis

487 5533 763 5602 duplicare
801 5551 897 5594 cor
937 5554 1043 5594 non
1079 5541 1213 5596 vult.
1260 5539 1453 5597 Nonne
1489 5543 1663 5598 anima
1694 5546 1930 5617 (inquit)
1958 5549 2078 5619 plus

488 5632 561 5679 est
592 5643 748 5695 quam
775 5631 928 5685 esca?
956 5628 1027 5687 Ut
1056 5631 1321 5702 intelligas
1349 5648 1469 5688 eum
1508 5634 1596 5703 qui
1634 5636 1780 5692 dedit
1821 5639 2076 5707 animam,

489 5713 661 5770 multo
692 5715 896 5776 facilius
926 5735 1105 5778 escam
1134 5736 1259 5779 esse
1302 5722 1546 5779 daturum
1568 5768 1583 5795 ,
1622 5737 1670 5783 et
1700 5744 1891 5799 corpus
1918 5747 2078 5801 quam

489 5807 894 5879 vestimentum,
919 5813 971 5871 id
1003 5823 1105 5885 est,
1133 5816 1271 5887 plus,
1307 5825 1365 5872 ut
1393 5818 1638 5889 similiter
1669 5822 1935 5896 intelligas
1956 5841 2078 5884 cum

2106 4579 2162 4641 Ι)

2184 1945 2366 2015 utique
2406 1943 2669 1998 rationale
2697 1941 2927 2007 animal,
2965 1942 3121 1998 sicuti
3152 1949 3236 1998 est
3274 1943 3466 2009 homo,
3496 1941 3790 2000 sublimius

2182 2038 2490 2094 ordinatum
2525 2037 2682 2092 estin
2719 2051 2897 2092 rerum
2932 2045 3141 2103 natura,
3175 2044 3335 2106 quam
3368 2034 3786 2106 irrationabilia,

2182 2129 2339 2187 sicuti
2368 2141 2490 2184 sunt
2521 2124 2667 2185 aies.
2721 2129 2848 2198 Quis
2877 2140 3043 2183 autem
3071 2139 3326 2197 vestrum,
3356 2124 3559 2201 inquit,
3595 2147 3788 2187 curans

2183 2234 2343 2292 potest
2367 2223 2592 2293 adjicere
2613 2222 2680 2275 ad
2705 2231 2957 2276 staturam
2981 2239 3125 2276 suam
3146 2223 3371 2277 cubitum
3399 2239 3558 2276 unum
3576 2224 3604 2277 Ρ
3626 2223 3695 2278 Et
3727 2224 3790 2278 de

2180 2316 2476 2371 uestimento
2508 2314 2631 2386 quid
2660 2314 2872 2368 solliciti
2900 2315 3060 2368 estis?
3097 2313 3148 2368 id
3177 2324 3290 2380 est,
3322 2313 3476 2384 cujus
3515 2322 3790 2385 potestate

2182 2420 2342 2479 atque
2388 2409 2662 2465 dominatu
2714 2406 2912 2461 factum
2964 2415 3078 2475 est,
3129 2418 3183 2461 ut
3226 2407 3292 2461 ad
3332 2404 3474 2462 hanc
3515 2414 3790 2463 staturam

2183 2518 2382 2572 corpus
2411 2512 2648 2558 vestrum
2678 2500 3077 2570 perduceretur,
3110 2502 3228 2570 ejus
3258 2501 3596 2572 providentia
3622 2501 3790 2559 etiam

2181 2596 2367 2652 vestiri
2413 2605 2609 2667 potest.
2647 2593 2763 2649 Non
2803 2601 2979 2649 autem
3018 2602 3194 2668 vestra
3242 2607 3367 2648 cura
3408 2592 3610 2647 factum
3641 2608 3788 2661 esse,

2184 2699 2244 2745 ut
2272 2689 2337 2744 ad
2370 2692 2507 2744 hanc
2538 2696 2800 2744 staturam
2832 2686 3038 2742 veniret
3063 2701 3259 2754 corpus
3287 2693 3557 2755 vestrum,
3590 2700 3657 2739 ex
3688 2685 3792 2740 hoc

2184 2783 2407 2854 intelligi
2452 2791 2656 2851 potest,
2703 2779 2843 2851 quod
2888 2781 2933 2833 si
2980 2780 3179 2834 curetis
3226 2790 3279 2835 ct
3326 2777 3563 2848 adjicere
3610 2779 3792 2834 velitis

2184 2889 2347 2929 unum
2402 2872 2637 2928 cubitum
2687 2870 2810 2926 huic
2848 2878 3067 2925 statura:
3105 2885 3211 2923 non
3252 2871 3499 2940 potestis.
3544 2868 3630 2923 llli
3659 2884 3793 2940 ergo

2184 2969 2347 3025 etiam
2381 2966 2595 3037 tegendi
2626 2965 2869 3032 corporis
2896 2979 3084 3018 curam
3113 2958 3419 3031 relinquite,
3448 2962 3605 3032 cujus
3639 2964 3792 3019 vide-

2184 3061 2250 3115 tis
2278 3074 2404 3113 cura
2433 3058 2626 3113 factum
2660 3072 2780 3113 esse
2799 3098 2811 3121 ,
2839 3064 2894 3112 ut
2929 3066 3089 3110 tantm
3118 3063 3337 3110 statura:
3362 3069 3557 3124 corpus
3589 3055 3793 3111 habea-

2185 3152 2273 3207 tis.
2312 3150 2554 3205 Dandum
2592 3150 2753 3206 ctiam
2798 3157 2912 3203 erat
2950 3147 3332 3204 documentum
3364 3144 3587 3219 propter
3625 3144 3794 3205 vesti-

2185 3254 2455 3310 mentum,
2491 3244 2629 3299 sicut
2665 3243 2845 3297 datum
2882 3253 2964 3297 est
2995 3250 3212 3312 propter
3237 3241 3573 3298 alimentum.
3609 3242 3795 3314 Itaque

2185 3338 2427 3408 sequitur
2456 3347 2509 3392 et
2535 3336 2665 3391 dicit
2699 3352 2713 3391 :
2747 3333 3083 3389 Considerate
3113 3334 3224 3389 lilta
3255 3335 3368 3405 agri
3392 3334 3653 3404 quontodo
3682 3349 3793 3391 crs-

2184 3436 2332 3482 scunt
2366 3442 2384 3481 :
2414 3444 2513 3481 non
2558 3424 2793 3481 laborant
2814 3469 2829 3495 ,
2878 3442 3039 3495 neque
3068 3434 3207 3479 nent.
3260 3420 3388 3479 Dico
3416 3435 3591 3479 autem
3629 3427 3791 3495 vobis,

2185 3522 2427 3591 quoniam
2468 3536 2558 3573 nec
2590 3518 2840 3575 Salomon
2874 3519 2927 3573 in
2968 3519 3107 3573 omni
3144 3518 3311 3589 gloria
3348 3535 3443 3573 sua
3479 3519 3555 3573 sic
3582 3522 3795 3575 restitas

2186 3624 2259 3669 est
2313 3616 2443 3669 sicut
2485 3628 2641 3665 unum
2684 3628 2745 3664 ex
2782 3612 2914 3667 istis.
2954 3610 3016 3665 Si
3053 3620 3219 3665 autem
3258 3611 3432 3679 fenum
3474 3612 3615 3683 agri,
3658 3610 3794 3681 quod

2188 3705 2341 3759 hodie
2371 3713 2445 3759 est
2465 3748 2479 3770 ,
2509 3712 2555 3757 et
2584 3721 2697 3757 cras
2724 3704 2774 3756 in
2802 3703 3055 3757 clibanum
3086 3703 3320 3771 mittitur,
3354 3701 3495 3757 Deus
3524 3702 3601 3756 sic
3625 3704 3795 3773 vestit,

2184 3806 2375 3865 quanto
2423 3796 2584 3867 magis
2630 3812 2713 3849 vos
2753 3796 2966 3849 modiete
3006 3792 3167 3864 fidei?
3204 3793 3308 3850 Sed
3339 3794 3427 3849 illa
3465 3793 3793 3852 documenta

2186 3903 2292 3942 non
2342 3888 2418 3942 sic
2470 3888 2757 3957 allegorice
2804 3887 3141 3967 discqticnda
3187 3895 3346 3954 sunt,
3390 3896 3447 3941 ut
3485 3902 3798 3958 qumramus

2186 3982 2311 4051 quid
2360 3980 2663 4050 significent
2704 3995 2829 4035 aves
2871 3980 2993 4037 coeli
3033 3990 3122 4034 aut
3152 3978 3255 4035 lilia
3287 3981 3423 4053 agri.
3453 3978 3640 4037 Posita
3672 3989 3796 4037 sunt

2185 4071 2329 4125 enim
2350 4111 2364 4136 ,
2391 4079 2449 4125 ut
2478 4070 2545 4125 de
2574 4071 2735 4127 rebus
2760 4072 3054 4126 minoribus
3079 4068 3283 4140 majora
3315 4071 3796 4142 persuaderentur,

2184 4162 2324 4217 sicut
2370 4168 2453 4216 est
2484 4160 2612 4214 illud
2644 4160 2710 4215 de
2733 4159 2911 4230 judice
2952 4159 3042 4230 qui
3075 4173 3175 4215 nec
3202 4156 3375 4216 Deum
3410 4160 3664 4232 timebat,
3698 4176 3796 4219 nec

2188 4254 2461 4309 hominem
2508 4254 2871 4319 reverebatur,
2916 4262 2968 4309 et
3008 4260 3184 4309 tamen
3224 4268 3369 4325 saepe
3410 4254 3796 4328 interpellante

2184 4345 2340 4400 vidua
2372 4346 2598 4401 accessit
2626 4344 2681 4401 ut
2711 4344 2825 4416 ejus
2854 4358 3071 4401 causam
3102 4346 3501 4418 consideraret,
3528 4364 3639 4407 non
3672 4366 3796 4421 pro-

2188 4444 2303 4507 pter
2334 4437 2583 4507 pietatcm
2625 4446 2717 4492 aut
2755 4432 3141 4495 humanitatem
3163 4480 3178 4507 ,
3211 4438 3305 4496 sed
3338 4455 3406 4495 ne
3438 4440 3663 4497 taedium
3699 4458 3793 4512 pa-

2187 4528 2389 4584 teretur
2426 4526 2592 4600 (Luc.
2631 4530 2818 4601 xvttt).
2852 4528 2969 4585 Non
3012 4529 3154 4586 enim
3184 4530 3293 4587 ullo
3320 4531 3482 4587 modo
3513 4530 3609 4589 ille
3651 4532 3796 4604 inju-

2188 4633 2305 4679 stus
2350 4623 2515 4695 judex
2564 4638 2845 4695 personam
2902 4624 2995 4679 Dei
3046 4624 3333 4694 allegorice
3378 4624 3647 4694 sustinet,
3700 4626 3797 4682 sed

2186 4724 2394 4771 tantum
2417 4725 2673 4787 quantum
2707 4717 2846 4771 Deus
2864 4756 2879 4785 ,
2905 4716 2995 4785 qui
3020 4715 3193 4771 bonus
3216 4712 3272 4771 et
3291 4712 3471 4786 justus
3492 4725 3612 4783 est,
3642 4727 3803 4774 curet

2188 4806 2545 4877 deprecantes
2576 4820 2634 4861 se
2656 4850 2668 4874 ,
2714 4807 2837 4861 hinc
2866 4805 3063 4876 conjici
3108 4805 3249 4863 Deus
3278 4808 3482 4877 voluit,
3514 4807 3663 4878 quod
3697 4804 3803 4864 nec'

2184 4899 2416 4969 injustus
2450 4897 2612 4954 homo
2650 4913 2743 4954 eos
2788 4900 2877 4968 qui
2919 4898 3068 4953 illum
3108 4897 3340 4954 assiduis
3380 4898 3635 4968 precibus
3667 4910 3796 4955 tun-

2186 4991 2338 5056 dunt,
2370 4992 2452 5046 vel
2485 5002 2703 5063 pr0pter
2730 4989 2945 5046 tmdium
2972 4990 3315 5046 devitandum
3342 5000 3519 5061 potest
3548 5001 3798 5047 contem-

2186 5098 2338 5139 nere.
2368 5081 2544 5159 Nolite
2573 5100 2717 5153 ergo,
2744 5083 2938 5153 inquit,
2967 5083 3178 5137 solliciti
3204 5101 3331 5153 esse,
3360 5083 3584 5139 dicentes
3608 5102 3628 5140 :
3655 5085 3797 5153 Quid

2184 5175 2431 5241 edemus,
2475 5184 2563 5232 aut
2602 5176 2728 5246 quid
2772 5175 3028 5245 bibemus,
3068 5185 3156 5231 aut
3194 5195 3294 5247 quo
3322 5174 3632 5234 vestientur?
3662 5178 3799 5235 lla’c

2183 5270 2318 5323 enim
2351 5269 2522 5323 omnia
2560 5276 2731 5339 gentes
2768 5270 3053 5338 inquirunt.
3098 5264 3209 5325 Scit
3247 5262 3383 5323 enim
3426 5267 3589 5325 Pater
3627 5282 3799 5326 uester

2182 5360 2305 5431 quia
2328 5356 2514 5412 horum
2537 5359 2768 5413 omnium
2790 5360 3048 5430 indigetis.
3078 5354 3301 5424 Quterite
3323 5358 3549 5431 primum
3569 5376 3797 5433 regnum

2185 5453 2284 5507 Dei
2317 5461 2363 5505 et
2384 5453 2646 5524 justitiam
2675 5454 2816 5524 ejus,
2851 5463 2898 5507 et
2937 5451 3045 5508 btet:
3077 5446 3251 5509 omnia
3273 5465 3600 5525 apponentur
3623 5456 3794 5511 vobis.

2185 5545 2285 5602 llic
2315 5546 2750 5602 manifestissime
2771 5544 3026 5615 ostendit,
3060 5562 3165 5603 non
3192 5548 3306 5603 haec
3329 5560 3449 5604 esse
3480 5548 3794 5618 appetenda

2186 5645 2439 5706 tanquam
2473 5635 2596 5690 talia
2638 5646 2821 5692 nostra
2861 5638 3034 5707 bona,
3079 5646 3139 5693 ut
3180 5647 3395 5708 propter
3434 5637 3548 5708 ipsa
3587 5636 3795 5694 debea-

2184 5746 2304 5785 mus
2351 5731 2667 5788 benefacere
2707 5729 2752 5787 si
2793 5731 2918 5803 quid
2959 5732 3245 5801 faciamus,
3296 5731 3393 5790 sed
3432 5740 3611 5790 tamen
3660 5747 3791 5790 esse

2140 5902 2143 5903 ν
2187 5824 2510 5883 necessaria.
2537 5823 2673 5895 Quid
2704 5823 2850 5891 enim
2878 5824 3089 5885 intersit
3118 5824 3257 5885 inter
3282 5825 3483 5885 bonum
3510 5824 3650 5897 quod
3686 5839 3790 5895 ap-
