4096 6346
390 404 525 464 “05

1374 405 1837 469 HOMlLIARlUS.
1868 434 1938 445 --
1975 402 2140 459 ΗΘΜ.
2177 404 2261 458 ΟΕ
2303 400 2654 459 TEMPORE.

3530 397 3665 459 MM

380 523 675 594 petendum.
701 532 782 583 est
802 566 816 591 ,
849 534 903 587 et
935 524 1295 581 necessarium
1326 524 1472 593 quod
1509 522 1827 581 sumendum
1860 528 1964 587 est,
1992 520 2040 583 Α
2072 517 2501 587 euangelizarero.
2523 515 2626 571 Sed
2649 512 2918 586 quomodo
2940 513 3097 569 debet
3118 512 3521 584 evangelizare?
3545 514 3665 575 Sci-

379 612 480 673 hac
522 614 793 675 sententia
826 614 1115 671 declaravit
1152 629 1275 669 cum
1313 614 1388 668 ait
1435 631 1446 667 :
1495 614 1716 682 Quterite
1746 613 1966 680 primum

377 722 595 777 regnum
624 706 718 761 Dei
747 718 795 763 et
816 708 1079 778 justitiam
1105 710 1247 779 (ius,
1276 716 1320 765 et
1352 709 1459 763 lucc
1493 707 1666 762 omnia
1705 724 1969 778 apponeno

377 805 459 851 tur
490 798 652 855 vobis.
697 798 939 871 Regnum
982 815 1112 871 ergo
1146 810 1201 857 et
1238 800 1444 869 iustitia
1476 801 1605 869 Dei,
1637 800 1835 857 bonum
1873 817 1970 857 no-

376 899 546 947 strum
578 901 691 957 est,
744 900 803 949 et
833 892 1367 965 hocappetendum,
1406 902 1461 951 et
1498 894 1571 950 ibi
1611 895 1732 951 finis
1760 896 1966 951 consti~

379 983 644 1049 tuendus,
683 993 905 1055 propter
950 985 1097 1057 quod
1121 986 1301 1042 munia
1337 984 1599 1045 faciamus
1637 1000 1969 1063 quaecunque

374 1072 622 1131 facimus.
655 1074 762 1134 Sed
791 1076 919 1146 quia
948 1077 1005 1133 in
1033 1076 1133 1134 hac
1162 1080 1273 1134 vlta
1300 1078 1623 1145 militamus,
1656 1088 1714 1135 ut
1742 1079 1809 1135 ad
1836 1078 1967 1136 illud

374 1179 601 1235 regnum
642 1165 927 1235 pervenire
961 1168 1260 1238 possitnus,
1301 1184 1431 1239 quas
1459 1169 1567 1227 vita
1602 1170 1721 1227 sine
1758 1171 1842 1227 bis
1869 1187 1966 1229 ne-

373 1259 625 1315 cessariis
651 1260 739 1330 agi
777 1276 893 1321 nos
917 1272 1121 1333 potest,
1151 1275 1489 1335 apponentur
1517 1267 1632 1324 tunc
1660 1267 1844 1336 vobis,
1878 1269 1965 1327 ina

371 1351 524 1421 quit,
547 1355 645 1415 sed
674 1370 771 1411 vos
813 1371 1038 1429 regnum
1072 1358 1167 1414 Dei
1192 1367 1249 1415 et
1266 1360 1526 1429 justitiam
1558 1362 1786 1431 primum
1817 1378 1966 1435 qum-

373 1443 495 1499 rite.
525 1444 659 1502 Cum
685 1446 835 1513 enim
864 1448 999 1505 dixit
1036 1448 1166 1506 illud
1195 1451 1427 1521 primum
1449 1492 1465 1519 ,
1494 1454 1814 1524 signiﬁcavit
1841 1456 1965 1527 quia

375 1537 479 1594 hoc
520 1539 788 1610 posterius
828 1544 1177 1613 quiet-cadum
1224 1553 1345 1613 est,
1394 1560 1501 1602 non
1548 1557 1824 1617 tempore,
1869 1549 1966 1607 sed

370 1630 653 1700 (lignitate.
694 1631 834 1689 illud
874 1643 1125 1706 tanquam
1156 1636 1354 1696 bonum
1382 1648 1667 1706 nostrum,
1707 1639 1811 1698 hoc
1842 1651 1963 1697 tan-

370 1736 531 1792 quam
553 1727 919 1785 necessarium
944 1737 1218 1798 nostrum,
1243 1732 1605 1787 necessarium
1632 1743 1811 1789 autem
1842 1748 1965 1804 pro-

370 1824 487 1883 pter
525 1815 655 1872 illud
698 1816 922 1875 bonum.
963 1819 1148 1892 Neque
1188 1820 1363 1886 enim,
1407 1822 1552 1878 verbi
1599 1824 1798 1894 gratia,
1841 1826 1962 1882 ideo

368 1907 626 1964 debemus
682 1912 1054 1983 evangelizare
1123 1925 1181 1970 ut
1226 1916 1645 1983 manducemus,
1695 1919 1790 1975 sed
1830 1919 1955 1979 ideo

368 2002 696 2060 manducare
761 2013 817 2061 ut
868 2007 1325 2077 evangelium.
1394 2009 1528 2067 Nam
1579 2013 1625 2065 si
1673 2022 1958 2082 propterea

366 2095 799 2165 cvangelizemus
821 2108 877 2153 ut
904 2101 1313 2169 manducemus,
1334 2103 1493 2161 vilius
1518 2104 1776 2162 habemus
1796 2121 1960 2162 evan-

366 2186 565 2257 gelium
597 2203 755 2256 quam
784 2192 961 2247 cibum
1004 2210 1017 2246 :
1048 2202 1103 2249 et
1130 2193 1235 2250 erit
1255 2194 1369 2266 jam
1398 2196 1596 2253 bonum
1628 2206 1871 2254 nostrum
1901 2201 1959 2256 in

368 2278 772 2348 manducando,
812 2285 1177 2341 necessarium
1215 2297 1399 2343 autem
1435 2287 1491 2344 in
1516 2290 1956 2359 evangeliaando.

363 2369 523 2439 Quod
560 2373 719 2427 etiam
766 2375 1055 2445 Apostolus
1116 2379 1395 2449 prohibet,
1432 2395 1553 2436 cum
1602 2383 1734 2438 dicit
1792 2384 1961 2441 licere

362 2461 467 2517 sibi
508 2464 725 2534 quidem
766 2475 823 2522 et
868 2469 1187 2537 permissum
1230 2486 1353 2528 esse
1393 2488 1425 2528 a
1466 2472 1729 2543 Domino,
1776 2484 1834 2531 ut
1868 2478 1959 2548 qui

363 2548 702 2627 Evangetium
730 2562 1056 2630 annuntiaut,
1083 2564 1145 2618 de
1166 2561 1453 2633 Evangelia
1471 2577 1522 2623 et
1552 2568 1719 2623 vivant
1749 2568 1801 2642 (Ι
1831 2568 1954 2624 Cor.

362 2650 485 2717 ut),
518 2647 574 2704 id
599 2658 711 2717 est,
743 2650 813 2708 de
838 2653 1132 2726 Evangelio
1173 2657 1409 2715 habmus
1436 2674 1498 2715 ea
1526 2676 1647 2731 quae
1679 2662 1804 2719 huic
1834 2666 1959 2720 vita

361 2747 490 2794 sunt
517 2745 853 2809 necessaria,
883 2745 980 2801 sed
1011 2755 1187 2803 tamen
1214 2763 1277 2805 se
1303 2763 1411 2806 non
1437 2765 1559 2807 esse
1587 2753 1811 2809 abusum
1856 2754 1957 2810 hac

363 2839 647 2900 potestate.
688 2834 855 2892 Erant
894 2839 1039 2895 enim
1075 2842 1226 2896 multi
1254 2844 1343 2912 qui
1380 2845 1719 2901 occasionem
1751 2847 1954 2904 trahere

361 2928 649 2998 cupiebant
686 2932 995 3001 acquirendi
1034 2948 1098 2993 ac
1135 2936 1351 2992 vivendi
1388 2939 1685 2995 secundum
1711 2942 1956 3014 Evange-

362 3018 492 3075 lium
516 3061 533 3088 ,
564 3023 759 3093 quibus
793 3039 911 3081 eam
940 3027 1129 3085 volens
1163 3032 1454 3099 Apostolus
1490 3045 1803 3105 amputare,
1839 3051 1956 3091 ma-

366 3116 525 3173 nibus
552 3118 671 3173 suis
700 3119 902 3176 victum
941 3135 1099 3177 suum
1139 3124 1402 3182 toleravit.
1446 3124 1525 3184 De
1562 3127 1645 3183 his
1673 3129 1818 3184 enim
1847 3131 1955 3185 alio

363 3205 486 3264 loco
506 3207 671 3276 dicit,
694 3218 751 3266 ut
772 3220 1044 3282 amputem
1069 3216 1433 3285 occasionem,
1459 3232 1763 3288 quanquam
1787 3219 1955 3274 etiam

362 3302 501 3359 sicut
527 3305 709 3362 creteri
738 3306 998 3377 apostoli,
1031 3311 1295 3379 permissu
1325 3311 1545 3369 Domini
1579 3314 1647 3370 de
1675 3317 1953 3386 evangelio

362 3393 607 3463 viveret,
635 3407 689 3454 et
718 3413 824 3456 non
850 3399 907 3456 in
934 3400 1080 3457 victu
1108 3402 1271 3459 finem
1311 3406 1662 3463 constitueret
1688 3412 1958 3481 evangeli-

363 3482 521 3542 zandi
550 3484 637 3559 (Il
670 3489 790 3545 Cor.
821 3506 876 3546 aa
889 3491 912 3561 )
931 3530 949 3559 ,
975 3492 1071 3548 sed
1098 3495 1271 3566 magis
1297 3496 1461 3565 ipsius
1483 3498 1656 3554 vietus
1681 3501 1763 3555 sui
1794 3501 1955 3558 finem

362 3577 418 3634 in
446 3578 739 3651 Evangelio
763 3583 1089 3653 collocaret,
1118 3586 1177 3642 id
1197 3596 1302 3656 est,
1334 3597 1393 3643 ut
1412 3592 1658 3659 superius
1685 3591 1815 3660 dixi,
1849 3608 1955 3651 non

363 3672 485 3728 ideo
516 3675 913 3745 evangelizaret
944 3685 1000 3731 ut
1022 3679 1325 3748 perveniret
1356 3680 1421 3735 ad
1467 3681 1666 3747 cibum,
1698 3690 1753 3737 et
1781 3683 1826 3738 si
1853 3700 1956 3753 qua

362 3775 491 3820 eunt
519 3766 645 3819 talia
674 3768 1002 3835 necessaria,
1032 3771 1126 3824 sed
1159 3770 1278 3825 ideo
1307 3772 1407 3825 ista
1437 3782 1703 3839 sumeret,
1734 3782 1794 3827 ut
1824 3774 1955 3830 illud

364 3858 651 3927 impleret,
682 3874 751 3915 ne
789 3875 897 3916 non
929 3863 1152 3930 volens,
1195 3864 1289 3919 sed
1334 3868 1656 3921 necessitate
1684 3869 1955 3937 evangeli-

366 3959 536 4007 zaret.
561 3952 675 4009 Hoc
696 3953 843 4010 enim
865 3955 1002 4011 idem
1029 3958 1217 4026 probat
1240 3972 1361 4012 cum
1380 3958 1508 4013 dicit
1534 3978 1547 4014 :
1580 3959 1805 4016 Nescitis
1826 3978 1954 4032 quo-

362 4047 504 4101 niam
543 4049 633 4118 qui
665 4049 721 4104 in
753 4052 944 4121 tempto
980 4043 1279 4123 operantur,
1320 4068 1433 4123 qua:
1476 4053 1539 4109 de
1578 4057 1765 4127 tempto
1796 4066 1953 4124 sunt,

361 4138 565 4194 edunt:
604 4149 659 4195 et
691 4143 781 4211 qui
818 4143 1013 4197 altario
1046 4146 1365 4214 deserviunt,
1405 4146 1592 4202 altario
1630 4151 1956 4220 compartiei-

362 4232 593 4300 paritur?
621 4232 714 4288 Sic
734 4242 784 4288 es
810 4233 1069 4290 Dominus
1105 4238 1359 4293 ordinavit
1384 4239 1465 4294 his
1501 4241 1591 4311 qui
1621 4238 1956 4315 Evangelium

361 4326 689 4393 annuntians,
721 4326 786 4381 de
816 4323 1100 4401 Evangelia
1133 4329 1298 4385 vivere
1331 4345 1354 4386 :
1377 4346 1468 4402 ego
1496 4340 1667 4387 autem
1696 4333 1837 4389 nullo
1863 4335 1956 4390 Ιιο-

360 4431 478 4469 rum
504 4433 626 4472 usus
655 4432 771 4473 sum
800 4420 820 4491 (
837 4417 870 4474 Ι
897 4419 1019 4477 Cor.
1052 4420 1161 4491 ts).
1207 4421 1341 4477 Hinc
1369 4422 1605 4479 ostendit
1635 4425 1951 4495 permissum

363 4522 522 4576 esse,
553 4525 659 4565 non
686 4511 926 4582 iussum,
968 4512 1202 4585 alioquin
1238 4522 1427 4570 contra
1476 4524 1801 4588 praeceptum
1851 4516 1957 4574 Do-

2078 611 2201 666 licet
2230 619 2284 663 ut
2310 610 2361 663 in
2392 609 2507 679 ipso
2535 607 2827 678 Evangelia
2863 614 2917 663 et
2948 607 3001 663 in
3025 620 3185 676 regno
3216 606 3306 665 Dei
3333 616 3495 677 ponat
3519 622 3662 665 mer.-

2074 704 2282 761 cedem.
2308 703 2383 759 Ita
2409 703 2554 759 enim
2580 709 2752 771 potest
2772 716 2876 759 non
2907 707 3123 757 coactus
3152 700 3539 771 evangelizare,
3562 699 3661 757 sed

2074 797 2277 853 volens.
2312 795 2369 853 Si
2402 795 2544 853 enim
2571 793 2780 858 volens,
2814 792 3003 864 inquit,
3036 792 3139 849 hoc
3168 792 3329 858 facio,
3352 792 3658 849 mercedem

2074 890 2277 957 habeo;
2306 890 2350 946 si
2373 897 2550 945 autem
2574 888 2789 953 invitus,
2816 884 3142 957 dispensatio
3169 886 3296 943 mihi
3321 886 3523 944 credita
3538 895 3649 944 est:

2074 984 2127 1041 id
2156 993 2258 1051 est,
2287 983 2334 1038 si
2358 989 2576 1038 coactus
2606 980 2784 1051 inepia
2808 994 2991 1035 eorum
3022 994 3199 1036 rerum
3230 994 3349 1051 qum
3380 979 3661 1049 temporali

2071 1078 2192 1135 vitae
2225 1085 2349 1132 sunt
2379 1075 2735 1139 accesserim,
2766 1072 2999 1143 praedico
3026 1073 3398 1144 Evangelium,
3432 1072 3525 1128 alii
3565 1088 3662 1141 per

2071 1189 2158 1231 me
2200 1172 2473 1230 habebunt
2513 1171 2818 1229 mercedem
2858 1170 3153 1243 Evangelii,
3191 1171 3281 1242 qui
3309 1170 3658 1242 Evangelium

2071 1267 2249 1337 ipsum
2288 1280 2374 1321 me
2406 1264 2733 1335 praedicante
2775 1263 3038 1335 diligunt,
3070 1277 3169 1334 ego
3210 1270 3387 1320 autem
3416 1276 3524 1320 non
3565 1260 3662 1315 hac

2069 1361 2193 1429 beo,
2212 1359 2336 1432 quia
2366 1374 2471 1415 non
2497 1359 2670 1428 ipsum
2702 1357 3047 1428 Evangelium
3066 1356 3253 1426 diligo,
3277 1355 3373 1412 sed
3402 1353 3519 1425 eius
3543 1367 3664 1424 pre-

2072 1456 2203 1512 tium
2251 1455 2303 1509 in
2335 1452 2441 1509 illis
2487 1452 2871 1524 temporalibus
2914 1452 3284 1516 constitutum,
3330 1448 3471 1519 quod
3513 1446 3662 1505 nefas

2069 1559 2151 1606 est
2188 1547 2333 1615 fieri,
2380 1556 2435 1604 ut
2471 1560 2577 1601 non
2606 1554 2856 1618 tanquam
2909 1545 3050 1600 filius
3087 1544 3354 1600 ministret
3379 1542 3662 1613 quisquam

2071 1641 2445 1713 Evangelium,
2488 1639 2583 1696 sed
2635 1647 2887 1709 tanquam
2936 1652 3157 1707 servus,
3203 1638 3287 1693 cui
3337 1636 3662 1705 dispensatio

2067 1735 2273 1793 credita
2311 1743 2428 1803 est,
2476 1743 2532 1789 ut
2572 1740 2825 1803 tanquam
2865 1731 3097 1788 alienum
3126 1740 3341 1801 eroget,
3374 1729 3504 1786 nihil
3538 1728 3663 1788 inde

2068 1827 2182 1897 ipse
2204 1827 2377 1897 capiat
2407 1835 2599 1897 praeter
2622 1825 2820 1880 cibaria
2845 1867 2859 1891 ,
2892 1839 3012 1895 qua:
3035 1838 3141 1879 non
3164 1823 3232 1880 de
3256 1822 3662 1893 participatione

2066 1920 2252 1992 regni,
2282 1920 2374 1976 sed
2416 1920 2481 1974 ad
2513 1917 2937 1975 sustentaculum
2978 1916 3188 1974 misera:
3218 1916 3490 1973 servitutis
3530 1917 3663 1971 dan-

2068 2024 2152 2070 tur
2180 2014 2541 2070 extrinsecus.
2574 2012 2885 2082 Quanquam
2926 2020 2979 2066 et
3018 2010 3123 2067 alio
3166 2010 3283 2066 loco
3323 2010 3664 2079 dispensato-

2065 2124 2180 2183 rem
2229 2121 2289 2163 se
2336 2107 2478 2162 dicat
2511 2105 2570 2177 (ι
2614 2104 2734 2161 Cor.
2767 2103 2871 2176 tv).
2922 2106 3101 2161 Petcst
3129 2105 3275 2161 enim
3302 2114 3357 2160 et
3381 2118 3567 2160 servus
3605 2102 3662 2160 in

2062 2200 2300 2255 filiorum
2336 2214 2617 2254 numerum
2666 2198 2954 2269 adoptatus
2978 2243 2993 2266 ,
3029 2214 3146 2254 eam
3180 2200 3291 2254 rem
3335 2197 3389 2253 in
3431 2211 3533 2268 qua
3568 2210 3663 2252 co-

2065 2292 2297 2348 ltzeredis
2338 2302 2545 2347 sortem
2576 2294 2797 2357 meruit,
2839 2289 3068 2347 ﬁdeliter
3100 2292 3412 2361 dispensare
3441 2288 3663 2361 partici-

2065 2384 2221 2456 pibus
2234 2384 2364 2439 suis.
2393 2382 2496 2440 Sed
2528 2398 2667 2438 nunc
2691 2384 2777 2438 ubi
2802 2381 2895 2451 ait,
2920 2382 2974 2438 Si
3000 2394 3176 2439 autem
3205 2384 3422 2449 invitus,
3447 2381 3664 2452 dispen-

2062 2478 2202 2533 satio
2233 2475 2364 2531 mihi
2394 2476 2601 2531 credita
2633 2487 2712 2531 est
2732 2519 2746 2542 ,
2782 2477 2940 2533 talem
2983 2475 3412 2546 dispensatorem
3443 2474 3665 2547 intelligi

2062 2570 2268 2637 voluit,
2300 2569 2388 2640 qui
2418 2569 2651 2624 alienum
2682 2566 2995 2638 diSpensat,
3030 2568 3171 2622 unde
3204 2566 3320 2636 ipse
3350 2565 3487 2620 nihil
3523 2563 3665 2620 acci-

2062 2664 2194 2733 piat.
2231 2661 2371 2733 Ergo
2401 2676 2733 2732 qurecunque
2764 2675 2851 2716 res
2882 2671 3099 2730 propter
3127 2659 3271 2717 aliud
3293 2657 3491 2730 aliquid
3516 2671 3666 2728 quae-

2062 2756 2220 2821 ritur,
2252 2760 2369 2809 sine
2399 2753 2564 2807 dubio
2596 2750 2817 2807 inferior
2855 2759 2940 2805 est
2981 2767 3140 2820 quam
3182 2750 3232 2805 id
3265 2758 3484 2819 prepter
3516 2745 3661 2818 quod

2061 2846 2349 2918 quaeritur;
2397 2855 2451 2900 et
2489 2843 2609 2899 ideo
2651 2843 2781 2898 illud
2825 2844 3057 2912 primum
3103 2852 3215 2910 est,
3260 2852 3479 2913 propter
3514 2839 3661 2921 quod

2060 2941 2217 2995 istam
2266 2954 2379 2993 rem
2422 2939 2649 3009 quaeris,
2684 2952 2790 2993 non
2823 2939 2922 2993 ista
2968 2951 3058 2993 res
3096 2950 3257 3011 quam
3286 2943 3503 3006 propter
3533 2932 3661 2990 illud

2059 3032 2280 3103 quteris.
2310 3032 2647 3102 Quapropter
2663 3032 2709 3087 si
2726 3032 3074 3102 Evangelium
3097 3038 3395 3101 et-regnum
3421 3029 3516 3086 Dei
3540 3043 3664 3099 pro-

2058 3132 2177 3194 pter
2208 3123 2390 3178 cibum
2433 3123 2759 3194 quaerimus,
2808 3121 3042 3193 priorem
3088 3121 3314 3177 fecimus
3352 3120 3566 3188 cibum,
3606 3127 3664 3177 et

2060 3217 2331 3286 posterius
2362 3230 2584 3287 regnum
2626 3214 2754 3280 Dei,
2787 3213 2857 3269 ita
2890 3223 2945 3269 ut
2989 3214 3034 3268 si
3074 3228 3179 3269 non
3222 3214 3294 3270 sit
3331 3212 3483 3269 cibus
3505 3251 3521 3277 ,
3554 3226 3663 3269 non

2063 3322 2365 3380 qumramus
2406 3322 2626 3377 regnum
2671 3305 2782 3362 Dei.
2825 3305 2935 3363 lloc
2979 3313 3062 3360 est
3095 3319 3221 3374 ergo
3252 3304 3477 3374 primum
3507 3315 3657 3372 quae-

2062 3416 2183 3457 rere
2209 3400 2421 3467 cibum,
2449 3410 2502 3454 et
2530 3397 2723 3455 deinde
2756 3413 2975 3469 regnum
3008 3397 3125 3463 Dei,
3151 3396 3203 3453 id
3228 3405 3330 3463 est,
3360 3394 3466 3452 hoc
3495 3392 3661 3465 priori

2061 3491 2180 3546 loco
2211 3505 2441 3559 ponere,
2483 3488 2611 3545 illud
2658 3489 2966 3559 posteriori.
3004 3488 3059 3544 Si
3090 3496 3268 3544 autem
3309 3485 3431 3544 ideo
3470 3486 3661 3557 quart-

2060 3599 2183 3638 mus
2214 3581 2392 3637 cibum
2411 3624 2425 3647 ,
2452 3589 2509 3635 ut
2532 3580 2822 3634 habeamus
2848 3596 3067 3652 regnum
3096 3579 3213 3649 Dei,
3237 3578 3495 3633 faciamus
3518 3577 3661 3647 quod

2060 3676 2261 3730 dictum
2294 3682 2378 3729 est
2406 3691 2418 3728 :
2449 3674 2669 3739 Quwrite
2697 3673 2917 3744 primum
2948 3688 3158 3741 regnum
3187 3670 3304 3741 Dei,
3330 3680 3377 3725 et
3398 3670 3664 3742 justitiam

2060 3770 2206 3839 ejus,
2253 3768 2449 3837 et_lia'c
2491 3768 2661 3821 omnia
2710 3777 3034 3836 apponentur
3076 3767 3233 3820 vobis.
3288 3767 3663 3834 Quaerentibus

2060 3861 2203 3917 enim
2245 3860 2474 3930 primum
2519 3874 2740 3929 regnum
2784 3867 2838 3915 et
2873 3859 3133 3928 justitiam
3175 3858 3303 3925 Dei,
3332 3858 3387 3913 id
3414 3866 3527 3924 est,
3556 3858 3660 3914 hoc

2061 3951 2503 4023 praeponentihus
2532 3952 2742 4006 caeteris
2768 3952 2958 4016 rebus,
3002 3959 3058 4006 ut
3084 3960 3302 4021 propter
3334 3950 3433 4006 hoc
3464 3960 3661 4007 ctetera

2060 4059 2393 4117 quaeramus,
2427 4060 2531 4099 non
2558 4043 2717 4100 debet
2754 4044 2977 4101 subesse
3012 4043 3317 4099 sollicitudo
3349 4057 3417 4099 ne
3446 4042 3536 4099 illa
3564 4044 3661 4100 de-

2060 4141 2168 4196 sint
2189 4153 2306 4209 quae
2339 4137 2461 4193 huic
2494 4137 2616 4193 vita:
2643 4146 2864 4208 propter
2892 4150 3117 4207 regnum
3142 4136 3235 4193 Dei
3259 4145 3386 4193 sunt
3412 4151 3663 4194 necessa-

2060 4231 2160 4288 ria.
2198 4231 2346 4285 Dixit
2372 4229 2513 4285 cnim
2542 4230 2788 4299 superius
2822 4245 2837 4284 :
2871 4228 2985 4285 Scit
3011 4228 3147 4283 enim
3172 4227 3334 4283 Pater
3355 4238 3512 4284 vester
3540 4230 3665 4297 quia

2062 4324 2242 4377 horum
2274 4322 2499 4376 onmium
2522 4306 2781 4392 indigetis.
2815 4318 2885 4376 Et
2912 4320 3033 4376 ideo
3060 4335 3180 4376 cum
3207 4320 3431 4377 dixisset
3459 4337 3474 4375 :
3504 4319 3663 4387 Qua:-

2060 4415 2155 4471 rite
2184 4417 2406 4487 primurn
2446 4430 2660 4487 regnum
2692 4413 2821 4480 Dei,.
2836 4422 2883 4468 et
2896 4413 3161 4487 justitiam
3184 4417 3319 4488 ejus,
3352 4429 3461 4470 non
3485 4415 3658 4472 dixit:

2062 4510 2257 4568 deinde
2285 4524 2413 4580 ergo
2455 4510 2558 4565 ista
2590 4508 2850 4580 quaerite.
2882 4509 3126 4578 quamvis
3168 4516 3295 4565 sunt
3332 4510 3659 4578 necessaria,

363 4603 495 4660 mini
535 4602 733 4661 fecisse
770 4613 1002 4666 tenetur.
1046 4606 1250 4665 Deinde
1274 4607 1519 4678 sequitur
1545 4617 1598 4665 et
1625 4608 1753 4667 dicit
1784 4628 1797 4666 :
1830 4611 1952 4668 Non
1978 4644 2035 4706 Β
2058 4606 2153 4662 sed
2178 4606 2250 4659 ait
2282 4623 2294 4659 :
2331 4602 2459 4658 Hcce
2490 4602 2662 4656 omnia
2692 4611 3015 4671 apponentur
3040 4600 3215 4668 vobis,
3246 4601 3301 4658 id
3327 4611 3434 4672 est,
3471 4617 3662 4659 conse-

362 4701 535 4749 autem
561 4696 748 4765 scripsi
773 4697 912 4764 ttae,
944 4708 1001 4754 ut
1027 4700 1102 4754 ita
1124 4701 1254 4770 ﬁant
1286 4699 1340 4754 in
1365 4714 1464 4755 me.
1496 4700 1696 4756 Bonum
1724 4713 1800 4757 est
1826 4705 1954 4759 milii

362 4788 527 4859 magis
553 4790 689 4843 mori
706 4829 721 4856 ,
753 4804 909 4862 quam
938 4800 995 4846 ut
1021 4793 1240 4864 gloriam
1266 4808 1431 4848 meam
1455 4793 1717 4865 quisquam
1747 4793 1951 4851 inanem

362 4881 523 4952 faciat
552 4882 766 4954 (ΗΜ).
796 4883 912 4941 Hoc
939 4884 1106 4955 dixit,
1138 4888 1261 4958 quia
1299 4886 1409 4959 jam
1448 4895 1705 4945 statuerat
1735 4899 1953 4959 propter

361 4974 623 5045 quosdam
661 4977 997 5033 occasionem
1043 4989 1381 5049 quterentes,
1433 4980 1677 5036 manibus
1721 4984 1831 5037 suis
1873 4984 1952 5037 vi-

362 5077 507 5123 ctum
541 5068 856 5139 transigere.
890 5070 955 5128 Si
978 5072 1113 5127 enim
1137 5072 1546 5143 euangelizavero
1567 5118 1580 5140 ,
1617 5074 1820 5145 inquit,
1852 5092 1953 5132 non

318 5222 327 5223 ί
360 5170 436 5216 est
477 5159 607 5215 mihi
640 5162 835 5231 gloria,
876 5161 931 5217 id
955 5170 1072 5231 est,
1101 5163 1147 5219 si
1184 5165 1622 5235 evangelizavero
1661 5172 1717 5221 ut
1758 5167 1827 5221 ita
1872 5167 1958 5221 fa-

362 5253 507 5310 ciant
542 5254 595 5308 in
626 5264 746 5322 me,
778 5254 833 5308 id
864 5263 981 5324 est,
1013 5254 1059 5309 si
1088 5263 1372 5326 propterea
1426 5257 1862 5329 evangelizavero
1902 5268 1958 5314 ut

362 5346 429 5402 ad
468 5346 558 5402 illa
590 5346 919 5416 perveniam,
949 5354 1003 5403 et
1027 5347 1191 5403 finem
1218 5347 1491 5420 Evangelii
1516 5350 1566 5404 in
1598 5349 1718 5405 cibo
1746 5359 1801 5407 et
1829 5360 1957 5422 potu

362 5448 416 5497 et
447 5441 642 5497 vestitu
672 5440 1030 5499 collocavero.
1062 5440 1170 5498 Sed
1212 5455 1378 5512 quare
1411 5458 1518 5499 non
1550 5452 1630 5500 est
1671 5445 1719 5501 ei
1750 5444 1957 5516 gloria?

362 5532 668 5590 Necessitas
696 5536 841 5591 enim
882 5534 1046 5603 mihi,
1088 5535 1296 5607 inquit,
1330 5534 1623 5607 incumbit,
1664 5536 1714 5593 id
1754 5546 1868 5607 est,
1901 5547 1961 5595 ut

363 5623 486 5680 ideo
515 5625 909 5695 evangelizem,
941 5627 1063 5699 quia
1101 5626 1244 5683 unde
1274 5627 1446 5683 vivam
1486 5643 1592 5684 non
1635 5629 1836 5699 habeo,
1870 5640 1960 5689 aut

364 5725 423 5773 ut
464 5717 739 5789 acquiram
792 5721 1141 5792 temporalem
1191 5719 1422 5777 fructum
1473 5721 1540 5779 de
1584 5724 1960 5795 praedicatione

364 5819 714 5870 aeternorum.
746 5814 839 5872 Sic
862 5816 1005 5872 enim
1034 5815 1143 5887 jam
1178 5814 1473 5873 necessitas
1503 5816 1606 5875 erit
1636 5818 1684 5873 in
1717 5819 1959 5891 Evange-

366 5906 476 5979 lio,
509 5922 617 5969 non
646 5909 915 6005 voluntas.
947 5910 1038 5970 Va:
1065 5912 1199 5971 enim
1231 5911 1357 5969 mihi
1385 5910 1515 5982 erit,
1546 5910 1748 5985 inquit,
1778 5915 1822 5969 si
1859 5930 1961 5972 non

2060 4710 2313 4773 quentur,
2353 4699 2398 4755 si
2438 4697 2529 4753 illa
2568 4698 2860 4769 quaeratis,
2894 4698 3013 4754 sine
3052 4699 3163 4754 ullo
3192 4707 3385 4771 [vestro
3433 4701 3660 4769 impedi-

2061 4805 2263 4851 mento.
2301 4793 2516 4849 Etcum
2556 4792 2658 4847 ista
2688 4791 2962 4862 quaeritis,
2996 4791 3145 4847 illinc
3179 4791 3529 4859 avertamini,
3569 4798 3664 4846 aut

2061 4903 2129 4945 ne
2156 4888 2290 4944 duos
2320 4886 2452 4942 fines
2483 4884 2854 4950 constituatis,
2886 4892 2944 4940 ut
2972 4894 3026 4940 et
3055 4899 3279 4955 regnum
3320 4884 3413 4939 Dei
3445 4894 3661 4955 propter

2060 4998 2120 5039 se
2150 4981 2411 5053 appetatis
2430 5023 2446 5046 ,
2479 4989 2531 5036 et
2556 4980 2651 5034 ista
2685 4978 3026 5042 necessaria,
3057 4977 3156 5033 sed
3186 4976 3302 5032 haec
3330 4975 3507 5045 potius
3535 4991 3663 5045 pro-

2062 5086 2180 5147 pter
2212 5074 2342 5130 illud
2378 5073 2527 5131 vobis
2554 5086 2660 5127 non
2689 5072 2950 5137 deerunt,
2980 5070 3099 5141 quia
3130 5084 3238 5126 non
3271 5069 3497 5139 potestis
3526 5068 3662 5124 duo-

2065 5167 2163 5223 bus
2202 5166 2433 5222 dominis
2468 5164 2690 5220 servire.
2725 5163 2963 5241 Duobus
2984 5172 3162 5218 autem
3190 5161 3424 5219 dominis
3451 5162 3658 5219 servire

2063 5270 2305 5325 conatur,
2335 5259 2424 5324 qui
2462 5266 2516 5314 et
2539 5272 2761 5328 regnum
2791 5257 2885 5312 Dei
2913 5271 3012 5327 pro
3042 5269 3237 5327 magno
3264 5254 3408 5311 bono
3433 5254 3658 5326 appetit,

2062 5358 2117 5408 et
2147 5350 2261 5406 lucc
2300 5348 2635 5419 temporalia.
2668 5348 2781 5405 Non
2813 5356 2989 5417 potest
3022 5357 3200 5405 autem
3229 5348 3529 5419 simplicem
3558 5346 3659 5402 ba-

2064 5444 2192 5500 bcre
2218 5444 2460 5510 oculum,
2492 5451 2545 5497 et
2574 5442 2662 5497 uni
2696 5442 2924 5499 Domino
2953 5441 3064 5499 Deo
3104 5444 3340 5510 servire,
3371 5442 3475 5497 nisi
3505 5456 3659 5513 quat»

2064 5553 2273 5607 cunque
2302 5548 2494 5595 cmtera
2525 5536 2569 5592 si
2599 5544 2723 5592 sunt
2752 5536 3077 5602 necessaria,
3110 5552 3273 5591 unum
3306 5545 3526 5607 propter
3556 5537 3660 5592 hoc

2063 5638 2333 5697 assumat,
2382 5628 2433 5684 id
2478 5638 2596 5698 est,
2635 5637 2851 5700 propter
2878 5643 3100 5699 regnum
3136 5627 3248 5684 Dei.
3290 5627 3442 5685 Sicut
3477 5638 3657 5685 autem

2064 5725 2357 5781 militantes
2387 5723 2653 5794 accipiunt
2681 5737 2949 5778 annonam
2980 5730 3037 5781 et
3061 5722 3408 5793 stipendium,
3437 5722 3518 5780 sic
3542 5738 3657 5779 om-

2064 5833 2161 5875 nes
2192 5817 2622 5890 evangelizantes
2654 5815 3154 5889 accipiunt-victum
3181 5824 3237 5873 et
3264 5821 3654 5887 tegumentum.

2067 5912 2175 5977 Sed
2205 5913 2345 5972 sicut
2371 5928 2477 5971 non
2507 5925 2694 5973 omnes
2724 5920 2944 5985 propter
2970 5911 3199 5972 salutem
3222 5909 3529 5983 reipublicae
3553 5908 3648 5965 mi.
