4096 6346
1270 429 1470 489 PAULI
1508 417 1781 483 DIACONI
1811 412 1963 471 OPP.
2006 405 2179 464 PARS
2217 400 2284 458 II.
2325 428 2398 443 --
2434 391 2797 455 ASCETICA.
3565 372 3703 432 1408

1745 553 1776 591 n
1807 541 1996 588 omnes
2025 515 2300 588 Adomini
2351 516 2737 579 subsequenter
2778 498 3050 566 ostendit,
3108 508 3233 552 cum
3292 489 3476 547 subdit
3527 505 3541 542 :
3587 487 3706 544 Non

2102 613 2309 684 potestis
2345 605 2454 660 Deo
2484 603 2668 658 seruire
2704 608 2752 653 et
2791 606 3127 659 mammonae,
3171 588 3224 643 id
3268 594 3354 642 est
3403 583 3622 639 Christo
3658 590 3707 635 et

2103 675 2341 759 diabolo.
2386 701 2515 761 Quae
2556 694 2705 751 enim
2743 685 3080 759 participatio
3125 680 3340 738 Christo
3369 687 3424 734 et
3452 675 3707 732 diabolo?

2105 803 2199 850 aut
2242 807 2359 861 qua:
2398 787 2532 844 lucis
2571 784 2636 839 ad
2685 778 2972 836 tenebras?
3013 775 3201 830 Adhuc
3237 786 3375 836 vero,
3393 769 3460 824 de
3501 767 3712 822 duobus

2107 883 2339 942 dominis
2368 878 2608 950 sequitur
2633 890 2648 928 :
2675 875 2774 928 Aut
2801 870 2936 924 enim
2963 883 3123 922 unum
3152 865 3271 920 odio
3297 861 3531 928 habebit,
3564 870 3611 914 et
3639 861 3714 912 al-

2112 988 2276 1034 terum
2307 974 2484 1042 diliget
2520 985 2541 1026 :
2575 975 2662 1021 aut
2706 981 2867 1019 unum
2903 959 3205 1027 sustinebit,
3246 965 3294 1010 et
3324 967 3545 1009 alterum
3588 969 3716 1006 con-

2113 1076 2322 1123 temnet.
2372 1049 2544 1118 Unum
2591 1057 2712 1114 odio
2758 1053 2995 1119 habebit,
3039 1050 3244 1106 scilicet
3281 1047 3592 1112 diabolum,
3624 1043 3716 1114 qui

2115 1161 2242 1217 odio
2271 1153 2548 1212 habendus
2578 1159 2682 1217 est,
2706 1163 2812 1204 non
2837 1161 2931 1218 per
2963 1145 3066 1199 hoc
3092 1141 3236 1213 quod
3267 1138 3593 1202 substantia,
3622 1136 3719 1190 sed

2120 1267 2214 1322 per
2243 1251 2343 1305 hoc
2371 1245 2511 1318 quod
2550 1242 2722 1298 malus
2752 1249 2869 1308 est,
2901 1236 3077 1292 oderit
3118 1251 3130 1287 :
3170 1241 3219 1286 et
3251 1233 3470 1285 alterum
3510 1228 3720 1299 diliget,

2120 1343 2175 1400 id
2202 1350 2285 1398 est
2331 1338 2638 1402 Christum,
2676 1331 2769 1402 qui
2811 1329 2954 1384 velut
2993 1332 3303 1380 mansuetus
3340 1322 3589 1376 dominus
3629 1333 3721 1373 so-

2122 1433 2397 1492 lummodo
2440 1444 2505 1485 ex
2564 1426 2755 1481 aﬂectu
2807 1419 3046 1493 przecipit
3090 1416 3256 1472 amari
3299 1413 3583 1484 :Diliges,
3636 1415 3723 1466 in-

2125 1534 2346 1605 quiens,
2375 1527 2658 1583 Dominum
2688 1521 2854 1577 Deum
2882 1531 3025 1574 tuum
3051 1532 3114 1572 ea:
3135 1525 3238 1571 toto
3268 1513 3422 1568 corde
3451 1521 3557 1574 tuo,
3589 1518 3641 1563 et
3663 1522 3728 1562 ex

2131 1603 2235 1686 tota
2263 1627 2433 1681 anima
2463 1632 2587 1687 tua,
2627 1630 2677 1674 et
2700 1635 2765 1674 ea:
2803 1625 2908 1671 tota
2947 1615 3127 1668 virtute
3155 1620 3243 1665 tua
3279 1605 3504 1678 (Matth.
3546 1603 3730 1672 xxii).

2133 1722 2235 1775 Aut
2263 1733 2419 1774 unum
2450 1711 2737 1775 sustinebit,
2771 1709 2819 1763 id
2849 1715 2952 1771 est,
2993 1703 3300 1766 diabolum,
3342 1709 3593 1767 tanquam
3621 1695 3729 1749 du-

2136 1827 2253 1868 rum
2285 1819 2341 1866 et
2369 1808 2628 1864 immitem
2655 1801 2950 1860 dominum.
2986 1796 3103 1866 Ipse
3130 1795 3273 1850 enim
3303 1788 3603 1846 durissimis
3631 1786 3733 1841 im-

2059 1890 2110 1954 Β
2140 1904 2303 1976 periis
2344 1909 2615 1956 amatores
2655 1892 2839 1952 saeculi
2889 1890 3091 1960 quatit,
3141 1895 3197 1941 et
3237 1894 3514 1954 postquam
3560 1877 3735 1935 semel

2139 1971 2412 2056 hominem
2458 1989 2723 2049 dominari
2769 1984 3028 2058 potuerit,
3083 1981 3242 2038 etiam
3290 1978 3559 2032 nolentem
3600 1971 3742 2027 invi-

2141 2105 2360 2162 tumque
2386 2090 2452 2144 ad
2479 2086 2620 2141 male
2648 2081 2912 2154 agendum
2941 2075 3235 2146 compellit,
3267 2087 3364 2126 nec
3389 2071 3506 2122 sine
3530 2065 3744 2137 gravis-

2139 2156 2295 2242 simis
2323 2180 2594 2237 laboribus
2625 2178 2885 2245 imperata
2916 2175 3197 2240 peragunt.
3235 2165 3564 2233 Frequenter
3595 2156 3742 2211 enim

2143 2273 2354 2339 exsilia,
2386 2267 2680 2337 nautragia,
2704 2274 2760 2322 et
2785 2263 2863 2320 rei
2890 2257 3169 2315 familiaris
3195 2254 3412 2316 damna,
3443 2251 3614 2318 ipsam
3645 2261 3746 2315 pot

2145 2377 2347 2422 stremo
2376 2371 2604 2416 mortem
2647 2359 2840 2413 horum
2882 2352 3044 2422 gratia
3090 2346 3383 2418 perierunt.
3428 2341 3506 2396 De
3549 2339 3749 2394 talibus

2148 2460 2418 2527 Scriptura
2437 2453 2568 2510 dicit
2587 2469 2599 2506 :
2623 2449 2691 2507 Ut
2711 2448 2846 2502 male
2860 2451 3087 2516 agerent,
3117 2441 3466 2494 laboraverunt
3489 2431 3541 2502 (J
3551 2448 3623 2486 er.
3641 2447 3698 2485 Ix
3710 2433 3747 2501 ).

2151 2525 2301 2609 Hunc
2340 2563 2468 2617 ergo
2512 2546 2676 2602 talem
2716 2540 2992 2597 dominum
3041 2535 3306 2591 sustinent
3354 2529 3528 2599 potius
3570 2525 3749 2590 inviti,

2151 2660 2310 2715 qualn
2356 2640 2598 2696 serviunt
2639 2633 2838 2692 subditi
2881 2651 2893 2686 :
2936 2629 3056 2701 quia
3103 2633 3382 2696 postquam
3422 2617 3593 2676 semel
3631 2617 3755 2687 ejus

418 449 555 512 H07

419 570 590 635 litant,
618 564 712 620 sed
742 567 958 631 propter
984 555 1076 612 illa
1099 567 1218 622 quae
1245 549 1534 617 accipiunt,
1564 544 1642 597 sic
1671 551 1740 594 no

419 628 637 737 propter
663 628 890 715 salutem
933 649 1190 707 Ecclesiae
1235 643 1537 699 ministrant
1579 637 1716 698 Deo,
1745 628 1839 685 sed
1877 637 1999 727 pro-

420 727 538 828 pter
570 755 683 809 lucc
722 746 1035 817 temporalia
1055 783 1072 808 ,
1100 754 1218 811 qua:
1248 746 1496 805 tanquam
1534 738 1799 784 annonam
1828 728 1884 774 et
1908 727 2004 773 stt-

418 821 614 917 pendia
644 847 1065 907 consequuntur,
1099 841 1190 887 aut
1220 840 1274 884 et
1306 834 1520 898 propter
1548 823 1682 890 hoc,
1713 826 1762 872 et
1788 821 2005 917 propter

423 904 579 996 illud.
613 934 719 992 Sed
748 904 909 1002 supra
930 930 1038 999 jam
1067 925 1268 980 dictum
1291 929 1394 984 est,
1420 932 1524 972 non
1554 911 1773 985 potestis
1801 904 2007 1002 duobus

425 1027 657 1086 dominis
707 997 942 1080 servire.
976 1020 1116 1090 Ergo
1161 1012 1387 1084 simplici
1436 1010 1597 1065 corde
1643 997 2010 1059 tantummodo

429 1128 646 1192 propter
676 1129 896 1187 regnum
928 1113 1022 1167 Dei
1051 1110 1309 1165 debemus
1337 1101 1548 1173 operari
1585 1098 1779 1154 bonum
1808 1094 1871 1147 ad
1897 1106 2013 1146 om-

430 1189 552 1277 nes,
584 1225 688 1265 non
717 1205 970 1262 autem'in
1000 1203 1099 1258 hac
1122 1199 1433 1271 operatione
1459 1195 1538 1252 vel
1563 1193 1754 1257 solam,
1786 1189 1871 1243 vel
1892 1202 2014 1248 cum

429 1320 598 1375 regno
636 1303 725 1358 Dei
757 1298 1060 1356 mercedem
1092 1293 1466 1363 temporalium
1497 1290 1750 1358 cogitare.
1778 1286 2017 1352 Quorum

431 1396 668 1451 omnium
702 1391 1072 1462 temporalium
1104 1387 1356 1454 nomine,
1386 1383 1676 1440 crastinum
1709 1378 1910 1448 posuit,
1939 1375 2020 1430 di-

432 1503 564 1544 cens
594 1505 606 1541 :
641 1485 815 1539 Nolite
849 1499 969 1554 ergo
995 1481 1202 1536 solliciti
1231 1494 1336 1533 esse
1364 1479 1427 1530 de
1460 1473 1702 1530 crastino.
1733 1469 1846 1526 Non
1877 1467 2020 1524 enim

433 1581 625 1636 dicitur
653 1578 916 1634 crastinus
940 1577 1090 1642 dies,
1118 1575 1217 1630 nisi
1248 1573 1302 1626 in
1333 1580 1605 1640 tempore,
1639 1566 1724 1620 ubi
1757 1562 2025 1633 praeterito

436 1673 673 1731 succedit
701 1671 957 1727 futurum.
993 1670 1133 1741 Ergo
1160 1683 1281 1724 cum
1320 1666 1520 1735 aliquid
1561 1662 1683 1717 boni
1713 1674 2022 1728 onerantur,

437 1783 542 1822 non
592 1763 945 1834 temporalia,
993 1761 1088 1817 sed
1132 1772 1330 1816 aeterna
1373 1758 1690 1826 cogitemus.
1742 1753 1893 1808 Tunc
1930 1751 2029 1806 erit

437 1859 567 1917 illud
595 1859 792 1915 bonum
818 1865 874 1912 et
897 1854 1192 1927 perfectum
1218 1869 1370 1925 opus.
1397 1851 1476 1907 'I‘u
1507 1860 1703 1906 autem.

844 1968 1195 2026 HOMILIA
1259 1963 1625 2022 CLXXVII.

944 2077 994 2116 IN
1036 2075 1211 2116 EADEII
1252 2073 1518 2113 DOIINICA.

665 2153 767 2224 (Ex
799 2150 992 2207 Herico
1022 2151 1285 2206 monacho
1307 2142 1816 2212 Antissiodorensi.)

520 2247 584 2300 In
626 2246 720 2299 illo
757 2255 978 2314 tempore
1014 2243 1142 2297 dixit
1184 2240 1336 2295 Iesus
1376 2239 1642 2309 discipulis
1684 2236 1789 2291 suis
1820 2249 1839 2288 :
1871 2232 2039 2291 Nemo

446 2350 608 2409 potest
635 2340 825 2393 duobus
848 2337 1069 2390 dominis
1090 2335 1298 2400 servire,
1325 2342 1428 2388 etc.
1455 2332 1668 2408 (gilanti.
1704 2330 1803 2400 vt).

526 2432 779 2486 Dominus
832 2429 898 2482 ad
954 2428 1056 2482 hoc
1100 2427 1264 2483 homo
1311 2426 1480 2480 iactus
1529 2434 1610 2479 est
1641 2464 1654 2487 ,
1715 2432 1770 2477 ut
1821 2437 1916 2477 nos
1976 2421 2044 2475 de

451 2535 723 2596 potestate
740 2523 1106 2585 .tenebrarum
1151 2518 1414 2587 eriperet,
1455 2527 1616 2585 atque
1667 2530 1886 2586 regnum
1936 2513 2046 2568 Deo

453 2618 596 2675 I’atri
621 2631 720 2672 nos
748 2619 966 2671 laceret.
1006 2612 1096 2667 Ait
1123 2611 1264 2668 enim
1295 2611 1407 2680 ipse
1436 2610 1487 2663 in
1512 2609 1742 2679 quodam
1771 2603 2044 2674 Evangelii

457 2713 579 2767 loco
620 2709 922 2781 parabolice
959 2707 1212 2777 loquens,
1243 2705 1382 2774 quod
1420 2705 1571 2758 homo
1612 2704 1822 2774 quidam
1861 2701 2048 2754 nobilis

456 2804 582 2857 abiit
633 2804 687 2857 in
741 2805 997 2874 regionem
1043 2802 1374 2873 longinquam
1425 2799 1652 2869 accipere
1695 2797 1789 2851 sibi
1836 2812 2050 2866 regnum

457 2895 614 2965 (Luc.
661 2895 791 2966 xIx).
840 2895 1044 2962 Quibus
1091 2893 1266 2950 verbis
1307 2891 1508 2946 nullum
1555 2890 1718 2944 alium
1768 2903 1928 2956 quam
1967 2900 2051 2940 se.

462 2985 636 3054 ipsum
685 2985 911 3054 intelligi
940 2985 1139 3050 voluit,
1181 2984 1269 3054 qui
1300 2983 1366 3038 ad
1405 2984 1505 3038 hoc
1532 2983 1598 3039 de
1643 2980 1953 3037 caelestibus
1998 2979 2052 3032 in

461 3077 601 3131 hanc
623 3091 982 3131 aerumnarum
1005 3091 1068 3131 ac
1092 3075 1281 3131 mortis
1305 3075 1576 3144 regionem
1601 3074 1783 3128 venire
1809 3071 2056 3141 dignatus

463 3177 565 3231 est,
597 3175 656 3222 ut
685 3167 966 3238 imperium
999 3166 1199 3221 diaboli
1239 3165 1380 3236 quod
1422 3164 1626 3221 findere
1660 3163 1891 3235 quodam
1928 3177 2053 3230 pec-

466 3259 606 3325 cati,
642 3260 936 3328 mortisque
976 3268 1190 3314 teternte
1229 3267 1385 3327 pacto
1429 3266 1799 3327 persuaserat,
1830 3256 2055 3324 dissipa-
2078 3250 2128 3316 C

467 3363 585 3418 ret,
619 3362 672 3408 et
700 3367 920 3422 regnum
959 3364 1115 3406 suum
1137 3352 1356 3419 justitite
1385 3365 1447 3405 ac
1477 3349 1897 3404 mansuetudinis
1927 3347 2057 3416 legi-

470 3446 568 3500 bus
597 3445 877 3499 exaltaret.
911 3444 1042 3498 Cum
1075 3458 1202 3512 ergo
1246 3443 1355 3512 jam
1393 3441 1543 3494 multi
1585 3457 1613 3494 a
1656 3454 1819 3509 regno
1860 3439 2059 3494 diaboli

470 3535 783 3601 delicerent,
813 3543 868 3590 et
889 3534 1081 3589 edictis
1107 3533 1418 3590 caelestibus
1457 3544 1722 3602 parentes,
1755 3534 1903 3603 signa
1938 3532 2058 3586 tidei

475 3637 718 3698 prompta
740 3626 1024 3682 devmione
1047 3627 1312 3692 subirent,
1343 3625 1442 3679 hac
1467 3623 1707 3678 oratione
1732 3637 1826 3678 eos
1854 3637 1944 3677 rex
1971 3621 2061 3678 ille

473 3719 946 3776 victoriosissimus
960 3716 1245 3786 alloquitur
1265 3734 1277 3770 :
1299 3715 1462 3770 Nemo
1491 3724 1652 3785 potest
1679 3713 1874 3768 duobus
1891 3713 2062 3766 domi-

474 3813 555 3867 nis
584 3812 787 3866 servire.
818 3812 897 3866 Ac
922 3809 967 3863 si
999 3809 1118 3863 aliis
1146 3809 1323 3863 verbis
1353 3809 1418 3861 ad
1445 3805 1736 3875 spiritualis
1759 3803 1959 3858 militiae
1984 3803 2064 3855 di-

476 3905 756 3975 sciplinam
796 3902 1086 3958 exhortans
1111 3901 1255 3956 dicat
1289 3919 1303 3954 :
1339 3900 1394 3956 Si
1436 3896 1669 3969 perfecte
1715 3897 1819 3951 mei
1856 3896 2063 3964 imperii

478 4001 561 4074 jus
591 3997 786 4067 eligitis
805 4036 822 4063 ,
855 4005 1067 4066 oportet
1097 4005 1155 4050 ut
1184 4010 1278 4065 per
1303 3995 1482 4051 omnia
1512 3993 1703 4062 prioris
1725 3991 1926 4045 domini
1953 4005 2068 4044 scr-

481 4089 664 4148 vitiutu
704 4089 970 4144 abnuatis.
1007 4086 1189 4158 Neque
1221 4088 1362 4141 enim
1395 4086 1552 4139 simul
1590 4083 1826 4151 utrisque
1863 4083 2070 4136 obtem-

483 4185 659 4256 perari
688 4192 884 4253 potest,
907 4196 1027 4237 cum
1051 4179 1321 4236 contraria
1345 4177 1445 4232 sibi
1471 4177 1584 4232 sint
1604 4189 1722 4244 quae
1742 4187 1842 4243 ego
1865 4181 1921 4228 et
1948 4186 2071 4242 quae

483 4279 577 4336 ille
608 4277 960 4348 praecipimus.
985 4273 1097 4344 Ego
1125 4271 1356 4341 denique
1393 4285 1512 4340 quae
1545 4267 1842 4324 sanctitatis
1871 4276 1926 4321 et
1953 4279 2074 4335 quae

485 4370 782 4428 honestatis
811 4365 1118 4436 suntjubeo
1143 4364 1375 4433 impleri,
1404 4363 1493 4416 ille
1519 4360 1688 4431 turpia
1718 4360 1893 4415 omnia
1917 4367 2075 4426 atque

488 4460 756 4520 honestati
802 4457 1148 4529 repugnantia
1199 4455 1438 4525 praecipit
1478 4452 1738 4509 exerceri.
1775 4450 1886 4521 Ego
1912 4449 2078 4504 virtu-

491 4566 604 4611 tum
633 4569 780 4608 arma
813 4567 988 4607 meum
1023 4551 1244 4606 militem
1274 4565 1369 4619 pro
1398 4549 1825 4612 mansuetudine,
1854 4545 2077 4602 humili-

2153 2752 2315 2804 super
2339 2749 2398 2789 se
2421 2729 2719 2786 dominium
2748 2733 2940 2795 sponte
2975 2716 3312 2787 susceperint
3333 2756 3348 2781 ,
3381 2724 3654 2782 nunquam
3688 2707 3755 2762 de

2154 2842 2351 2886 caetero
2380 2826 2492 2881 suis
2523 2824 2721 2878 viribus
2743 2861 2760 2886 ,
2801 2819 2901 2873 nisi
2942 2815 3054 2869 sola
3097 2810 3193 2868 Dei
3230 2807 3560 2864 validissima
3590 2816 3756 2857 manu

2154 2920 2289 2989 eripi
2323 2925 2565 2987 possunt.
2595 2912 2659 2966 Et
2688 2913 2924 2975 alterum,
2952 2905 3144 2978 inquit,
3175 2910 3482 2963 contemnet,
3518 2897 3621 2951 hoc
3648 2904 3753 2959 est,

2156 2985 2347 3068 Deum.
2378 3009 2448 3065 Et
2468 3006 2700 3063 notanda
2729 3002 3021 3074 proprietas
3041 2997 3327 3053 verborum
3361 2989 3595 3048 Domini.
3619 2985 3754 3042 Cum

2157 3104 2300 3159 enim
2331 3098 2697 3168 praemisisset,
2725 3095 2911 3150 dicens
2941 3107 2956 3146 :
2987 3091 3089 3143 Aut
3109 3101 3273 3142 unum
3304 3083 3423 3138 odio
3451 3079 3679 3144 habebit,
3712 3087 3760 3132 et

2158 3198 2375 3252 alterum
2404 3194 2614 3264 diliget,
2642 3205 2748 3245 non
2776 3196 2859 3242 est
2885 3185 3205 3240 subsecutus
3234 3194 3266 3235 e
3292 3186 3482 3233 contra
3518 3183 3576 3228 ut
3615 3170 3764 3226 dice-

2160 3300 2244 3346 ret
2274 3307 2286 3342 :
2319 3291 2424 3343 Aut
2453 3299 2617 3340 unum
2646 3283 2865 3350 diliget,
2892 3278 2944 3333 id
2970 3287 3052 3332 est
3071 3315 3087 3340 ,
3114 3273 3386 3329 diabolum
3407 3314 3420 3336 ,
3453 3277 3510 3324 et
3532 3267 3763 3322 alterum

2160 3381 2285 3437 odio
2314 3375 2561 3440 habebit,
2594 3373 2646 3429 id
2672 3382 2755 3428 est
2786 3371 2976 3436 Deum,
3019 3366 3146 3437 quia
3175 3362 3377 3420 nullius
3405 3353 3764 3421 conscientia,

2161 3467 2503 3540 quantumvis
2542 3462 2968 3537 perversissima,
3011 3458 3078 3513 ad
3109 3456 3213 3511 hoc
3240 3462 3416 3525 potest
3446 3460 3764 3515 erumpere,

2162 3571 2222 3615 ut
2248 3561 2390 3613 dicat
2417 3572 2476 3612 se
2508 3557 2675 3612 Deum
2705 3553 2828 3609 odio
2850 3551 3070 3615 habere,
3098 3555 3189 3602 aut
3215 3544 3486 3600 diabolum
3517 3540 3765 3610 diligere.

2165 3650 2487 3706 (lontemnet
2520 3661 2686 3710 vero,
2728 3643 2782 3698 id
2821 3650 2940 3707 est,
2971 3654 3075 3693 non
3119 3635 3344 3692 timebit.
3387 3629 3767 3688 Contemnitur

2167 3738 2310 3796 enim
2343 3737 2486 3792 Deus
2513 3734 2581 3790 ab
2606 3733 2732 3799 illis,
2756 3733 2848 3802 qui
2877 3738 3161 3800 peccantes
3186 3727 3252 3781 de
3289 3722 3614 3794 impunitate
3642 3733 3769 3775 sce-

2170 3832 2344 3887 lerum
2378 3827 2746 3894 blandiuntur,
2789 3831 3037 3893 putantes
3066 3829 3157 3873 aut
3189 3816 3402 3873 nescire
3427 3829 3526 3868 sua
3561 3812 3771 3866 scelera

2170 3922 2365 3986 Deum,
2394 3928 2485 3972 aut
2513 3918 2628 3971 visa
2657 3916 2839 3970 statim
2870 3912 3140 3982 indulgere
3175 3926 3189 3962 :
3220 3909 3310 3976 qui
3350 3905 3600 3961 nesciunt
3629 3903 3772 3971 quod

2170 4008 2558 4068 dissimulando
2570 4021 2664 4062 eos
2677 4005 2858 4061 divina
2877 4003 3083 4058 bonitas
3099 4000 3164 4055 ad
3186 3996 3556 4071 paenitentiam
3577 4008 3778 4064 provo-

2171 4115 2292 4174 cet,
2325 4102 2538 4156 dicente
2574 4096 2834 4168 Apostolo
2868 4113 2882 4152 :
2921 4094 3002 4148 An
3043 4093 3206 4148 nescis
3241 4092 3367 4162 quia
3397 4087 3652 4159 patientia
3683 4084 3780 4138 Dei

2173 4194 2243 4247 ad
2275 4191 2620 4263 paenitentiam
2640 4198 2686 4243 te
2711 4186 2922 4241 adducit
2945 4183 3122 4257 (Rom.
3149 4180 3246 4253 tt)?
3269 4180 3353 4236 Tu
3374 4187 3553 4234 autem
3578 4190 3780 4232 secun-

2177 4287 2303 4341 dum
2329 4282 2581 4338 duritiam
2628 4288 2770 4335 tuam
2795 4317 2812 4343 ,
2849 4287 2903 4332 et
2930 4290 3024 4332 cor
3062 4272 3405 4344 impmnitens
3442 4268 3779 4326 thesaurixas

2181 4379 2274 4435 tibi
2309 4378 2442 4433 iram
2485 4377 2554 4438 in,
2581 4374 2670 4430 die
2699 4374 2793 4428 ira:
2827 4374 2897 4428 et‘
2914 4369 3259 4426 revelationis
3281 4366 3415 4437 justi
3440 4363 3628 4436 judicii
3664 4361 3779 4416 Dei.

2181 4471 2351 4526 Aliter
2368 4488 2379 4523 :
2395 4467 2790 4524 Convenienter
2803 4473 2981 4520 autem
2996 4461 3219 4526 addidit,
3237 4468 3330 4515 aut
3342 4473 3504 4514 unum
3521 4455 3785 4511 su5tinen-

2183 4563 2334 4627 dum,
2366 4561 2466 4616 hoc
2491 4570 2595 4624 est,
2619 4557 2913 4624 diabolum,
2938 4563 3030 4610 aut
3047 4553 3274 4609 alterum
3295 4550 3784 4614 contemnendum,

492 4660 707 4717 taleque
735 4646 998 4702 servanda
1027 4645 1276 4700 alacriter
1311 4645 1563 4713 excipere
1585 4684 1600 4708 ,
1646 4643 1735 4699 ille
1773 4641 1916 4712 cogit
1951 4654 2077 4694 suos
2102 4624 2160 4688 Ῐ)
2183 4624 2434 4710 videlicet
2475 4650 2665 4705 Deum.
2705 4647 3015 4705 οοηιοιηηίι
3048 4645 3192 4701 enim
3231 4643 3436 4710 Deum,
3470 4640 3569 4697 sed
3604 4651 3786 4695 nmen

493 4757 592 4814 pro
621 4740 865 4810 superbia
897 4748 1125 4794 mortem
1166 4736 1464 4794 insontibus
1499 4738 1757 4806 irregare.
1798 4735 2077 4804 Quomodo

498 4851 626 4906 ergo
649 4842 823 4903 potest
845 4833 1104 4888 ambobus
1135 4847 1227 4900 par
1249 4831 1486 4886 exhiberi
1518 4829 1822 4892 famulatus,
1854 4841 2079 4897 quorum

496 4927 678 4996 dispar
697 4933 779 4978 est
803 4922 1143 4978 dominatus?
1176 4922 1299 4977 llaec
1328 4922 1489 4977 verba
1515 4920 1888 4989 Redemptoris
1917 4918 2084 4971 nostri

497 5020 564 5075 ad
594 5033 754 5075 curas
781 5016 935 5074 istius
965 5016 1145 5072 saeculi
1177 5015 1453 5070 evitandas
1483 5029 1580 5070 nos
1611 5013 1916 5074 instruunt,
1947 5019 2002 5063 et
2031 5018 2088 5062 ut

498 5123 844 5170 contemnere
871 5109 1212 5179 temporalia,
1242 5117 1295 5162 et
1338 5107 1576 5162 coelestia
1607 5103 1916 5160 studeamus
1943 5115 2084 5156 sem-

500 5221 597 5275 per
625 5215 898 5275 appetere,
931 5203 1300 5260 exhortantur.
1331 5200 1520 5269 Nemo,
1551 5200 1741 5269 inquit,
1778 5206 1936 5266 potest
1959 5197 2086 5248 duo.

504 5303 594 5356 bus
618 5300 840 5354 dominis
861 5299 1063 5352 servire.
1086 5296 1215 5364 Qum
1236 5296 1497 5351 sententia
1515 5293 1666 5365 juxta
1691 5292 1918 5345 litteram
1942 5304 2092 5358 aper-

506 5393 712 5450 tissime
739 5392 902 5448 etiam
932 5405 1038 5444 non
1067 5389 1308 5459 exposita
1339 5389 1521 5454 claret,
1555 5387 1673 5456 quia
1703 5399 1860 5441 nemo
1885 5385 2090 5442 scilicet

506 5488 716 5544 duobus
743 5485 974 5541 dominis
1003 5481 1305 5538 carnalibus
1334 5483 1406 5536 ita
1436 5488 1611 5549 potest
1638 5479 1867 5544 servire,
1901 5489 1954 5532 ut
1979 5494 2092 5532 am-

511 5580 681 5636 bobus
708 5578 983 5649 aequaliter
1006 5577 1229 5644 placeat,
1266 5576 1500 5643 utrisque
1523 5573 1797 5642 aequaliter
1827 5574 2089 5642 obsequa-

512 5680 619 5728 tur.
662 5669 815 5726 Unde
854 5669 1092 5738 sequitur
1135 5687 1146 5720 :
1193 5671 1292 5720 Aut
1330 5668 1465 5720 enim
1514 5682 1668 5720 unum
1710 5666 1825 5720 odio
1874 5665 2092 5735 habebit,

514 5775 564 5820 et
593 5765 808 5817 alterum
836 5763 1032 5832 diliget,
1065 5771 1151 5814 aut
1172 5777 1329 5815 uuunt
1360 5759 1643 5826 sustinebit,
1669 5771 1717 5812 et
1739 5759 1955 5813 alterum
1978 5775 2099 5812 con-

519 5869 723 5916 temnet.
774 5856 1050 5930 Spirituali
1096 5871 1226 5911 vero
1262 5854 1529 5912 intellectu
1579 5857 1665 5928 qui
1712 5856 1818 5912 sint
1859 5855 1946 5911 isti
1995 5856 2097 5911 duo

2186 4763 2292 4803 non
2314 4745 2445 4812 odit,
2459 4743 2702 4815 quisquis
2729 4748 2990 4812 praecepta
3014 4739 3158 4796 illius
3174 4737 3594 4795 contradicendo
3611 4735 3792 4804 despi-

2186 4838 2279 4895 cit.
2314 4839 2554 4894 Sustinet
2580 4850 2710 4891 vero
2739 4833 3006 4890 diabolum
3025 4873 3044 4899 ,
3075 4841 3327 4901 tanquam
3355 4828 3400 4883 si
3438 4827 3559 4900 quis
3587 4828 3791 4882 durum

2191 4940 2248 4986 et
2270 4927 2546 4984 crudelem
2581 4927 2774 4982 habeat
2799 4925 3099 4993 dominum,
3123 4922 3217 4978 sed
3248 4930 3429 4976 tamen
3456 4935 3562 4975 non
3590 4918 3792 4988 diligit,

2191 5023 2495 5094 quicunque
2525 5036 2621 5090 per
2643 5019 2993 5089 cupiditatem
3021 5018 3326 5072 divitiarum
3372 5015 3446 5070 illi
3491 5028 3554 5068 se
3584 5012 3793 5081 subdit,

2190 5113 2280 5182 qui
2308 5113 2556 5182 princeps
2584 5110 2744 5182 hujus
2777 5109 2961 5165 mundi
3003 5107 3250 5175 habetur,
3279 5105 3490 5161 dicente
3520 5101 3790 5157 Domino:

2196 5203 2345 5259 Venit
2376 5204 2608 5272 princeps
2633 5203 2811 5256 mundi
2837 5202 3013 5272 hujus,
3059 5209 3106 5252 et
3140 5200 3194 5252 in
3216 5214 3294 5252 me
3326 5213 3427 5250 non
3466 5195 3617 5248 habet
3639 5193 3799 5264 quid-

2193 5315 2345 5369 quam
2372 5295 2551 5368 (Joan.
2590 5296 2728 5368 xiv).
2759 5295 2865 5352 Sed
2910 5294 3033 5350 licet
3062 5293 3210 5348 illum
3242 5291 3504 5347 sustineat
3532 5296 3799 5357 tanquam

2195 5392 2466 5449 crudelem
2494 5390 2795 5456 dominum,
2824 5403 2930 5444 non
2967 5397 3144 5442 tamen
3176 5383 3367 5456 diligit.
3401 5382 3562 5438 Verbi
3586 5381 3796 5452 gratia,

2197 5486 2240 5543 si
2275 5486 2392 5556 quis
2442 5485 2493 5539 in
2542 5483 2733 5554 majori
2786 5483 2960 5553 aliqua
3008 5482 3190 5545 domo,
3239 5479 3448 5535 ancilla:
3498 5473 3804 5544 cujuslibet

2199 5577 2430 5634 hominis
2461 5578 2690 5646 potentis
2713 5576 3016 5645 copulatur,
3043 5573 3204 5629 etiam
3239 5573 3285 5627 si
3317 5585 3425 5626 non
3448 5567 3637 5637 diligat
3662 5579 3795 5620 eum

2199 5673 2351 5742 cujus
2381 5670 2627 5726 ancillam
2649 5667 2838 5738 diligit,
2873 5677 3088 5737 propter
3116 5665 3224 5720 vim
3254 5675 3433 5718 tamen
3477 5673 3591 5714 suae
3630 5656 3797 5725 cupi-

2202 5765 2343 5821 dinis
2371 5764 2558 5818 duram
2608 5762 2838 5818 sustinet
2869 5759 3206 5824 servitutem,
3245 5752 3581 5826 subjiciendo
3626 5764 3683 5806 se
3714 5747 3799 5802 illi

2205 5858 2358 5929 cujus
2380 5855 2627 5917 ancillam
2657 5855 2758 5912 sibi
2803 5853 3146 5931 conjunctam
3176 5851 3349 5924 diligit
3376 5868 3387 5905 :
3440 5848 3518 5906 sic
3547 5855 3601 5903 et
3629 5843 3806 5899 homo
