  <div class='ocr_page' id='page_1' title='image "/cluster/home/n/w/nwhite01/storage/ocr_20150623/95/hvd.32044010719722/734.png"; bbox 0 0 4096 6346; ppageno 0'>
   <div class='ocr_carea' id='block_1_1' title="bbox 358 382 501 447">
    <p class='ocr_par' dir='ltr' id='par_1_1' title="bbox 358 382 501 447">
     <span class='ocr_line' id='line_1_1' title="bbox 358 382 501 447; baseline -0.007 -1"><span class='ocrx_word' id='word_1_1' title='bbox 358 382 501 447; x_wconf 72' lang='grc'><strong>1409</strong></span> 
     </span>
    </p>
   </div>
   <div class='ocr_carea' id='block_1_2' title="bbox 1312 357 2624 446">
    <p class='ocr_par' dir='ltr' id='par_1_2' title="bbox 1312 357 2624 446">
     <span class='ocr_line' id='line_1_2' title="bbox 1312 357 2624 446; baseline -0.003 -8"><span class='ocrx_word' id='word_1_2' title='bbox 1312 377 1786 440; x_wconf 79' lang='lat' dir='ltr'><strong>llOMILlARlUS.</strong></span> <span class='ocrx_word' id='word_1_3' title='bbox 1816 357 1903 421; x_wconf 51' lang='grc' dir='ltr'><strong>’ἐκ</strong></span> <span class='ocrx_word' id='word_1_4' title='bbox 1934 361 2102 436; x_wconf 73' lang='lat' dir='ltr'><strong>neu.</strong></span> <span class='ocrx_word' id='word_1_5' title='bbox 2147 377 2235 435; x_wconf 73' lang='lat' dir='ltr'><strong>ne</strong></span> <span class='ocrx_word' id='word_1_6' title='bbox 2271 375 2624 446; x_wconf 67' lang='lat' dir='ltr'><strong>reasons.</strong></span> 
     </span>
    </p>
   </div>
   <div class='ocr_carea' id='block_1_3' title="bbox 3497 381 3636 435">
    <p class='ocr_par' dir='ltr' id='par_1_3' title="bbox 3497 381 3636 435">
     <span class='ocr_line' id='line_1_3' title="bbox 3497 381 3636 435; baseline 0.022 -3"><span class='ocrx_word' id='word_1_7' title='bbox 3497 381 3636 435; x_wconf 69' lang='lat' dir='ltr'><strong>Mil)</strong></span> 
     </span>
    </p>
   </div>
   <div class='ocr_carea' id='block_1_4' title="bbox 353 492 3634 573">
    <p class='ocr_par' dir='ltr' id='par_1_4' title="bbox 353 492 3634 573">
     <span class='ocr_line' id='line_1_4' title="bbox 353 492 3634 573; baseline -0.004 -12"><span class='ocrx_word' id='word_1_8' title='bbox 353 505 582 573; x_wconf 77' lang='lat' dir='ltr'><strong>diligens</strong></span> <span class='ocrx_word' id='word_1_9' title='bbox 627 494 863 566; x_wconf 76' lang='lat' dir='ltr'><strong>divitias,</strong></span> <span class='ocrx_word' id='word_1_10' title='bbox 915 508 1107 554; x_wconf 85' lang='lat' dir='ltr'><strong>servus</strong></span> <span class='ocrx_word' id='word_1_11' title='bbox 1160 496 1362 553; x_wconf 89' lang='lat' dir='ltr'><strong>diaboli</strong></span> <span class='ocrx_word' id='word_1_12' title='bbox 1409 507 1513 563; x_wconf 91' lang='lat' dir='ltr'><strong>est,</strong></span> <span class='ocrx_word' id='word_1_13' title='bbox 1565 498 1657 568; x_wconf 91' lang='lat' dir='ltr'><strong>qui</strong></span> <span class='ocrx_word' id='word_1_14' title='bbox 1708 504 1870 566; x_wconf 89' lang='lat' dir='ltr'><strong>caput</strong></span> <span class='ocrx_word' id='word_1_15' title='bbox 1893 493 2259 556; x_wconf 81' lang='lat' dir='ltr'><strong>etAconstat</strong></span> <span class='ocrx_word' id='word_1_16' title='bbox 2286 495 2517 554; x_wconf 87' lang='lat' dir='ltr'><strong>animam</strong></span> <span class='ocrx_word' id='word_1_17' title='bbox 2542 497 2936 566; x_wconf 90' lang='lat' dir='ltr'><strong>incorpoream,</strong></span> <span class='ocrx_word' id='word_1_18' title='bbox 2987 492 3165 550; x_wconf 86' lang='lat' dir='ltr'><strong>cibum</strong></span> <span class='ocrx_word' id='word_1_19' title='bbox 3197 508 3328 552; x_wconf 92' lang='lat' dir='ltr'><strong>vero</strong></span> <span class='ocrx_word' id='word_1_20' title='bbox 3355 507 3475 551; x_wconf 92' lang='lat' dir='ltr'><strong>esse</strong></span> <span class='ocrx_word' id='word_1_21' title='bbox 3514 511 3634 550; x_wconf 81' lang='lat' dir='ltr'><strong>cor-</strong></span> 
     </span>
    </p>
   </div>
   <div class='ocr_carea' id='block_1_5' title="bbox 354 590 1952 668">
    <p class='ocr_par' dir='ltr' id='par_1_5' title="bbox 354 590 1952 668">
     <span class='ocr_line' id='line_1_5' title="bbox 354 590 1952 668; baseline -0.002 -17"><span class='ocrx_word' id='word_1_22' title='bbox 354 598 608 668; x_wconf 86' lang='lat' dir='ltr'><strong>princeps</strong></span> <span class='ocrx_word' id='word_1_23' title='bbox 633 601 717 648; x_wconf 90' lang='lat' dir='ltr'><strong>est</strong></span> <span class='ocrx_word' id='word_1_24' title='bbox 741 599 1039 647; x_wconf 89' lang='lat' dir='ltr'><strong>amatorum</strong></span> <span class='ocrx_word' id='word_1_25' title='bbox 1064 591 1270 646; x_wconf 92' lang='lat' dir='ltr'><strong>mundi.</strong></span> <span class='ocrx_word' id='word_1_26' title='bbox 1297 590 1523 646; x_wconf 73' lang='lat' dir='ltr'><strong>Divitias</strong></span> <span class='ocrx_word' id='word_1_27' title='bbox 1540 592 1682 648; x_wconf 91' lang='lat' dir='ltr'><strong>enim</strong></span> <span class='ocrx_word' id='word_1_28' title='bbox 1708 592 1952 662; x_wconf 89' lang='lat' dir='ltr'><strong>posside-</strong></span> 
     </span>
    </p>
   </div>
   <div class='ocr_carea' id='block_1_6' title="bbox 354 683 1952 756">
    <p class='ocr_par' dir='ltr' id='par_1_6' title="bbox 354 683 1952 756">
     <span class='ocr_line' id='line_1_6' title="bbox 354 683 1952 756; baseline -0.001 -12"><span class='ocrx_word' id='word_1_29' title='bbox 354 703 432 752; x_wconf 89' lang='lat' dir='ltr'><strong>re,</strong></span> <span class='ocrx_word' id='word_1_30' title='bbox 462 683 777 742; x_wconf 74' lang='lat' dir='ltr'><strong>indifferens</strong></span> <span class='ocrx_word' id='word_1_31' title='bbox 802 697 938 754; x_wconf 92' lang='lat' dir='ltr'><strong>opus</strong></span> <span class='ocrx_word' id='word_1_32' title='bbox 965 692 1068 739; x_wconf 89' lang='lat' dir='ltr'><strong>est.</strong></span> <span class='ocrx_word' id='word_1_33' title='bbox 1109 683 1242 739; x_wconf 92' lang='lat' dir='ltr'><strong>Nam</strong></span> <span class='ocrx_word' id='word_1_34' title='bbox 1286 699 1387 741; x_wconf 87' lang='lat' dir='ltr'><strong>nec</strong></span> <span class='ocrx_word' id='word_1_35' title='bbox 1413 685 1570 740; x_wconf 90' lang='lat' dir='ltr'><strong>diviti</strong></span> <span class='ocrx_word' id='word_1_36' title='bbox 1597 685 1793 740; x_wconf 92' lang='lat' dir='ltr'><strong>obsunt</strong></span> <span class='ocrx_word' id='word_1_37' title='bbox 1821 698 1952 756; x_wconf 83' lang='lat' dir='ltr'><strong>opes</strong></span> 
     </span>
    </p>
   </div>
   <div class='ocr_carea' id='block_1_7' title="bbox 352 777 1950 848">
    <p class='ocr_par' dir='ltr' id='par_1_7' title="bbox 352 777 1950 848">
     <span class='ocr_line' id='line_1_7' title="bbox 352 777 1950 848; baseline 0.001 -16"><span class='ocrx_word' id='word_1_38' title='bbox 352 781 395 833; x_wconf 93' lang='lat' dir='ltr'><strong>si</strong></span> <span class='ocrx_word' id='word_1_39' title='bbox 429 779 506 834; x_wconf 90' lang='lat' dir='ltr'><strong>eis</strong></span> <span class='ocrx_word' id='word_1_40' title='bbox 531 777 666 833; x_wconf 90' lang='lat' dir='ltr'><strong>bene</strong></span> <span class='ocrx_word' id='word_1_41' title='bbox 696 785 897 844; x_wconf 91' lang='lat' dir='ltr'><strong>utatur,</strong></span> <span class='ocrx_word' id='word_1_42' title='bbox 929 791 1029 832; x_wconf 90' lang='lat' dir='ltr'><strong>nec</strong></span> <span class='ocrx_word' id='word_1_43' title='bbox 1057 791 1344 846; x_wconf 85' lang='lat' dir='ltr'><strong>pauperem</strong></span> <span class='ocrx_word' id='word_1_44' title='bbox 1370 787 1582 848; x_wconf 75' lang='lat' dir='ltr'><strong>egestas</strong></span> <span class='ocrx_word' id='word_1_45' title='bbox 1604 779 1950 835; x_wconf 90' lang='lat' dir='ltr'><strong>commenda-</strong></span> 
     </span>
    </p>
   </div>
   <div class='ocr_carea' id='block_1_8' title="bbox 355 870 1950 942">
    <p class='ocr_par' dir='ltr' id='par_1_8' title="bbox 355 870 1950 942">
     <span class='ocr_line' id='line_1_8' title="bbox 355 870 1950 942; baseline 0.001 -16"><span class='ocrx_word' id='word_1_46' title='bbox 355 873 598 928; x_wconf 88' lang='lat' dir='ltr'><strong>biliorem</strong></span> <span class='ocrx_word' id='word_1_47' title='bbox 627 871 773 936; x_wconf 82' lang='lat' dir='ltr'><strong>facit,</strong></span> <span class='ocrx_word' id='word_1_48' title='bbox 807 871 848 924; x_wconf 93' lang='lat' dir='ltr'><strong>si</strong></span> <span class='ocrx_word' id='word_1_49' title='bbox 876 870 1014 924; x_wconf 89' lang='lat' dir='ltr'><strong>inter</strong></span> <span class='ocrx_word' id='word_1_50' title='bbox 1043 871 1228 925; x_wconf 83' lang='lat' dir='ltr'><strong>sordes</strong></span> <span class='ocrx_word' id='word_1_51' title='bbox 1249 880 1303 926; x_wconf 91' lang='lat' dir='ltr'><strong>et</strong></span> <span class='ocrx_word' id='word_1_52' title='bbox 1336 872 1568 940; x_wconf 90' lang='lat' dir='ltr'><strong>inopiam</strong></span> <span class='ocrx_word' id='word_1_53' title='bbox 1599 881 1817 942; x_wconf 87' lang='lat' dir='ltr'><strong>peccata</strong></span> <span class='ocrx_word' id='word_1_54' title='bbox 1844 887 1950 928; x_wconf 91' lang='lat' dir='ltr'><strong>non</strong></span> 
     </span>
    </p>
   </div>
   <div class='ocr_carea' id='block_1_9' title="bbox 351 961 1950 1032">
    <p class='ocr_par' dir='ltr' id='par_1_9' title="bbox 351 961 1950 1032">
     <span class='ocr_line' id='line_1_9' title="bbox 351 961 1950 1032; baseline 0.001 -14"><span class='ocrx_word' id='word_1_55' title='bbox 351 972 559 1019; x_wconf 78' lang='lat' dir='ltr'><strong>caveat.</strong></span> <span class='ocrx_word' id='word_1_56' title='bbox 595 961 719 1016; x_wconf 88' lang='lat' dir='ltr'><strong>Non</strong></span> <span class='ocrx_word' id='word_1_57' title='bbox 761 962 969 1032; x_wconf 83' lang='lat' dir='ltr'><strong>potestis</strong></span> <span class='ocrx_word' id='word_1_58' title='bbox 1002 961 1112 1015; x_wconf 86' lang='lat' dir='ltr'><strong>Deo</strong></span> <span class='ocrx_word' id='word_1_59' title='bbox 1150 962 1335 1016; x_wconf 84' lang='lat' dir='ltr'><strong>servire</strong></span> <span class='ocrx_word' id='word_1_60' title='bbox 1359 970 1406 1016; x_wconf 87' lang='lat' dir='ltr'><strong>et</strong></span> <span class='ocrx_word' id='word_1_61' title='bbox 1434 979 1755 1019; x_wconf 79' lang='lat' dir='ltr'><strong>mammonw.</strong></span> <span class='ocrx_word' id='word_1_62' title='bbox 1785 963 1950 1020; x_wconf 80' lang='lat' dir='ltr'><strong>Mam-</strong></span> 
     </span>
    </p>
   </div>
   <div class='ocr_carea' id='block_1_10' title="bbox 353 1051 1946 1126">
    <p class='ocr_par' dir='ltr' id='par_1_10' title="bbox 353 1051 1946 1126">
     <span class='ocr_line' id='line_1_10' title="bbox 353 1051 1946 1126; baseline 0 -15"><span class='ocrx_word' id='word_1_63' title='bbox 353 1070 513 1112; x_wconf 90' lang='lat' dir='ltr'><strong>mona</strong></span> <span class='ocrx_word' id='word_1_64' title='bbox 553 1054 694 1126; x_wconf 91' lang='lat' dir='ltr'><strong>apud</strong></span> <span class='ocrx_word' id='word_1_65' title='bbox 732 1051 992 1110; x_wconf 64' lang='lat' dir='ltr'><strong>Hebraeos</strong></span> <span class='ocrx_word' id='word_1_66' title='bbox 1029 1054 1132 1121; x_wconf 45' lang='lat' dir='ltr'><strong>vel,</strong></span> <span class='ocrx_word' id='word_1_67' title='bbox 1158 1054 1368 1124; x_wconf 86' lang='lat' dir='ltr'><strong>Syrios,</strong></span> <span class='ocrx_word' id='word_1_68' title='bbox 1422 1054 1625 1110; x_wconf 67' lang='lat' dir='ltr'><strong>divitia:</strong></span> <span class='ocrx_word' id='word_1_69' title='bbox 1676 1057 1946 1126; x_wconf 81' lang='lat' dir='ltr'><strong>interpre-</strong></span> 
     </span>
    </p>
   </div>
   <div class='ocr_carea' id='block_1_11' title="bbox 354 1146 1950 1211">
    <p class='ocr_par' dir='ltr' id='par_1_11' title="bbox 354 1146 1950 1211">
     <span class='ocr_line' id='line_1_11' title="bbox 354 1146 1950 1211; baseline -0.001 -7"><span class='ocrx_word' id='word_1_70' title='bbox 354 1157 534 1204; x_wconf 83' lang='lat' dir='ltr'><strong>tantur</strong></span> <span class='ocrx_word' id='word_1_71' title='bbox 564 1147 786 1211; x_wconf 86' lang='lat' dir='ltr'><strong>Latine;</strong></span> <span class='ocrx_word' id='word_1_72' title='bbox 819 1146 1020 1200; x_wconf 85' lang='lat' dir='ltr'><strong>Punice</strong></span> <span class='ocrx_word' id='word_1_73' title='bbox 1067 1154 1245 1199; x_wconf 88' lang='lat' dir='ltr'><strong>autem</strong></span> <span class='ocrx_word' id='word_1_74' title='bbox 1294 1162 1554 1200; x_wconf 87' lang='lat' dir='ltr'><strong>mammon</strong></span> <span class='ocrx_word' id='word_1_75' title='bbox 1586 1147 1790 1202; x_wconf 91' lang='lat' dir='ltr'><strong>lucrum</strong></span> <span class='ocrx_word' id='word_1_76' title='bbox 1819 1147 1950 1202; x_wconf 92' lang='lat' dir='ltr'><strong>dici-</strong></span> 
     </span>
    </p>
   </div>
   <div class='ocr_carea' id='block_1_12' title="bbox 354 1239 1950 1309">
    <p class='ocr_par' dir='ltr' id='par_1_12' title="bbox 354 1239 1950 1309">
     <span class='ocr_line' id='line_1_12' title="bbox 354 1239 1950 1309; baseline 0.001 -13"><span class='ocrx_word' id='word_1_77' title='bbox 354 1251 462 1306; x_wconf 91' lang='lat' dir='ltr'><strong>tur,</strong></span> <span class='ocrx_word' id='word_1_78' title='bbox 501 1248 787 1308; x_wconf 90' lang='lat' dir='ltr'><strong>utrumque</strong></span> <span class='ocrx_word' id='word_1_79' title='bbox 837 1247 1014 1293; x_wconf 89' lang='lat' dir='ltr'><strong>autem</strong></span> <span class='ocrx_word' id='word_1_80' title='bbox 1062 1241 1127 1292; x_wconf 91' lang='lat' dir='ltr'><strong>ad</strong></span> <span class='ocrx_word' id='word_1_81' title='bbox 1174 1255 1337 1293; x_wconf 87' lang='lat' dir='ltr'><strong>unutn</strong></span> <span class='ocrx_word' id='word_1_82' title='bbox 1385 1239 1544 1294; x_wconf 89' lang='lat' dir='ltr'><strong>ﬁnem</strong></span> <span class='ocrx_word' id='word_1_83' title='bbox 1591 1241 1829 1309; x_wconf 82' lang='lat' dir='ltr'><strong>rcSpicit.</strong></span> <span class='ocrx_word' id='word_1_84' title='bbox 1883 1241 1950 1298; x_wconf 86' lang='lat' dir='ltr'><strong>Et</strong></span> 
     </span>
    </p>
   </div>
   <div class='ocr_carea' id='block_1_13' title="bbox 352 1329 1948 1400">
    <p class='ocr_par' dir='ltr' id='par_1_13' title="bbox 352 1329 1948 1400">
     <span class='ocr_line' id='line_1_13' title="bbox 352 1329 1948 1400; baseline 0.001 -13"><span class='ocrx_word' id='word_1_85' title='bbox 352 1343 500 1388; x_wconf 90' lang='lat' dir='ltr'><strong>recte</strong></span> <span class='ocrx_word' id='word_1_86' title='bbox 528 1331 808 1386; x_wconf 85' lang='lat' dir='ltr'><strong>avaritiam</strong></span> <span class='ocrx_word' id='word_1_87' title='bbox 839 1329 1146 1399; x_wconf 87' lang='lat' dir='ltr'><strong>specialiter</strong></span> <span class='ocrx_word' id='word_1_88' title='bbox 1168 1330 1368 1400; x_wconf 87' lang='lat' dir='ltr'><strong>posuit,</strong></span> <span class='ocrx_word' id='word_1_89' title='bbox 1396 1340 1453 1385; x_wconf 88' lang='lat' dir='ltr'><strong>ut</strong></span> <span class='ocrx_word' id='word_1_90' title='bbox 1491 1335 1802 1388; x_wconf 83' lang='lat' dir='ltr'><strong>ostenderet</strong></span> <span class='ocrx_word' id='word_1_91' title='bbox 1831 1347 1948 1388; x_wconf 90' lang='lat' dir='ltr'><strong>ma-</strong></span> 
     </span>
    </p>
   </div>
   <div class='ocr_carea' id='block_1_14' title="bbox 353 1420 1949 1492">
    <p class='ocr_par' dir='ltr' id='par_1_14' title="bbox 353 1420 1949 1492">
     <span class='ocr_line' id='line_1_14' title="bbox 353 1420 1949 1492; baseline 0 -13"><span class='ocrx_word' id='word_1_92' title='bbox 353 1423 550 1480; x_wconf 90' lang='lat' dir='ltr'><strong>nifeste</strong></span> <span class='ocrx_word' id='word_1_93' title='bbox 607 1421 914 1476; x_wconf 84' lang='lat' dir='ltr'><strong>divitiarum</strong></span> <span class='ocrx_word' id='word_1_94' title='bbox 976 1435 1184 1487; x_wconf 91' lang='lat' dir='ltr'><strong>servos,</strong></span> <span class='ocrx_word' id='word_1_95' title='bbox 1241 1420 1441 1476; x_wconf 90' lang='lat' dir='ltr'><strong>diaboli</strong></span> <span class='ocrx_word' id='word_1_96' title='bbox 1494 1437 1704 1492; x_wconf 85' lang='lat' dir='ltr'><strong>quoque</strong></span> <span class='ocrx_word' id='word_1_97' title='bbox 1761 1437 1949 1480; x_wconf 91' lang='lat' dir='ltr'><strong>servos</strong></span> 
     </span>
    </p>
   </div>
   <div class='ocr_carea' id='block_1_15' title="bbox 351 1513 1949 1583">
    <p class='ocr_par' dir='ltr' id='par_1_15' title="bbox 351 1513 1949 1583">
     <span class='ocr_line' id='line_1_15' title="bbox 351 1513 1949 1583; baseline -0.001 -12"><span class='ocrx_word' id='word_1_98' title='bbox 351 1516 610 1571; x_wconf 73' lang='lat' dir='ltr'><strong>existere.</strong></span> <span class='ocrx_word' id='word_1_99' title='bbox 637 1513 770 1568; x_wconf 92' lang='lat' dir='ltr'><strong>Nam</strong></span> <span class='ocrx_word' id='word_1_100' title='bbox 797 1523 852 1568; x_wconf 90' lang='lat' dir='ltr'><strong>et</strong></span> <span class='ocrx_word' id='word_1_101' title='bbox 879 1513 1170 1583; x_wconf 84' lang='lat' dir='ltr'><strong>Apostolus</strong></span> <span class='ocrx_word' id='word_1_102' title='bbox 1197 1513 1472 1568; x_wconf 87' lang='lat' dir='ltr'><strong>avaritiam</strong></span> <span class='ocrx_word' id='word_1_103' title='bbox 1495 1513 1756 1570; x_wconf 86' lang='lat' dir='ltr'><strong>idolorum</strong></span> <span class='ocrx_word' id='word_1_104' title='bbox 1782 1516 1949 1572; x_wconf 87' lang='lat' dir='ltr'><strong>servi-</strong></span> 
     </span>
    </p>
   </div>
   <div class='ocr_carea' id='block_1_16' title="bbox 353 1607 1941 1680">
    <p class='ocr_par' dir='ltr' id='par_1_16' title="bbox 353 1607 1941 1680">
     <span class='ocr_line' id='line_1_16' title="bbox 353 1607 1941 1680; baseline 0.001 -16"><span class='ocrx_word' id='word_1_105' title='bbox 353 1617 522 1665; x_wconf 90' lang='lat' dir='ltr'><strong>tutem</strong></span> <span class='ocrx_word' id='word_1_106' title='bbox 552 1622 746 1663; x_wconf 87' lang='lat' dir='ltr'><strong>vocare</strong></span> <span class='ocrx_word' id='word_1_107' title='bbox 794 1622 900 1662; x_wconf 91' lang='lat' dir='ltr'><strong>non</strong></span> <span class='ocrx_word' id='word_1_108' title='bbox 948 1607 1232 1674; x_wconf 83' lang='lat' dir='ltr'><strong>dubitavit,</strong></span> <span class='ocrx_word' id='word_1_109' title='bbox 1280 1607 1514 1665; x_wconf 89' lang='lat' dir='ltr'><strong>dicens:</strong></span> <span class='ocrx_word' id='word_1_110' title='bbox 1557 1609 1624 1664; x_wconf 84' lang='lat' dir='ltr'><strong>Et</strong></span> <span class='ocrx_word' id='word_1_111' title='bbox 1653 1613 1941 1680; x_wconf 79' lang='lat' dir='ltr'><strong>avaritiam,</strong></span> 
     </span>
    </p>
   </div>
   <div class='ocr_carea' id='block_1_17' title="bbox 353 1697 1948 1770">
    <p class='ocr_par' dir='ltr' id='par_1_17' title="bbox 353 1697 1948 1770">
     <span class='ocr_line' id='line_1_17' title="bbox 353 1697 1948 1770; baseline 0.001 -15"><span class='ocrx_word' id='word_1_112' title='bbox 353 1716 467 1770; x_wconf 74' lang='lat' dir='ltr'><strong>quae</strong></span> <span class='ocrx_word' id='word_1_113' title='bbox 487 1709 560 1755; x_wconf 87' lang='lat' dir='ltr'><strong>est</strong></span> <span class='ocrx_word' id='word_1_114' title='bbox 585 1699 843 1754; x_wconf 82' lang='lat' dir='ltr'><strong>idolorum</strong></span> <span class='ocrx_word' id='word_1_115' title='bbox 865 1700 1084 1754; x_wconf 84' lang='lat' dir='ltr'><strong>servitus</strong></span> <span class='ocrx_word' id='word_1_116' title='bbox 1123 1697 1259 1766; x_wconf 88' lang='lat' dir='ltr'><strong>(Col.</strong></span> <span class='ocrx_word' id='word_1_117' title='bbox 1293 1699 1371 1769; x_wconf 87' lang='lat' dir='ltr'><strong>v).</strong></span> <span class='ocrx_word' id='word_1_118' title='bbox 1412 1698 1530 1767; x_wconf 89' lang='lat' dir='ltr'><strong>Quo</strong></span> <span class='ocrx_word' id='word_1_119' title='bbox 1569 1701 1686 1756; x_wconf 92' lang='lat' dir='ltr'><strong>loco</strong></span> <span class='ocrx_word' id='word_1_120' title='bbox 1724 1703 1948 1758; x_wconf 90' lang='lat' dir='ltr'><strong>solerter</strong></span> 
     </span>
    </p>
   </div>
   <div class='ocr_carea' id='block_1_18' title="bbox 356 1789 1946 1860">
    <p class='ocr_par' dir='ltr' id='par_1_18' title="bbox 356 1789 1946 1860">
     <span class='ocr_line' id='line_1_18' title="bbox 356 1789 1946 1860; baseline 0.001 -13"><span class='ocrx_word' id='word_1_121' title='bbox 356 1791 672 1857; x_wconf 90' lang='lat' dir='ltr'><strong>notandum,</strong></span> <span class='ocrx_word' id='word_1_122' title='bbox 695 1790 816 1859; x_wconf 89' lang='lat' dir='ltr'><strong>quia</strong></span> <span class='ocrx_word' id='word_1_123' title='bbox 843 1804 948 1844; x_wconf 91' lang='lat' dir='ltr'><strong>non</strong></span> <span class='ocrx_word' id='word_1_124' title='bbox 971 1789 1186 1857; x_wconf 85' lang='lat' dir='ltr'><strong>dicitur,</strong></span> <span class='ocrx_word' id='word_1_125' title='bbox 1218 1789 1332 1844; x_wconf 90' lang='lat' dir='ltr'><strong>Non</strong></span> <span class='ocrx_word' id='word_1_126' title='bbox 1363 1793 1585 1860; x_wconf 86' lang='lat' dir='ltr'><strong>potestis</strong></span> <span class='ocrx_word' id='word_1_127' title='bbox 1610 1791 1718 1847; x_wconf 92' lang='lat' dir='ltr'><strong>Deo</strong></span> <span class='ocrx_word' id='word_1_128' title='bbox 1742 1795 1946 1848; x_wconf 88' lang='lat' dir='ltr'><strong>servire</strong></span> 
     </span>
    </p>
   </div>
   <div class='ocr_carea' id='block_1_19' title="bbox 2054 585 3635 657">
    <p class='ocr_par' dir='ltr' id='par_1_19' title="bbox 2054 585 3635 657">
     <span class='ocr_line' id='line_1_19' title="bbox 2054 585 3635 657; baseline 0.001 -13"><span class='ocrx_word' id='word_1_129' title='bbox 2054 602 2295 657; x_wconf 86' lang='lat' dir='ltr'><strong>porcum.</strong></span> <span class='ocrx_word' id='word_1_130' title='bbox 2325 587 2431 644; x_wconf 85' lang='lat' dir='ltr'><strong>Sed</strong></span> <span class='ocrx_word' id='word_1_131' title='bbox 2458 590 2652 644; x_wconf 69' lang='lat' dir='ltr'><strong>animae</strong></span> <span class='ocrx_word' id='word_1_132' title='bbox 2691 588 2907 644; x_wconf 88' lang='lat' dir='ltr'><strong>nomine</strong></span> <span class='ocrx_word' id='word_1_133' title='bbox 2937 587 2990 642; x_wconf 94' lang='lat' dir='ltr'><strong>in</strong></span> <span class='ocrx_word' id='word_1_134' title='bbox 3018 585 3293 657; x_wconf 86' lang='lat' dir='ltr'><strong>Scriptura</strong></span> <span class='ocrx_word' id='word_1_135' title='bbox 3325 603 3497 650; x_wconf 81' lang='lat' dir='ltr'><strong>sacra,</strong></span> <span class='ocrx_word' id='word_1_136' title='bbox 3531 588 3635 646; x_wconf 76' lang='lat' dir='ltr'><strong>vita</strong></span> 
     </span>
    </p>
   </div>
   <div class='ocr_carea' id='block_1_20' title="bbox 2054 681 3633 754">
    <p class='ocr_par' dir='ltr' id='par_1_20' title="bbox 2054 681 3633 754">
     <span class='ocr_line' id='line_1_20' title="bbox 2054 681 3633 754; baseline 0 -17"><span class='ocrx_word' id='word_1_137' title='bbox 2054 696 2296 752; x_wconf 74' lang='lat' dir='ltr'><strong>przesens</strong></span> <span class='ocrx_word' id='word_1_138' title='bbox 2321 681 2524 753; x_wconf 89' lang='lat' dir='ltr'><strong>signari</strong></span> <span class='ocrx_word' id='word_1_139' title='bbox 2555 684 2711 750; x_wconf 88' lang='lat' dir='ltr'><strong>solet,</strong></span> <span class='ocrx_word' id='word_1_140' title='bbox 2733 683 2887 754; x_wconf 83' lang='lat' dir='ltr'><strong>juxta</strong></span> <span class='ocrx_word' id='word_1_141' title='bbox 2917 683 3059 754; x_wconf 91' lang='lat' dir='ltr'><strong>quod</strong></span> <span class='ocrx_word' id='word_1_142' title='bbox 3089 683 3348 740; x_wconf 88' lang='lat' dir='ltr'><strong>Dominus</strong></span> <span class='ocrx_word' id='word_1_143' title='bbox 3373 684 3500 740; x_wconf 89' lang='lat' dir='ltr'><strong>alibi</strong></span> <span class='ocrx_word' id='word_1_144' title='bbox 3529 685 3633 738; x_wconf 88' lang='lat' dir='ltr'><strong>ait:</strong></span> 
     </span>
    </p>
   </div>
   <div class='ocr_carea' id='block_1_21' title="bbox 2058 775 3640 848">
    <p class='ocr_par' dir='ltr' id='par_1_21' title="bbox 2058 775 3640 848">
     <span class='ocr_line' id='line_1_21' title="bbox 2058 775 3640 848; baseline 0.002 -20"><span class='ocrx_word' id='word_1_145' title='bbox 2058 775 2161 842; x_wconf 87' lang='lat' dir='ltr'><strong>Qui</strong></span> <span class='ocrx_word' id='word_1_146' title='bbox 2187 783 2328 828; x_wconf 88' lang='lat' dir='ltr'><strong>amat</strong></span> <span class='ocrx_word' id='word_1_147' title='bbox 2373 777 2600 832; x_wconf 75' lang='lat' dir='ltr'><strong>animum</strong></span> <span class='ocrx_word' id='word_1_148' title='bbox 2628 792 2797 843; x_wconf 87' lang='lat' dir='ltr'><strong>suam,</strong></span> <span class='ocrx_word' id='word_1_149' title='bbox 2825 776 2926 832; x_wconf 92' lang='lat' dir='ltr'><strong>hoc</strong></span> <span class='ocrx_word' id='word_1_150' title='bbox 2968 784 3050 832; x_wconf 90' lang='lat' dir='ltr'><strong>est</strong></span> <span class='ocrx_word' id='word_1_151' title='bbox 3073 775 3236 831; x_wconf 88' lang='lat' dir='ltr'><strong>vitam</strong></span> <span class='ocrx_word' id='word_1_152' title='bbox 3268 792 3440 842; x_wconf 88' lang='lat' dir='ltr'><strong>suam,</strong></span> <span class='ocrx_word' id='word_1_153' title='bbox 3463 778 3640 848; x_wconf 81' lang='lat' dir='ltr'><strong>perdet</strong></span> 
     </span>
    </p>
   </div>
   <div class='ocr_carea' id='block_1_22' title="bbox 2052 865 3637 941">
    <p class='ocr_par' dir='ltr' id='par_1_22' title="bbox 2052 865 3637 941">
     <span class='ocr_line' id='line_1_22' title="bbox 2052 865 3637 941; baseline 0 -16"><span class='ocrx_word' id='word_1_154' title='bbox 2052 885 2167 925; x_wconf 89' lang='lat' dir='ltr'><strong>eam</strong></span> <span class='ocrx_word' id='word_1_155' title='bbox 2218 865 2399 938; x_wconf 83' lang='lat' dir='ltr'><strong>(Joan.</strong></span> <span class='ocrx_word' id='word_1_156' title='bbox 2431 870 2553 940; x_wconf 81' lang='lat' dir='ltr'><strong>xu).</strong></span> <span class='ocrx_word' id='word_1_157' title='bbox 2610 871 2674 925; x_wconf 86' lang='lat' dir='ltr'><strong>Et</strong></span> <span class='ocrx_word' id='word_1_158' title='bbox 2702 879 2979 940; x_wconf 77' lang='lat' dir='ltr'><strong>apostatus</strong></span> <span class='ocrx_word' id='word_1_159' title='bbox 3024 869 3256 925; x_wconf 84' lang='lat' dir='ltr'><strong>Paulus:</strong></span> <span class='ocrx_word' id='word_1_160' title='bbox 3310 869 3430 925; x_wconf 84' lang='lat' dir='ltr'><strong>Non</strong></span> <span class='ocrx_word' id='word_1_161' title='bbox 3478 873 3637 941; x_wconf 79' lang='lat' dir='ltr'><strong>facio,</strong></span> 
     </span>
    </p>
   </div>
   <div class='ocr_carea' id='block_1_23' title="bbox 2053 962 3636 1033">
    <p class='ocr_par' dir='ltr' id='par_1_23' title="bbox 2053 962 3636 1033">
     <span class='ocr_line' id='line_1_23' title="bbox 2053 962 3636 1033; baseline -0.001 -16"><span class='ocrx_word' id='word_1_162' title='bbox 2053 962 2246 1031; x_wconf 81' lang='lat' dir='ltr'><strong>inquit,</strong></span> <span class='ocrx_word' id='word_1_163' title='bbox 2263 964 2486 1017; x_wconf 87' lang='lat' dir='ltr'><strong>animam</strong></span> <span class='ocrx_word' id='word_1_164' title='bbox 2510 977 2674 1016; x_wconf 85' lang='lat' dir='ltr'><strong>meam</strong></span> <span class='ocrx_word' id='word_1_165' title='bbox 2694 963 3048 1033; x_wconf 83' lang='lat' dir='ltr'><strong>pretiosiorem</strong></span> <span class='ocrx_word' id='word_1_166' title='bbox 3068 979 3224 1030; x_wconf 83' lang='lat' dir='ltr'><strong>quam</strong></span> <span class='ocrx_word' id='word_1_167' title='bbox 3244 979 3322 1017; x_wconf 87' lang='lat' dir='ltr'><strong>me</strong></span> <span class='ocrx_word' id='word_1_168' title='bbox 3348 964 3484 1033; x_wconf 73' lang='lat' dir='ltr'><strong>(Acr.</strong></span> <span class='ocrx_word' id='word_1_169' title='bbox 3519 964 3636 1031; x_wconf 80' lang='lat' dir='ltr'><strong>xx).</strong></span> 
     </span>
    </p>
   </div>
   <div class='ocr_carea' id='block_1_24' title="bbox 2053 1054 3637 1126">
    <p class='ocr_par' dir='ltr' id='par_1_24' title="bbox 2053 1054 3637 1126">
     <span class='ocr_line' id='line_1_24' title="bbox 2053 1054 3637 1126; baseline -0.001 -18"><span class='ocrx_word' id='word_1_170' title='bbox 2053 1054 2195 1126; x_wconf 87' lang='lat' dir='ltr'><strong>Ergo</strong></span> <span class='ocrx_word' id='word_1_171' title='bbox 2218 1064 2272 1112; x_wconf 91' lang='lat' dir='ltr'><strong>et</strong></span> <span class='ocrx_word' id='word_1_172' title='bbox 2295 1055 2379 1110; x_wconf 92' lang='lat' dir='ltr'><strong>hic</strong></span> <span class='ocrx_word' id='word_1_173' title='bbox 2410 1054 2584 1108; x_wconf 91' lang='lat' dir='ltr'><strong>anima</strong></span> <span class='ocrx_word' id='word_1_174' title='bbox 2627 1055 2727 1108; x_wconf 92' lang='lat' dir='ltr'><strong>hoc</strong></span> <span class='ocrx_word' id='word_1_175' title='bbox 2757 1068 2919 1109; x_wconf 91' lang='lat' dir='ltr'><strong>sensu</strong></span> <span class='ocrx_word' id='word_1_176' title='bbox 2947 1054 3256 1121; x_wconf 89' lang='lat' dir='ltr'><strong>accipienda</strong></span> <span class='ocrx_word' id='word_1_177' title='bbox 3286 1065 3388 1118; x_wconf 91' lang='lat' dir='ltr'><strong>est,</strong></span> <span class='ocrx_word' id='word_1_178' title='bbox 3443 1062 3501 1107; x_wconf 92' lang='grc' dir='ltr'><strong>ιιι</strong></span> <span class='ocrx_word' id='word_1_179' title='bbox 3543 1069 3637 1123; x_wconf 91' lang='lat' dir='ltr'><strong>per</strong></span> 
     </span>
    </p>
   </div>
   <div class='ocr_carea' id='block_1_25' title="bbox 2051 1145 3638 1216">
    <p class='ocr_par' dir='ltr' id='par_1_25' title="bbox 2051 1145 3638 1216">
     <span class='ocr_line' id='line_1_25' title="bbox 2051 1145 3638 1216; baseline -0.001 -16"><span class='ocrx_word' id='word_1_180' title='bbox 2051 1145 2284 1202; x_wconf 90' lang='lat' dir='ltr'><strong>animam</strong></span> <span class='ocrx_word' id='word_1_181' title='bbox 2336 1161 2578 1216; x_wconf 67' lang='lat' dir='ltr'><strong>praesens</strong></span> <span class='ocrx_word' id='word_1_182' title='bbox 2628 1146 2737 1200; x_wconf 89' lang='lat' dir='ltr'><strong>vita</strong></span> <span class='ocrx_word' id='word_1_183' title='bbox 2785 1146 3138 1216; x_wconf 78' lang='lat' dir='ltr'><strong>intelligatur,</strong></span> <span class='ocrx_word' id='word_1_184' title='bbox 3197 1159 3316 1216; x_wconf 67' lang='lat' dir='ltr'><strong>quae</strong></span> <span class='ocrx_word' id='word_1_185' title='bbox 3373 1145 3638 1200; x_wconf 84' lang='lat' dir='ltr'><strong>alimentis</strong></span> 
     </span>
    </p>
   </div>
   <div class='ocr_carea' id='block_1_26' title="bbox 2053 1236 3635 1307">
    <p class='ocr_par' dir='ltr' id='par_1_26' title="bbox 2053 1236 3635 1307">
     <span class='ocr_line' id='line_1_26' title="bbox 2053 1236 3635 1307; baseline -0.002 -15"><span class='ocrx_word' id='word_1_186' title='bbox 2053 1239 2313 1294; x_wconf 86' lang='lat' dir='ltr'><strong>retinetur</strong></span> <span class='ocrx_word' id='word_1_187' title='bbox 2339 1247 2391 1293; x_wconf 92' lang='lat' dir='ltr'><strong>et</strong></span> <span class='ocrx_word' id='word_1_188' title='bbox 2443 1237 2697 1292; x_wconf 84' lang='lat' dir='ltr'><strong>vestibus.</strong></span> <span class='ocrx_word' id='word_1_189' title='bbox 2731 1236 2895 1307; x_wconf 87' lang='lat' dir='ltr'><strong>Cujus</strong></span> <span class='ocrx_word' id='word_1_190' title='bbox 2938 1237 3211 1292; x_wconf 85' lang='lat' dir='ltr'><strong>vinculum</strong></span> <span class='ocrx_word' id='word_1_191' title='bbox 3267 1244 3423 1306; x_wconf 90' lang='lat' dir='ltr'><strong>atque</strong></span> <span class='ocrx_word' id='word_1_192' title='bbox 3453 1239 3635 1291; x_wconf 83' lang='lat' dir='ltr'><strong>conci-</strong></span> 
     </span>
    </p>
   </div>
   <div class='ocr_carea' id='block_1_27' title="bbox 2053 1326 3636 1398">
    <p class='ocr_par' dir='ltr' id='par_1_27' title="bbox 2053 1326 3636 1398">
     <span class='ocr_line' id='line_1_27' title="bbox 2053 1326 3636 1398; baseline -0.001 -16"><span class='ocrx_word' id='word_1_193' title='bbox 2053 1327 2198 1383; x_wconf 90' lang='lat' dir='ltr'><strong>liatio</strong></span> <span class='ocrx_word' id='word_1_194' title='bbox 2227 1328 2472 1398; x_wconf 71' lang='lat' dir='ltr'><strong>quaedam</strong></span> <span class='ocrx_word' id='word_1_195' title='bbox 2522 1336 2606 1382; x_wconf 80' lang='lat' dir='ltr'><strong>est</strong></span> <span class='ocrx_word' id='word_1_196' title='bbox 2655 1327 2806 1383; x_wconf 90' lang='lat' dir='ltr'><strong>cibus</strong></span> <span class='ocrx_word' id='word_1_197' title='bbox 2853 1327 2954 1382; x_wconf 89' lang='lat' dir='ltr'><strong>iste</strong></span> <span class='ocrx_word' id='word_1_198' title='bbox 3005 1340 3319 1396; x_wconf 89' lang='lat' dir='ltr'><strong>corporeus,</strong></span> <span class='ocrx_word' id='word_1_199' title='bbox 3378 1327 3430 1379; x_wconf 90' lang='lat' dir='ltr'><strong>in</strong></span> <span class='ocrx_word' id='word_1_200' title='bbox 3483 1326 3636 1394; x_wconf 83' lang='lat' dir='ltr'><strong>cujus</strong></span> 
     </span>
    </p>
   </div>
   <div class='ocr_carea' id='block_1_28' title="bbox 2052 1419 3633 1478">
    <p class='ocr_par' dir='ltr' id='par_1_28' title="bbox 2052 1419 3633 1478">
     <span class='ocr_line' id='line_1_28' title="bbox 2052 1419 3633 1478; baseline -0.003 -1"><span class='ocrx_word' id='word_1_201' title='bbox 2052 1437 2211 1478; x_wconf 92' lang='lat' dir='ltr'><strong>causa</strong></span> <span class='ocrx_word' id='word_1_202' title='bbox 2245 1423 2394 1478; x_wconf 87' lang='lat' dir='ltr'><strong>labor</strong></span> <span class='ocrx_word' id='word_1_203' title='bbox 2419 1422 2751 1478; x_wconf 85' lang='lat' dir='ltr'><strong>exercendus</strong></span> <span class='ocrx_word' id='word_1_204' title='bbox 2791 1431 2873 1477; x_wconf 88' lang='lat' dir='ltr'><strong>est</strong></span> <span class='ocrx_word' id='word_1_205' title='bbox 2909 1422 2976 1476; x_wconf 88' lang='lat' dir='ltr'><strong>ad</strong></span> <span class='ocrx_word' id='word_1_206' title='bbox 3016 1435 3135 1476; x_wconf 87' lang='lat' dir='ltr'><strong>eam</strong></span> <span class='ocrx_word' id='word_1_207' title='bbox 3182 1419 3583 1476; x_wconf 84' lang='lat' dir='ltr'><strong>sustentandam</strong></span> <span class='ocrx_word' id='word_1_208' title='bbox 3619 1436 3633 1472; x_wconf 88' lang='lat'><strong>:</strong></span> 
     </span>
    </p>
   </div>
   <div class='ocr_carea' id='block_1_29' title="bbox 2052 1511 3642 1581">
    <p class='ocr_par' dir='ltr' id='par_1_29' title="bbox 2052 1511 3642 1581">
     <span class='ocr_line' id='line_1_29' title="bbox 2052 1511 3642 1581; baseline -0.003 -13"><span class='ocrx_word' id='word_1_209' title='bbox 2052 1513 2358 1569; x_wconf 89' lang='lat' dir='ltr'><strong>sollicitudo</strong></span> <span class='ocrx_word' id='word_1_210' title='bbox 2414 1524 2590 1569; x_wconf 86' lang='lat' dir='ltr'><strong>autem</strong></span> <span class='ocrx_word' id='word_1_211' title='bbox 2643 1513 2901 1578; x_wconf 87' lang='lat' dir='ltr'><strong>tollenda,</strong></span> <span class='ocrx_word' id='word_1_212' title='bbox 2963 1521 3019 1566; x_wconf 91' lang='lat' dir='ltr'><strong>ut</strong></span> <span class='ocrx_word' id='word_1_213' title='bbox 3074 1513 3311 1566; x_wconf 83' lang='lat' dir='ltr'><strong>habentes</strong></span> <span class='ocrx_word' id='word_1_214' title='bbox 3361 1511 3558 1581; x_wconf 74' lang='lat' dir='ltr'><strong>victum</strong></span> <span class='ocrx_word' id='word_1_215' title='bbox 3596 1519 3642 1564; x_wconf 82' lang='lat' dir='ltr'><strong>et</strong></span> 
     </span>
    </p>
   </div>
   <div class='ocr_carea' id='block_1_30' title="bbox 2053 1602 3638 1675">
    <p class='ocr_par' dir='ltr' id='par_1_30' title="bbox 2053 1602 3638 1675">
     <span class='ocr_line' id='line_1_30' title="bbox 2053 1602 3638 1675; baseline -0.001 -17"><span class='ocrx_word' id='word_1_216' title='bbox 2053 1607 2308 1670; x_wconf 75' lang='lat' dir='ltr'><strong>vestitum,</strong></span> <span class='ocrx_word' id='word_1_217' title='bbox 2343 1605 2421 1659; x_wconf 87' lang='lat' dir='ltr'><strong>his</strong></span> <span class='ocrx_word' id='word_1_218' title='bbox 2452 1603 2673 1659; x_wconf 86' lang='lat' dir='ltr'><strong>contenti</strong></span> <span class='ocrx_word' id='word_1_219' title='bbox 2705 1605 2865 1658; x_wconf 87' lang='lat' dir='ltr'><strong>simus</strong></span> <span class='ocrx_word' id='word_1_220' title='bbox 2897 1602 2948 1675; x_wconf 91' lang='lat' dir='ltr'><strong>(I</strong></span> <span class='ocrx_word' id='word_1_221' title='bbox 2994 1602 3128 1660; x_wconf 84' lang='lat' dir='ltr'><strong>Tim.</strong></span> <span class='ocrx_word' id='word_1_222' title='bbox 3161 1602 3259 1673; x_wconf 72' lang='grc' dir='ltr'><strong>γι).</strong></span> <span class='ocrx_word' id='word_1_223' title='bbox 3300 1603 3423 1658; x_wconf 87' lang='lat' dir='ltr'><strong>Sive</strong></span> <span class='ocrx_word' id='word_1_224' title='bbox 3463 1606 3638 1656; x_wconf 88' lang='lat' dir='ltr'><strong>anima</strong></span> 
     </span>
    </p>
   </div>
   <div class='ocr_carea' id='block_1_31' title="bbox 2053 1698 3640 1766">
    <p class='ocr_par' dir='ltr' id='par_1_31' title="bbox 2053 1698 3640 1766">
     <span class='ocr_line' id='line_1_31' title="bbox 2053 1698 3640 1766; baseline -0.001 -15"><span class='ocrx_word' id='word_1_225' title='bbox 2053 1711 2151 1765; x_wconf 89' lang='lat' dir='ltr'><strong>pro</strong></span> <span class='ocrx_word' id='word_1_226' title='bbox 2185 1700 2303 1766; x_wconf 90' lang='lat' dir='ltr'><strong>ipso</strong></span> <span class='ocrx_word' id='word_1_227' title='bbox 2333 1711 2561 1765; x_wconf 92' lang='lat' dir='ltr'><strong>corpore</strong></span> <span class='ocrx_word' id='word_1_228' title='bbox 2589 1712 2695 1766; x_wconf 94' lang='lat' dir='ltr'><strong>quo</strong></span> <span class='ocrx_word' id='word_1_229' title='bbox 2725 1699 3055 1762; x_wconf 84' lang='lat' dir='ltr'><strong>continetur,</strong></span> <span class='ocrx_word' id='word_1_230' title='bbox 3085 1707 3170 1752; x_wconf 91' lang='lat' dir='ltr'><strong>est</strong></span> <span class='ocrx_word' id='word_1_231' title='bbox 3200 1698 3394 1765; x_wconf 89' lang='lat' dir='ltr'><strong>posita,</strong></span> <span class='ocrx_word' id='word_1_232' title='bbox 3425 1711 3454 1750; x_wconf 91' lang='lat' dir='ltr'><strong>a</strong></span> <span class='ocrx_word' id='word_1_233' title='bbox 3487 1706 3640 1765; x_wconf 87' lang='lat' dir='ltr'><strong>parte</strong></span> 
     </span>
    </p>
   </div>
   <div class='ocr_carea' id='block_1_32' title="bbox 2051 1787 3639 1859">
    <p class='ocr_par' dir='ltr' id='par_1_32' title="bbox 2051 1787 3639 1859">
     <span class='ocr_line' id='line_1_32' title="bbox 2051 1787 3639 1859; baseline 0.001 -19"><span class='ocrx_word' id='word_1_234' title='bbox 2051 1789 2300 1844; x_wconf 89' lang='lat' dir='ltr'><strong>videlicet</strong></span> <span class='ocrx_word' id='word_1_235' title='bbox 2328 1798 2519 1854; x_wconf 87' lang='lat' dir='ltr'><strong>totum,</strong></span> <span class='ocrx_word' id='word_1_236' title='bbox 2553 1790 2691 1843; x_wconf 89' lang='lat' dir='ltr'><strong>sicut</strong></span> <span class='ocrx_word' id='word_1_237' title='bbox 2733 1790 2958 1859; x_wconf 85' lang='lat' dir='ltr'><strong>legimus</strong></span> <span class='ocrx_word' id='word_1_238' title='bbox 2997 1789 3160 1844; x_wconf 88' lang='lat' dir='ltr'><strong>Jacob</strong></span> <span class='ocrx_word' id='word_1_239' title='bbox 3190 1787 3536 1843; x_wconf 90' lang='lat' dir='ltr'><strong>descendisse</strong></span> <span class='ocrx_word' id='word_1_240' title='bbox 3587 1789 3639 1842; x_wconf 90' lang='lat' dir='ltr'><strong>itt</strong></span> 
     </span>
    </p>
   </div>
   <div class='ocr_carea' id='block_1_33' title="bbox 356 1869 3640 1954">
    <p class='ocr_par' dir='ltr' id='par_1_33' title="bbox 356 1869 3640 1954">
     <span class='ocr_line' id='line_1_33' title="bbox 356 1869 3640 1954; baseline -0.001 -15"><span class='ocrx_word' id='word_1_241' title='bbox 356 1894 412 1939; x_wconf 92' lang='lat' dir='ltr'><strong>et</strong></span> <span class='ocrx_word' id='word_1_242' title='bbox 441 1883 656 1937; x_wconf 89' lang='lat' dir='ltr'><strong>divitias</strong></span> <span class='ocrx_word' id='word_1_243' title='bbox 687 1880 984 1950; x_wconf 88' lang='lat' dir='ltr'><strong>possidere,</strong></span> <span class='ocrx_word' id='word_1_244' title='bbox 1025 1882 1120 1936; x_wconf 93' lang='lat' dir='ltr'><strong>sed</strong></span> <span class='ocrx_word' id='word_1_245' title='bbox 1171 1880 1286 1936; x_wconf 91' lang='lat' dir='ltr'><strong>Non</strong></span> <span class='ocrx_word' id='word_1_246' title='bbox 1328 1885 1552 1951; x_wconf 88' lang='lat' dir='ltr'><strong>potestis</strong></span> <span class='ocrx_word' id='word_1_247' title='bbox 1601 1883 1713 1940; x_wconf 90' lang='lat' dir='ltr'><strong>Deo</strong></span> <span class='ocrx_word' id='word_1_248' title='bbox 1741 1886 1947 1942; x_wconf 88' lang='lat' dir='ltr'><strong>servire</strong></span> <span class='ocrx_word' id='word_1_249' title='bbox 1981 1869 2032 1932; x_wconf 88' lang='grc' dir='ltr'><strong>Β</strong></span> <span class='ocrx_word' id='word_1_250' title='bbox 2063 1883 2354 1953; x_wconf 65' lang='grc' dir='ltr'>έΕεγριιιιιι</span> <span class='ocrx_word' id='word_1_251' title='bbox 2379 1883 2432 1938; x_wconf 91' lang='lat' dir='ltr'><strong>in</strong></span> <span class='ocrx_word' id='word_1_252' title='bbox 2479 1883 2759 1937; x_wconf 89' lang='lat' dir='ltr'><strong>animabus</strong></span> <span class='ocrx_word' id='word_1_253' title='bbox 2788 1884 3123 1954; x_wconf 83' lang='lat' dir='ltr'><strong>septuaginta</strong></span> <span class='ocrx_word' id='word_1_254' title='bbox 3153 1880 3307 1953; x_wconf 89' lang='lat' dir='ltr'><strong>(Gen.</strong></span> <span class='ocrx_word' id='word_1_255' title='bbox 3331 1882 3496 1952; x_wconf 78' lang='lat' dir='ltr'><strong>var),</strong></span> <span class='ocrx_word' id='word_1_256' title='bbox 3520 1896 3640 1936; x_wconf 91' lang='lat' dir='ltr'><strong>cum</strong></span> 
     </span>
    </p>
   </div>
   <div class='ocr_carea' id='block_1_34' title="bbox 357 1973 1946 2041">
    <p class='ocr_par' dir='ltr' id='par_1_34' title="bbox 357 1973 1946 2041">
     <span class='ocr_line' id='line_1_34' title="bbox 357 1973 1946 2041; baseline 0.002 -10"><span class='ocrx_word' id='word_1_257' title='bbox 357 1986 411 2032; x_wconf 90' lang='lat' dir='ltr'><strong>et</strong></span> <span class='ocrx_word' id='word_1_258' title='bbox 439 1989 782 2041; x_wconf 69' lang='lat' dir='ltr'><strong>mammonae,</strong></span> <span class='ocrx_word' id='word_1_259' title='bbox 809 1973 861 2028; x_wconf 92' lang='lat' dir='ltr'><strong>id</strong></span> <span class='ocrx_word' id='word_1_260' title='bbox 892 1985 975 2029; x_wconf 89' lang='lat' dir='ltr'><strong>est</strong></span> <span class='ocrx_word' id='word_1_261' title='bbox 998 1973 1215 2029; x_wconf 90' lang='lat' dir='ltr'><strong>divitiis.</strong></span> <span class='ocrx_word' id='word_1_262' title='bbox 1251 1975 1442 2030; x_wconf 83' lang='lat' dir='ltr'><strong>Multos</strong></span> <span class='ocrx_word' id='word_1_263' title='bbox 1471 1975 1614 2031; x_wconf 92' lang='lat' dir='ltr'><strong>enim</strong></span> <span class='ocrx_word' id='word_1_264' title='bbox 1641 1988 1946 2034; x_wconf 88' lang='lat' dir='ltr'><strong>sanctorum</strong></span> 
     </span>
    </p>
   </div>
   <div class='ocr_carea' id='block_1_35' title="bbox 358 2064 1952 2135">
    <p class='ocr_par' dir='ltr' id='par_1_35' title="bbox 358 2064 1952 2135">
     <span class='ocr_line' id='line_1_35' title="bbox 358 2064 1952 2135; baseline 0.002 -14"><span class='ocrx_word' id='word_1_265' title='bbox 358 2067 577 2121; x_wconf 87' lang='lat' dir='ltr'><strong>Patrum</strong></span> <span class='ocrx_word' id='word_1_266' title='bbox 605 2065 834 2135; x_wconf 84' lang='lat' dir='ltr'><strong>legimus</strong></span> <span class='ocrx_word' id='word_1_267' title='bbox 866 2064 1230 2133; x_wconf 88' lang='lat' dir='ltr'><strong>temporaliter</strong></span> <span class='ocrx_word' id='word_1_268' title='bbox 1258 2075 1312 2122; x_wconf 89' lang='grc' dir='ltr'><strong>ει</strong></span> <span class='ocrx_word' id='word_1_269' title='bbox 1339 2065 1558 2120; x_wconf 88' lang='lat' dir='ltr'><strong>divitias</strong></span> <span class='ocrx_word' id='word_1_270' title='bbox 1596 2065 1867 2133; x_wconf 87' lang='lat' dir='ltr'><strong>habuisse,</strong></span> <span class='ocrx_word' id='word_1_271' title='bbox 1897 2078 1952 2124; x_wconf 88' lang='lat' dir='ltr'><strong>ct</strong></span> 
     </span>
    </p>
   </div>
   <div class='ocr_carea' id='block_1_36' title="bbox 359 2157 1948 2230">
    <p class='ocr_par' dir='ltr' id='par_1_36' title="bbox 359 2157 1948 2230">
     <span class='ocr_line' id='line_1_36' title="bbox 359 2157 1948 2230; baseline 0.001 -16"><span class='ocrx_word' id='word_1_272' title='bbox 359 2159 708 2214; x_wconf 82' lang='lat' dir='ltr'><strong>nihilominus</strong></span> <span class='ocrx_word' id='word_1_273' title='bbox 738 2157 852 2212; x_wconf 92' lang='lat' dir='ltr'><strong>Deo</strong></span> <span class='ocrx_word' id='word_1_274' title='bbox 871 2157 1196 2213; x_wconf 88' lang='lat' dir='ltr'><strong>deservisse.</strong></span> <span class='ocrx_word' id='word_1_275' title='bbox 1226 2158 1496 2214; x_wconf 85' lang='lat' dir='ltr'><strong>Abraham</strong></span> <span class='ocrx_word' id='word_1_276' title='bbox 1537 2175 1768 2230; x_wconf 90' lang='lat' dir='ltr'><strong>namque</strong></span> <span class='ocrx_word' id='word_1_277' title='bbox 1791 2161 1948 2216; x_wconf 88' lang='lat' dir='ltr'><strong>ditis-</strong></span> 
     </span>
    </p>
   </div>
   <div class='ocr_carea' id='block_1_37' title="bbox 356 2246 1952 2317">
    <p class='ocr_par' dir='ltr' id='par_1_37' title="bbox 356 2246 1952 2317">
     <span class='ocr_line' id='line_1_37' title="bbox 356 2246 1952 2317; baseline 0.003 -15"><span class='ocrx_word' id='word_1_278' title='bbox 356 2247 527 2302; x_wconf 83' lang='lat' dir='ltr'><strong>simus</strong></span> <span class='ocrx_word' id='word_1_279' title='bbox 551 2248 670 2313; x_wconf 91' lang='lat' dir='ltr'><strong>fuit,</strong></span> <span class='ocrx_word' id='word_1_280' title='bbox 699 2246 792 2317; x_wconf 89' lang='lat' dir='ltr'><strong>qui</strong></span> <span class='ocrx_word' id='word_1_281' title='bbox 837 2259 958 2302; x_wconf 93' lang='lat' dir='ltr'><strong>cum</strong></span> <span class='ocrx_word' id='word_1_282' title='bbox 1015 2246 1268 2302; x_wconf 90' lang='lat' dir='ltr'><strong>trecentis</strong></span> <span class='ocrx_word' id='word_1_283' title='bbox 1298 2249 1484 2304; x_wconf 89' lang='lat' dir='ltr'><strong>decem</strong></span> <span class='ocrx_word' id='word_1_284' title='bbox 1516 2259 1570 2305; x_wconf 92' lang='lat' dir='ltr'><strong>et</strong></span> <span class='ocrx_word' id='word_1_285' title='bbox 1612 2260 1733 2306; x_wconf 77' lang='lat' dir='ltr'><strong>orto</strong></span> <span class='ocrx_word' id='word_1_286' title='bbox 1762 2266 1952 2306; x_wconf 78' lang='lat' dir='ltr'><strong>vertra-</strong></span> 
     </span>
    </p>
   </div>
   <div class='ocr_carea' id='block_1_38' title="bbox 357 2337 1952 2412">
    <p class='ocr_par' dir='ltr' id='par_1_38' title="bbox 357 2337 1952 2412">
     <span class='ocr_line' id='line_1_38' title="bbox 357 2337 1952 2412; baseline 0.004 -20"><span class='ocrx_word' id='word_1_287' title='bbox 357 2339 493 2394; x_wconf 88' lang='lat' dir='ltr'><strong>culis</strong></span> <span class='ocrx_word' id='word_1_288' title='bbox 523 2353 676 2410; x_wconf 89' lang='lat' dir='ltr'><strong>reges</strong></span> <span class='ocrx_word' id='word_1_289' title='bbox 707 2339 942 2409; x_wconf 90' lang='lat' dir='ltr'><strong>quinque</strong></span> <span class='ocrx_word' id='word_1_290' title='bbox 972 2337 1165 2394; x_wconf 86' lang='lat' dir='ltr'><strong>bellica</strong></span> <span class='ocrx_word' id='word_1_291' title='bbox 1213 2339 1554 2410; x_wconf 84' lang='lat' dir='ltr'><strong>expeditione</strong></span> <span class='ocrx_word' id='word_1_292' title='bbox 1580 2343 1869 2412; x_wconf 85' lang='lat' dir='ltr'><strong>superavit,</strong></span> <span class='ocrx_word' id='word_1_293' title='bbox 1897 2351 1952 2398; x_wconf 91' lang='lat' dir='ltr'><strong>et</strong></span> 
     </span>
    </p>
   </div>
   <div class='ocr_carea' id='block_1_39' title="bbox 356 2431 1953 2507">
    <p class='ocr_par' dir='ltr' id='par_1_39' title="bbox 356 2431 1953 2507">
     <span class='ocr_line' id='line_1_39' title="bbox 356 2431 1953 2507; baseline 0.001 -17"><span class='ocrx_word' id='word_1_294' title='bbox 356 2433 494 2490; x_wconf 87' lang='lat' dir='ltr'><strong>Loth</strong></span> <span class='ocrx_word' id='word_1_295' title='bbox 512 2434 728 2488; x_wconf 90' lang='lat' dir='ltr'><strong>fratrem</strong></span> <span class='ocrx_word' id='word_1_296' title='bbox 745 2447 900 2488; x_wconf 91' lang='lat' dir='ltr'><strong>suum</strong></span> <span class='ocrx_word' id='word_1_297' title='bbox 917 2446 946 2486; x_wconf 93' lang='lat' dir='ltr'><strong>a</strong></span> <span class='ocrx_word' id='word_1_298' title='bbox 963 2431 1270 2502; x_wconf 88' lang='lat' dir='ltr'><strong>captivitate</strong></span> <span class='ocrx_word' id='word_1_299' title='bbox 1290 2436 1491 2490; x_wconf 83' lang='lat' dir='ltr'><strong>exemit</strong></span> <span class='ocrx_word' id='word_1_300' title='bbox 1509 2433 1664 2505; x_wconf 80' lang='lat' dir='ltr'><strong>(Gen.</strong></span> <span class='ocrx_word' id='word_1_301' title='bbox 1686 2435 1818 2507; x_wconf 73' lang='grc' dir='ltr'>χιιι).</span> <span class='ocrx_word' id='word_1_302' title='bbox 1851 2435 1953 2492; x_wconf 81' lang='lat' dir='ltr'><strong>Job</strong></span> 
     </span>
    </p>
   </div>
   <div class='ocr_carea' id='block_1_40' title="bbox 356 2526 1954 2601">
    <p class='ocr_par' dir='ltr' id='par_1_40' title="bbox 356 2526 1954 2601">
     <span class='ocr_line' id='line_1_40' title="bbox 356 2526 1954 2601; baseline 0 -17"><span class='ocrx_word' id='word_1_303' title='bbox 356 2543 570 2601; x_wconf 88' lang='lat' dir='ltr'><strong>quoque</strong></span> <span class='ocrx_word' id='word_1_304' title='bbox 619 2527 709 2584; x_wconf 91' lang='lat' dir='ltr'><strong>ille</strong></span> <span class='ocrx_word' id='word_1_305' title='bbox 761 2526 1051 2583; x_wconf 84' lang='lat' dir='ltr'><strong>maximum</strong></span> <span class='ocrx_word' id='word_1_306' title='bbox 1107 2528 1408 2597; x_wconf 89' lang='lat' dir='ltr'><strong>exemplum</strong></span> <span class='ocrx_word' id='word_1_307' title='bbox 1469 2529 1761 2598; x_wconf 65' lang='lat' dir='ltr'><strong>patientiae,</strong></span> <span class='ocrx_word' id='word_1_308' title='bbox 1814 2530 1954 2587; x_wconf 89' lang='lat' dir='ltr'><strong>inter</strong></span> 
     </span>
    </p>
   </div>
   <div class='ocr_carea' id='block_1_41' title="bbox 357 2617 1954 2689">
    <p class='ocr_par' dir='ltr' id='par_1_41' title="bbox 357 2617 1954 2689">
     <span class='ocr_line' id='line_1_41' title="bbox 357 2617 1954 2689; baseline -0.001 -13"><span class='ocrx_word' id='word_1_309' title='bbox 357 2634 549 2676; x_wconf 90' lang='lat' dir='ltr'><strong>omnes</strong></span> <span class='ocrx_word' id='word_1_310' title='bbox 573 2618 861 2674; x_wconf 89' lang='lat' dir='ltr'><strong>orientales</strong></span> <span class='ocrx_word' id='word_1_311' title='bbox 887 2617 1089 2673; x_wconf 91' lang='lat' dir='ltr'><strong>divitiis</strong></span> <span class='ocrx_word' id='word_1_312' title='bbox 1127 2619 1428 2684; x_wconf 87' lang='lat' dir='ltr'><strong>afﬁuxisse,</strong></span> <span class='ocrx_word' id='word_1_313' title='bbox 1479 2621 1772 2689; x_wconf 77' lang='lat' dir='ltr'><strong>Scriptura:</strong></span> <span class='ocrx_word' id='word_1_314' title='bbox 1805 2621 1954 2676; x_wconf 91' lang='lat' dir='ltr'><strong>testi-</strong></span> 
     </span>
    </p>
   </div>
   <div class='ocr_carea' id='block_1_42' title="bbox 357 2707 1954 2780">
    <p class='ocr_par' dir='ltr' id='par_1_42' title="bbox 357 2707 1954 2780">
     <span class='ocr_line' id='line_1_42' title="bbox 357 2707 1954 2780; baseline 0.001 -15"><span class='ocrx_word' id='word_1_315' title='bbox 357 2711 542 2766; x_wconf 92' lang='lat' dir='ltr'><strong>monio</strong></span> <span class='ocrx_word' id='word_1_316' title='bbox 605 2709 906 2765; x_wconf 88' lang='lat' dir='ltr'><strong>declaratur</strong></span> <span class='ocrx_word' id='word_1_317' title='bbox 960 2707 1104 2780; x_wconf 85' lang='lat' dir='ltr'><strong>(Job.</strong></span> <span class='ocrx_word' id='word_1_318' title='bbox 1165 2708 1227 2778; x_wconf 93' lang='lat' dir='ltr'><strong>t).</strong></span> <span class='ocrx_word' id='word_1_319' title='bbox 1286 2709 1423 2777; x_wconf 87' lang='lat' dir='ltr'><strong>Quid</strong></span> <span class='ocrx_word' id='word_1_320' title='bbox 1482 2709 1551 2764; x_wconf 94' lang='lat' dir='ltr'><strong>de</strong></span> <span class='ocrx_word' id='word_1_321' title='bbox 1608 2711 1954 2766; x_wconf 88' lang='lat' dir='ltr'><strong>sanctissimo</strong></span> 
     </span>
    </p>
   </div>
   <div class='ocr_carea' id='block_1_43' title="bbox 360 2799 1954 2872">
    <p class='ocr_par' dir='ltr' id='par_1_43' title="bbox 360 2799 1954 2872">
     <span class='ocr_line' id='line_1_43' title="bbox 360 2799 1954 2872; baseline 0.002 -16"><span class='ocrx_word' id='word_1_322' title='bbox 360 2800 530 2856; x_wconf 89' lang='lat' dir='ltr'><strong>David</strong></span> <span class='ocrx_word' id='word_1_323' title='bbox 557 2799 821 2867; x_wconf 90' lang='lat' dir='ltr'><strong>dicemus,</strong></span> <span class='ocrx_word' id='word_1_324' title='bbox 863 2799 950 2855; x_wconf 91' lang='lat' dir='ltr'><strong>cui</strong></span> <span class='ocrx_word' id='word_1_325' title='bbox 997 2809 1054 2854; x_wconf 91' lang='lat' dir='ltr'><strong>et</strong></span> <span class='ocrx_word' id='word_1_326' title='bbox 1095 2799 1401 2854; x_wconf 91' lang='lat' dir='ltr'><strong>divitiarum</strong></span> <span class='ocrx_word' id='word_1_327' title='bbox 1442 2799 1618 2870; x_wconf 82' lang='lat' dir='ltr'><strong>capia,</strong></span> <span class='ocrx_word' id='word_1_328' title='bbox 1648 2810 1704 2857; x_wconf 93' lang='lat' dir='ltr'><strong>et</strong></span> <span class='ocrx_word' id='word_1_329' title='bbox 1742 2803 1954 2872; x_wconf 91' lang='lat' dir='ltr'><strong>imperii</strong></span> 
     </span>
    </p>
   </div>
   <div class='ocr_carea' id='block_1_44' title="bbox 359 2891 1954 2963">
    <p class='ocr_par' dir='ltr' id='par_1_44' title="bbox 359 2891 1954 2963">
     <span class='ocr_line' id='line_1_44' title="bbox 359 2891 1954 2963; baseline 0.001 -15"><span class='ocrx_word' id='word_1_330' title='bbox 359 2892 752 2963; x_wconf 79' lang='lat' dir='ltr'><strong>magniﬁcentia</strong></span> <span class='ocrx_word' id='word_1_331' title='bbox 805 2891 1201 2962; x_wconf 88' lang='lat' dir='ltr'><strong>suppeditabat,</strong></span> <span class='ocrx_word' id='word_1_332' title='bbox 1259 2893 1418 2962; x_wconf 89' lang='lat' dir='ltr'><strong>eique</strong></span> <span class='ocrx_word' id='word_1_333' title='bbox 1467 2904 1498 2946; x_wconf 92' lang='lat' dir='ltr'><strong>a</strong></span> <span class='ocrx_word' id='word_1_334' title='bbox 1548 2892 1807 2963; x_wconf 89' lang='lat' dir='ltr'><strong>subjectis</strong></span> <span class='ocrx_word' id='word_1_335' title='bbox 1860 2909 1954 2962; x_wconf 90' lang='lat' dir='ltr'><strong>per</strong></span> 
     </span>
    </p>
   </div>
   <div class='ocr_carea' id='block_1_45' title="bbox 359 2982 1949 3042">
    <p class='ocr_par' dir='ltr' id='par_1_45' title="bbox 359 2982 1949 3042">
     <span class='ocr_line' id='line_1_45' title="bbox 359 2982 1949 3042; baseline 0 -1"><span class='ocrx_word' id='word_1_336' title='bbox 359 2984 641 3041; x_wconf 87' lang='lat' dir='ltr'><strong>circuitum</strong></span> <span class='ocrx_word' id='word_1_337' title='bbox 669 2983 976 3040; x_wconf 90' lang='lat' dir='ltr'><strong>nationibus</strong></span> <span class='ocrx_word' id='word_1_338' title='bbox 1005 2998 1227 3039; x_wconf 92' lang='lat' dir='ltr'><strong>munera</strong></span> <span class='ocrx_word' id='word_1_339' title='bbox 1259 2982 1684 3040; x_wconf 79' lang='lat' dir='ltr'><strong>deferebantur?</strong></span> <span class='ocrx_word' id='word_1_340' title='bbox 1725 2983 1832 3040; x_wconf 91' lang='lat' dir='ltr'><strong>Sed</strong></span> <span class='ocrx_word' id='word_1_341' title='bbox 1860 2986 1949 3042; x_wconf 87' lang='lat' dir='ltr'><strong>isti</strong></span> 
     </span>
    </p>
   </div>
   <div class='ocr_carea' id='block_1_46' title="bbox 361 3074 1952 3146">
    <p class='ocr_par' dir='ltr' id='par_1_46' title="bbox 361 3074 1952 3146">
     <span class='ocr_line' id='line_1_46' title="bbox 361 3074 1952 3146; baseline 0.001 -15"><span class='ocrx_word' id='word_1_342' title='bbox 361 3076 608 3146; x_wconf 88' lang='lat' dir='ltr'><strong>quamvis</strong></span> <span class='ocrx_word' id='word_1_343' title='bbox 639 3074 946 3132; x_wconf 90' lang='lat' dir='ltr'><strong>habuerunt</strong></span> <span class='ocrx_word' id='word_1_344' title='bbox 983 3075 1220 3142; x_wconf 92' lang='lat' dir='ltr'><strong>divitias,</strong></span> <span class='ocrx_word' id='word_1_345' title='bbox 1265 3090 1373 3131; x_wconf 92' lang='lat' dir='ltr'><strong>non</strong></span> <span class='ocrx_word' id='word_1_346' title='bbox 1401 3075 1706 3132; x_wconf 85' lang='lat' dir='ltr'><strong>servierunt</strong></span> <span class='ocrx_word' id='word_1_347' title='bbox 1730 3076 1952 3146; x_wconf 90' lang='lat' dir='ltr'><strong>divitiis,</strong></span> 
     </span>
    </p>
   </div>
   <div class='ocr_carea' id='block_1_47' title="bbox 361 3168 1952 3240">
    <p class='ocr_par' dir='ltr' id='par_1_47' title="bbox 361 3168 1952 3240">
     <span class='ocr_line' id='line_1_47' title="bbox 361 3168 1952 3240; baseline -0.001 -14"><span class='ocrx_word' id='word_1_348' title='bbox 361 3169 456 3226; x_wconf 88' lang='lat' dir='ltr'><strong>sed</strong></span> <span class='ocrx_word' id='word_1_349' title='bbox 497 3169 626 3236; x_wconf 88' lang='lat' dir='ltr'><strong>Deo,</strong></span> <span class='ocrx_word' id='word_1_350' title='bbox 661 3168 785 3238; x_wconf 91' lang='lat' dir='ltr'><strong>quia</strong></span> <span class='ocrx_word' id='word_1_351' title='bbox 828 3181 1159 3240; x_wconf 89' lang='lat' dir='ltr'><strong>nequaquam</strong></span> <span class='ocrx_word' id='word_1_352' title='bbox 1187 3183 1339 3239; x_wconf 92' lang='lat' dir='ltr'><strong>spem</strong></span> <span class='ocrx_word' id='word_1_353' title='bbox 1378 3183 1529 3224; x_wconf 91' lang='lat' dir='ltr'><strong>suam</strong></span> <span class='ocrx_word' id='word_1_354' title='bbox 1572 3169 1773 3224; x_wconf 89' lang='lat' dir='ltr'><strong>divitiis</strong></span> <span class='ocrx_word' id='word_1_355' title='bbox 1799 3185 1952 3226; x_wconf 93' lang='lat' dir='ltr'><strong>com-</strong></span> 
     </span>
    </p>
   </div>
   <div class='ocr_carea' id='block_1_48' title="bbox 2051 1976 3645 2045">
    <p class='ocr_par' dir='ltr' id='par_1_48' title="bbox 2051 1976 3645 2045">
     <span class='ocr_line' id='line_1_48' title="bbox 2051 1976 3645 2045; baseline 0.001 -17"><span class='ocrx_word' id='word_1_356' title='bbox 2051 1976 2259 2030; x_wconf 89' lang='lat' dir='ltr'><strong>animas</strong></span> <span class='ocrx_word' id='word_1_357' title='bbox 2310 1990 2416 2030; x_wconf 90' lang='lat' dir='ltr'><strong>non</strong></span> <span class='ocrx_word' id='word_1_358' title='bbox 2467 1976 2671 2045; x_wconf 90' lang='lat' dir='ltr'><strong>absque</strong></span> <span class='ocrx_word' id='word_1_359' title='bbox 2720 1978 3039 2045; x_wconf 85' lang='lat' dir='ltr'><strong>corporibus</strong></span> <span class='ocrx_word' id='word_1_360' title='bbox 3093 1977 3436 2031; x_wconf 88' lang='lat' dir='ltr'><strong>descendisse</strong></span> <span class='ocrx_word' id='word_1_361' title='bbox 3475 1977 3645 2030; x_wconf 88' lang='lat' dir='ltr'><strong>mani-</strong></span> 
     </span>
    </p>
   </div>
   <div class='ocr_carea' id='block_1_49' title="bbox 2053 2064 3643 2137">
    <p class='ocr_par' dir='ltr' id='par_1_49' title="bbox 2053 2064 3643 2137">
     <span class='ocr_line' id='line_1_49' title="bbox 2053 2064 3643 2137; baseline 0.001 -18"><span class='ocrx_word' id='word_1_362' title='bbox 2053 2067 2245 2123; x_wconf 90' lang='lat' dir='ltr'><strong>festum</strong></span> <span class='ocrx_word' id='word_1_363' title='bbox 2275 2067 2367 2122; x_wconf 88' lang='lat' dir='ltr'><strong>sit.</strong></span> <span class='ocrx_word' id='word_1_364' title='bbox 2417 2064 2680 2122; x_wconf 79' lang='lat' dir='ltr'><strong>Caeterum</strong></span> <span class='ocrx_word' id='word_1_365' title='bbox 2711 2067 2781 2123; x_wconf 91' lang='lat' dir='ltr'><strong>de</strong></span> <span class='ocrx_word' id='word_1_366' title='bbox 2812 2067 3039 2137; x_wconf 87' lang='lat' dir='ltr'><strong>spiritali</strong></span> <span class='ocrx_word' id='word_1_367' title='bbox 3081 2069 3201 2122; x_wconf 93' lang='lat' dir='ltr'><strong>cibo</strong></span> <span class='ocrx_word' id='word_1_368' title='bbox 3230 2083 3292 2121; x_wconf 91' lang='lat' dir='ltr'><strong>ac</strong></span> <span class='ocrx_word' id='word_1_369' title='bbox 3323 2067 3643 2123; x_wconf 89' lang='lat' dir='ltr'><strong>vestimento</strong></span> 
     </span>
    </p>
   </div>
   <div class='ocr_carea' id='block_1_50' title="bbox 2053 2159 3644 2237">
    <p class='ocr_par' dir='ltr' id='par_1_50' title="bbox 2053 2159 3644 2237">
     <span class='ocr_line' id='line_1_50' title="bbox 2053 2159 3644 2237; baseline 0.001 -25"><span class='ocrx_word' id='word_1_370' title='bbox 2053 2159 2206 2214; x_wconf 85' lang='lat' dir='ltr'><strong>valde</strong></span> <span class='ocrx_word' id='word_1_371' title='bbox 2233 2174 2331 2237; x_wconf 86' lang='lat' dir='ltr'><strong>nos</strong></span> <span class='ocrx_word' id='word_1_372' title='bbox 2361 2168 2574 2226; x_wconf 87' lang='lat' dir='ltr'><strong>oportet</strong></span> <span class='ocrx_word' id='word_1_373' title='bbox 2613 2173 2735 2215; x_wconf 90' lang='lat' dir='ltr'><strong>esse</strong></span> <span class='ocrx_word' id='word_1_374' title='bbox 2771 2160 3054 2215; x_wconf 85' lang='lat' dir='ltr'><strong>sollicitos.</strong></span> <span class='ocrx_word' id='word_1_375' title='bbox 3089 2161 3279 2215; x_wconf 81' lang='lat' dir='ltr'><strong>Adhuc</strong></span> <span class='ocrx_word' id='word_1_376' title='bbox 3310 2169 3486 2214; x_wconf 90' lang='lat' dir='ltr'><strong>tamen</strong></span> <span class='ocrx_word' id='word_1_377' title='bbox 3530 2160 3644 2229; x_wconf 88' lang='lat' dir='ltr'><strong>ipsa</strong></span> 
     </span>
    </p>
   </div>
   <div class='ocr_carea' id='block_1_51' title="bbox 2052 2250 3644 2322">
    <p class='ocr_par' dir='ltr' id='par_1_51' title="bbox 2052 2250 3644 2322">
     <span class='ocr_line' id='line_1_51' title="bbox 2052 2250 3644 2322; baseline 0.002 -19"><span class='ocrx_word' id='word_1_378' title='bbox 2052 2250 2213 2306; x_wconf 89' lang='lat' dir='ltr'><strong>verba</strong></span> <span class='ocrx_word' id='word_1_379' title='bbox 2258 2250 2471 2305; x_wconf 90' lang='lat' dir='ltr'><strong>Domini</strong></span> <span class='ocrx_word' id='word_1_380' title='bbox 2516 2251 2861 2319; x_wconf 89' lang='lat' dir='ltr'><strong>ponderatius</strong></span> <span class='ocrx_word' id='word_1_381' title='bbox 2906 2252 3284 2322; x_wconf 88' lang='lat' dir='ltr'><strong>perpendenda</strong></span> <span class='ocrx_word' id='word_1_382' title='bbox 3333 2261 3476 2306; x_wconf 91' lang='lat' dir='ltr'><strong>sunt.</strong></span> <span class='ocrx_word' id='word_1_383' title='bbox 3529 2251 3644 2306; x_wconf 90' lang='lat' dir='ltr'><strong>Non</strong></span> 
     </span>
    </p>
   </div>
   <div class='ocr_carea' id='block_1_52' title="bbox 2052 2340 3646 2412">
    <p class='ocr_par' dir='ltr' id='par_1_52' title="bbox 2052 2340 3646 2412">
     <span class='ocr_line' id='line_1_52' title="bbox 2052 2340 3646 2412; baseline 0.001 -16"><span class='ocrx_word' id='word_1_384' title='bbox 2052 2341 2194 2396; x_wconf 90' lang='lat' dir='ltr'><strong>enim</strong></span> <span class='ocrx_word' id='word_1_385' title='bbox 2246 2341 2322 2396; x_wconf 89' lang='lat' dir='ltr'><strong>ait</strong></span> <span class='ocrx_word' id='word_1_386' title='bbox 2355 2358 2366 2394; x_wconf 90' lang='lat'>:</span> <span class='ocrx_word' id='word_1_387' title='bbox 2395 2340 2474 2397; x_wconf 90' lang='lat' dir='ltr'><strong>Ne</strong></span> <span class='ocrx_word' id='word_1_388' title='bbox 2513 2342 2768 2410; x_wconf 86' lang='lat' dir='ltr'><strong>quaeratis</strong></span> <span class='ocrx_word' id='word_1_389' title='bbox 2822 2343 2948 2412; x_wconf 92' lang='lat' dir='ltr'><strong>quid</strong></span> <span class='ocrx_word' id='word_1_390' title='bbox 2999 2342 3354 2410; x_wconf 85' lang='lat' dir='ltr'><strong>manducetis,</strong></span> <span class='ocrx_word' id='word_1_391' title='bbox 3410 2353 3500 2396; x_wconf 90' lang='lat' dir='ltr'><strong>aut</strong></span> <span class='ocrx_word' id='word_1_392' title='bbox 3543 2358 3646 2411; x_wconf 89' lang='lat' dir='ltr'><strong>quo</strong></span> 
     </span>
    </p>
   </div>
   <div class='ocr_carea' id='block_1_53' title="bbox 2057 2434 3647 2507">
    <p class='ocr_par' dir='ltr' id='par_1_53' title="bbox 2057 2434 3647 2507">
     <span class='ocr_line' id='line_1_53' title="bbox 2057 2434 3647 2507; baseline 0.001 -17"><span class='ocrx_word' id='word_1_393' title='bbox 2057 2434 2388 2501; x_wconf 67' lang='lat' dir='ltr'><strong>induamini,</strong></span> <span class='ocrx_word' id='word_1_394' title='bbox 2431 2435 2547 2502; x_wconf 89' lang='lat' dir='ltr'><strong>sed,</strong></span> <span class='ocrx_word' id='word_1_395' title='bbox 2603 2453 2664 2490; x_wconf 89' lang='lat' dir='ltr'><strong>ne</strong></span> <span class='ocrx_word' id='word_1_396' title='bbox 2711 2437 2919 2490; x_wconf 81' lang='lat' dir='ltr'><strong>solliciti</strong></span> <span class='ocrx_word' id='word_1_397' title='bbox 2964 2438 3096 2503; x_wconf 80' lang='lat' dir='ltr'><strong>sitis,</strong></span> <span class='ocrx_word' id='word_1_398' title='bbox 3127 2452 3188 2492; x_wconf 91' lang='lat' dir='ltr'><strong>ac</strong></span> <span class='ocrx_word' id='word_1_399' title='bbox 3235 2445 3509 2507; x_wconf 90' lang='lat' dir='ltr'><strong>propterea</strong></span> <span class='ocrx_word' id='word_1_400' title='bbox 3543 2452 3647 2491; x_wconf 92' lang='lat' dir='ltr'><strong>non</strong></span> 
     </span>
    </p>
   </div>
   <div class='ocr_carea' id='block_1_54' title="bbox 2054 2523 3652 2594">
    <p class='ocr_par' dir='ltr' id='par_1_54' title="bbox 2054 2523 3652 2594">
     <span class='ocr_line' id='line_1_54' title="bbox 2054 2523 3652 2594; baseline 0.002 -16"><span class='ocrx_word' id='word_1_401' title='bbox 2054 2523 2226 2592; x_wconf 90' lang='lat' dir='ltr'><strong>labor,</strong></span> <span class='ocrx_word' id='word_1_402' title='bbox 2255 2523 2367 2578; x_wconf 68' lang='lat' dir='ltr'><strong>tsed</strong></span> <span class='ocrx_word' id='word_1_403' title='bbox 2398 2523 2702 2580; x_wconf 87' lang='lat' dir='ltr'><strong>sollicitudo</strong></span> <span class='ocrx_word' id='word_1_404' title='bbox 2730 2526 2997 2594; x_wconf 88' lang='lat' dir='ltr'><strong>prohibita</strong></span> <span class='ocrx_word' id='word_1_405' title='bbox 3028 2535 3132 2581; x_wconf 89' lang='lat' dir='ltr'><strong>est.</strong></span> <span class='ocrx_word' id='word_1_406' title='bbox 3186 2527 3288 2581; x_wconf 82' lang='lat' dir='ltr'><strong>Sed</strong></span> <span class='ocrx_word' id='word_1_407' title='bbox 3329 2542 3447 2582; x_wconf 86' lang='lat' dir='ltr'><strong>cum</strong></span> <span class='ocrx_word' id='word_1_408' title='bbox 3482 2527 3652 2594; x_wconf 89' lang='lat' dir='ltr'><strong>primo</strong></span> 
     </span>
    </p>
   </div>
   <div class='ocr_carea' id='block_1_55' title="bbox 2055 2615 3651 2685">
    <p class='ocr_par' dir='ltr' id='par_1_55' title="bbox 2055 2615 3651 2685">
     <span class='ocr_line' id='line_1_55' title="bbox 2055 2615 3651 2685; baseline 0.001 -15"><span class='ocrx_word' id='word_1_409' title='bbox 2055 2617 2256 2670; x_wconf 87' lang='lat' dir='ltr'><strong>homini</strong></span> <span class='ocrx_word' id='word_1_410' title='bbox 2283 2617 2480 2670; x_wconf 91' lang='lat' dir='ltr'><strong>dictum</strong></span> <span class='ocrx_word' id='word_1_411' title='bbox 2508 2615 2577 2670; x_wconf 90' lang='lat' dir='ltr'><strong>sit</strong></span> <span class='ocrx_word' id='word_1_412' title='bbox 2605 2633 2618 2669; x_wconf 90' lang='lat'>:</span> <span class='ocrx_word' id='word_1_413' title='bbox 2662 2616 2687 2669; x_wconf 90' lang='grc' dir='ltr'><strong><em>Ι</em></strong></span> <span class='ocrx_word' id='word_1_414' title='bbox 2698 2634 2730 2669; x_wconf 91' lang='grc' dir='ltr'><em>η</em></span> <span class='ocrx_word' id='word_1_415' title='bbox 2761 2617 2948 2672; x_wconf 84' lang='lat' dir='ltr'><strong>sudore</strong></span> <span class='ocrx_word' id='word_1_416' title='bbox 2978 2619 3144 2671; x_wconf 85' lang='lat' dir='ltr'><strong>vultus</strong></span> <span class='ocrx_word' id='word_1_417' title='bbox 3175 2619 3251 2671; x_wconf 90' lang='lat' dir='ltr'><strong>tui</strong></span> <span class='ocrx_word' id='word_1_418' title='bbox 3282 2619 3490 2672; x_wconf 80' lang='lat' dir='ltr'><strong>vesceris</strong></span> <span class='ocrx_word' id='word_1_419' title='bbox 3521 2633 3651 2685; x_wconf 82' lang='lat' dir='ltr'><strong>parte</strong></span> 
     </span>
    </p>
   </div>
   <div class='ocr_carea' id='block_1_56' title="bbox 2055 2706 3650 2779">
    <p class='ocr_par' dir='ltr' id='par_1_56' title="bbox 2055 2706 3650 2779">
     <span class='ocr_line' id='line_1_56' title="bbox 2055 2706 3650 2779; baseline 0.001 -17"><span class='ocrx_word' id='word_1_420' title='bbox 2055 2718 2144 2762; x_wconf 89' lang='lat' dir='ltr'><strong>tuo</strong></span> <span class='ocrx_word' id='word_1_421' title='bbox 2175 2706 2330 2778; x_wconf 86' lang='lat' dir='ltr'><strong>(Gen.</strong></span> <span class='ocrx_word' id='word_1_422' title='bbox 2359 2708 2465 2778; x_wconf 84' lang='grc' dir='ltr'>ιιι),</span> <span class='ocrx_word' id='word_1_423' title='bbox 2498 2708 2624 2778; x_wconf 90' lang='lat' dir='ltr'><strong>quid</strong></span> <span class='ocrx_word' id='word_1_424' title='bbox 2654 2718 2738 2764; x_wconf 88' lang='lat' dir='ltr'><strong>est</strong></span> <span class='ocrx_word' id='word_1_425' title='bbox 2766 2710 2909 2778; x_wconf 85' lang='lat' dir='ltr'><strong>quod</strong></span> <span class='ocrx_word' id='word_1_426' title='bbox 2950 2709 3246 2779; x_wconf 90' lang='lat' dir='ltr'><strong>discipulis,</strong></span> <span class='ocrx_word' id='word_1_427' title='bbox 3301 2711 3410 2763; x_wconf 90' lang='lat' dir='ltr'><strong>imo</strong></span> <span class='ocrx_word' id='word_1_428' title='bbox 3440 2709 3650 2764; x_wconf 89' lang='lat' dir='ltr'><strong>cunctis</strong></span> 
     </span>
    </p>
   </div>
   <div class='ocr_carea' id='block_1_57' title="bbox 2056 2801 3652 2872">
    <p class='ocr_par' dir='ltr' id='par_1_57' title="bbox 2056 2801 3652 2872">
     <span class='ocr_line' id='line_1_57' title="bbox 2056 2801 3652 2872; baseline 0.003 -18"><span class='ocrx_word' id='word_1_429' title='bbox 2056 2801 2324 2868; x_wconf 85' lang='lat' dir='ltr'><strong>fidelibus,</strong></span> <span class='ocrx_word' id='word_1_430' title='bbox 2371 2802 2616 2872; x_wconf 62' lang='lat' dir='ltr'><strong>praecipit</strong></span> <span class='ocrx_word' id='word_1_431' title='bbox 2645 2817 2713 2858; x_wconf 89' lang='lat' dir='ltr'><strong>ne</strong></span> <span class='ocrx_word' id='word_1_432' title='bbox 2743 2802 2959 2856; x_wconf 88' lang='lat' dir='ltr'><strong>solliciti</strong></span> <span class='ocrx_word' id='word_1_433' title='bbox 3010 2803 3120 2856; x_wconf 91' lang='lat' dir='ltr'><strong>sint</strong></span> <span class='ocrx_word' id='word_1_434' title='bbox 3170 2801 3297 2872; x_wconf 91' lang='lat' dir='ltr'><strong>quid</strong></span> <span class='ocrx_word' id='word_1_435' title='bbox 3330 2803 3652 2859; x_wconf 84' lang='lat' dir='ltr'><strong>manducare</strong></span> 
     </span>
    </p>
   </div>
   <div class='ocr_carea' id='block_1_58' title="bbox 2055 2892 3654 2963">
    <p class='ocr_par' dir='ltr' id='par_1_58' title="bbox 2055 2892 3654 2963">
     <span class='ocr_line' id='line_1_58' title="bbox 2055 2892 3654 2963; baseline 0.001 -15"><span class='ocrx_word' id='word_1_436' title='bbox 2055 2894 2142 2949; x_wconf 86' lang='lat' dir='ltr'><strong>vel</strong></span> <span class='ocrx_word' id='word_1_437' title='bbox 2171 2892 2354 2948; x_wconf 89' lang='lat' dir='ltr'><strong>bibere</strong></span> <span class='ocrx_word' id='word_1_438' title='bbox 2393 2893 2475 2948; x_wconf 92' lang='lat' dir='ltr'><strong>vel</strong></span> <span class='ocrx_word' id='word_1_439' title='bbox 2518 2893 2742 2948; x_wconf 89' lang='lat' dir='ltr'><strong>induere</strong></span> <span class='ocrx_word' id='word_1_440' title='bbox 2779 2892 3056 2948; x_wconf 89' lang='lat' dir='ltr'><strong>debeant?</strong></span> <span class='ocrx_word' id='word_1_441' title='bbox 3112 2893 3355 2963; x_wconf 84' lang='lat' dir='ltr'><strong>Nunquid</strong></span> <span class='ocrx_word' id='word_1_442' title='bbox 3404 2893 3654 2962; x_wconf 87' lang='lat' dir='ltr'><strong>prohibet</strong></span> 
     </span>
    </p>
   </div>
   <div class='ocr_carea' id='block_1_59' title="bbox 2061 2985 3652 3056">
    <p class='ocr_par' dir='ltr' id='par_1_59' title="bbox 2061 2985 3652 3056">
     <span class='ocr_line' id='line_1_59' title="bbox 2061 2985 3652 3056; baseline 0.001 -16"><span class='ocrx_word' id='word_1_443' title='bbox 2061 2985 2333 3041; x_wconf 91' lang='lat' dir='ltr'><strong>hominem</strong></span> <span class='ocrx_word' id='word_1_444' title='bbox 2366 2985 2634 3049; x_wconf 87' lang='lat' dir='ltr'><strong>laborare,</strong></span> <span class='ocrx_word' id='word_1_445' title='bbox 2669 2985 2760 3055; x_wconf 91' lang='lat' dir='ltr'><strong>qui</strong></span> <span class='ocrx_word' id='word_1_446' title='bbox 2795 2986 2941 3055; x_wconf 91' lang='lat' dir='ltr'><strong>prius</strong></span> <span class='ocrx_word' id='word_1_447' title='bbox 2975 2986 3134 3056; x_wconf 90' lang='lat' dir='ltr'><strong>jussit</strong></span> <span class='ocrx_word' id='word_1_448' title='bbox 3164 2986 3217 3040; x_wconf 93' lang='lat' dir='ltr'><strong>in</strong></span> <span class='ocrx_word' id='word_1_449' title='bbox 3249 2986 3445 3041; x_wconf 89' lang='lat' dir='ltr'><strong>sudore</strong></span> <span class='ocrx_word' id='word_1_450' title='bbox 3471 2989 3652 3041; x_wconf 88' lang='lat' dir='ltr'><strong>vultus</strong></span> 
     </span>
    </p>
   </div>
   <div class='ocr_carea' id='block_1_60' title="bbox 2058 3077 3654 3149">
    <p class='ocr_par' dir='ltr' id='par_1_60' title="bbox 2058 3077 3654 3149">
     <span class='ocr_line' id='line_1_60' title="bbox 2058 3077 3654 3149; baseline 0 -17"><span class='ocrx_word' id='word_1_451' title='bbox 2058 3091 2250 3149; x_wconf 91' lang='lat' dir='ltr'><strong>panem</strong></span> <span class='ocrx_word' id='word_1_452' title='bbox 2301 3077 2627 3134; x_wconf 86' lang='lat' dir='ltr'><strong>comedere?</strong></span> <span class='ocrx_word' id='word_1_453' title='bbox 2670 3077 3039 3148; x_wconf 83' lang='lat' dir='ltr'><strong>Nequaquam.</strong></span> <span class='ocrx_word' id='word_1_454' title='bbox 3091 3077 3188 3132; x_wconf 88' lang='lat' dir='ltr'><strong>Cui</strong></span> <span class='ocrx_word' id='word_1_455' title='bbox 3239 3077 3399 3132; x_wconf 91' lang='lat' dir='ltr'><strong>etiam</strong></span> <span class='ocrx_word' id='word_1_456' title='bbox 3443 3079 3506 3131; x_wconf 88' lang='lat' dir='ltr'><strong>ad</strong></span> <span class='ocrx_word' id='word_1_457' title='bbox 3552 3079 3654 3133; x_wconf 91' lang='lat' dir='ltr'><strong>hoc</strong></span> 
     </span>
    </p>
   </div>
   <div class='ocr_carea' id='block_1_61' title="bbox 2059 3170 3652 3242">
    <p class='ocr_par' dir='ltr' id='par_1_61' title="bbox 2059 3170 3652 3242">
     <span class='ocr_line' id='line_1_61' title="bbox 2059 3170 3652 3242; baseline 0 -16"><span class='ocrx_word' id='word_1_458' title='bbox 2059 3171 2341 3226; x_wconf 80' lang='lat' dir='ltr'><strong>exercendi</strong></span> <span class='ocrx_word' id='word_1_459' title='bbox 2374 3170 2513 3226; x_wconf 93' lang='lat' dir='ltr'><strong>ruris</strong></span> <span class='ocrx_word' id='word_1_460' title='bbox 2544 3180 2597 3226; x_wconf 89' lang='lat' dir='ltr'><strong>et</strong></span> <span class='ocrx_word' id='word_1_461' title='bbox 2620 3170 3000 3241; x_wconf 87' lang='lat' dir='ltr'><strong>proscindendi</strong></span> <span class='ocrx_word' id='word_1_462' title='bbox 3033 3171 3148 3241; x_wconf 87' lang='lat' dir='ltr'><strong>agri</strong></span> <span class='ocrx_word' id='word_1_463' title='bbox 3175 3171 3362 3238; x_wconf 88' lang='lat' dir='ltr'><strong>peritia</strong></span> <span class='ocrx_word' id='word_1_464' title='bbox 3393 3172 3512 3226; x_wconf 83' lang='lat' dir='ltr'><strong>data</strong></span> <span class='ocrx_word' id='word_1_465' title='bbox 3546 3181 3652 3242; x_wconf 89' lang='lat' dir='ltr'><strong>est,</strong></span> 
     </span>
    </p>
   </div>
   <div class='ocr_carea' id='block_1_62' title="bbox 364 3231 3650 3337">
    <p class='ocr_par' dir='ltr' id='par_1_62' title="bbox 364 3231 3650 3337">
     <span class='ocr_line' id='line_1_62' title="bbox 364 3231 3650 3337; baseline 0 -17"><span class='ocrx_word' id='word_1_466' title='bbox 364 3267 647 3330; x_wconf 86' lang='lat' dir='ltr'><strong>miserunt,</strong></span> <span class='ocrx_word' id='word_1_467' title='bbox 675 3280 775 3322; x_wconf 91' lang='lat' dir='ltr'><strong>nec</strong></span> <span class='ocrx_word' id='word_1_468' title='bbox 799 3264 1171 3320; x_wconf 88' lang='lat' dir='ltr'><strong>custodierunt</strong></span> <span class='ocrx_word' id='word_1_469' title='bbox 1197 3277 1292 3320; x_wconf 88' lang='lat' dir='ltr'><strong>eas</strong></span> <span class='ocrx_word' id='word_1_470' title='bbox 1318 3271 1376 3319; x_wconf 90' lang='lat' dir='ltr'><strong>ut</strong></span> <span class='ocrx_word' id='word_1_471' title='bbox 1399 3265 1565 3333; x_wconf 87' lang='lat' dir='ltr'><strong>servi,</strong></span> <span class='ocrx_word' id='word_1_472' title='bbox 1597 3265 1692 3321; x_wconf 91' lang='lat' dir='ltr'><strong>sed</strong></span> <span class='ocrx_word' id='word_1_473' title='bbox 1721 3267 1952 3337; x_wconf 86' lang='lat' dir='ltr'><strong>ingenue</strong></span> <span class='ocrx_word' id='word_1_474' title='bbox 1980 3231 2028 3296; x_wconf 66' lang='grc' dir='ltr'>Ο</span> <span class='ocrx_word' id='word_1_475' title='bbox 2059 3273 2118 3320; x_wconf 89' lang='grc' dir='ltr'>ιιι</span> <span class='ocrx_word' id='word_1_476' title='bbox 2143 3264 2323 3320; x_wconf 89' lang='lat' dir='ltr'><strong>labore</strong></span> <span class='ocrx_word' id='word_1_477' title='bbox 2353 3279 2573 3334; x_wconf 85' lang='lat' dir='ltr'><strong>proprio</strong></span> <span class='ocrx_word' id='word_1_478' title='bbox 2604 3266 2838 3320; x_wconf 89' lang='lat' dir='ltr'><strong>aleretur</strong></span> <span class='ocrx_word' id='word_1_479' title='bbox 2867 3276 2922 3320; x_wconf 90' lang='lat' dir='ltr'><strong>et</strong></span> <span class='ocrx_word' id='word_1_480' title='bbox 2965 3265 3268 3320; x_wconf 91' lang='lat' dir='ltr'><strong>vestiretur.</strong></span> <span class='ocrx_word' id='word_1_481' title='bbox 3328 3265 3436 3321; x_wconf 88' lang='lat' dir='ltr'><strong>Sed</strong></span> <span class='ocrx_word' id='word_1_482' title='bbox 3482 3266 3534 3320; x_wconf 93' lang='lat' dir='ltr'><strong>in</strong></span> <span class='ocrx_word' id='word_1_483' title='bbox 3567 3265 3650 3322; x_wconf 91' lang='lat' dir='ltr'><strong>ltis</strong></span> 
     </span>
    </p>
   </div>
   <div class='ocr_carea' id='block_1_63' title="bbox 365 3357 1959 3430">
    <p class='ocr_par' dir='ltr' id='par_1_63' title="bbox 365 3357 1959 3430">
     <span class='ocr_line' id='line_1_63' title="bbox 365 3357 1959 3430; baseline -0.001 -14"><span class='ocrx_word' id='word_1_484' title='bbox 365 3360 812 3430; x_wconf 89' lang='lat' dir='ltr'><strong>dispensaverunt</strong></span> <span class='ocrx_word' id='word_1_485' title='bbox 839 3366 898 3413; x_wconf 90' lang='lat' dir='ltr'><strong>ut</strong></span> <span class='ocrx_word' id='word_1_486' title='bbox 924 3357 1161 3425; x_wconf 89' lang='lat' dir='ltr'><strong>domini,</strong></span> <span class='ocrx_word' id='word_1_487' title='bbox 1199 3367 1446 3415; x_wconf 89' lang='lat' dir='ltr'><strong>tenentes</strong></span> <span class='ocrx_word' id='word_1_488' title='bbox 1485 3373 1578 3414; x_wconf 89' lang='lat' dir='ltr'><strong>eas</strong></span> <span class='ocrx_word' id='word_1_489' title='bbox 1617 3360 1670 3414; x_wconf 91' lang='lat' dir='ltr'><strong>in</strong></span> <span class='ocrx_word' id='word_1_490' title='bbox 1704 3375 1822 3426; x_wconf 92' lang='lat' dir='ltr'><strong>usu,</strong></span> <span class='ocrx_word' id='word_1_491' title='bbox 1851 3375 1959 3414; x_wconf 91' lang='lat' dir='ltr'><strong>non</strong></span> 
     </span>
    </p>
   </div>
   <div class='ocr_carea' id='block_1_64' title="bbox 367 3452 1962 3523">
    <p class='ocr_par' dir='ltr' id='par_1_64' title="bbox 367 3452 1962 3523">
     <span class='ocr_line' id='line_1_64' title="bbox 367 3452 1962 3523; baseline 0.001 -15"><span class='ocrx_word' id='word_1_492' title='bbox 367 3454 420 3510; x_wconf 90' lang='lat' dir='ltr'><strong>in</strong></span> <span class='ocrx_word' id='word_1_493' title='bbox 448 3455 736 3521; x_wconf 90' lang='lat' dir='ltr'><strong>desiderio,</strong></span> <span class='ocrx_word' id='word_1_494' title='bbox 766 3462 824 3510; x_wconf 89' lang='lat' dir='ltr'><strong>et</strong></span> <span class='ocrx_word' id='word_1_495' title='bbox 853 3461 1104 3523; x_wconf 90' lang='lat' dir='ltr'><strong>tanquam</strong></span> <span class='ocrx_word' id='word_1_496' title='bbox 1137 3469 1201 3508; x_wconf 80' lang='lat' dir='ltr'><strong>ex</strong></span> <span class='ocrx_word' id='word_1_497' title='bbox 1230 3454 1398 3510; x_wconf 90' lang='lat' dir='ltr'><strong>latere</strong></span> <span class='ocrx_word' id='word_1_498' title='bbox 1426 3452 1526 3509; x_wconf 90' lang='lat' dir='ltr'><strong>sibi</strong></span> <span class='ocrx_word' id='word_1_499' title='bbox 1565 3454 1716 3510; x_wconf 88' lang='lat' dir='ltr'><strong>datas</strong></span> <span class='ocrx_word' id='word_1_500' title='bbox 1760 3453 1962 3510; x_wconf 90' lang='lat' dir='ltr'><strong>utiliter</strong></span> 
     </span>
    </p>
   </div>
   <div class='ocr_carea' id='block_1_65' title="bbox 368 3545 1959 3617">
    <p class='ocr_par' dir='ltr' id='par_1_65' title="bbox 368 3545 1959 3617">
     <span class='ocr_line' id='line_1_65' title="bbox 368 3545 1959 3617; baseline 0 -17"><span class='ocrx_word' id='word_1_501' title='bbox 368 3547 740 3617; x_wconf 90' lang='lat' dir='ltr'><strong>disponentes.</strong></span> <span class='ocrx_word' id='word_1_502' title='bbox 770 3545 906 3601; x_wconf 87' lang='lat' dir='ltr'><strong>Hinc</strong></span> <span class='ocrx_word' id='word_1_503' title='bbox 930 3545 1120 3601; x_wconf 86' lang='lat' dir='ltr'><strong>beatus</strong></span> <span class='ocrx_word' id='word_1_504' title='bbox 1144 3545 1312 3599; x_wconf 89' lang='lat' dir='ltr'><strong>David</strong></span> <span class='ocrx_word' id='word_1_505' title='bbox 1336 3545 1551 3616; x_wconf 88' lang='lat' dir='ltr'><strong>quando</strong></span> <span class='ocrx_word' id='word_1_506' title='bbox 1575 3546 1629 3600; x_wconf 92' lang='lat' dir='ltr'><strong>in</strong></span> <span class='ocrx_word' id='word_1_507' title='bbox 1652 3547 1790 3601; x_wconf 91' lang='lat' dir='ltr'><strong>solio</strong></span> <span class='ocrx_word' id='word_1_508' title='bbox 1812 3547 1959 3616; x_wconf 75' lang='lat' dir='ltr'><strong>regni</strong></span> 
     </span>
    </p>
   </div>
   <div class='ocr_carea' id='block_1_66' title="bbox 368 3635 1957 3707">
    <p class='ocr_par' dir='ltr' id='par_1_66' title="bbox 368 3635 1957 3707">
     <span class='ocr_line' id='line_1_66' title="bbox 368 3635 1957 3707; baseline 0 -15"><span class='ocrx_word' id='word_1_509' title='bbox 368 3637 716 3705; x_wconf 90' lang='lat' dir='ltr'><strong>constitutus,</strong></span> <span class='ocrx_word' id='word_1_510' title='bbox 748 3637 890 3707; x_wconf 91' lang='lat' dir='ltr'><strong>quod</strong></span> <span class='ocrx_word' id='word_1_511' title='bbox 938 3635 1069 3691; x_wconf 88' lang='lat' dir='ltr'><strong>nihil</strong></span> <span class='ocrx_word' id='word_1_512' title='bbox 1106 3635 1163 3690; x_wconf 92' lang='lat' dir='ltr'><strong>in</strong></span> <span class='ocrx_word' id='word_1_513' title='bbox 1201 3636 1403 3692; x_wconf 90' lang='lat' dir='ltr'><strong>divitiis</strong></span> <span class='ocrx_word' id='word_1_514' title='bbox 1447 3636 1721 3691; x_wconf 87' lang='lat' dir='ltr'><strong>fallacibus</strong></span> <span class='ocrx_word' id='word_1_515' title='bbox 1753 3638 1957 3707; x_wconf 87' lang='lat' dir='ltr'><strong>fideret,</strong></span> 
     </span>
    </p>
   </div>
   <div class='ocr_carea' id='block_1_67' title="bbox 369 3727 1962 3800">
    <p class='ocr_par' dir='ltr' id='par_1_67' title="bbox 369 3727 1962 3800">
     <span class='ocr_line' id='line_1_67' title="bbox 369 3727 1962 3800; baseline -0.001 -16"><span class='ocrx_word' id='word_1_516' title='bbox 369 3731 682 3786; x_wconf 82' lang='lat' dir='ltr'><strong>ostendebat</strong></span> <span class='ocrx_word' id='word_1_517' title='bbox 711 3729 896 3784; x_wconf 90' lang='lat' dir='ltr'><strong>dicens</strong></span> <span class='ocrx_word' id='word_1_518' title='bbox 922 3748 935 3782; x_wconf 89' lang='lat'><strong>:</strong></span> <span class='ocrx_word' id='word_1_519' title='bbox 978 3727 1186 3798; x_wconf 86' lang='lat' dir='ltr'><strong>Egenus</strong></span> <span class='ocrx_word' id='word_1_520' title='bbox 1215 3745 1329 3784; x_wconf 87' lang='lat' dir='ltr'><strong>sum</strong></span> <span class='ocrx_word' id='word_1_521' title='bbox 1360 3738 1408 3782; x_wconf 89' lang='lat' dir='ltr'><strong>et</strong></span> <span class='ocrx_word' id='word_1_522' title='bbox 1437 3746 1652 3800; x_wconf 84' lang='lat' dir='ltr'><strong>panper,</strong></span> <span class='ocrx_word' id='word_1_523' title='bbox 1688 3731 1818 3783; x_wconf 86' lang='lat' dir='ltr'><strong>sicut</strong></span> <span class='ocrx_word' id='word_1_524' title='bbox 1851 3747 1962 3784; x_wconf 89' lang='lat' dir='ltr'><strong>ont-</strong></span> 
     </span>
    </p>
   </div>
   <div class='ocr_carea' id='block_1_68' title="bbox 371 3819 1961 3892">
    <p class='ocr_par' dir='ltr' id='par_1_68' title="bbox 371 3819 1961 3892">
     <span class='ocr_line' id='line_1_68' title="bbox 371 3819 1961 3892; baseline 0.001 -17"><span class='ocrx_word' id='word_1_525' title='bbox 371 3838 457 3876; x_wconf 88' lang='lat' dir='ltr'><strong>nes</strong></span> <span class='ocrx_word' id='word_1_526' title='bbox 489 3831 658 3890; x_wconf 85' lang='lat' dir='ltr'><strong>patres</strong></span> <span class='ocrx_word' id='word_1_527' title='bbox 704 3822 802 3876; x_wconf 90' lang='lat' dir='ltr'><strong>mei</strong></span> <span class='ocrx_word' id='word_1_528' title='bbox 838 3819 1008 3891; x_wconf 87' lang='lat' dir='ltr'><strong>(Psal.</strong></span> <span class='ocrx_word' id='word_1_529' title='bbox 1051 3823 1220 3892; x_wconf 88' lang='lat' dir='ltr'><strong>cvm).</strong></span> <span class='ocrx_word' id='word_1_530' title='bbox 1275 3821 1477 3876; x_wconf 89' lang='lat' dir='ltr'><strong>Divites</strong></span> <span class='ocrx_word' id='word_1_531' title='bbox 1534 3822 1696 3876; x_wconf 90' lang='lat' dir='ltr'><strong>etiam</strong></span> <span class='ocrx_word' id='word_1_532' title='bbox 1747 3823 1831 3877; x_wconf 89' lang='lat' dir='ltr'><strong>vel</strong></span> <span class='ocrx_word' id='word_1_533' title='bbox 1871 3823 1961 3892; x_wconf 93' lang='lat' dir='ltr'><strong>qui</strong></span> 
     </span>
    </p>
   </div>
   <div class='ocr_carea' id='block_1_69' title="bbox 373 3911 1960 3982">
    <p class='ocr_par' dir='ltr' id='par_1_69' title="bbox 373 3911 1960 3982">
     <span class='ocr_line' id='line_1_69' title="bbox 373 3911 1960 3982; baseline 0 -14"><span class='ocrx_word' id='word_1_534' title='bbox 373 3920 551 3977; x_wconf 90' lang='lat' dir='ltr'><strong>erant,</strong></span> <span class='ocrx_word' id='word_1_535' title='bbox 604 3911 690 3967; x_wconf 89' lang='lat' dir='ltr'><strong>vel</strong></span> <span class='ocrx_word' id='word_1_536' title='bbox 737 3912 826 3981; x_wconf 92' lang='lat' dir='ltr'><strong>qui</strong></span> <span class='ocrx_word' id='word_1_537' title='bbox 871 3925 991 3967; x_wconf 87' lang='lat' dir='ltr'><strong>esse</strong></span> <span class='ocrx_word' id='word_1_538' title='bbox 1045 3919 1312 3982; x_wconf 86' lang='lat' dir='ltr'><strong>poterant,</strong></span> <span class='ocrx_word' id='word_1_539' title='bbox 1370 3911 1648 3981; x_wconf 92' lang='lat' dir='ltr'><strong>alloquens</strong></span> <span class='ocrx_word' id='word_1_540' title='bbox 1705 3912 1960 3968; x_wconf 87' lang='lat' dir='ltr'><strong>dicebat:</strong></span> 
     </span>
    </p>
   </div>
   <div class='ocr_carea' id='block_1_70' title="bbox 372 4002 1958 4077">
    <p class='ocr_par' dir='ltr' id='par_1_70' title="bbox 372 4002 1958 4077">
     <span class='ocr_line' id='line_1_70' title="bbox 372 4002 1958 4077; baseline 0.002 -19"><span class='ocrx_word' id='word_1_541' title='bbox 372 4002 580 4058; x_wconf 81' lang='lat' dir='ltr'><strong>Divitiw</strong></span> <span class='ocrx_word' id='word_1_542' title='bbox 613 4005 656 4058; x_wconf 89' lang='lat' dir='ltr'><strong>si</strong></span> <span class='ocrx_word' id='word_1_543' title='bbox 699 4004 942 4076; x_wconf 79' lang='lat' dir='ltr'><strong>afﬂuant,</strong></span> <span class='ocrx_word' id='word_1_544' title='bbox 989 4005 1146 4059; x_wconf 85' lang='lat' dir='ltr'><strong>nolite</strong></span> <span class='ocrx_word' id='word_1_545' title='bbox 1192 4021 1280 4059; x_wconf 87' lang='lat' dir='ltr'><strong>cor</strong></span> <span class='ocrx_word' id='word_1_546' title='bbox 1325 4020 1583 4074; x_wconf 87' lang='lat' dir='ltr'><strong>apponere</strong></span> <span class='ocrx_word' id='word_1_547' title='bbox 1623 4003 1794 4075; x_wconf 87' lang='lat' dir='ltr'><strong>(Psal.</strong></span> <span class='ocrx_word' id='word_1_548' title='bbox 1826 4008 1958 4077; x_wconf 73' lang='lat' dir='ltr'><strong>ut).</strong></span> 
     </span>
    </p>
   </div>
   <div class='ocr_carea' id='block_1_71' title="bbox 373 4095 1965 4168">
    <p class='ocr_par' dir='ltr' id='par_1_71' title="bbox 373 4095 1965 4168">
     <span class='ocr_line' id='line_1_71' title="bbox 373 4095 1965 4168; baseline 0.003 -18"><span class='ocrx_word' id='word_1_549' title='bbox 373 4098 623 4168; x_wconf 89' lang='lat' dir='ltr'><strong>Quisquis</strong></span> <span class='ocrx_word' id='word_1_550' title='bbox 675 4110 802 4166; x_wconf 83' lang='lat' dir='ltr'><strong>ergo</strong></span> <span class='ocrx_word' id='word_1_551' title='bbox 850 4096 1083 4152; x_wconf 89' lang='lat' dir='ltr'><strong>custodit</strong></span> <span class='ocrx_word' id='word_1_552' title='bbox 1126 4095 1344 4152; x_wconf 89' lang='lat' dir='ltr'><strong>divitias</strong></span> <span class='ocrx_word' id='word_1_553' title='bbox 1397 4107 1452 4151; x_wconf 86' lang='grc' dir='ltr'>ιιι</span> <span class='ocrx_word' id='word_1_554' title='bbox 1500 4113 1706 4164; x_wconf 88' lang='lat' dir='ltr'><strong>servus,</strong></span> <span class='ocrx_word' id='word_1_555' title='bbox 1762 4109 1815 4154; x_wconf 91' lang='lat' dir='ltr'><strong>et</strong></span> <span class='ocrx_word' id='word_1_556' title='bbox 1856 4113 1965 4154; x_wconf 89' lang='lat' dir='ltr'><strong>non</strong></span> 
     </span>
    </p>
   </div>
   <div class='ocr_carea' id='block_1_72' title="bbox 374 4187 1967 4257">
    <p class='ocr_par' dir='ltr' id='par_1_72' title="bbox 374 4187 1967 4257">
     <span class='ocr_line' id='line_1_72' title="bbox 374 4187 1967 4257; baseline 0.003 -15"><span class='ocrx_word' id='word_1_557' title='bbox 374 4188 650 4244; x_wconf 86' lang='lat' dir='ltr'><strong>distribuit</strong></span> <span class='ocrx_word' id='word_1_558' title='bbox 706 4196 766 4242; x_wconf 92' lang='lat' dir='ltr'><strong>ut</strong></span> <span class='ocrx_word' id='word_1_559' title='bbox 819 4187 1093 4255; x_wconf 89' lang='lat' dir='ltr'><strong>dominus,</strong></span> <span class='ocrx_word' id='word_1_560' title='bbox 1159 4203 1344 4243; x_wconf 88' lang='lat' dir='ltr'><strong>servus</strong></span> <span class='ocrx_word' id='word_1_561' title='bbox 1399 4199 1483 4244; x_wconf 89' lang='lat' dir='ltr'><strong>est</strong></span> <span class='ocrx_word' id='word_1_562' title='bbox 1529 4190 1869 4257; x_wconf 88' lang='lat' dir='ltr'><strong>divitiarum;</strong></span> <span class='ocrx_word' id='word_1_563' title='bbox 1912 4201 1967 4247; x_wconf 94' lang='lat' dir='ltr'><strong>et</strong></span> 
     </span>
    </p>
   </div>
   <div class='ocr_carea' id='block_1_73' title="bbox 375 4281 1965 4353">
    <p class='ocr_par' dir='ltr' id='par_1_73' title="bbox 375 4281 1965 4353">
     <span class='ocr_line' id='line_1_73' title="bbox 375 4281 1965 4353; baseline -0.001 -14"><span class='ocrx_word' id='word_1_564' title='bbox 375 4281 662 4339; x_wconf 89' lang='lat' dir='ltr'><strong>serviendo</strong></span> <span class='ocrx_word' id='word_1_565' title='bbox 703 4281 923 4347; x_wconf 87' lang='lat' dir='ltr'><strong>divitiis,</strong></span> <span class='ocrx_word' id='word_1_566' title='bbox 955 4283 1160 4337; x_wconf 87' lang='lat' dir='ltr'><strong>servire</strong></span> <span class='ocrx_word' id='word_1_567' title='bbox 1185 4282 1527 4350; x_wconf 91' lang='lat' dir='ltr'><strong>compellitur</strong></span> <span class='ocrx_word' id='word_1_568' title='bbox 1574 4284 1808 4351; x_wconf 78' lang='lat' dir='ltr'><strong>diabolo,</strong></span> <span class='ocrx_word' id='word_1_569' title='bbox 1845 4285 1965 4353; x_wconf 89' lang='lat' dir='ltr'><strong>quia</strong></span> 
     </span>
    </p>
   </div>
   <div class='ocr_carea' id='block_1_74' title="bbox 377 4375 1963 4447">
    <p class='ocr_par' dir='ltr' id='par_1_74' title="bbox 377 4375 1963 4447">
     <span class='ocr_line' id='line_1_74' title="bbox 377 4375 1963 4447; baseline 0.001 -15"><span class='ocrx_word' id='word_1_570' title='bbox 377 4376 653 4447; x_wconf 90' lang='lat' dir='ltr'><strong>cupiditati</strong></span> <span class='ocrx_word' id='word_1_571' title='bbox 687 4375 994 4431; x_wconf 90' lang='lat' dir='ltr'><strong>divitiarum</strong></span> <span class='ocrx_word' id='word_1_572' title='bbox 1034 4375 1366 4444; x_wconf 91' lang='lat' dir='ltr'><strong>implicatus,</strong></span> <span class='ocrx_word' id='word_1_573' title='bbox 1407 4376 1623 4433; x_wconf 89' lang='lat' dir='ltr'><strong>diabolo</strong></span> <span class='ocrx_word' id='word_1_574' title='bbox 1653 4392 1712 4433; x_wconf 90' lang='lat' dir='ltr'><strong>se</strong></span> <span class='ocrx_word' id='word_1_575' title='bbox 1757 4377 1963 4443; x_wconf 88' lang='lat' dir='ltr'><strong>subdit,</strong></span> 
     </span>
    </p>
   </div>
   <div class='ocr_carea' id='block_1_75' title="bbox 378 4465 1966 4538">
    <p class='ocr_par' dir='ltr' id='par_1_75' title="bbox 378 4465 1966 4538">
     <span class='ocr_line' id='line_1_75' title="bbox 378 4465 1966 4538; baseline 0.003 -17"><span class='ocrx_word' id='word_1_576' title='bbox 378 4469 468 4537; x_wconf 92' lang='lat' dir='ltr'><strong>qui</strong></span> <span class='ocrx_word' id='word_1_577' title='bbox 503 4469 700 4523; x_wconf 87' lang='lat' dir='ltr'><strong>merito</strong></span> <span class='ocrx_word' id='word_1_578' title='bbox 739 4481 850 4522; x_wconf 86' lang='lat' dir='ltr'><strong>suae</strong></span> <span class='ocrx_word' id='word_1_579' title='bbox 881 4467 1160 4538; x_wconf 89' lang='lat' dir='ltr'><strong>pravitatis</strong></span> <span class='ocrx_word' id='word_1_580' title='bbox 1191 4465 1421 4524; x_wconf 87' lang='lat' dir='ltr'><strong>terrenis</strong></span> <span class='ocrx_word' id='word_1_581' title='bbox 1451 4467 1613 4523; x_wconf 88' lang='lat' dir='ltr'><strong>rebus</strong></span> <span class='ocrx_word' id='word_1_582' title='bbox 1645 4469 1966 4538; x_wconf 86' lang='lat' dir='ltr'><strong>praepositus</strong></span> 
     </span>
    </p>
   </div>
   <div class='ocr_carea' id='block_1_76' title="bbox 379 4557 1964 4631">
    <p class='ocr_par' dir='ltr' id='par_1_76' title="bbox 379 4557 1964 4631">
     <span class='ocr_line' id='line_1_76' title="bbox 379 4557 1964 4631; baseline 0.001 -17"><span class='ocrx_word' id='word_1_583' title='bbox 379 4567 481 4626; x_wconf 89' lang='lat' dir='ltr'><strong>est,</strong></span> <span class='ocrx_word' id='word_1_584' title='bbox 515 4569 568 4615; x_wconf 90' lang='lat' dir='ltr'><strong>et</strong></span> <span class='ocrx_word' id='word_1_585' title='bbox 611 4575 638 4613; x_wconf 91' lang='lat' dir='ltr'><strong>a</strong></span> <span class='ocrx_word' id='word_1_586' title='bbox 671 4558 900 4615; x_wconf 92' lang='lat' dir='ltr'><strong>Domino</strong></span> <span class='ocrx_word' id='word_1_587' title='bbox 932 4559 1179 4629; x_wconf 90' lang='lat' dir='ltr'><strong>princeps</strong></span> <span class='ocrx_word' id='word_1_588' title='bbox 1222 4557 1384 4628; x_wconf 91' lang='lat' dir='ltr'><strong>hujus</strong></span> <span class='ocrx_word' id='word_1_589' title='bbox 1411 4560 1595 4614; x_wconf 86' lang='lat' dir='ltr'><strong>saeculi</strong></span> <span class='ocrx_word' id='word_1_590' title='bbox 1645 4560 1964 4631; x_wconf 87' lang='lat' dir='ltr'><strong>appellatur.</strong></span> 
     </span>
    </p>
   </div>
   <div class='ocr_carea' id='block_1_77' title="bbox 380 4651 1970 4724">
    <p class='ocr_par' dir='ltr' id='par_1_77' title="bbox 380 4651 1970 4724">
     <span class='ocr_line' id='line_1_77' title="bbox 380 4651 1970 4724; baseline 0.002 -18"><span class='ocrx_word' id='word_1_591' title='bbox 380 4653 721 4722; x_wconf 86' lang='lat' dir='ltr'><strong>Quapropter</strong></span> <span class='ocrx_word' id='word_1_592' title='bbox 767 4651 985 4707; x_wconf 89' lang='lat' dir='ltr'><strong>audiant</strong></span> <span class='ocrx_word' id='word_1_593' title='bbox 1033 4652 1132 4708; x_wconf 90' lang='lat' dir='ltr'><strong>ista</strong></span> <span class='ocrx_word' id='word_1_594' title='bbox 1182 4651 1396 4717; x_wconf 87' lang='lat' dir='ltr'><strong>divites,</strong></span> <span class='ocrx_word' id='word_1_595' title='bbox 1445 4662 1502 4707; x_wconf 91' lang='lat' dir='ltr'><strong>et</strong></span> <span class='ocrx_word' id='word_1_596' title='bbox 1543 4652 1740 4723; x_wconf 85' lang='lat' dir='ltr'><strong>eligant</strong></span> <span class='ocrx_word' id='word_1_597' title='bbox 1800 4655 1970 4724; x_wconf 88' lang='lat' dir='ltr'><strong>magis</strong></span> 
     </span>
    </p>
   </div>
   <div class='ocr_carea' id='block_1_78' title="bbox 381 4741 1975 4813">
    <p class='ocr_par' dir='ltr' id='par_1_78' title="bbox 381 4741 1975 4813">
     <span class='ocr_line' id='line_1_78' title="bbox 381 4741 1975 4813; baseline 0.001 -13"><span class='ocrx_word' id='word_1_598' title='bbox 381 4743 582 4800; x_wconf 84' lang='lat' dir='ltr'><strong>Christi</strong></span> <span class='ocrx_word' id='word_1_599' title='bbox 605 4757 726 4799; x_wconf 89' lang='lat' dir='ltr'><strong>esse</strong></span> <span class='ocrx_word' id='word_1_600' title='bbox 746 4742 910 4810; x_wconf 89' lang='lat' dir='ltr'><strong>servi,</strong></span> <span class='ocrx_word' id='word_1_601' title='bbox 935 4757 1093 4813; x_wconf 90' lang='lat' dir='ltr'><strong>quam</strong></span> <span class='ocrx_word' id='word_1_602' title='bbox 1115 4741 1376 4812; x_wconf 90' lang='lat' dir='ltr'><strong>mancipia</strong></span> <span class='ocrx_word' id='word_1_603' title='bbox 1398 4742 1730 4799; x_wconf 89' lang='lat' dir='ltr'><strong>divitiarum.</strong></span> <span class='ocrx_word' id='word_1_604' title='bbox 1757 4744 1975 4802; x_wconf 90' lang='lat' dir='ltr'><strong>Discant</strong></span> 
     </span>
    </p>
   </div>
   <div class='ocr_carea' id='block_1_79' title="bbox 383 4834 1970 4906">
    <p class='ocr_par' dir='ltr' id='par_1_79' title="bbox 383 4834 1970 4906">
     <span class='ocr_line' id='line_1_79' title="bbox 383 4834 1970 4906; baseline 0.003 -15"><span class='ocrx_word' id='word_1_605' title='bbox 383 4851 490 4892; x_wconf 90' lang='lat' dir='ltr'><strong>non</strong></span> <span class='ocrx_word' id='word_1_606' title='bbox 521 4834 855 4891; x_wconf 89' lang='lat' dir='ltr'><strong>innitendum</strong></span> <span class='ocrx_word' id='word_1_607' title='bbox 881 4836 1257 4905; x_wconf 68' lang='lat' dir='ltr'><strong>prmsentibus,</strong></span> <span class='ocrx_word' id='word_1_608' title='bbox 1281 4835 1376 4891; x_wconf 91' lang='lat' dir='ltr'><strong>sed</strong></span> <span class='ocrx_word' id='word_1_609' title='bbox 1405 4851 1556 4906; x_wconf 90' lang='lat' dir='ltr'><strong>spem</strong></span> <span class='ocrx_word' id='word_1_610' title='bbox 1583 4851 1799 4893; x_wconf 87' lang='lat' dir='ltr'><strong>onmem</strong></span> <span class='ocrx_word' id='word_1_611' title='bbox 1825 4841 1970 4895; x_wconf 87' lang='lat' dir='ltr'><strong>inse-</strong></span> 
     </span>
    </p>
   </div>
   <div class='ocr_carea' id='block_1_80' title="bbox 384 4929 1973 5002">
    <p class='ocr_par' dir='ltr' id='par_1_80' title="bbox 384 4929 1973 5002">
     <span class='ocr_line' id='line_1_80' title="bbox 384 4929 1973 5002; baseline 0.001 -16"><span class='ocrx_word' id='word_1_612' title='bbox 384 4929 610 4986; x_wconf 90' lang='lat' dir='ltr'><strong>rendam</strong></span> <span class='ocrx_word' id='word_1_613' title='bbox 645 4929 990 4999; x_wconf 88' lang='lat' dir='ltr'><strong>perennibus,</strong></span> <span class='ocrx_word' id='word_1_614' title='bbox 1019 4929 1300 5002; x_wconf 92' lang='lat' dir='ltr'><strong>solumque</strong></span> <span class='ocrx_word' id='word_1_615' title='bbox 1329 4929 1396 4986; x_wconf 92' lang='lat' dir='ltr'><strong>ad</strong></span> <span class='ocrx_word' id='word_1_616' title='bbox 1446 4930 1550 4985; x_wconf 91' lang='lat' dir='ltr'><strong>hoc</strong></span> <span class='ocrx_word' id='word_1_617' title='bbox 1579 4931 1719 4987; x_wconf 88' lang='lat' dir='ltr'><strong>velle</strong></span> <span class='ocrx_word' id='word_1_618' title='bbox 1769 4930 1973 4988; x_wconf 88' lang='lat' dir='ltr'><strong>habere</strong></span> 
     </span>
    </p>
   </div>
   <div class='ocr_carea' id='block_1_81' title="bbox 384 5021 1972 5095">
    <p class='ocr_par' dir='ltr' id='par_1_81' title="bbox 384 5021 1972 5095">
     <span class='ocr_line' id='line_1_81' title="bbox 384 5021 1972 5095; baseline 0.003 -19"><span class='ocrx_word' id='word_1_619' title='bbox 384 5021 622 5090; x_wconf 89' lang='lat' dir='ltr'><strong>divitias,</strong></span> <span class='ocrx_word' id='word_1_620' title='bbox 659 5030 717 5076; x_wconf 93' lang='lat' dir='ltr'><strong>ut</strong></span> <span class='ocrx_word' id='word_1_621' title='bbox 756 5022 828 5076; x_wconf 86' lang='lat' dir='ltr'><strong>sit</strong></span> <span class='ocrx_word' id='word_1_622' title='bbox 865 5021 1008 5077; x_wconf 90' lang='lat' dir='ltr'><strong>unde</strong></span> <span class='ocrx_word' id='word_1_623' title='bbox 1053 5036 1347 5093; x_wconf 88' lang='lat' dir='ltr'><strong>pauperum</strong></span> <span class='ocrx_word' id='word_1_624' title='bbox 1402 5022 1696 5093; x_wconf 82' lang='lat' dir='ltr'><strong>indigentia</strong></span> <span class='ocrx_word' id='word_1_625' title='bbox 1746 5024 1972 5095; x_wconf 86' lang='lat' dir='ltr'><strong>expleri,</strong></span> 
     </span>
    </p>
   </div>
   <div class='ocr_carea' id='block_1_82' title="bbox 387 5114 1974 5187">
    <p class='ocr_par' dir='ltr' id='par_1_82' title="bbox 387 5114 1974 5187">
     <span class='ocr_line' id='line_1_82' title="bbox 387 5114 1974 5187; baseline 0.003 -18"><span class='ocrx_word' id='word_1_626' title='bbox 387 5114 529 5170; x_wconf 90' lang='lat' dir='ltr'><strong>unde</strong></span> <span class='ocrx_word' id='word_1_627' title='bbox 553 5128 648 5170; x_wconf 88' lang='lat' dir='ltr'><strong>sua</strong></span> <span class='ocrx_word' id='word_1_628' title='bbox 671 5114 876 5185; x_wconf 89' lang='lat' dir='ltr'><strong>possint</strong></span> <span class='ocrx_word' id='word_1_629' title='bbox 913 5126 1129 5184; x_wconf 90' lang='lat' dir='ltr'><strong>peccata</strong></span> <span class='ocrx_word' id='word_1_630' title='bbox 1171 5116 1382 5174; x_wconf 88' lang='lat' dir='ltr'><strong>redimi.</strong></span> <span class='ocrx_word' id='word_1_631' title='bbox 1416 5115 1544 5172; x_wconf 86' lang='lat' dir='ltr'><strong>Ideo</strong></span> <span class='ocrx_word' id='word_1_632' title='bbox 1584 5117 1698 5172; x_wconf 83' lang='lat' dir='ltr'><strong>dico</strong></span> <span class='ocrx_word' id='word_1_633' title='bbox 1721 5117 1881 5187; x_wconf 82' lang='lat' dir='ltr'><strong>vobis,</strong></span> <span class='ocrx_word' id='word_1_634' title='bbox 1914 5135 1974 5174; x_wconf 88' lang='lat' dir='ltr'><strong>ne</strong></span> 
     </span>
    </p>
   </div>
   <div class='ocr_carea' id='block_1_83' title="bbox 386 5206 1979 5279">
    <p class='ocr_par' dir='ltr' id='par_1_83' title="bbox 386 5206 1979 5279">
     <span class='ocr_line' id='line_1_83' title="bbox 386 5206 1979 5279; baseline 0.003 -19"><span class='ocrx_word' id='word_1_635' title='bbox 386 5207 601 5260; x_wconf 84' lang='lat' dir='ltr'><strong>solliciti</strong></span> <span class='ocrx_word' id='word_1_636' title='bbox 651 5207 762 5260; x_wconf 87' lang='lat' dir='ltr'><strong>sitis</strong></span> <span class='ocrx_word' id='word_1_637' title='bbox 810 5206 998 5262; x_wconf 72' lang='lat' dir='ltr'><strong>anima:</strong></span> <span class='ocrx_word' id='word_1_638' title='bbox 1027 5215 1204 5262; x_wconf 74' lang='lat' dir='ltr'><strong>vestra:</strong></span> <span class='ocrx_word' id='word_1_639' title='bbox 1254 5208 1380 5279; x_wconf 82' lang='lat' dir='ltr'><strong>quid</strong></span> <span class='ocrx_word' id='word_1_640' title='bbox 1428 5209 1768 5274; x_wconf 85' lang='lat' dir='ltr'><strong>manducetis,</strong></span> <span class='ocrx_word' id='word_1_641' title='bbox 1819 5227 1979 5279; x_wconf 84' lang='lat' dir='ltr'><strong>neque</strong></span> 
     </span>
    </p>
   </div>
   <div class='ocr_carea' id='block_1_84' title="bbox 388 5299 1978 5372">
    <p class='ocr_par' dir='ltr' id='par_1_84' title="bbox 388 5299 1978 5372">
     <span class='ocr_line' id='line_1_84' title="bbox 388 5299 1978 5372; baseline 0.003 -18"><span class='ocrx_word' id='word_1_642' title='bbox 388 5299 592 5369; x_wconf 86' lang='lat' dir='ltr'><strong>corpori</strong></span> <span class='ocrx_word' id='word_1_643' title='bbox 619 5309 782 5355; x_wconf 75' lang='lat' dir='ltr'><strong>vestro</strong></span> <span class='ocrx_word' id='word_1_644' title='bbox 802 5299 928 5371; x_wconf 83' lang='lat' dir='ltr'><strong>quid</strong></span> <span class='ocrx_word' id='word_1_645' title='bbox 948 5299 1261 5357; x_wconf 86' lang='lat' dir='ltr'><strong>induamini.</strong></span> <span class='ocrx_word' id='word_1_646' title='bbox 1316 5301 1590 5372; x_wconf 90' lang='lat' dir='ltr'><strong>Tanquam</strong></span> <span class='ocrx_word' id='word_1_647' title='bbox 1622 5302 1804 5358; x_wconf 87' lang='lat' dir='ltr'><strong>dicat:</strong></span> <span class='ocrx_word' id='word_1_648' title='bbox 1845 5301 1978 5370; x_wconf 86' lang='lat' dir='ltr'><strong>Quia</strong></span> 
     </span>
    </p>
   </div>
   <div class='ocr_carea' id='block_1_85' title="bbox 392 5393 1980 5468">
    <p class='ocr_par' dir='ltr' id='par_1_85' title="bbox 392 5393 1980 5468">
     <span class='ocr_line' id='line_1_85' title="bbox 392 5393 1980 5468; baseline 0.004 -21"><span class='ocrx_word' id='word_1_649' title='bbox 392 5393 505 5449; x_wconf 91' lang='lat' dir='ltr'><strong>Deo</strong></span> <span class='ocrx_word' id='word_1_650' title='bbox 525 5394 683 5450; x_wconf 89' lang='lat' dir='ltr'><strong>simul</strong></span> <span class='ocrx_word' id='word_1_651' title='bbox 701 5403 755 5450; x_wconf 93' lang='lat' dir='ltr'><strong>et</strong></span> <span class='ocrx_word' id='word_1_652' title='bbox 777 5395 1158 5465; x_wconf 89' lang='lat' dir='ltr'><strong>cupiditatibus</strong></span> <span class='ocrx_word' id='word_1_653' title='bbox 1178 5395 1360 5451; x_wconf 90' lang='lat' dir='ltr'><strong>mundi</strong></span> <span class='ocrx_word' id='word_1_654' title='bbox 1381 5397 1587 5453; x_wconf 89' lang='lat' dir='ltr'><strong>servire</strong></span> <span class='ocrx_word' id='word_1_655' title='bbox 1605 5413 1709 5453; x_wconf 92' lang='lat' dir='ltr'><strong>non</strong></span> <span class='ocrx_word' id='word_1_656' title='bbox 1735 5399 1980 5468; x_wconf 89' lang='lat' dir='ltr'><strong>potestis,</strong></span> 
     </span>
    </p>
   </div>
   <div class='ocr_carea' id='block_1_86' title="bbox 391 5487 1984 5562">
    <p class='ocr_par' dir='ltr' id='par_1_86' title="bbox 391 5487 1984 5562">
     <span class='ocr_line' id='line_1_86' title="bbox 391 5487 1984 5562; baseline 0.006 -22"><span class='ocrx_word' id='word_1_657' title='bbox 391 5487 518 5557; x_wconf 87' lang='lat' dir='ltr'><strong>quia</strong></span> <span class='ocrx_word' id='word_1_658' title='bbox 549 5488 602 5544; x_wconf 92' lang='lat' dir='ltr'><strong>in</strong></span> <span class='ocrx_word' id='word_1_659' title='bbox 653 5489 860 5548; x_wconf 90' lang='lat' dir='ltr'><strong>incerto</strong></span> <span class='ocrx_word' id='word_1_660' title='bbox 917 5489 1225 5546; x_wconf 90' lang='lat' dir='ltr'><strong>divitiarum</strong></span> <span class='ocrx_word' id='word_1_661' title='bbox 1275 5491 1554 5548; x_wconf 87' lang='lat' dir='ltr'><strong>conlidere</strong></span> <span class='ocrx_word' id='word_1_662' title='bbox 1599 5507 1703 5548; x_wconf 94' lang='lat' dir='ltr'><strong>non</strong></span> <span class='ocrx_word' id='word_1_663' title='bbox 1752 5493 1984 5562; x_wconf 89' lang='lat' dir='ltr'><strong>debetis,</strong></span> 
     </span>
    </p>
   </div>
   <div class='ocr_carea' id='block_1_87' title="bbox 395 5581 1990 5658">
    <p class='ocr_par' dir='ltr' id='par_1_87' title="bbox 395 5581 1990 5658">
     <span class='ocr_line' id='line_1_87' title="bbox 395 5581 1990 5658; baseline 0.004 -22"><span class='ocrx_word' id='word_1_664' title='bbox 395 5581 517 5638; x_wconf 90' lang='lat' dir='ltr'><strong>ideo</strong></span> <span class='ocrx_word' id='word_1_665' title='bbox 547 5583 668 5640; x_wconf 89' lang='lat' dir='ltr'><strong>dico</strong></span> <span class='ocrx_word' id='word_1_666' title='bbox 693 5584 867 5652; x_wconf 91' lang='lat' dir='ltr'><strong>vobis,</strong></span> <span class='ocrx_word' id='word_1_667' title='bbox 898 5600 967 5641; x_wconf 91' lang='lat' dir='ltr'><strong>ne</strong></span> <span class='ocrx_word' id='word_1_668' title='bbox 1015 5584 1228 5640; x_wconf 91' lang='lat' dir='ltr'><strong>solliciti</strong></span> <span class='ocrx_word' id='word_1_669' title='bbox 1259 5585 1377 5640; x_wconf 88' lang='lat' dir='ltr'><strong>sitis</strong></span> <span class='ocrx_word' id='word_1_670' title='bbox 1425 5585 1478 5640; x_wconf 92' lang='lat' dir='ltr'><strong>in</strong></span> <span class='ocrx_word' id='word_1_671' title='bbox 1528 5587 1878 5658; x_wconf 87' lang='lat' dir='ltr'><strong>aggregandis</strong></span> <span class='ocrx_word' id='word_1_672' title='bbox 1908 5587 1990 5644; x_wconf 86' lang='lat' dir='ltr'><strong>di-</strong></span> 
     </span>
    </p>
   </div>
   <div class='ocr_carea' id='block_1_88' title="bbox 397 5675 1991 5750">
    <p class='ocr_par' dir='ltr' id='par_1_88' title="bbox 397 5675 1991 5750">
     <span class='ocr_line' id='line_1_88' title="bbox 397 5675 1991 5750; baseline 0.007 -21"><span class='ocrx_word' id='word_1_673' title='bbox 397 5675 562 5744; x_wconf 91' lang='lat' dir='ltr'><strong>vitiis,</strong></span> <span class='ocrx_word' id='word_1_674' title='bbox 590 5679 782 5750; x_wconf 90' lang='lat' dir='ltr'><strong>quibus</strong></span> <span class='ocrx_word' id='word_1_675' title='bbox 810 5695 963 5737; x_wconf 89' lang='lat' dir='ltr'><strong>mens</strong></span> <span class='ocrx_word' id='word_1_676' title='bbox 1008 5679 1268 5750; x_wconf 88' lang='lat' dir='ltr'><strong>implicita</strong></span> <span class='ocrx_word' id='word_1_677' title='bbox 1313 5680 1576 5738; x_wconf 89' lang='lat' dir='ltr'><strong>alienetur</strong></span> <span class='ocrx_word' id='word_1_678' title='bbox 1602 5685 1670 5740; x_wconf 91' lang='lat' dir='ltr'><strong>ab</strong></span> <span class='ocrx_word' id='word_1_679' title='bbox 1699 5699 1883 5741; x_wconf 85' lang='lat' dir='ltr'><strong>amore</strong></span> <span class='ocrx_word' id='word_1_680' title='bbox 1909 5683 1991 5740; x_wconf 92' lang='lat' dir='ltr'><strong>sui</strong></span> 
     </span>
    </p>
   </div>
   <div class='ocr_carea' id='block_1_89' title="bbox 396 5773 1994 5848">
    <p class='ocr_par' dir='ltr' id='par_1_89' title="bbox 396 5773 1994 5848">
     <span class='ocr_line' id='line_1_89' title="bbox 396 5773 1994 5848; baseline 0.005 -20"><span class='ocrx_word' id='word_1_681' title='bbox 396 5773 688 5832; x_wconf 84' lang='lat' dir='ltr'><strong>Creatoris.</strong></span> <span class='ocrx_word' id='word_1_682' title='bbox 721 5777 901 5844; x_wconf 77' lang='lat' dir='ltr'><strong>Quaeri</strong></span> <span class='ocrx_word' id='word_1_683' title='bbox 928 5793 1056 5834; x_wconf 89' lang='lat' dir='ltr'><strong>vero</strong></span> <span class='ocrx_word' id='word_1_684' title='bbox 1098 5778 1294 5848; x_wconf 88' lang='lat' dir='ltr'><strong>poterit</strong></span> <span class='ocrx_word' id='word_1_685' title='bbox 1333 5785 1510 5833; x_wconf 87' lang='lat' dir='ltr'><strong>utrum</strong></span> <span class='ocrx_word' id='word_1_686' title='bbox 1558 5776 1709 5833; x_wconf 92' lang='lat' dir='ltr'><strong>cibus</strong></span> <span class='ocrx_word' id='word_1_687' title='bbox 1746 5779 1845 5834; x_wconf 89' lang='lat' dir='ltr'><strong>iste</strong></span> <span class='ocrx_word' id='word_1_688' title='bbox 1874 5793 1994 5836; x_wconf 81' lang='lat' dir='ltr'><strong>cor-</strong></span> 
     </span>
    </p>
   </div>
   <div class='ocr_carea' id='block_1_90' title="bbox 398 5871 2052 5969">
    <p class='ocr_par' dir='ltr' id='par_1_90' title="bbox 398 5871 2052 5969">
     <span class='ocr_line' id='line_1_90' title="bbox 398 5871 2052 5969; baseline 0.008 -46"><span class='ocrx_word' id='word_1_689' title='bbox 398 5879 599 5938; x_wconf 90' lang='lat' dir='ltr'><strong>poreus</strong></span> <span class='ocrx_word' id='word_1_690' title='bbox 645 5871 736 5954; x_wconf 84' lang='lat' dir='ltr'><strong>ad</strong></span> <span class='ocrx_word' id='word_1_691' title='bbox 763 5872 1022 5944; x_wconf 88' lang='lat' dir='ltr'><strong>animam,</strong></span> <span class='ocrx_word' id='word_1_692' title='bbox 1067 5887 1154 5960; x_wconf 24' lang='lat' dir='ltr'><strong>an“</strong></span> <span class='ocrx_word' id='word_1_693' title='bbox 1184 5874 1250 5930; x_wconf 88' lang='lat' dir='ltr'><strong>ad</strong></span> <span class='ocrx_word' id='word_1_694' title='bbox 1294 5887 1488 5944; x_wconf 89' lang='lat' dir='ltr'><strong>corpus</strong></span> <span class='ocrx_word' id='word_1_695' title='bbox 1537 5874 1824 5944; x_wconf 87' lang='lat' dir='ltr'><strong>pertineat,</strong></span> <span class='ocrx_word' id='word_1_696' title='bbox 1873 5889 1995 5936; x_wconf 91' lang='lat' dir='ltr'><strong>cum</strong></span> <span class='ocrx_word' id='word_1_697' title='bbox 2027 5955 2052 5969; x_wconf 50' lang='grc' dir='ltr'><strong><em>Α</em></strong></span> 
     </span>
    </p>
   </div>
   <div class='ocr_carea' id='block_1_91' title="bbox 2061 3353 3644 3425">
    <p class='ocr_par' dir='ltr' id='par_1_91' title="bbox 2061 3353 3644 3425">
     <span class='ocr_line' id='line_1_91' title="bbox 2061 3353 3644 3425; baseline 0.001 -16"><span class='ocrx_word' id='word_1_698' title='bbox 2061 3354 2342 3425; x_wconf 68' lang='lat' dir='ltr'><strong>praeceptis</strong></span> <span class='ocrx_word' id='word_1_699' title='bbox 2375 3353 2668 3410; x_wconf 90' lang='lat' dir='ltr'><strong>Dominicis</strong></span> <span class='ocrx_word' id='word_1_700' title='bbox 2699 3355 2786 3409; x_wconf 85' lang='lat' dir='ltr'><strong>illa</strong></span> <span class='ocrx_word' id='word_1_701' title='bbox 2837 3354 3137 3410; x_wconf 80' lang='lat' dir='ltr'><strong>dilferentia</strong></span> <span class='ocrx_word' id='word_1_702' title='bbox 3169 3355 3490 3411; x_wconf 82' lang='lat' dir='ltr'><strong>attentlenda</strong></span> <span class='ocrx_word' id='word_1_703' title='bbox 3538 3366 3644 3423; x_wconf 92' lang='lat' dir='ltr'><strong>est,</strong></span> 
     </span>
    </p>
   </div>
   <div class='ocr_carea' id='block_1_92' title="bbox 2062 3448 3661 3519">
    <p class='ocr_par' dir='ltr' id='par_1_92' title="bbox 2062 3448 3661 3519">
     <span class='ocr_line' id='line_1_92' title="bbox 2062 3448 3661 3519; baseline 0 -15"><span class='ocrx_word' id='word_1_704' title='bbox 2062 3458 2118 3505; x_wconf 95' lang='lat' dir='ltr'><strong>ut</strong></span> <span class='ocrx_word' id='word_1_705' title='bbox 2145 3463 2210 3504; x_wconf 92' lang='lat' dir='ltr'><strong>ea</strong></span> <span class='ocrx_word' id='word_1_706' title='bbox 2237 3464 2356 3518; x_wconf 81' lang='lat' dir='ltr'><strong>quae</strong></span> <span class='ocrx_word' id='word_1_707' title='bbox 2403 3449 2470 3502; x_wconf 92' lang='lat' dir='ltr'><strong>ad</strong></span> <span class='ocrx_word' id='word_1_708' title='bbox 2510 3449 2688 3503; x_wconf 90' lang='lat' dir='ltr'><strong>cibum</strong></span> <span class='ocrx_word' id='word_1_709' title='bbox 2722 3449 2804 3504; x_wconf 91' lang='lat' dir='ltr'><strong>vel</strong></span> <span class='ocrx_word' id='word_1_710' title='bbox 2835 3448 3207 3505; x_wconf 87' lang='lat' dir='ltr'><strong>indumentum</strong></span> <span class='ocrx_word' id='word_1_711' title='bbox 3259 3451 3504 3519; x_wconf 89' lang='lat' dir='ltr'><strong>corporis</strong></span> <span class='ocrx_word' id='word_1_712' title='bbox 3535 3459 3661 3505; x_wconf 91' lang='lat' dir='ltr'><strong>sunt</strong></span> 
     </span>
    </p>
   </div>
   <div class='ocr_carea' id='block_1_93' title="bbox 2065 3541 3662 3620">
    <p class='ocr_par' dir='ltr' id='par_1_93' title="bbox 2065 3541 3662 3620">
     <span class='ocr_line' id='line_1_93' title="bbox 2065 3541 3662 3620; baseline 0.001 -24"><span class='ocrx_word' id='word_1_713' title='bbox 2065 3543 2389 3606; x_wconf 87' lang='lat' dir='ltr'><strong>necessaria,</strong></span> <span class='ocrx_word' id='word_1_714' title='bbox 2446 3543 2812 3620; x_wconf 86' lang='lat' dir='ltr'><strong>unusquisque</strong></span> <span class='ocrx_word' id='word_1_715' title='bbox 2841 3541 3055 3597; x_wconf 89' lang='lat' dir='ltr'><strong>studeat</strong></span> <span class='ocrx_word' id='word_1_716' title='bbox 3094 3557 3381 3611; x_wconf 89' lang='lat' dir='ltr'><strong>procurare</strong></span> <span class='ocrx_word' id='word_1_717' title='bbox 3411 3543 3662 3598; x_wconf 83' lang='lat' dir='ltr'><strong>deﬁcien-</strong></span> 
     </span>
    </p>
   </div>
   <div class='ocr_carea' id='block_1_94' title="bbox 2065 3633 3657 3703">
    <p class='ocr_par' dir='ltr' id='par_1_94' title="bbox 2065 3633 3657 3703">
     <span class='ocr_line' id='line_1_94' title="bbox 2065 3633 3657 3703; baseline 0 -15"><span class='ocrx_word' id='word_1_718' title='bbox 2065 3635 2206 3688; x_wconf 91' lang='lat' dir='ltr'><strong>tibus</strong></span> <span class='ocrx_word' id='word_1_719' title='bbox 2230 3633 2314 3688; x_wconf 90' lang='lat' dir='ltr'><strong>his</strong></span> <span class='ocrx_word' id='word_1_720' title='bbox 2334 3649 2452 3702; x_wconf 74' lang='lat' dir='ltr'><strong>qua:</strong></span> <span class='ocrx_word' id='word_1_721' title='bbox 2497 3634 2756 3688; x_wconf 90' lang='lat' dir='ltr'><strong>naturalis</strong></span> <span class='ocrx_word' id='word_1_722' title='bbox 2788 3633 3045 3702; x_wconf 89' lang='lat' dir='ltr'><strong>fragilitas</strong></span> <span class='ocrx_word' id='word_1_723' title='bbox 3074 3634 3298 3702; x_wconf 88' lang='lat' dir='ltr'><strong>expetit,</strong></span> <span class='ocrx_word' id='word_1_724' title='bbox 3329 3642 3511 3703; x_wconf 89' lang='lat' dir='ltr'><strong>utpote</strong></span> <span class='ocrx_word' id='word_1_725' title='bbox 3541 3635 3657 3689; x_wconf 90' lang='lat' dir='ltr'><strong>sine</strong></span> 
     </span>
    </p>
   </div>
   <div class='ocr_carea' id='block_1_95' title="bbox 2064 3725 3658 3796">
    <p class='ocr_par' dir='ltr' id='par_1_95' title="bbox 2064 3725 3658 3796">
     <span class='ocr_line' id='line_1_95' title="bbox 2064 3725 3658 3796; baseline 0.002 -17"><span class='ocrx_word' id='word_1_726' title='bbox 2064 3727 2257 3795; x_wconf 92' lang='lat' dir='ltr'><strong>quibus</strong></span> <span class='ocrx_word' id='word_1_727' title='bbox 2281 3741 2385 3780; x_wconf 93' lang='lat' dir='ltr'><strong>non</strong></span> <span class='ocrx_word' id='word_1_728' title='bbox 2426 3726 2570 3780; x_wconf 88' lang='lat' dir='ltr'><strong>valet</strong></span> <span class='ocrx_word' id='word_1_729' title='bbox 2609 3725 2925 3792; x_wconf 89' lang='lat' dir='ltr'><strong>subsistere,</strong></span> <span class='ocrx_word' id='word_1_730' title='bbox 2952 3725 3115 3781; x_wconf 87' lang='lat' dir='ltr'><strong>etiam</strong></span> <span class='ocrx_word' id='word_1_731' title='bbox 3156 3726 3270 3795; x_wconf 87' lang='lat' dir='ltr'><strong>ipsa</strong></span> <span class='ocrx_word' id='word_1_732' title='bbox 3305 3726 3408 3781; x_wconf 88' lang='lat' dir='ltr'><strong>vita</strong></span> <span class='ocrx_word' id='word_1_733' title='bbox 3442 3726 3658 3796; x_wconf 88' lang='lat' dir='ltr'><strong>gemino</strong></span> 
     </span>
    </p>
   </div>
   <div class='ocr_carea' id='block_1_96' title="bbox 2064 3816 3654 3886">
    <p class='ocr_par' dir='ltr' id='par_1_96' title="bbox 2064 3816 3654 3886">
     <span class='ocr_line' id='line_1_96' title="bbox 2064 3816 3654 3886; baseline 0.003 -16"><span class='ocrx_word' id='word_1_734' title='bbox 2064 3817 2331 3885; x_wconf 89' lang='lat' dir='ltr'><strong>adjutorio</strong></span> <span class='ocrx_word' id='word_1_735' title='bbox 2387 3817 2592 3886; x_wconf 85' lang='lat' dir='ltr'><strong>privata</strong></span> <span class='ocrx_word' id='word_1_736' title='bbox 2641 3816 2877 3872; x_wconf 90' lang='lat' dir='ltr'><strong>deﬁciat.</strong></span> <span class='ocrx_word' id='word_1_737' title='bbox 2913 3817 3345 3874; x_wconf 87' lang='lat' dir='ltr'><strong>Sollicitudinem</strong></span> <span class='ocrx_word' id='word_1_738' title='bbox 3393 3828 3571 3874; x_wconf 88' lang='lat' dir='ltr'><strong>autem</strong></span> <span class='ocrx_word' id='word_1_739' title='bbox 3604 3820 3654 3874; x_wconf 93' lang='lat' dir='ltr'><strong>iu</strong></span> 
     </span>
    </p>
   </div>
   <div class='ocr_carea' id='block_1_97' title="bbox 2065 3911 3656 3983">
    <p class='ocr_par' dir='ltr' id='par_1_97' title="bbox 2065 3911 3656 3983">
     <span class='ocr_line' id='line_1_97' title="bbox 2065 3911 3656 3983; baseline 0.001 -16"><span class='ocrx_word' id='word_1_740' title='bbox 2065 3912 2151 3968; x_wconf 90' lang='lat' dir='ltr'><strong>his</strong></span> <span class='ocrx_word' id='word_1_741' title='bbox 2178 3911 2436 3968; x_wconf 88' lang='lat' dir='ltr'><strong>adhibere</strong></span> <span class='ocrx_word' id='word_1_742' title='bbox 2465 3922 2631 3979; x_wconf 90' lang='lat' dir='ltr'><strong>vetat,</strong></span> <span class='ocrx_word' id='word_1_743' title='bbox 2664 3912 2808 3983; x_wconf 93' lang='lat' dir='ltr'><strong>quod</strong></span> <span class='ocrx_word' id='word_1_744' title='bbox 2852 3913 3168 3982; x_wconf 88' lang='lat' dir='ltr'><strong>intelligitur</strong></span> <span class='ocrx_word' id='word_1_745' title='bbox 3211 3927 3338 3968; x_wconf 92' lang='lat' dir='ltr'><strong>cura</strong></span> <span class='ocrx_word' id='word_1_746' title='bbox 3369 3911 3656 3981; x_wconf 84' lang='lat' dir='ltr'><strong>supcrﬁua.</strong></span> 
     </span>
    </p>
   </div>
   <div class='ocr_carea' id='block_1_98' title="bbox 2064 4004 3658 4077">
    <p class='ocr_par' dir='ltr' id='par_1_98' title="bbox 2064 4004 3658 4077">
     <span class='ocr_line' id='line_1_98' title="bbox 2064 4004 3658 4077; baseline -0.003 -13"><span class='ocrx_word' id='word_1_747' title='bbox 2064 4006 2224 4064; x_wconf 85' lang='lat' dir='ltr'><strong>Unde</strong></span> <span class='ocrx_word' id='word_1_748' title='bbox 2274 4005 2496 4077; x_wconf 89' lang='lat' dir='ltr'><strong>pulchre</strong></span> <span class='ocrx_word' id='word_1_749' title='bbox 2540 4007 2680 4062; x_wconf 88' lang='lat' dir='ltr'><strong>hanc</strong></span> <span class='ocrx_word' id='word_1_750' title='bbox 2731 4014 2942 4062; x_wconf 92' lang='lat' dir='ltr'><strong>veteres</strong></span> <span class='ocrx_word' id='word_1_751' title='bbox 2970 4007 3042 4061; x_wconf 90' lang='lat' dir='ltr'><strong>ita</strong></span> <span class='ocrx_word' id='word_1_752' title='bbox 3085 4004 3438 4073; x_wconf 89' lang='lat' dir='ltr'><strong>difﬁnierunt,</strong></span> <span class='ocrx_word' id='word_1_753' title='bbox 3492 4015 3548 4060; x_wconf 93' lang='lat' dir='ltr'><strong>ut</strong></span> <span class='ocrx_word' id='word_1_754' title='bbox 3574 4007 3658 4060; x_wconf 90' lang='lat' dir='ltr'><strong>di-</strong></span> 
     </span>
    </p>
   </div>
   <div class='ocr_carea' id='block_1_99' title="bbox 2067 4099 3658 4170">
    <p class='ocr_par' dir='ltr' id='par_1_99' title="bbox 2067 4099 3658 4170">
     <span class='ocr_line' id='line_1_99' title="bbox 2067 4099 3658 4170; baseline 0 -15"><span class='ocrx_word' id='word_1_755' title='bbox 2067 4109 2251 4156; x_wconf 91' lang='lat' dir='ltr'><strong>cerent</strong></span> <span class='ocrx_word' id='word_1_756' title='bbox 2297 4099 2714 4156; x_wconf 87' lang='lat' dir='ltr'><strong>sollicitudinem</strong></span> <span class='ocrx_word' id='word_1_757' title='bbox 2766 4114 2886 4155; x_wconf 87' lang='lat' dir='ltr'><strong>esse</strong></span> <span class='ocrx_word' id='word_1_758' title='bbox 2915 4099 3286 4170; x_wconf 82' lang='lat' dir='ltr'><strong>aegritudinem</strong></span> <span class='ocrx_word' id='word_1_759' title='bbox 3335 4100 3498 4154; x_wconf 89' lang='lat' dir='ltr'><strong>animi</strong></span> <span class='ocrx_word' id='word_1_760' title='bbox 3539 4116 3658 4156; x_wconf 92' lang='lat' dir='ltr'><strong>cum</strong></span> 
     </span>
    </p>
   </div>
   <div class='ocr_carea' id='block_1_100' title="bbox 2068 4193 3660 4265">
    <p class='ocr_par' dir='ltr' id='par_1_100' title="bbox 2068 4193 3660 4265">
     <span class='ocr_line' id='line_1_100' title="bbox 2068 4193 3660 4265; baseline -0.001 -17"><span class='ocrx_word' id='word_1_761' title='bbox 2068 4193 2416 4249; x_wconf 72' lang='lat' dir='ltr'><strong>immoderata</strong></span> <span class='ocrx_word' id='word_1_762' title='bbox 2450 4194 2794 4265; x_wconf 82' lang='lat' dir='ltr'><strong>cogitatione.</strong></span> <span class='ocrx_word' id='word_1_763' title='bbox 2846 4193 2987 4263; x_wconf 83' lang='lat' dir='ltr'><strong>Ergo</strong></span> <span class='ocrx_word' id='word_1_764' title='bbox 3038 4193 3341 4248; x_wconf 81' lang='lat' dir='ltr'><strong>Sollicitudo</strong></span> <span class='ocrx_word' id='word_1_765' title='bbox 3397 4193 3544 4262; x_wconf 82' lang='lat' dir='ltr'><strong>quasi</strong></span> <span class='ocrx_word' id='word_1_766' title='bbox 3575 4209 3660 4247; x_wconf 88' lang='lat' dir='ltr'><strong>res</strong></span> 
     </span>
    </p>
   </div>
   <div class='ocr_carea' id='block_1_101' title="bbox 2068 4285 3662 4355">
    <p class='ocr_par' dir='ltr' id='par_1_101' title="bbox 2068 4285 3662 4355">
     <span class='ocr_line' id='line_1_101' title="bbox 2068 4285 3662 4355; baseline -0.002 -13"><span class='ocrx_word' id='word_1_767' title='bbox 2068 4285 2334 4354; x_wconf 85' lang='lat' dir='ltr'><strong>superﬂua</strong></span> <span class='ocrx_word' id='word_1_768' title='bbox 2357 4293 2411 4341; x_wconf 93' lang='lat' dir='ltr'><strong>et</strong></span> <span class='ocrx_word' id='word_1_769' title='bbox 2440 4286 2557 4353; x_wconf 88' lang='lat' dir='ltr'><strong>plus</strong></span> <span class='ocrx_word' id='word_1_770' title='bbox 2584 4285 2734 4355; x_wconf 90' lang='lat' dir='ltr'><strong>justo</strong></span> <span class='ocrx_word' id='word_1_771' title='bbox 2753 4287 2910 4340; x_wconf 83' lang='lat' dir='ltr'><strong>anxia</strong></span> <span class='ocrx_word' id='word_1_772' title='bbox 2937 4286 3161 4352; x_wconf 91' lang='lat' dir='ltr'><strong>tollitur,</strong></span> <span class='ocrx_word' id='word_1_773' title='bbox 3189 4286 3337 4340; x_wconf 88' lang='lat' dir='ltr'><strong>labor</strong></span> <span class='ocrx_word' id='word_1_774' title='bbox 3365 4299 3492 4339; x_wconf 92' lang='lat' dir='ltr'><strong>vero</strong></span> <span class='ocrx_word' id='word_1_775' title='bbox 3511 4286 3662 4354; x_wconf 87' lang='lat' dir='ltr'><strong>quasi</strong></span> 
     </span>
    </p>
   </div>
   <div class='ocr_carea' id='block_1_102' title="bbox 2070 4380 3662 4451">
    <p class='ocr_par' dir='ltr' id='par_1_102' title="bbox 2070 4380 3662 4451">
     <span class='ocr_line' id='line_1_102' title="bbox 2070 4380 3662 4451; baseline -0.001 -14"><span class='ocrx_word' id='word_1_776' title='bbox 2070 4397 2157 4437; x_wconf 90' lang='lat' dir='ltr'><strong>res</strong></span> <span class='ocrx_word' id='word_1_777' title='bbox 2199 4381 2503 4436; x_wconf 89' lang='lat' dir='ltr'><strong>necessaria</strong></span> <span class='ocrx_word' id='word_1_778' title='bbox 2552 4380 2794 4435; x_wconf 84' lang='lat' dir='ltr'><strong>exerceri</strong></span> <span class='ocrx_word' id='word_1_779' title='bbox 2849 4380 3172 4449; x_wconf 88' lang='lat' dir='ltr'><strong>permittitur</strong></span> <span class='ocrx_word' id='word_1_780' title='bbox 3213 4381 3384 4451; x_wconf 85' lang='lat' dir='ltr'><strong>(Psal.</strong></span> <span class='ocrx_word' id='word_1_781' title='bbox 3438 4380 3662 4451; x_wconf 82' lang='lat' dir='ltr'><strong>cxxvu).</strong></span> 
     </span>
    </p>
   </div>
   <div class='ocr_carea' id='block_1_103' title="bbox 2071 4471 3667 4544">
    <p class='ocr_par' dir='ltr' id='par_1_103' title="bbox 2071 4471 3667 4544">
     <span class='ocr_line' id='line_1_103' title="bbox 2071 4471 3667 4544; baseline 0 -16"><span class='ocrx_word' id='word_1_782' title='bbox 2071 4473 2127 4528; x_wconf 91' lang='lat' dir='ltr'><strong>In</strong></span> <span class='ocrx_word' id='word_1_783' title='bbox 2160 4483 2363 4527; x_wconf 87' lang='lat' dir='ltr'><strong>tantum</strong></span> <span class='ocrx_word' id='word_1_784' title='bbox 2395 4472 2628 4541; x_wconf 86' lang='lat' dir='ltr'><strong>denique</strong></span> <span class='ocrx_word' id='word_1_785' title='bbox 2655 4471 2856 4527; x_wconf 90' lang='lat' dir='ltr'><strong>laboris</strong></span> <span class='ocrx_word' id='word_1_786' title='bbox 2897 4489 3024 4529; x_wconf 88' lang='lat' dir='ltr'><strong>usus</strong></span> <span class='ocrx_word' id='word_1_787' title='bbox 3080 4476 3299 4530; x_wconf 90' lang='lat' dir='ltr'><strong>minime</strong></span> <span class='ocrx_word' id='word_1_788' title='bbox 3330 4475 3667 4544; x_wconf 88' lang='lat' dir='ltr'><strong>prohibetur,</strong></span> 
     </span>
    </p>
   </div>
   <div class='ocr_carea' id='block_1_104' title="bbox 2003 4565 3671 4659">
    <p class='ocr_par' dir='ltr' id='par_1_104' title="bbox 2003 4565 3671 4659">
     <span class='ocr_line' id='line_1_104' title="bbox 2003 4565 3671 4659; baseline 0.001 -38"><span class='ocrx_word' id='word_1_789' title='bbox 2003 4598 2055 4659; x_wconf 70' lang='grc' dir='ltr'><strong>Β</strong></span> <span class='ocrx_word' id='word_1_790' title='bbox 2078 4575 2135 4621; x_wconf 88' lang='grc' dir='ltr'><strong>ιιι</strong></span> <span class='ocrx_word' id='word_1_791' title='bbox 2166 4566 2443 4621; x_wconf 88' lang='lat' dir='ltr'><strong>Psalmista</strong></span> <span class='ocrx_word' id='word_1_792' title='bbox 2487 4566 2698 4620; x_wconf 84' lang='lat' dir='ltr'><strong>beatqu</strong></span> <span class='ocrx_word' id='word_1_793' title='bbox 2731 4565 2874 4621; x_wconf 83' lang='lat' dir='ltr'><strong>dicat</strong></span> <span class='ocrx_word' id='word_1_794' title='bbox 2903 4569 2990 4636; x_wconf 77' lang='lat' dir='ltr'><strong>qui</strong></span> <span class='ocrx_word' id='word_1_795' title='bbox 3034 4568 3145 4622; x_wconf 89' lang='lat' dir='ltr'><strong>suis</strong></span> <span class='ocrx_word' id='word_1_796' title='bbox 3188 4568 3456 4623; x_wconf 84' lang='lat' dir='ltr'><strong>laboribus</strong></span> <span class='ocrx_word' id='word_1_797' title='bbox 3495 4568 3671 4638; x_wconf 81' lang='lat' dir='ltr'><strong>pasci-</strong></span> 
     </span>
    </p>
   </div>
   <div class='ocr_carea' id='block_1_105' title="bbox 2079 4657 3665 4732">
    <p class='ocr_par' dir='ltr' id='par_1_105' title="bbox 2079 4657 3665 4732">
     <span class='ocr_line' id='line_1_105' title="bbox 2079 4657 3665 4732; baseline 0.001 -20"><span class='ocrx_word' id='word_1_798' title='bbox 2079 4667 2183 4722; x_wconf 92' lang='lat' dir='ltr'><strong>tur,</strong></span> <span class='ocrx_word' id='word_1_799' title='bbox 2217 4668 2271 4714; x_wconf 91' lang='lat' dir='ltr'><strong>et</strong></span> <span class='ocrx_word' id='word_1_800' title='bbox 2303 4657 2589 4727; x_wconf 83' lang='lat' dir='ltr'><strong>Apostolus</strong></span> <span class='ocrx_word' id='word_1_801' title='bbox 2622 4658 2972 4714; x_wconf 89' lang='lat' dir='ltr'><strong>laborandum</strong></span> <span class='ocrx_word' id='word_1_802' title='bbox 3007 4660 3251 4715; x_wconf 88' lang='lat' dir='ltr'><strong>manibus</strong></span> <span class='ocrx_word' id='word_1_803' title='bbox 3283 4662 3428 4732; x_wconf 90' lang='lat' dir='ltr'><strong>quod</strong></span> <span class='ocrx_word' id='word_1_804' title='bbox 3470 4661 3665 4717; x_wconf 92' lang='lat' dir='ltr'><strong>bonum</strong></span> 
     </span>
    </p>
   </div>
   <div class='ocr_carea' id='block_1_106' title="bbox 2073 4750 3670 4822">
    <p class='ocr_par' dir='ltr' id='par_1_106' title="bbox 2073 4750 3670 4822">
     <span class='ocr_line' id='line_1_106' title="bbox 2073 4750 3670 4822; baseline 0.002 -15"><span class='ocrx_word' id='word_1_805' title='bbox 2073 4761 2158 4807; x_wconf 90' lang='lat' dir='ltr'><strong>est</strong></span> <span class='ocrx_word' id='word_1_806' title='bbox 2205 4750 2356 4819; x_wconf 90' lang='lat' dir='ltr'><strong>dicit,</strong></span> <span class='ocrx_word' id='word_1_807' title='bbox 2390 4760 2447 4806; x_wconf 93' lang='lat' dir='ltr'><strong>ut</strong></span> <span class='ocrx_word' id='word_1_808' title='bbox 2473 4752 2596 4822; x_wconf 89' lang='lat' dir='ltr'><strong>quis</strong></span> <span class='ocrx_word' id='word_1_809' title='bbox 2642 4751 2838 4809; x_wconf 88' lang='lat' dir='ltr'><strong>habeat</strong></span> <span class='ocrx_word' id='word_1_810' title='bbox 2869 4755 3010 4808; x_wconf 83' lang='lat' dir='ltr'><strong>unde</strong></span> <span class='ocrx_word' id='word_1_811' title='bbox 3060 4754 3258 4809; x_wconf 88' lang='lat' dir='ltr'><strong>tribuat</strong></span> <span class='ocrx_word' id='word_1_812' title='bbox 3290 4759 3670 4810; x_wconf 84' lang='lat' dir='ltr'><strong>necessitatem</strong></span> 
     </span>
    </p>
   </div>
   <div class='ocr_carea' id='block_1_107' title="bbox 2077 4843 3670 4916">
    <p class='ocr_par' dir='ltr' id='par_1_107' title="bbox 2077 4843 3670 4916">
     <span class='ocr_line' id='line_1_107' title="bbox 2077 4843 3670 4916; baseline 0.003 -17"><span class='ocrx_word' id='word_1_813' title='bbox 2077 4843 2406 4914; x_wconf 86' lang='lat' dir='ltr'><strong>patientibus</strong></span> <span class='ocrx_word' id='word_1_814' title='bbox 2457 4843 2624 4916; x_wconf 83' lang='lat' dir='ltr'><strong>(Eph.</strong></span> <span class='ocrx_word' id='word_1_815' title='bbox 2658 4846 2758 4914; x_wconf 91' lang='lat' dir='ltr'><strong>tv).</strong></span> <span class='ocrx_word' id='word_1_816' title='bbox 2788 4847 3130 4916; x_wconf 87' lang='lat' dir='ltr'><strong>Quapropter</strong></span> <span class='ocrx_word' id='word_1_817' title='bbox 3158 4848 3308 4902; x_wconf 89' lang='lat' dir='ltr'><strong>labor</strong></span> <span class='ocrx_word' id='word_1_818' title='bbox 3333 4849 3670 4904; x_wconf 84' lang='lat' dir='ltr'><strong>exercendus</strong></span> 
     </span>
    </p>
   </div>
   <div class='ocr_carea' id='block_1_108' title="bbox 2073 4939 3670 5009">
    <p class='ocr_par' dir='ltr' id='par_1_108' title="bbox 2073 4939 3670 5009">
     <span class='ocr_line' id='line_1_108' title="bbox 2073 4939 3670 5009; baseline 0.001 -14"><span class='ocrx_word' id='word_1_819' title='bbox 2073 4944 2180 5004; x_wconf 91' lang='lat' dir='ltr'><strong>est,</strong></span> <span class='ocrx_word' id='word_1_820' title='bbox 2212 4948 2272 4994; x_wconf 90' lang='lat' dir='ltr'><strong>ut</strong></span> <span class='ocrx_word' id='word_1_821' title='bbox 2319 4939 2612 4995; x_wconf 87' lang='lat' dir='ltr'><strong>necessitas</strong></span> <span class='ocrx_word' id='word_1_822' title='bbox 2661 4939 2926 4995; x_wconf 87' lang='lat' dir='ltr'><strong>eluctetur</strong></span> <span class='ocrx_word' id='word_1_823' title='bbox 2971 4961 2982 4994; x_wconf 87' lang='lat'>:</span> <span class='ocrx_word' id='word_1_824' title='bbox 3045 4940 3351 4995; x_wconf 89' lang='lat' dir='ltr'><strong>sollicitudo</strong></span> <span class='ocrx_word' id='word_1_825' title='bbox 3416 4941 3670 5009; x_wconf 90' lang='lat' dir='ltr'><strong>tollenda,</strong></span> 
     </span>
    </p>
   </div>
   <div class='ocr_carea' id='block_1_109' title="bbox 2083 5030 3674 5102">
    <p class='ocr_par' dir='ltr' id='par_1_109' title="bbox 2083 5030 3674 5102">
     <span class='ocr_line' id='line_1_109' title="bbox 2083 5030 3674 5102; baseline 0 -16"><span class='ocrx_word' id='word_1_826' title='bbox 2083 5045 2187 5102; x_wconf 89' lang='lat' dir='ltr'><strong>qua</strong></span> <span class='ocrx_word' id='word_1_827' title='bbox 2211 5047 2317 5086; x_wconf 90' lang='lat' dir='ltr'><strong>non</strong></span> <span class='ocrx_word' id='word_1_828' title='bbox 2350 5031 2680 5098; x_wconf 90' lang='lat' dir='ltr'><strong>necessitati,</strong></span> <span class='ocrx_word' id='word_1_829' title='bbox 2713 5030 2806 5086; x_wconf 88' lang='lat' dir='ltr'><strong>sed</strong></span> <span class='ocrx_word' id='word_1_830' title='bbox 2835 5031 3111 5102; x_wconf 90' lang='lat' dir='ltr'><strong>cupiditati</strong></span> <span class='ocrx_word' id='word_1_831' title='bbox 3137 5031 3455 5086; x_wconf 87' lang='lat' dir='ltr'><strong>consulitur.</strong></span> <span class='ocrx_word' id='word_1_832' title='bbox 3487 5032 3674 5086; x_wconf 84' lang='lat' dir='ltr'><strong>Nonne</strong></span> 
     </span>
    </p>
   </div>
   <div class='ocr_carea' id='block_1_110' title="bbox 2085 5127 3673 5198">
    <p class='ocr_par' dir='ltr' id='par_1_110' title="bbox 2085 5127 3673 5198">
     <span class='ocr_line' id='line_1_110' title="bbox 2085 5127 3673 5198; baseline 0.001 -18"><span class='ocrx_word' id='word_1_833' title='bbox 2085 5128 2257 5181; x_wconf 87' lang='lat' dir='ltr'><strong>anima</strong></span> <span class='ocrx_word' id='word_1_834' title='bbox 2298 5127 2417 5196; x_wconf 81' lang='lat' dir='ltr'><strong>plus</strong></span> <span class='ocrx_word' id='word_1_835' title='bbox 2447 5137 2520 5182; x_wconf 86' lang='lat' dir='ltr'><strong>est</strong></span> <span class='ocrx_word' id='word_1_836' title='bbox 2547 5142 2701 5197; x_wconf 87' lang='lat' dir='ltr'><strong>quam</strong></span> <span class='ocrx_word' id='word_1_837' title='bbox 2722 5142 2855 5192; x_wconf 84' lang='lat' dir='ltr'><strong>esca,</strong></span> <span class='ocrx_word' id='word_1_838' title='bbox 2886 5137 2933 5183; x_wconf 85' lang='lat' dir='ltr'><strong>et</strong></span> <span class='ocrx_word' id='word_1_839' title='bbox 2960 5143 3144 5197; x_wconf 86' lang='lat' dir='ltr'><strong>corpus</strong></span> <span class='ocrx_word' id='word_1_840' title='bbox 3189 5128 3305 5197; x_wconf 75' lang='lat' dir='ltr'><strong>plus</strong></span> <span class='ocrx_word' id='word_1_841' title='bbox 3343 5144 3496 5198; x_wconf 82' lang='lat' dir='ltr'><strong>quam</strong></span> <span class='ocrx_word' id='word_1_842' title='bbox 3525 5130 3673 5182; x_wconf 83' lang='lat' dir='ltr'><strong>resti-</strong></span> 
     </span>
    </p>
   </div>
   <div class='ocr_carea' id='block_1_111' title="bbox 2085 5217 3673 5292">
    <p class='ocr_par' dir='ltr' id='par_1_111' title="bbox 2085 5217 3673 5292">
     <span class='ocr_line' id='line_1_111' title="bbox 2085 5217 3673 5292; baseline 0.003 -19"><span class='ocrx_word' id='word_1_843' title='bbox 2085 5220 2350 5274; x_wconf 85' lang='lat' dir='ltr'><strong>mentum?</strong></span> <span class='ocrx_word' id='word_1_844' title='bbox 2392 5217 2468 5274; x_wconf 88' lang='lat' dir='ltr'><strong>Ex</strong></span> <span class='ocrx_word' id='word_1_845' title='bbox 2519 5218 2601 5273; x_wconf 92' lang='lat' dir='ltr'><strong>his</strong></span> <span class='ocrx_word' id='word_1_846' title='bbox 2639 5218 2845 5273; x_wconf 90' lang='lat' dir='ltr'><strong>duabus</strong></span> <span class='ocrx_word' id='word_1_847' title='bbox 2889 5219 3202 5275; x_wconf 86' lang='lat' dir='ltr'><strong>substantiis</strong></span> <span class='ocrx_word' id='word_1_848' title='bbox 3250 5229 3458 5276; x_wconf 90' lang='lat' dir='ltr'><strong>constat</strong></span> <span class='ocrx_word' id='word_1_849' title='bbox 3489 5223 3673 5292; x_wconf 92' lang='lat' dir='ltr'><strong>homo,</strong></span> 
     </span>
    </p>
   </div>
   <div class='ocr_carea' id='block_1_112' title="bbox 2089 5309 3668 5384">
    <p class='ocr_par' dir='ltr' id='par_1_112' title="bbox 2089 5309 3668 5384">
     <span class='ocr_line' id='line_1_112' title="bbox 2089 5309 3668 5384; baseline 0.002 -18"><span class='ocrx_word' id='word_1_850' title='bbox 2089 5312 2262 5367; x_wconf 87' lang='lat' dir='ltr'><strong>anima</strong></span> <span class='ocrx_word' id='word_1_851' title='bbox 2295 5311 2541 5367; x_wconf 88' lang='lat' dir='ltr'><strong>videlicet</strong></span> <span class='ocrx_word' id='word_1_852' title='bbox 2571 5319 2626 5366; x_wconf 88' lang='grc' dir='ltr'><strong>ει</strong></span> <span class='ocrx_word' id='word_1_853' title='bbox 2673 5325 2922 5378; x_wconf 81' lang='lat' dir='ltr'><strong>corpore.</strong></span> <span class='ocrx_word' id='word_1_854' title='bbox 2967 5309 3138 5368; x_wconf 90' lang='lat' dir='ltr'><strong>Omne</strong></span> <span class='ocrx_word' id='word_1_855' title='bbox 3165 5313 3307 5381; x_wconf 88' lang='lat' dir='ltr'><strong>quod</strong></span> <span class='ocrx_word' id='word_1_856' title='bbox 3348 5315 3668 5384; x_wconf 86' lang='lat' dir='ltr'><strong>appetimus,</strong></span> 
     </span>
    </p>
   </div>
   <div class='ocr_carea' id='block_1_113' title="bbox 2091 5406 3671 5480">
    <p class='ocr_par' dir='ltr' id='par_1_113' title="bbox 2091 5406 3671 5480">
     <span class='ocr_line' id='line_1_113' title="bbox 2091 5406 3671 5480; baseline 0.005 -22"><span class='ocrx_word' id='word_1_857' title='bbox 2091 5412 2182 5459; x_wconf 93' lang='lat' dir='ltr'><strong>aut</strong></span> <span class='ocrx_word' id='word_1_858' title='bbox 2203 5413 2420 5474; x_wconf 88' lang='lat' dir='ltr'><strong>propter</strong></span> <span class='ocrx_word' id='word_1_859' title='bbox 2449 5417 2530 5472; x_wconf 90' lang='lat' dir='ltr'><strong>se,</strong></span> <span class='ocrx_word' id='word_1_860' title='bbox 2560 5413 2652 5460; x_wconf 88' lang='lat' dir='ltr'><strong>aut</strong></span> <span class='ocrx_word' id='word_1_861' title='bbox 2675 5413 2894 5476; x_wconf 89' lang='lat' dir='ltr'><strong>propter</strong></span> <span class='ocrx_word' id='word_1_862' title='bbox 2920 5406 3063 5462; x_wconf 89' lang='lat' dir='ltr'><strong>aliud</strong></span> <span class='ocrx_word' id='word_1_863' title='bbox 3090 5410 3412 5480; x_wconf 89' lang='lat' dir='ltr'><strong>appetimus.</strong></span> <span class='ocrx_word' id='word_1_864' title='bbox 3443 5410 3671 5480; x_wconf 88' lang='lat' dir='ltr'><strong>Propter</strong></span> 
     </span>
    </p>
   </div>
   <div class='ocr_carea' id='block_1_114' title="bbox 2090 5497 3681 5574">
    <p class='ocr_par' dir='ltr' id='par_1_114' title="bbox 2090 5497 3681 5574">
     <span class='ocr_line' id='line_1_114' title="bbox 2090 5497 3681 5574; baseline 0.005 -22"><span class='ocrx_word' id='word_1_865' title='bbox 2090 5511 2150 5552; x_wconf 91' lang='lat' dir='ltr'><strong>se</strong></span> <span class='ocrx_word' id='word_1_866' title='bbox 2201 5497 2342 5552; x_wconf 92' lang='lat' dir='ltr'><strong>enim</strong></span> <span class='ocrx_word' id='word_1_867' title='bbox 2389 5498 2672 5569; x_wconf 89' lang='lat' dir='ltr'><strong>sapientia,</strong></span> <span class='ocrx_word' id='word_1_868' title='bbox 2721 5515 2841 5571; x_wconf 76' lang='lat' dir='ltr'><strong>quae</strong></span> <span class='ocrx_word' id='word_1_869' title='bbox 2890 5499 3030 5556; x_wconf 86' lang='lat' dir='ltr'><strong>Deus</strong></span> <span class='ocrx_word' id='word_1_870' title='bbox 3069 5513 3170 5567; x_wconf 87' lang='lat' dir='ltr'><strong>est,</strong></span> <span class='ocrx_word' id='word_1_871' title='bbox 3222 5502 3520 5574; x_wconf 88' lang='lat' dir='ltr'><strong>appetenda</strong></span> <span class='ocrx_word' id='word_1_872' title='bbox 3553 5514 3681 5560; x_wconf 87' lang='lat' dir='ltr'><strong>est:</strong></span> 
     </span>
    </p>
   </div>
   <div class='ocr_carea' id='block_1_115' title="bbox 2094 5591 3679 5668">
    <p class='ocr_par' dir='ltr' id='par_1_115' title="bbox 2094 5591 3679 5668">
     <span class='ocr_line' id='line_1_115' title="bbox 2094 5591 3679 5668; baseline 0.006 -22"><span class='ocrx_word' id='word_1_873' title='bbox 2094 5601 2314 5663; x_wconf 88' lang='lat' dir='ltr'><strong>propter</strong></span> <span class='ocrx_word' id='word_1_874' title='bbox 2339 5591 2483 5648; x_wconf 90' lang='lat' dir='ltr'><strong>aliud</strong></span> <span class='ocrx_word' id='word_1_875' title='bbox 2537 5609 2686 5663; x_wconf 90' lang='lat' dir='ltr'><strong>vero,</strong></span> <span class='ocrx_word' id='word_1_876' title='bbox 2717 5595 2763 5649; x_wconf 90' lang='lat' dir='ltr'><strong>si</strong></span> <span class='ocrx_word' id='word_1_877' title='bbox 2807 5596 2925 5662; x_wconf 92' lang='lat' dir='ltr'><strong>quis</strong></span> <span class='ocrx_word' id='word_1_878' title='bbox 2956 5597 3130 5667; x_wconf 91' lang='lat' dir='ltr'><strong>(verbi</strong></span> <span class='ocrx_word' id='word_1_879' title='bbox 3169 5599 3367 5668; x_wconf 84' lang='lat' dir='ltr'><strong>gratia)</strong></span> <span class='ocrx_word' id='word_1_880' title='bbox 3389 5599 3679 5668; x_wconf 88' lang='lat' dir='ltr'><strong>emplastra</strong></span> 
     </span>
    </p>
   </div>
   <div class='ocr_carea' id='block_1_116' title="bbox 2096 5689 3682 5761">
    <p class='ocr_par' dir='ltr' id='par_1_116' title="bbox 2096 5689 3682 5761">
     <span class='ocr_line' id='line_1_116' title="bbox 2096 5689 3682 5761; baseline 0.004 -19"><span class='ocrx_word' id='word_1_881' title='bbox 2096 5689 2294 5744; x_wconf 91' lang='lat' dir='ltr'><strong>habere</strong></span> <span class='ocrx_word' id='word_1_882' title='bbox 2340 5689 2542 5758; x_wconf 89' lang='lat' dir='ltr'><strong>cupiat,</strong></span> <span class='ocrx_word' id='word_1_883' title='bbox 2584 5703 2688 5744; x_wconf 90' lang='lat' dir='ltr'><strong>non</strong></span> <span class='ocrx_word' id='word_1_884' title='bbox 2739 5698 2797 5745; x_wconf 92' lang='lat' dir='ltr'><strong>ut</strong></span> <span class='ocrx_word' id='word_1_885' title='bbox 2827 5689 3114 5759; x_wconf 86' lang='lat' dir='ltr'><strong>emplastra</strong></span> <span class='ocrx_word' id='word_1_886' title='bbox 3157 5689 3448 5761; x_wconf 89' lang='lat' dir='ltr'><strong>possideat,</strong></span> <span class='ocrx_word' id='word_1_887' title='bbox 3499 5692 3592 5748; x_wconf 90' lang='lat' dir='ltr'><strong>sed</strong></span> <span class='ocrx_word' id='word_1_888' title='bbox 3626 5700 3682 5748; x_wconf 74' lang='lat' dir='ltr'><strong>u&#39;</strong></span> 
     </span>
    </p>
   </div>
   <div class='ocr_carea' id='block_1_117' title="bbox 2096 5781 3661 5852">
    <p class='ocr_par' dir='ltr' id='par_1_117' title="bbox 2096 5781 3661 5852">
     <span class='ocr_line' id='line_1_117' title="bbox 2096 5781 3661 5852; baseline 0.001 -15"><span class='ocrx_word' id='word_1_889' title='bbox 2096 5796 2164 5837; x_wconf 85' lang='lat' dir='ltr'><strong>ex</strong></span> <span class='ocrx_word' id='word_1_890' title='bbox 2203 5797 2270 5837; x_wconf 92' lang='lat' dir='ltr'><strong>eo</strong></span> <span class='ocrx_word' id='word_1_891' title='bbox 2317 5782 2520 5837; x_wconf 87' lang='lat' dir='ltr'><strong>sanitas</strong></span> <span class='ocrx_word' id='word_1_892' title='bbox 2548 5782 2764 5852; x_wconf 91' lang='lat' dir='ltr'><strong>corpori</strong></span> <span class='ocrx_word' id='word_1_893' title='bbox 2810 5781 3176 5852; x_wconf 89' lang='lat' dir='ltr'><strong>provideatur.</strong></span> <span class='ocrx_word' id='word_1_894' title='bbox 3224 5783 3396 5840; x_wconf 86' lang='lat' dir='ltr'><strong>Nemo</strong></span> <span class='ocrx_word' id='word_1_895' title='bbox 3421 5799 3552 5841; x_wconf 89' lang='lat' dir='ltr'><strong>vero</strong></span> <span class='ocrx_word' id='word_1_896' title='bbox 3592 5785 3661 5838; x_wconf 90' lang='lat' dir='ltr'><strong>du</strong></span> 
     </span>
    </p>
   </div>
   <div class='ocr_carea' id='block_1_118' title="bbox 2055 5876 3684 5966">
    <p class='ocr_par' dir='ltr' id='par_1_118' title="bbox 2055 5876 3684 5966">
     <span class='ocr_line' id='line_1_118' title="bbox 2055 5876 3684 5966; baseline 0.001 -31"><span class='ocrx_word' id='word_1_897' title='bbox 2055 5877 2232 5966; x_wconf 87' lang='lat' dir='ltr'><strong>bitat</strong></span> <span class='ocrx_word' id='word_1_898' title='bbox 2273 5878 2444 5948; x_wconf 89' lang='lat' dir='ltr'><strong>majus</strong></span> <span class='ocrx_word' id='word_1_899' title='bbox 2473 5891 2594 5936; x_wconf 91' lang='lat' dir='ltr'><strong>esse</strong></span> <span class='ocrx_word' id='word_1_900' title='bbox 2642 5876 2772 5934; x_wconf 92' lang='lat' dir='ltr'><strong>illud</strong></span> <span class='ocrx_word' id='word_1_901' title='bbox 2807 5877 2950 5948; x_wconf 88' lang='lat' dir='ltr'><strong>quod</strong></span> <span class='ocrx_word' id='word_1_902' title='bbox 2996 5886 3215 5950; x_wconf 88' lang='lat' dir='ltr'><strong>propter</strong></span> <span class='ocrx_word' id='word_1_903' title='bbox 3243 5891 3325 5948; x_wconf 82' lang='lat' dir='ltr'><strong>se,</strong></span> <span class='ocrx_word' id='word_1_904' title='bbox 3353 5893 3512 5946; x_wconf 89' lang='lat' dir='ltr'><strong>quam</strong></span> <span class='ocrx_word' id='word_1_905' title='bbox 3553 5877 3684 5936; x_wconf 89' lang='lat' dir='ltr'><strong>illud</strong></span> 
     </span>
    </p>
   </div>
  </div>
