4096 6346
476 390 609 452 141⁸1

1337 391 1541 450 PAULI
1585 388 1855 450 DIACONI
1896 392 2047 449 OPP.
2092 384 2273 450 PARS
2314 386 2376 449 ll.
2421 425 2488 436 -
2528 388 2891 453 ASCETICA.

3613 404 3764 463 me

474 512 613 583 quod
640 514 854 581 propter
876 505 1020 561 aliud
1051 505 1328 577 qna-ritur.
1357 507 1523 562 Datur
1562 522 1689 579 ergo
1716 507 1801 564 hic
1835 507 2056 575 intelligi
2086 510 2139 575 Α
2164 513 2375 561 terrena
2405 517 2458 563 et
2491 509 2671 563 infima
2704 508 2988 565 decidatis.
3044 507 3172 575 Quis
3198 518 3373 566 autem
3401 520 3632 569 vestram
3668 537 3764 572 t'o-

474 605 702 658 animant
755 601 875 671 plus
927 610 1048 655 esse
1080 614 1236 669 quam
1287 614 1488 667 escam,
1541 601 1664 671 quia
1696 602 1760 655 ad
1793 603 1894 656 hoc
1936 615 2057 656 esca

475 696 785 766 requiritur,
815 704 873 749 nt
900 696 1007 748 vita
1040 708 1280 764 praesens
1317 693 1407 748 illa
1453 704 1806 750 sustentetur.
1854 695 2060 765 Corpus

474 805 685 863 quoque
731 791 846 860 plus
873 800 1029 859 quam
1062 788 1461 856 vestimentum,
1503 789 1642 857 quod
1675 789 1873 844 idcirco
1916 803 2061 858 qua:-

474 885 633 950 riiur,
684 892 740 939 ut
787 881 999 937 nuditas
1054 880 1147 935 illo
1196 889 1428 952 tegatur.
1480 881 1744 937 Admonet
1791 896 1917 952 ergo
1964 895 2060 935 nos

475 976 734 1032 Dominus
764 975 863 1029 hac
892 974 1181 1039 sententia,
1222 984 1277 1028 nt
1306 974 1707 1030 meminerimus
1753 990 1848 1030 nos
1891 975 2060 1029 multo

472 1068 700 1137 amplius
750 1066 900 1122 nobis
939 1065 1105 1121 Deum
1159 1065 1373 1121 dedisse
1433 1065 1485 1120 in
1516 1081 1582 1121 eo
1610 1067 1753 1136 quod
1810 1081 1907 1122 nos
1937 1081 2058 1122 cum

473 1175 578 1213 non
609 1172 872 1225 essemus,
904 1157 1205 1227 composuit
1236 1172 1299 1212 ex
1334 1158 1510 1241 anima
1544 1169 1596 1213 et
1626 1172 1873 1229 corpore,
1902 1173 2058 1229 quam

473 1251 547 1306 sit
596 1250 956 1316 alimentum;
1008 1256 1066 1304 ot
1112 1248 1181 1304 sit
1207 1265 1433 1305 sensus:
1487 1251 1617 1316 Quia
1660 1252 1859 1319 majora
1908 1250 2062 1304 nobis

470 1342 739 1412 prrcstitit,
769 1340 816 1394 id
842 1348 944 1406 est,
975 1352 1169 1409 corpus
1198 1349 1253 1396 et
1282 1340 1536 1406 animam,
1580 1341 1853 1410 praestabit
1883 1342 2062 1411 utique

466 1435 698 1502 minora,
729 1434 925 1489 victum
958 1433 1209 1489 videlicet
1251 1442 1305 1489 et
1334 1434 1603 1488 vestitum.
1646 1433 1821 1499 Quare
1846 1446 1972 1502 ergo
1996 1432 2063 1486 de

466 1528 763 1583 minoribus
794 1527 1009 1584 solliciti
1057 1540 1266 1592 sumus,
1300 1528 1388 1598 qui
1438 1526 1640 1595 majora
1674 1524 2060 1596 percepimus?

471 1621 726 1693 Respicite
768 1622 1000 1677 volatilia
1031 1622 1165 1691 creti,
1214 1621 1456 1692 quoniam
1505 1636 1604 1673 non
1655 1627 1850 1684 serunt,
1901 1632 2063 1687 neque

466 1724 679 1782 metunt,
732 1728 893 1784 neque
937 1724 1246 1786 congregant
1271 1714 1323 1767 in
1373 1713 1577 1778 horrea,
1608 1720 1653 1765 et
1706 1708 1865 1763 Pater
1904 1718 2063 1764 vester

468 1812 684 1867 cmleslis
723 1812 882 1882 pascit
936 1811 1049 1864 illa.
1101 1809 1347 1863 Volatilia
1397 1809 1541 1873 CtL‘ll,
1600 1821 1727 1862 aves
1777 1820 1870 1877 per
1921 1805 2063 1859 hunc

2164 599 2351 670 gitans,
2409 613 2569 669 potest
2621 604 2847 673 adjicere
2900 605 2968 657 ad
3024 615 3275 661 staturam
3324 612 3473 663 suam
3528 612 3763 671 cubitum

2164 694 2368 747 unum?
2400 693 2466 749 Ut
2511 697 2720 751 facilius
2752 686 3102 767 persuaderet
3132 697 3287 756 nobis
3320 686 3599 771 passionis
3638 705 3764 763 sine

2164 785 2544 855 sollicitudine,
2577 788 2723 844 dedit
2769 788 2931 844 etiam
2981 789 3047 845 de
3095 790 3519 861 impossibilibus
3568 810 3762 853 excin-

2165 877 2309 946 plum
2356 880 2535 947 :Quis
2567 923 2580 947 ,
2640 882 2927 953 inquiens,
2988 894 3208 938 vestrum
3263 888 3534 957 cogitans,
3592 900 3763 961 potest

2163 971 2386 1039 adjicere
2407 975 2475 1026 ad
2492 982 2741 1029 staturam
2764 984 2907 1029 suam
2928 976 3156 1031 cubitum
3178 994 3333 1035 unum
3354 980 3379 1034 ?
3400 981 3562 1046 Quasi
3585 981 3757 1039 dicat:

2165 1063 2220 1118 Si
2252 1074 2333 1118 est
2364 1065 2557 1135 aliquis
2591 1078 2827 1123 vestrum
2858 1070 2949 1139 qui
2980 1072 3042 1124 ad
3093 1076 3351 1125 staturam
3401 1086 3554 1128 suant
3590 1091 3760 1131 unum

2165 1158 2404 1213 cubitum
2453 1161 2690 1231 adjicere
2735 1164 2921 1231 possit,
2979 1172 3035 1218 ut
3062 1165 3148 1219 vel
3206 1165 3415 1237 longior
3461 1167 3546 1222 vel
3599 1168 3765 1226 latior

2167 1248 2430 1317 videatur,
2448 1253 2643 1322 cogitet
2664 1262 2717 1309 et
2740 1254 2979 1310 elaboret
3005 1258 3092 1326 qui
3117 1254 3382 1326 ejusmodi
3404 1268 3506 1329 est,
3527 1259 3767 1330 qualiter

2167 1342 2295 1397 illud
2326 1344 2517 1398 vestiat
2541 1344 2594 1399 et
2624 1356 2824 1415 pascat,
2878 1348 3017 1417 quod
3044 1350 3158 1418 ipse
3189 1348 3288 1404 sibi
3338 1344 3554 1421 adjecit.
3584 1351 3767 1407 Calle-

2166 1446 2283 1486 rum
2315 1436 2454 1502 quod
2502 1435 2642 1491 Deus
2673 1437 2896 1505 creavit,
2929 1438 3087 1493 etiam
3139 1440 3255 1495 sine
3287 1452 3460 1496 vestra
3490 1442 3762 1499 sollicitu-

2167 1523 2292 1579 dine
2321 1526 2515 1581 vestire
2558 1542 2619 1582 ac
2666 1542 2887 1599 pascere
2915 1526 3243 1601 procuravit.
3296 1530 3450 1588 Nunc
3474 1548 3601 1606 ergo
3630 1537 3762 1607 quia

2166 1632 2343 1688 neque
2390 1614 2534 1690 quod
2583 1623 2693 1677 Deo
2741 1624 3021 1680 minimum
3068 1634 3171 1693 est,
3229 1624 3457 1703 implere
3508 1628 3760 1697 potesns,

2167 1712 2311 1769 illius
2345 1714 2693 1785 providentia:
2721 1733 2904 1777 curam
2956 1720 3167 1792 tegendi
3196 1732 3250 1778 et
3294 1716 3476 1779 alendi
3512 1728 3762 1797 corporis

2166 1804 2478 1875 relinquite,
2512 1808 2599 1877 qui
2644 1810 2767 1865 t‘ecit
2808 1821 2865 1865 ut
2910 1813 2977 1867 ad
3027 1822 3283 1869 staturam
3332 1815 3489 1871 istam
3520 1828 3761 1875 vestrum

469 1912 649 1960 aerem
710 1905 1072 1959 discursantes
1133 1904 1388 1974 appellat.
1451 1900 1717 1972 Quidquid
1792 1900 1930 1955 coelo
1981 1899 2065 1954 vi-
2096 1895 2367 1967 Bcorpus
2399 1899 2800 1969 perduceretur.
2849 1900 2955 1959 Sed
2993 1905 3114 1975 quia
3162 1904 3228 1961 de
3270 1907 3542 1965 alimentis
3581 1910 3766 1970 datum

469 1996 644 2052 cinius
674 2006 777 2063 est,
810 1998 1004 2053 cretum
1040 1998 1092 2051 in
1114 1995 1406 2066 Scripturis
1437 1994 1735 2065 nuncupari
1764 1993 2065 2049 consuevit.

478 2087 635 2143 Ducit
684 2104 780 2143 nos
814 2086 1073 2144 Dominus
1103 2091 1167 2144 ad
1200 2088 1586 2144 consideranda
1637 2088 1841 2158 majora
1882 2102 2065 2157 opera,

473 2191 740 2251 quatenus
768 2182 835 2238 de
866 2183 1029 2237 rebus
1068 2182 1365 2239 minoribus
1394 2184 1599 2251 majora
1649 2182 1806 2237 nobis
1858 2180 2070 2235 facilius

471 2273 787 2345 persuaderi
836 2277 1068 2345 possint.
1115 2275 1256 2330 Nulli
1312 2275 1453 2330 enim
1504 2275 1723 2329 dubiant
1773 2282 1879 2343 est,
1928 2275 2070 2346 quod

474 2365 643 2420 homo
668 2366 842 2435 majus
866 2367 1117 2435 sitquam
1160 2366 1376 2437 aliquod
1407 2367 1647 2421 volatile.
1677 2367 1847 2422 llomo
1877 2367 1942 2423 ad
1976 2366 2069 2425 Dei

474 2459 764 2531 imaginem
796 2471 850 2515 et
881 2460 1287 2517 similitudinem
1323 2461 1490 2516 factus
1538 2472 1639 2527 est,
1695 2461 1911 2517 volatile
1940 2478 2068 2519 vero

466 2562 551 2608 est
574 2551 815 2622 quaedam
841 2566 1103 2619 creatura,
1122 2551 1214 2608 sed
1239 2560 1417 2607 tamen
1436 2551 1839 2620 irrationabilis,
1867 2563 1922 2609 et
1944 2568 2064 2610 cum

467 2646 713 2713 moritur,
775 2661 1000 2716 corpore
1060 2655 1114 2701 ct
1176 2646 1351 2701 anima
1415 2649 1680 2704 moritur:
1724 2650 1883 2703 homo
1937 2663 2066 2704 vero

468 2738 711 2808 quantivis
755 2738 1012 2791 moriatur
1042 2752 1288 2808 corpore,
1339 2737 1515 2792 anima
1546 2747 1726 2793 tamen
1760 2738 1886 2793 vivit
1928 2730 2061 2795 D330.

468 2828 559 2888 Ait
588 2830 754 2902 ergo:
790 2828 1071 2901 Respicite,
1104 2830 1155 2885 id
1181 2840 1281 2898 est,
1310 2830 1646 2888 considerate
1672 2831 1901 2886 volatilia
1928 2832 2060 2900 cwli,

432 2944 441 2951 ·
470 2925 713 2996 quoniam
761 2941 860 2978 non
903 2934 1101 2992 serunt,
1130 2922 1181 2977 id
1212 2934 1292 2979 est
1322 2939 1425 2979 non
1452 2923 1737 2991 seminant,
1772 2940 1930 2996 neque
1960 2920 2065 2978 rne-

465 3027 597 3087 lunt,
633 3020 732 3073 hoc
761 3027 843 3073 est
869 3033 973 3073 non
998 3016 1278 3088 colligunt,
1306 3034 1463 3087 neque
1491 3028 1801 3090 congregant
1858 3018 1909 3071 in
1937 3019 2062 3071 hor-

464 3113 859 3183 rea,_videlicet
890 3114 940 3167 in
964 3112 1236 3184 granaria,
1264 3123 1308 3166 et
1343 3112 1499 3167 Pater
1541 3123 1700 3167 vester
1724 3110 1938 3167 cwlestis
1964 3129 2058 3181 pa-

465 3206 558 3261 scit
590 3206 702 3275 illa,
733 3206 784 3261 id
814 3213 917 3273 est,
952 3214 1081 3260 nutu
1131 3204 1226 3262 Dei
1267 3206 1504 3262 aluntur.
1559 3206 1615 3263 Si
1647 3221 1775 3278 ergo
1802 3206 2058 3275 volatilia,

2172 1989 2345 2047 fuerat
2375 1992 2753 2049 documentum
2779 2012 2841 2052 ex
2866 1997 3266 2068 comparatione
3290 1999 3585 2056 volatilium
3614 2004 3761 2072 cceli,

2172 2080 2407 2138 dandum
2449 2087 2608 2140 etiam
2637 2086 2753 2142 erat
2782 2096 2837 2143 et
2863 2088 2931 2144 de
2960 2091 3292 2147 vestimentis
3322 2093 3628 2163 exemplum
3655 2096 3766 2151 col-

2172 2174 2372 2234 latione
2403 2179 2635 2236 liliorum
2666 2187 2799 2252 agri.
2832 2178 2989 2239 Unde
3019 2195 3073 2240 et
3100 2187 3377 2257 sequitur:
3420 2186 3489 2242 Et
3518 2190 3585 2245 de
3608 2190 3765 2246 vesti-

2171 2272 2350 2327 mentis
2374 2274 2496 2344 quid
2524 2277 2732 2343 solliciti
2763 2278 2930 2331 estis?
2960 2276 3286 2335 Considerate
3315 2282 3425 2336 lilia
3460 2285 3599 2353 agri,
3630 2301 3762 2355 qua-

2172 2364 2323 2418 modo
2380 2378 2631 2421 crescunt.
2674 2366 2796 2422 Non
2845 2367 3081 2424 laborant
3126 2374 3180 2428 in
3233 2376 3547 2441 crescendo,
3607 2392 3764 2448 neque

2170 2462 2314 2521 nent,
2348 2455 2398 2512 id
2440 2467 2520 2513 est
2561 2474 2667 2514 non
2718 2459 2887 2530 illaut,
2942 2471 2999 2517 ut
3045 2476 3144 2519 suo
3197 2462 3380 2521 labore
3428 2469 3761 2538 aperiantur.

2166 2546 2286 2615 ‘Qtto
2319 2550 2508 2605 morali
2557 2562 2828 2623 praecepto
2879 2556 3187 2622 suadentur,
3221 2556 3343 2627 quia
3396 2556 3441 2612 si
3491 2560 3654 2615 etiam
3700 2576 3763 2623 ea

2168 2654 2289 2710 quae
2320 2651 2443 2697 sunt
2469 2658 2631 2700 sensu
2676 2655 2729 2701 et
2780 2648 2989 2701 ratione
3017 2642 3274 2719 carentia,
3306 2651 3385 2713 sic
3436 2652 3527 2707 Dei
3568 2654 3764 2723 provi-

2168 2732 2352 2791 dentia
2376 2738 2698 2804 vestiuntur,
2720 2748 2776 2793 ut
2799 2739 2945 2796 nullo
2968 2740 3052 2796 vel
3076 2748 3173 2797 uSu
3200 2743 3264 2797 ad
3287 2743 3514 2813 gratiam
3537 2757 3757 2814 egeant,

2168 2825 2253 2881 vel
2303 2827 2370 2882 ad
2411 2840 2683 2897 ornatum,
2718 2831 2887 2885 multo
2926 2832 3097 2903 magis
3143 2833 3334 2888 credas
3379 2836 3756 2909 rationabilem

2164 2916 2464 2989 hominem,
2498 2920 2542 2973 si
2575 2936 2790 2977 omnem
2818 2924 2899 2977 sui
2931 2938 3080 2995 spem
3120 2924 3171 2980 in
3203 2924 3314 2981 Deo
3330 2914 3585 2997 collucet,
3618 2944 3755 2984 nuu-

2165 3026 2324 3082 quam
2356 3026 2513 3083 posse
2534 3028 2713 3084 egere,
2745 3030 2810 3071 eo
2840 3015 2979 3086 quod
3022 3008 3425 3089 praesumpserit
3458 3021 3529 3077 de
3567 3020 3753 3079 favore

2166 3101 2366 3158 divino.
2402 3098 2702 3159 Notandum
2747 3113 2891 3163 vero'
2914 3110 3055 3178 quod
3089 3111 3201 3169 lilia
3229 3114 3344 3183 agri
3387 3128 3485 3185 pro
3504 3114 3756 3175 onmibtts
3796 3111 3805 3117 ’

2166 3193 2348 3251 herbis
2379 3195 2491 3267 agri
2548 3197 2804 3255 Dominus
2856 3203 3062 3271 posuit,
3112 3218 3230 3273 quze
3272 3220 3376 3260 non
3436 3207 3677 3273 laborant
3704 3210 3758 3266 in

467 3313 693 3367 quorum
743 3297 985 3353 mortalis
1016 3304 1101 3353 est
1149 3297 1345 3364 anima,
1381 3276 1729 3369 providentia
1764 3298 1859 3354 Dei
1907 3313 2058 3355 crea-
2088 3276 2136 3342 (ἶ
2165 3289 2482 3357 crescendo.
2528 3305 2686 3361 neque
2716 3300 2856 3361 nent,
2899 3293 2952 3349 id
2998 3306 3077 3350 est
3126 3296 3213 3351 ﬁla
3242 3312 3348 3353 non
3376 3290 3757 3371 contorquent,

467 3388 601 3446 toris
648 3390 887 3455 aluntur,
943 3389 1110 3445 multo
1161 3392 1333 3460 magis
1372 3388 1634 3457 homines,
1670 3390 1862 3461 quibus
1906 3398 2063 3445 aeter-

468 3482 607 3537 nitas
638 3482 1048 3551 repromittitur,
1082 3481 1227 3536 illius
1259 3481 1623 3538 muniﬁcentia
1670 3482 2057 3553 gubernantur.

469 3573 699 3640 Quidam
728 3574 847 3644 plus
875 3583 1188 3645 appetentes
1217 3591 1405 3647 sapere
1428 3591 1585 3647 quam
1611 3584 1841 3645 oportet,
1878 3575 2059 3630 volue-

465 3678 590 3722 runt
614 3668 756 3721 hunc
779 3666 953 3721 locum
991 3667 1277 3737 allegorica
1304 3670 1740 3739 interpretatione
1772 3668 2057 3735 discutere,

463 3757 707 3816 dicentes
755 3773 851 3833 per
902 3760 1136 3815 volatilia
1186 3763 1307 3817 cazli
1363 3763 1577 3833 angelos
1636 3760 1921 3847 designari,
1969 3763 2057 3833 qui

462 3854 669 3926 absque
700 3854 806 3909 ulla
864 3870 992 3925 cura
1044 3856 1307 3923 viventes,
1371 3866 1629 3927 perpetua
1684 3856 1971 3912 securitate
2001 3866 2058 3913 et

462 3948 645 4020 quiete
693 3946 991 4019 potiuntur,
1043 3964 1148 4004 non
1195 3948 1535 4006 attendentes
1583 3949 1724 4020 quod
1777 3947 2056 4019 sequitur:

463 4041 656 4099 Nonne
682 4059 768 4098 vos
801 4046 966 4117 magis
1009 4045 1170 4115 pluris
1212 4045 1329 4098 estis
1359 4043 1463 4097 illis
1491 4040 1514 4095 ?
1556 4036 1614 4099 Si
1642 4056 1769 4113 ergo
1798 4042 1879 4096 his
1913 4041 2057 4097 vola-

462 4133 671 4203 tilibus,
701 4136 896 4206 quibus
928 4136 1074 4192 nulla
1106 4137 1317 4192 colendi
1364 4145 1533 4191 terras
1563 4126 1847 4201 industria,
1881 4135 2057 4191 nullus

460 4225 528 4282 de
566 4235 806 4297 segetum
838 4228 1166 4284 fecunditate
1202 4236 1493 4298 proventus
1523 4237 1623 4293 est,
1660 4220 2053 4282 indelicientetn

459 4318 643 4376 divina
699 4321 1036 4391 providentia
1094 4323 1332 4392 suggerit
1384 4320 1713 4387 alimoniam,
1774 4331 1927 4390 turpe
1976 4328 2057 4375 est

460 4411 708 4469 homines
772 4426 936 4468 causa
1001 4413 1380 4469 sollicitudinis
1443 4413 1678 4485 fatigari,
1747 4412 1940 4482 quibus
2002 4421 2055 4468 et

462 4503 858 4561 elementorum
891 4506 1196 4574 temperies,
1249 4517 1303 4561 et
1350 4517 1505 4561 terra:
1537 4504 1834 4561 fecunditas
1884 4504 2055 4557 famu-

459 4596 625 4654 latur.
658 4597 728 4652 Et
758 4597 951 4653 merito
981 4595 1162 4651 talium
1197 4597 1552 4667 imprudentia
1575 4596 1818 4665 exemplo
1841 4592 2052 4649 irratio-

461 4688 719 4744 nabilium
750 4686 927 4742 avium
958 4697 1253 4755 coercetur,
1278 4688 1399 4759 quia
1432 4703 1560 4743 aves
1592 4688 1662 4742 nil
1690 4686 1790 4741 sibi
1814 4685 2046 4756 speciale

458 4782 752 4850 vindicant,
783 4781 1030 4837 nesciunt
1072 4780 1189 4837 aliis
1236 4781 1515 4836 invidere:
1566 4781 1619 4835 hi
1666 4796 1796 4837 vero
1827 4780 2046 4851 propria

450 4874 771 4942 ‘defendun‘t,
799 4874 890 4945 qui
921 4874 1225 4930 communia
1265 4874 1580 4930 amiserunt.
1624 4874 1702 4927 Ad
1730 4888 1883 4927 suam
1919 4888 2047 4942 pro-

450 4964 583 5021 inde
624 4964 935 5020 intuendam
981 4964 1314 5035 dignitatem,
1349 4964 1413 5018 ad
1462 4961 1909 5018 considerandam
1938 4963 2049 5018 ori-

456 5058 635 5128 ginem
664 5065 1009 5125 revocantur,
1052 5066 1171 5112 eum
1213 5058 1457 5113 subditur
1496 5072 1509 5109 :
1542 5055 1729 5110 Nonne
1770 5072 1854 5109 vos
1885 5056 2047 5127 magis

457 5153 623 5223 pluris
653 5153 772 5205 estis
793 5151 943 5207 illis?
972 5150 1089 5206 Non
1130 5151 1278 5218 dicit,
1313 5152 1492 5220 plures
1524 5151 1671 5217 estis,
1705 5149 1827 5220 quia
1870 5150 2049 5219 plures

444 5246 521 5297 *ad
575 5258 852 5299 numerum
908 5245 1176 5313 pertinet;
1236 5244 1330 5298 sed
1385 5243 1565 5314 pluris,
1616 5243 1681 5299 ad
1735 5243 2048 5314 dignitatem

444 5334 774 5404 respiciens,
823 5333 876 5389 id
920 5340 1025 5401 cst,
1059 5335 1319 5390 ch‘arldris
1349 5334 1501 5404 pretii
1533 5336 1659 5389 estis
1700 5348 1816 5403 vos,
1850 5344 1903 5391 et
1931 5335 2050 5406 plus

456 5428 613 5490 Quam
645 5423 735 5477 illa
766 5422 974 5477 valetis.
1000 5422 1102 5477 ‘lll‘a
1124 5424 1265 5477 enim
1300 5420 1689 5477 h’ratidnabilia
1724 5434 1873 5491 sunt,
1898 5426 2047 5481 nullo

457 5526 517 5567 se
543 5513 815 5569 intellectu
845 5513 1105 5583 regentis,
1151 5528 1267 5583 qua:
1315 5526 1434 5587 cum
1468 5516 1790 5583 moriuntur,
1820 5526 2046 5587 corpore

448 5603 726 5658 intereunt
748 5614 807 5660 et
854 5605 1028 5660 anima
1066 5623 1077 5658 :
1131 5618 1225 5659 vos
1274 5614 1452 5659 autem
1502 5604 1566 5660 ad
1613 5608 1898 5678 imaginem
1942 5610 2043 5667 Dei

444 5695 680 5763 ‘eouditi,
714 5706 764 5752 et
797 5698 863 5751 ad
892 5697 1248 5753 mternitatem
1274 5699 1661 5769 prtedestinati,
1687 5718 1747 5757 ac
1768 5704 2048 5763 sublimius

460 5786 513 5842 in
548 5803 723 5843 rerum
752 5799 940 5846 natura
970 5793 1254 5861 compositi
1294 5793 1452 5848 testis.
1501 5794 1717 5851 Debetis
1761 5812 1890 5868 ergo
1917 5798 2047 5869 quid

445 5880 578 5935 eius
608 5882 863 5948 recolere,
898 5899 964 5938 ne
986 5884 1110 5938 dum
1154 5884 1310 5941 nimis
1341 5887 1565 5945 terrenis
1597 5888 1764 5946 dediti
1803 5891 1953 5961 estis,
1987 5893 2046 5949 in

2166 3390 2223 3436 ut
2254 3381 2473 3451 pulchra
2520 3382 2623 3440 sibi
2654 3384 2962 3441 indumenta
3004 3396 3278 3459 coaptenl.
3326 3384 3406 3446 De
3454 3382 3651 3463 quibus
3672 3408 3757 3450 se-

2162 3475 2384 3544 quitur:
2423 3474 2549 3532 Dico
2580 3484 2747 3531 autem
2795 3474 2957 3548 vobis,
2989 3474 3234 3553 quoniam
3280 3497 3374 3538 nec
3421 3474 3678 3539 Salomon
3704 3476 3758 3539 in

2162 3569 2300 3621 omni
2339 3568 2507 3639 gloria
2555 3584 2651 3624 sua
2698 3582 2967 3641 coopertus
3022 3584 3096 3629 est
3145 3575 3273 3629 sicut
3320 3590 3485 3629 unum
3516 3593 3584 3631 ex
3622 3579 3753 3634 istis.

2162 3654 2397 3728 Speeiali
2424 3667 2547 3713 nota
2582 3676 2675 3729 pro
2703 3648 2937 3733 generali
2969 3678 3099 3719 usus
3124 3672 3230 3735 est,
3254 3666 3395 3737 quod
3439 3666 3494 3721 in
3520 3682 3755 3738 sequen-

2163 3750 2305 3805 tibus
2330 3751 2588 3820 aperitur,
2614 3752 2704 3806 ubi
2738 3754 2918 3808 fenum
2942 3756 3054 3825 agri
3084 3756 3489 3813 evidentissime
3518 3760 3755 3828 ponitur.

2160 3842 2271 3899 Nec
2300 3843 2428 3897 illud
2470 3843 2847 3914 omittendum,
2876 3840 3020 3918 quod
3052 3845 3266 3917 quidam
3288 3840 3577 3915 doctorum
3610 3865 3758 3906 asse-

2162 3946 2307 4003 runt,
2344 3951 2441 3992 nos
2469 3937 2554 3993 hic
2603 3939 2913 4009 angelorum
2942 3941 3193 4013 exemplo
3214 3958 3341 4011 esse
3380 3944 3751 4013 prtemouitoc.

2152 4026 2355 4083 Dicunt
2385 4031 2526 4084 enim
2577 4045 2683 4084 non
2728 4032 2902 4086 otiose
2948 4032 3318 4102 accipiendum
3359 4036 3501 4106 Quod
3529 4034 3631 4091 ﬂos
3660 4036 3757 4093 ho-

2159 4121 2314 4187 mini,
2372 4122 2453 4176 vcl
2511 4132 2659 4178 certe
2714 4124 2831 4193 plus
2884 4139 3043 4195 quam
3097 4126 3303 4181 homini
3354 4127 3407 4182 itt
3463 4127 3755 4189 Salomone

2156 4214 2458 4280 confertur,
2503 4216 2591 4285 qui
2638 4229 2736 4285 pro
2777 4216 2857 4270 sui
2889 4216 3207 4273 excellentia
3259 4219 3377 4288 plus
3422 4218 3627 4290 aliquid
3659 4221 3754 4277 fuit

2156 4320 2317 4377 quam
2366 4307 2549 4372 homo,
2605 4309 2740 4363 adeo
2787 4318 2842 4363 ut
2890 4309 3146 4379 templum
3202 4302 3313 4367 Deo
3357 4308 3636 4380 Conderet,
3693 4321 3747 4370 et

2152 4414 2344 4455 verum
2410 4399 2777 4471 Salomonem,
2832 4402 2937 4457 hoc
2991 4415 3095 4471 est,
3150 4396 3426 4460 Christum
3487 4407 3749 4478 mysterio

2156 4494 2430 4566 ﬁguraret.
2478 4496 2617 4567 Ergo
2648 4512 2739 4566 per
2779 4497 2909 4564 lilia,
2956 4497 3269 4569 angelorum
3323 4499 3628 4556 caelestium
3656 4514 3749 4556 ex-

2156 4603 2338 4660 pressa
2384 4596 2465 4642 est
2504 4589 2692 4658 gloria,
2739 4603 2965 4659 qttorum
3008 4599 3063 4645 et
3105 4589 3349 4648 claritate
3386 4606 3665 4659 ornamur,
3696 4602 3749 4649 et

2157 4685 2319 4742 odore
2348 4682 2646 4739 sanctitatis
2687 4684 3038 4741 delectamur.
3086 4684 3213 4753 lizec
3234 4699 3371 4757 ergo
3420 4687 3554 4754 lilia,
3587 4702 3750 4759 ange-

2152 4779 2252 4835 lica
2294 4778 2500 4835 scilicet
2539 4777 2627 4832 illa
2670 4778 2903 4849 agmina,
2957 4778 3099 4835 nulla
3124 4779 3488 4837 sollicitudine
3533 4795 3746 4852 prapo-

2152 4868 2390 4934 diuntur,
2425 4868 2569 4923 nullo
2625 4869 2823 4925 laboris
2873 4885 2971 4925 nsu
3022 4864 3362 4941 exercentur,
3408 4871 3506 4927 sed
3548 4873 3745 4929 divine

2150 4963 2413 5020 libertatis
2442 4965 2666 5036 gratiam
2700 4964 2935 5027 caelestis
2974 4974 3194 5021 servant
3213 4967 3355 5025 dono
3384 4962 3613 5023 naturae.
3638 4967 3745 5024 Ad-

2152 5055 2384 5112 dendum
2426 5060 2593 5112 etiam
2624 5057 2767 5129 quod
2815 5056 2925 5113 lilia
2967 5057 3169 5114 nullum
3209 5058 3488 5129 requirant
3513 5060 3742 5129 cultum,

2156 5162 2255 5202 nec
2285 5163 2409 5218 erga
2440 5147 2837 5218 generationem
2871 5150 3031 5221 hujus
3070 5150 3241 5221 ﬂoris,
3287 5152 3427 5208 sicut
3464 5166 3595 5225 erga
3620 5167 3745 5223 pro-

2153 5250 2372 5295 ventum
2404 5239 2667 5296 fructuum
2712 5252 3024 5299 caeterorum
3066 5244 3252 5305 redeat
3290 5253 3439 5301 actus
3468 5246 3525 5302 in
3554 5246 3742 5303 orbem

2155 5332 2415 5388 sollicitus
2458 5334 2609 5389 labor
2647 5334 2917 5404 agricolis.
2964 5336 3032 5392 Et
3076 5338 3203 5395 licet
3240 5338 3463 5396 dimisso
3498 5339 3658 5409 ﬂore,
3684 5339 3741 5397 id

2155 5426 2296 5494 quod
2354 5426 2688 5482 extrinsecus
2736 5436 2837 5495 est,
2893 5426 3138 5497 videatur
3189 5434 3457 5501 arescere,
3512 5432 3740 5489 interius

2155 5526 2332 5579 tamen
2361 5520 2553 5593 radicis
2595 5522 2791 5577 virtute
2825 5522 3007 5591 alitur,
3050 5532 3105 5579 et
3148 5539 3273 5580 mox
3301 5524 3449 5581 verni
3480 5518 3737 5599 temporis

2152 5620 2441 5682 provocata
2486 5613 2779 5679 blanditiis,
2823 5614 2968 5670 ﬂoris
3007 5617 3088 5672 sui
3119 5617 3321 5673 honore
3362 5620 3607 5679 vestitur.
3651 5620 3738 5676 Sic

2154 5714 2210 5760 et
2254 5705 2503 5776 angelicm
2555 5705 2841 5777 dignitates
2902 5724 2965 5763 ex
3023 5724 3085 5765 ea
3141 5726 3300 5778 quam
3355 5712 3565 5785 adepta:
3617 5723 3737 5770 sunt

2154 5800 2373 5870 originis
2421 5817 2530 5856 suae
2558 5812 2721 5869 sorte,
2769 5814 2824 5859 ut
2872 5805 2979 5860 sint
3025 5820 3260 5879 semper,
3310 5810 3597 5882 accipiunt.
3646 5813 3733 5869 llis

2154 5908 2280 5966 ergo
2312 5895 2529 5951 ﬂoribus
2563 5897 2840 5967 Salomon,
2865 5914 3166 5973 quanquam
3192 5918 3387 5975 magno
3410 5904 3606 5965 decore
3632 5907 3735 5963 cir-
