4096 6346
375 459 516 520 m5
1342 452 1812 515 HOMILIARIUS.
1850 484 1923 497 -
1960 452 2124 513 nou.
2167 455 2252 513 ne
2293 454 2633 514 Teneone.
2924 442 2930 449 '
3500 456 3637 516 itit

370 574 673 635 omittimus,
722 583 967 638 componi
1020 584 1126 624 non
1178 580 1373 639 potest,
1408 574 1532 641 quia
1563 571 1687 626 licet
1732 571 1956 626 inﬁrmi-
1983 576 2033 635 Α
2061 574 2219 643 quid,
2256 574 2459 641 inquit,
2490 575 2802 626 mamlucetis
2832 581 2918 627 aut
2950 574 3149 627 bibatis.
3190 572 3289 630 Ubi
3322 566 3392 629 illi
3426 566 3646 646 proprie

374 675 540 717 inlttltl
592 669 797 713 natura:
848 676 1120 735 corporea:
1161 656 1357 716 virtute
1415 664 1641 730 quadam
1690 664 1881 716 mentis
1910 669 1965 717 et

380 769 601 821 operum
630 751 797 821 gloria
824 761 1133 819 exomaret,
1168 754 1470 808 nullatenus
1510 754 1764 823 angelicae
1795 754 1966 823 potuit

377 843 681 914 comparari
712 844 1038 910 celsitudini,
1081 858 1199 915 qua:
1242 845 1488 900 humanm
1530 844 1830 915 fragilitatis
1869 860 1964 900 ex-

370 950 544 1006 spers,
583 934 906 1001 incorruptae
944 933 1197 988 bonitatis
1228 944 1472 989 ornatum
1514 943 1774 990 servaret.
1816 933 1966 989 lianc

374 1025 801 1081 immortalitatis
830 1024 1307 1094 pulchritudinem,
1334 1025 1476 1082 hunc
1508 1026 1964 1095 incorruptibilem

364 1118 715 1184 V'hsbitumﬁn
744 1118 1140 1175 resurrectione
1177 1133 1238 1175 se
1271 1121 1526 1175 Dominus
1576 1119 1764 1175 elecﬁs
1808 1120 1965 1175 datu-

370 1222 495 1264 rum
525 1207 875 1275 repromisit,
930 1208 1151 1265 dicens:
1192 1209 1362 1265 Erunt
1406 1213 1537 1267 sicut
1584 1211 1756 1281 angeli
1792 1211 1884 1265 Dei
1911 1212 1967 1265 in

362 1302 503 1355 caelo
548 1297 766 1371 (Matth.
792 1299 949 1370 nrt).
1003 1299 1131 1355 Dico
1172 1309 1342 1355 autem
1386 1302 1548 1367 vobis,
1598 1303 1839 1371 quoniam
1877 1284 1966 1355 nec

368 1393 628 1449 Salomon
654 1393 709 1447 in
737 1394 876 1447 omni
907 1394 1073 1464 gloria
1102 1411 1200 1451 sua
1226 1406 1492 1467 coopertus
1531 1405 1602 1450 est
1642 1398 1770 1450 sicut
1808 1410 1967 1450 unum

364 1497 440 1537 ca:
460 1484 599 1537 istis.
642 1483 790 1538 lutes-
816 1497 1005 1539 cmnes
1031 1490 1191 1555 reges
1216 1484 1577 1541 israelitarum
1622 1485 1964 1541 Salomonem

373 1577 692 1633 ditissimum
723 1576 888 1633 fuisse
934 1591 1119 1649 regum
1153 1587 1335 1633 narrat
1385 1579 1628 1634 historia.
1683 1579 1781 1645 Qui
1828 1580 1967 1636 inter

374 1671 610 1741 reliquas
632 1670 947 1740 dignitatum
964 1672 1174 1727 divitias
1196 1672 1463 1743 praecipue
1488 1673 1682 1728 decore
1706 1673 1963 1741 vestiunt,

374 1777 440 1820 ee
485 1764 798 1821 diversitate
850 1780 971 1821 cum
1030 1766 1363 1836 pretiositate
1410 1766 1669 1837 pollebat,
1725 1767 1857 1821 adeo
1910 1775 1967 1822 ut

378 1856 589 1927 singula
640 1858 1063 1913 ministrantium
1120 1856 1316 1925 ofﬁcia,
1386 1872 1506 1913 cum
1564 1857 1809 1913 omnibus
1863 1858 1962 1913 sibi

2075 673 2350 728 notantur,
2383 665 2472 733 qui
2508 667 2557 718 in
2586 665 3086 734 congregationibus
3125 667 3423 735 constituti,
3468 676 3647 738 spreta
3742 710 3747 715 -

2069 759 2445 812 communione
2474 758 2723 823 aliorum,
2757 760 2843 828 qui
2890 757 2988 812 sub
3023 768 3127 814 uno
3168 752 3646 831 prmposito'gene-

2069 852 2253 907 raliter
2278 854 2515 917 aluntur,
2543 864 2633 908 aut
2656 852 2969 917 vcstiuntur,
3002 854 3225 911 lautiora
3252 856 3330 910 vel
3352 857 3649 914 austeriora

2068 955 2176 1011 prae
2202 943 2409 998 czeteris
2437 959 2554 999 cum
2585 944 2778 1015 quibus
2801 944 3061 1013 habitant,
3084 946 3334 1002 alimenta
3363 947 3474 1004 sive
3496 948 3651 1003 indu-

2072 1045 2254 1091 menta
2289 1038 2585 1105 requirunt,
2612 1049 2665 1092 ut
2695 1054 2790 1108 per
2820 1037 2921 1092 huc
2946 1038 3027 1093 vel
3063 1042 3387 1108 potentiores
3412 1044 3644 1113 cmteris,

2068 1128 2152 1183 vel
2184 1129 2430 1184 fortiores
2457 1131 2803 1185 aestimentur.
2856 1129 3149 1200 Utrumque
3198 1147 3329 1189 sane
3356 1135 3649 1204 reprehen-

2067 1219 2242 1285 sibile,
2275 1230 2561 1291 utrumque
2600 1220 2857 1288 notabile,
2890 1222 3012 1293 quia
3037 1232 3091 1277 et
3120 1223 3186 1279 de
3220 1225 3386 1283 nimis
3414 1228 3648 1297 superbo

2069 1310 2251 1365 ltabitu
2292 1312 2455 1366 elatio
2505 1313 2756 1383 gignitur,
2807 1324 2858 1368 et
2902 1312 2969 1369 de
3018 1314 3180 1370 nimis
3225 1314 3434 1385 abiecto
3477 1326 3530 1374 et
3567 1320 3651 1377 in-

2069 1401 2210 1456 culto
2244 1404 2433 1458 vestitu
2463 1405 2611 1475 quasi
2638 1419 2704 1459 ex
2751 1406 2994 1476 religiosa
3034 1408 3211 1477 specie
3256 1410 3371 1464 laus
3400 1418 3455 1477 et
3484 1425 3651 1482 appe-

2067 1493 2211 1548 tendi
2244 1495 2442 1550 favoris
2492 1497 2743 1553 materies
2793 1500 3146 1563 ministratur.
3198 1503 3343 1561 Inter
3369 1513 3654 1579 utrumque

2070 1587 2295 1658 proinde
2327 1589 2472 1658 regia
2510 1589 2592 1643 via
2624 1589 2994 1661 gradiendum,
3028 1603 3083 1648 ut
3116 1609 3212 1650 nec
3239 1596 3404 1651 vestis
3422 1597 3654 1667 pretiosa

2069 1680 2307 1749 designet
2337 1682 2530 1746 altum,
2564 1697 2663 1738 nec
2685 1684 2803 1737 vilis
2833 1693 2977 1740 notet
3002 1684 3121 1755 plus
3146 1686 3289 1755 justo
3320 1687 3649 1760 religiosum.

2070 1769 2269 1835 Quibus
2301 1787 2427 1827 vero
2472 1772 2577 1828 cibi
2609 1782 2663 1828 et
2714 1773 2938 1831 vestitus
2991 1770 3295 1833 sollicitudo
3348 1781 3651 1852 conveniat,

2072 1866 2347 1921 intimatur
2376 1882 2495 1921 cum
2543 1865 2904 1925 subinfertur:
2949 1866 3077 1923 Ha'c
3108 1872 3242 1927 enim
3280 1874 3450 1928 omnia
3485 1884 3655 1945 gentes

372 1949 654 2019 subjectis,
692 1950 927 2020 propriis
975 1964 1038 2005 ac
1076 1951 1438 2018 singularibus
1484 1959 1766 2004 uterentur
1813 1947 2043 2008 indu-B
2072 1957 2354 2028 inquirunt.
2413 1959 2664 2028 Exceptis
2714 1960 2895 2029 paucis
2940 1962 3157 2031 ludatis,
3204 1964 3296 2035 qui
3344 1964 3514 2035 legem
3562 1966 3657 2021 ha-

372 2045 599 2098 mentis.
634 2042 785 2099 Unde
810 2051 863 2098 et
890 2043 957 2096 de
982 2042 1164 2112 regina
1194 2043 1354 2109 Saba,
1383 2058 1501 2111 quae
1527 2054 1555 2095 a
1594 2041 1783 2095 ﬁnibus
1812 2050 1965 2095 terrm

378 2144 601 2189 venerat
632 2134 821 2190 audire
847 2135 1166 2205 sapientiam
1198 2134 1331 2203 ejus,
1367 2135 1557 2204 legitur
1585 2153 1595 2188 :
1635 2136 1764 2202 Quia
1794 2136 1965 2190 videns

377 2228 608 2280 ordinem
636 2226 1006 2294 ministrorum,
1058 2235 1106 2280 ‘et
1154 2235 1309 2280 vestes
1356 2226 1537 2295 quibus
1582 2226 1638 2279 in
1684 2226 1964 2279 ministerio

375 2320 777 2387 utebanturmon
796 2319 1005 2373 habebat
1030 2319 1168 2372 ultra
1198 2319 1433 2388 spiritum
1454 2315 1568 2384 (Ill
1600 2317 1725 2388 Reg.
1751 2318 1828 2388 ι).
1861 2317 1965 2372 Sed

376 2411 622 2483 quamvis
654 2420 802 2465 tanto
829 2411 1035 2466 honore
1082 2423 1145 2465 ac
1192 2410 1480 2479 splendore
1532 2411 1756 2464 vestium
1810 2409 1968 2465 fuerit

377 2505 679 2569 decoratus,
732 2518 838 2557 non
884 2512 965 2559 est
1029 2513 1205 2558 tamen
1258 2512 1402 2558 tanta
1451 2502 1849 2571 pulchritudine
1877 2516 1969 2557 co-

383 2605 609 2667 opertus
637 2597 776 2652 sicut
824 2610 988 2652 unum
1040 2610 1105 2651 ex
1149 2596 1289 2663 istis,
1342 2594 1655 2650 subauditur
1705 2594 1845 2649 liliis.
1900 2593 1968 2649 Et

377 2709 566 2751 revera
598 2710 712 2763 quae
746 2701 953 2749 textura
982 2700 1073 2747 aut
1104 2692 1306 2763 pictura
1332 2693 1625 2748 texentium
1658 2690 1963 2760 mulierum,

324 2858 327 2861 ἢ
378 2791 521 2845 valet
551 2790 740 2844 ﬂorum
772 2786 1151 2859 pulchritudini
1192 2784 1507 2856 comquari?
1539 2783 1676 2852 Quid
1706 2783 1848 2840 enim
1887 2783 1966 2838 sic

379 2882 541 2938 rubet
561 2890 619 2936 ut
646 2872 807 2936 ποεθῖ
837 2880 975 2947 Quid
1018 2879 1089 2934 ita
1120 2878 1316 2934 candet
1355 2886 1413 2933 ut
1440 2878 1659 2933 lilium?
1688 2877 1807 2932 lam
1840 2889 1969 2932 vero

386 2974 547 3031 viola:
587 2974 823 3030 colorem
870 2972 1325 3044 pulcherrimum,
1371 2972 1516 3026 nulla
1546 2985 1780 3042 purpura
1814 2984 1972 3040 supe-

390 3082 547 3138 rare,
577 3066 725 3123 nulla
772 3068 915 3122 val'et
946 3068 1173 3123 tinctura
1220 3064 1551 3138 supergredi.
1598 3063 1749 3132 Quod
1791 3072 1970 3118 autem

383 3162 459 3216 ait
487 3176 499 3212 :
536 3160 645 3217 Nec
673 3159 1004 3217 Solomonem
1034 3161 1087 3215 in
1110 3162 1248 3215 omni
1289 3159 1455 3231 gloria
1481 3175 1574 3213 sua
1602 3166 1868 3229 coepertus
1898 3163 1971 3212 est

381 3251 511 3307 sicut
551 3268 707 3307 unum
734 3268 799 3307 ex
844 3254 999 3320 istis;
1037 3253 1091 3308 in
1121 3251 1266 3307 omni
1305 3251 1470 3323 gloria
1515 3250 1660 3320 dicit,
1694 3250 1747 3308 id
1792 3260 1873 3308 est
1914 3250 1972 3308 in

2068 2048 2257 2105 bentes
2306 2050 2471 2106 Deum
2522 2050 2643 2107 eteli
2692 2054 3102 2120 venerabantur,
3154 2056 3372 2125 reliqua:
3416 2071 3511 2127 per
3543 2058 3657 2115 uni-

2068 2157 2280 2198 versum
2334 2145 2519 2200 urbem
2581 2146 2823 2202 nationes
2878 2147 3036 2204 idolis
3093 2148 3416 2220 servientes,
3472 2162 3657 2221 gentes

2072 2239 2508 2309 appellabantur.
2578 2242 2652 2297 De
2720 2242 2912 2311 quibus
2968 2242 3054 2298 hic
3109 2244 3335 2313 loquens
3399 2244 3658 2302 Dominus

2068 2330 2198 2385 dicit
2223 2348 2235 2385 :
2265 2329 2393 2385 Marc
2416 2334 2587 2386 omnia
2611 2343 2783 2404 gentes
2817 2333 3099 2403 inquirunt.
3130 2335 3208 2391 Illi
3252 2335 3457 2391 scilicet
3487 2336 3657 2392 Deum

2070 2405 2341 2492 ignorant,
2375 2422 2466 2491 qui
2513 2425 2760 2478 nesciunt
2804 2423 2908 2477 alia
2956 2424 3194 2496 cogitare
3232 2440 3392 2495 quam
3420 2434 3655 2495 terrena,

2068 2526 2293 2582 quorum
2325 2523 2408 2569 est
2463 2515 2680 2584 proprie
2737 2514 3021 2570 mundanis
3074 2517 3197 2588 angi
3252 2516 3417 2586 curis,
3469 2515 3659 2587 quibus

2068 2607 2217 2662 nulla
2247 2607 2545 2662 futurorum
2580 2623 2704 2678 spes
2732 2616 2835 2675 est,
2876 2609 3054 2665 nullus
3086 2609 3328 2665 laborum
3360 2618 3655 2680 respectus,

2068 2700 2162 2756 sed
2197 2710 2400 2755 tantum
2429 2700 2779 2770 praesentibus
2812 2701 3161 2756 delectantur.
3204 2700 3501 2771 Comparati
3528 2704 3659 2756 enim

2068 2800 2184 2846 sunt
2223 2792 2470 2864 jumentis
2516 2792 2890 2862 insipientibus,
2922 2803 2969 2845 et
2995 2792 3188 2847 similes
3235 2794 3361 2861 facti
3402 2802 3519 2847 sunt
3550 2794 3654 2848 illis

2074 2882 2245 2953 (Psal.
2278 2892 2481 2953 XLVIII).
2521 2883 2625 2939 Vos
2653 2893 2829 2939 autem
2880 2884 3033 2940 aliter
3062 2884 3310 2952 instituti,
3349 2893 3403 2940 et
3443 2885 3509 2940 ad
3535 2900 3653 2942 οω-

2072 2975 2257 3030 lestem
2314 2973 2594 3044 compesiti
2660 2972 2993 3043 dignitatem,
3053 2974 3121 3032 de
3173 2975 3542 3045 spiritualibus
3605 2986 3659 3034 et

2070 3066 2342 3137 perpetuis
2364 3068 2613 3137 cogitate.
2640 3064 2746 3121 Nec
2771 3064 3062 3122 timendum
3087 3064 3208 3135 quia
3230 3065 3331 3121 ista
3354 3067 3654 3137 agentibus,

2075 3160 2447 3230 temporalium
2501 3159 2641 3215 desit
2690 3173 2819 3215 usus
2865 3159 3150 3227 bonorum,
3197 3172 3299 3216 nec
3328 3159 3397 3216 de
3422 3160 3519 3216 Dei
3567 3174 3658 3229 po-

2076 3251 2240 3307 tentia
2265 3251 2639 3322 dilﬁdendum,
2665 3251 2756 3323 qui
2786 3261 2841 3309 et
2868 3252 3058 3309 melius
3085 3265 3244 3321 quam
3265 3267 3363 3309 nos
3388 3250 3488 3325 ipsi
3509 3252 3658 3309 novit

384 3345 754 3415 magnitudine
781 3344 956 3415 regni,
989 3345 1042 3399 in
1070 3322 1382 3399 deliciarum
1406 3342 1827 3415 pulchritudine,
1859 3343 1967 3413 vel,
1995 3322 2043 3386 (ἶ
2074 3344 2266 3417 quibus
2296 3344 2647 3415 indigeamus,
2684 3322 2755 3400 iet
2804 3345 2972 3400 multo
3027 3344 3293 3403 salubrius
3338 3322 3496 3401 nobis
3527 3359 3657 3415 pro-

386 3445 445 3493 ut
471 3435 727 3505 disimus,
757 3437 810 3493 in
836 3437 1183 3494 distinctione
1210 3446 1264 3494 et
1292 3436 1552 3494 varietate
1581 3438 1830 3494 vestium.
1863 3437 1971 3493 Cur
2072 3440 2252 3511 spicit,
2307 3456 2463 3511 quam
2508 3454 2606 3497 nos
2652 3439 2754 3509 ipsi
2800 3437 3082 3510 providere
3129 3439 3385 3496 sciamus.
3419 3437 3570 3496 Unde
3605 3447 3659 3496 et

378 3538 563 3585 autem
615 3532 757 3587 hanc
811 3530 879 3587 de
930 3530 1135 3587 deliciis
1178 3530 1581 3589 similitudinem
1628 3531 1969 3602 praemiserit,
2072 3530 2355 3607 subditur:
2388 3530 2501 3588 Scit
2540 3532 2673 3587 enim
2718 3531 2883 3586 Pater
2927 3540 3087 3586 vester
3132 3532 3257 3603 quia
3300 3532 3381 3587 his
3421 3531 3655 3587 omnibus

378 3621 663 3677 subdendo
712 3621 1064 3681 manifestat:
1113 3622 1175 3680 Si
1219 3633 1390 3680 autem
1432 3629 1626 3698 [mnum
1655 3626 1789 3698 agri,
1833 3624 1972 3692 quod

385 3711 535 3767 hodie
579 3722 674 3780 est,
723 3721 771 3767 et
815 3730 926 3768 cras
975 3716 1029 3769 in
1082 3716 1334 3771 clibanum
1377 3715 1513 3789 ignis
1556 3716 1796 3782 mittitur,
1831 3716 1972 3773 Deus

378 3804 466 3860 sic
507 3805 690 3873 vestit,
722 3813 919 3874 quanto
944 3807 1110 3877 magis
1147 3823 1267 3877 vos,
1295 3806 1531 3863 minima:
1568 3806 1735 3864 ﬁdei?
1763 3806 1967 3865 Fenum

380 3894 501 3963 'sgri
533 3892 675 3949 idem
705 3895 956 3966 appellat,
989 3898 1129 3967 quod
1160 3908 1214 3954 et
1242 3899 1488 3970 superius
1538 3899 1652 3956 lilia
1683 3899 1820 3971 agri,
1850 3914 1969 3954 om-

388 3997 484 4040 nes
541 3983 750 4041 scilicet
798 3985 993 4043 herbas
1046 3989 1288 4059 pulchris
1342 3989 1613 4047 coloribus
1665 3991 1964 4047 decoratas.

380 4074 501 4132 hoc
528 4083 710 4133 autem
751 4078 1067 4135 adverbium
1114 4081 1257 4151 quod
1296 4091 1377 4138 est
1420 4098 1551 4150 cras,
1597 4098 1706 4138 non
1756 4096 1970 4153 semper

386 4182 486 4239 pro
513 4168 949 4239 succedentidie,
995 4174 1090 4228 sed
1129 4173 1415 4243 aliquando
1458 4176 1619 4230 etiam
1660 4188 1758 4245 pro
1788 4174 1967 4229 futuro

388 4274 631 4332 tempore
676 4264 734 4319 in
782 4263 1073 4335 Scripturis
1113 4267 1241 4337 poni
1286 4268 1441 4333 solet,
1490 4267 1643 4338 juxta
1673 4267 1799 4322 illud
1828 4267 1968 4336 quod

386 4353 603 4411 Samuel
624 4369 653 4410 s
680 4357 994 4427 pythonissa
1035 4359 1317 4427 excitatus,
1350 4360 1497 4415 Sauli
1530 4363 1637 4416 ait:
1687 4359 1812 4415 Cras
1840 4370 1893 4414 lu
1920 4370 1969 4414 et

388 4448 483 4517 ﬁlii
513 4450 586 4502 uti
630 4464 827 4505 mecum
855 4451 993 4505 eritis
1024 4451 1073 4523 (1
1105 4451 1228 4522 Reg.
1262 4454 1476 4522 xsvnt).
1520 4452 1585 4507 Et
1611 4453 1778 4509 Jacob
1809 4472 1820 4505 ε
1859 4453 1968 4507 Ex-

384 4541 585 4606 audiet,
614 4541 807 4610 inquit,
836 4559 916 4597 me
953 4558 1065 4597 cras
1095 4545 1306 4615 justitia
1350 4561 1459 4599 mea
1502 4545 1653 4616 (Cen.
1685 4546 1837 4618 xxx).
1878 4544 1967 4602 Sic

388 4646 516 4701 ergo
540 4640 597 4687 et
624 4632 713 4687 hic
737 4633 879 4703 quod
922 4634 1141 4704 dicitur,
1174 4650 1288 4691 cras
1335 4638 1387 4690 in
1417 4637 1674 4691 clibanum
1726 4639 1963 4707 mittitur,

388 4724 459 4779 de
474 4726 664 4783 tutare
684 4734 936 4795 tempore
977 4727 1200 4798 intelligi
1240 4728 1417 4799 debet,
1446 4737 1500 4784 et
1522 4736 1603 4785 est
1650 4743 1838 4785 sensus
1864 4747 1877 4785 :
1908 4728 1964 4785 Si

392 4814 532 4870 Deus
578 4830 642 4871 es
690 4829 811 4886 qua
836 4818 945 4873 cito
968 4818 1222 4875 decidunt
1269 4828 1324 4876 et
1370 4831 1724 4884 marcescunt,
1786 4821 1963 4877 fenum

390 4907 657 4973 videlicet,
701 4909 844 4977 quod
892 4909 1056 4967 hodie
1091 4919 1176 4968 est
1212 4911 1267 4966 in
1316 4926 1412 4967 sua
1440 4910 1737 4979 viriditate,
1762 4921 1817 4969 et
1846 4926 1967 4969 cras

391 5000 445 5055 in
481 5000 656 5069 ignem
708 5001 954 5067 mittitur,
985 5013 1134 5059 tsnto
1178 5004 1375 5060 decore
1420 5004 1737 5074 circumdat,
1769 5014 1969 5075 quanto

389 5092 722 5160 impensiore
758 5093 1034 5164 diligentia
1060 5110 1124 5150 ea
1150 5111 1269 5165 qua:
1306 5096 1459 5153 vobis
1503 5097 1805 5152 necessaria
1846 5104 1970 5151 sunt

390 5184 710 5253 providebit,
742 5186 831 5255 qui
862 5186 938 5243 ad
974 5196 1230 5245 sternam
1275 5188 1640 5245 hereditatem
1681 5190 1968 5260 praeparati

388 5276 560 5331 estis?
590 5277 741 5344 Quod
765 5278 889 5357 quia
906 5292 1016 5334 non
1048 5280 1133 5351 (ut
1154 5280 1393 5350 oportet)
1406 5282 1653 5347 creditis,
1675 5282 1770 5338 sed
1792 5282 1967 5338 adhuc

390 5366 676 5437 ambigitis,
703 5368 901 5425 idcirco
933 5370 1168 5427 minimae
1197 5371 1317 5428 ﬁdei
1342 5372 1492 5429 estis.
1520 5372 1767 5429 Minimos
1787 5382 1965 5428 autem

390 5457 493 5513 ﬁde
521 5456 751 5541 appellat
790 5461 1081 5530 apostolos,
1130 5462 1220 5533 qui
1261 5462 1486 5519 necdum
1537 5463 1660 5519 lidei
1710 5464 1965 5533 perfecta:

389 5551 600 5607 culmen
632 5552 927 5609 subierant.
962 5553 1117 5611 Unde
1142 5563 1196 5611 et
1229 5556 1453 5611 Domino
1483 5558 1731 5613 dicebant
1763 5576 1776 5612 :
1815 5558 1965 5630 Auge

391 5642 547 5697 nobis
602 5643 769 5699 ﬁdem
823 5642 1165 5717 (Lucam).
1223 5645 1398 5700 Nolite
1433 5664 1552 5719 ergo
1600 5647 1806 5701 solliciti
1861 5665 1967 5703 esse

390 5736 633 5803 dict-mes,
674 5736 798 5805 quid
828 5739 1271 5804 manducabimus,
1314 5749 1401 5792 aut
1445 5740 1568 5808 quid
1605 5739 1843 5801 bibemus,
1877 5750 1965 5793 aut

391 5843 490 5895 quo
556 5829 887 5896 aperientur?
938 5830 1237 5884 Notandum
1296 5830 1438 5899 quod
1496 5846 1599 5885 non
1649 5832 1741 5895 ait,
1802 5830 1966 5885 nolite

396 5935 637 5989 quaerere
689 5924 770 5980 vel
816 5922 1040 5980 solliciti
1082 5938 1206 5980 esse
1258 5924 1326 5980 de
1352 5922 1475 5981 cibo
1528 5933 1619 5978 aut
1673 5936 1825 5994 pulit,
1872 5925 1965 5981 sed

1997 4688 2046 4748 D

2068 3618 2331 3695 indigetis.
2380 3623 2516 3679 llinc
2564 3623 2781 3694 quidam
2810 3622 3081 3694 superﬂue
3118 3622 3537 3693 dogmatisantes
3561 3625 3655 3679 οι».

2065 3708 2305 3789 jiciunt:
2361 3710 2416 3769 Si
2485 3712 2651 3781 Deus,
2703 3712 2872 3779 aiunt,
2922 3722 3205 3783 antequam
3254 3722 3501 3783 petamus
3554 3714 3659 3769 scit

2071 3807 2262 3879 quibus
2299 3805 2619 3877 indigemus,
2667 3806 2794 3877 quid
2824 3820 3045 3864 necesse
3072 3815 3153 3863 est
3191 3814 3251 3862 ut
3274 3822 3399 3863 eum
3430 3821 3526 3877 pro
3561 3820 3659 3861 no-

2070 3902 2197 3961 stris
2239 3903 2649 3960 necessitatibus
2674 3901 3003 3971 exoremusi
3038 3900 3185 3970 Ergo
3214 3901 3416 3957 frustra
3461 3900 3653 3956 scienti

2072 3998 2368 4067 loquimur.
2388 3996 2599 4064 Quibus
2622 3994 3056 4067 respondendum
3076 4002 3159 4050 est
3184 3993 3305 4064 quia
3342 4006 3450 4047 non
3471 4006 3657 4049 sumus

2072 4100 2403 4160 narratores,
2432 4088 2529 4148 sed
2560 4089 2737 4159 potius
2768 4097 3063 4158 rogatores.
3104 4085 3263 4144 Aliud
3287 4092 3372 4140 est
3396 4084 3539 4140 enim
3565 4098 3657 4140 ne-

2070 4182 2260 4239 scienti
2311 4195 2551 4250 narrsre,
2595 4180 2740 4236 aliud
2792 4178 3047 4235 scientem
3098 4175 3368 4232 humiliter
3413 4188 3655 4231 exorare.

2076 4275 2195 4330 Vult
2233 4289 2359 4343 ergo
2404 4287 2464 4329 se
2514 4272 2622 4343 peti
2648 4286 2676 4326 a
2732 4270 2908 4340 nobis,
2956 4270 3045 4339 qui
3084 4268 3248 4333 etiam
3278 4268 3511 4323 novitea
3540 4280 3658 4335 quas

2073 4376 2256 4438 petere
2295 4366 2574 4431 debemus,
2608 4373 2664 4420 ut
2702 4372 2885 4420 nostra
2919 4362 3106 4430 petitio
3142 4360 3423 4431 praemium
3467 4372 3659 4415 conse-

2071 4462 2283 4524 quatur.
2314 4452 2449 4519 Quid
2477 4466 2607 4507 vero
2638 4450 2789 4506 nobis
2838 4450 3110 4519 prmeipuo
3153 4448 3350 4504 mentis
3386 4446 3652 4517 appetitu,

2072 4558 2389 4611 summoque
2413 4541 2590 4597 studio
2628 4542 2700 4597 sit
2740 4539 3141 4611 requirendum,
3168 4537 3409 4608 subjecta
3437 4547 3658 4594 senten—

2072 4635 2142 4691 tia
2184 4635 2554 4703 perducemur.
2597 4633 2823 4699 Qumrite
2859 4641 3032 4686 autem
3059 4632 3281 4703 primum
3320 4647 3531 4703 regnum
3561 4629 3659 4684 Dei

2072 4738 2118 4782 et
2138 4728 2394 4798 justitiam
2422 4729 2555 4798 ejus.
2592 4726 2851 4793 Primum,
2888 4741 2993 4781 non
3037 4726 3254 4795 ponitur
3283 4724 3385 4780 hoc
3415 4725 3531 4780 loco
3562 4738 3658 4795 pro

2074 4836 2319 4887 numero,
2353 4821 2447 4875 sed
2475 4820 2657 4891 potius
2688 4834 2785 4890 pro
2812 4818 3128 4890 quantitate.
3178 4816 3437 4884 Primum,
3467 4814 3520 4870 id
3549 4823 3653 4884 est,

2074 4926 2199 4970 ante
2228 4914 2428 4981 omnia,
2472 4921 2527 4969 et
2568 4924 2730 4981 super
2776 4912 2955 4967 munia
2988 4908 3207 4981 quaerite
3253 4922 3477 4979 regnum
3528 4906 3651 4965 Dei.

2077 5006 2313 5075 Regnum
2368 5014 2544 5059 autem
2604 5002 2696 5059 Dei
2752 5002 2804 5056 in
2856 5001 3025 5056 sacris
3081 4998 3370 5069 Scripturis
3428 5005 3656 5068 quatuor

2074 5101 2247 5153 modis
2306 5097 2582 5165 accipitur.
2643 5093 2944 5163 Aliquando
3003 5091 3143 5147 enim
3200 5089 3463 5159 signiﬁcat
3518 5103 3657 5159 prte-

2070 5199 2274 5246 sentem
2306 5188 2619 5252 Ecclesium,
2655 5196 2713 5241 ut
2760 5183 2927 5240 illud:
2977 5180 3157 5237 Omnis
3184 5180 3351 5236 scriba
3396 5181 3574 5235 doctus
3602 5181 3655 5233 in

2069 5299 2224 5351 regno
2256 5281 2499 5335 caelorum
2551 5278 2769 5347 (Matth.
2810 5274 2951 5346 xm),
2986 5275 3089 5333 hoc
3138 5284 3243 5344 est,
3294 5274 3346 5329 in
3401 5272 3653 5345 prmsetiti

2068 5373 2330 5438 Ecclesia,
2359 5370 2551 5426 similis
2597 5379 2679 5426 est
2724 5369 2925 5425 homini
2966 5366 3361 5440 patrifamilias,
3390 5364 3481 5438 qui
3519 5378 3647 5437 pro-

2068 5465 2169 5520 fert
2217 5464 2283 5519 de
2337 5463 2586 5518 thesauro
2637 5474 2734 5517 suo
2782 5472 2923 5515 nova
2968 5470 3020 5516 et
3074 5464 3279 5515 Vetera.
3336 5456 3643 5528 Aliquando

2066 5566 2301 5610 sanetam
2343 5555 2694 5623 Seripturam,
2730 5562 2783 5607 ut
2808 5550 2942 5619 illud
2972 5570 2985 5606 :
3035 5552 3308 5621 Auﬂretur
3338 5568 3369 5605 a
3395 5551 3533 5606 vobis
3567 5566 3651 5605 re.

2067 5664 2223 5718 gnum
2242 5648 2334 5700 Dei
2365 5646 2578 5717 (.llatth.
2609 5644 2749 5716 xxi),
2783 5645 2831 5701 id
2856 5654 2938 5699 est
2970 5643 3320 5714 intelligentia
3352 5642 3669 5698 divinarum

2069 5739 2488 5807 Scripturarnm.
2518 5737 2817 5807 Aliquando
2845 5736 3120 5793 caelestem
3146 5737 3393 5806 patriam,
3413 5745 3469 5811 ut
3493 5734 3653 5790 Joan-

2068 5846 2163 5886 nes
2208 5832 2377 5885 dicit:
2433 5830 2790 5885 Punitentiam
2839 5832 2995 5899 agite,
3048 5826 3473 5901 apprOpinquabil
3515 5828 3650 5881 enim

2068 5942 2153 5995 req
2178 5944 2223 5977 :a
2236 5943 2279 5978 ut
2296 5925 2536 5979 (telorum
2563 5925 2775 5989 (Matth.
2803 5924 2900 5979 ntl.
2922 5922 3220 5993 Aliquando
3243 5936 3370 5977 vero
3389 5920 3663 5990 signiﬁcat,
