4096 6346
525 399 664 459 1415

1378 405 1577 469 PAULI
1605 409 1883 467 ’DlACONI
1911 397 2102 468 opp."
2121 409 2305 467 rans
2334 409 2413 468 ιιι.
2451 398 2532 454 ξε
2555 396 2917 469 ΑεεετιοΑῖ

3657 417 3796 477 ιιιο

521 529 696 586 Ipsum
722 514 1002 572 Dominum
1025 515 1203 573 Jesum
1232 516 1526 588 Christum,
1553 523 1693 577 sicut
1714 524 1828 592 ipse
1851 524 2093 594 loquitur
2124 528 2181 590 Α
2272 521 2484 578 Sermo‘
2507 522 2852 593 evangelicus
2883 523 2974 593 qui
3019 523 3300 593 praecedit,
3348 535 3531 584 narrat
3568 531 3795 600 qualiter

521 607 588 660 ad
628 607 843 662 Judzeos
877 624 892 661 :
935 607 1166 679 Regnum
1207 608 1305 663 Dei
1340 611 1470 665 inter
1502 629 1588 668 vos
1637 623 1711 668 est
1763 614 1915 686 (Luc.
1947 614 2102 683 xvn),

522 697 572 750 id
603 709 702 765 est,
742 697 983 754 Christus
1014 714 1106 768 per
1135 699 1516 757 humanitatem
1572 704 1710 759 inter
1740 706 1981 760 homines
2013 705 2106 758 ha-

2207 612 2461 669 Dominus
2511 615 2838 670 centurionis
2885 629 3107 683 puerum
3151 619 3376 672 obtentu
3422 619 3540 688 ejus
3586 637 3793 693 magna:

2206 703 2326 758 ﬁdei
2356 706 2648 769 sanaverit,
2690 717 2744 759 et
2771 707 3040 775 quomodo
3086 707 3253 776 ipsius
3292 713 3652 780 centurionis,
3688 716 3793 771 imo

520 790 671 844 bitat.
719 791 786 846 Et
826 793 965 847 sicut
1004 793 1058 847 in
1105 797 1354 864 praesenti
1395 797 1626 853 lectione
1655 799 1818 853 dicit:
1881 800 2106 865 Quwrite
2202 796 2257 850 in
2281 811 2400 851 eum
2427 799 2664 853 omnium
2693 800 2933 868 gentium
2976 800 3231 856 extulerit
3275 803 3458 859 ﬁdem.
3510 806 3607 861 Illo
3635 808 3793 877 igitur

517 882 738 951 primum
782 897 996 952 regnum
1032 885 1144 949 Dei,
1173 896 1219 940 et
1252 887 1510 956 justitiam
1554 893 1689 961 ejus,
1738 890 1851 946 sive
1878 906 2099 962 regnum

517 987 765 1043 superna:
795 975 933 1030 illius
957 978 1186 1032 civitatis
1215 979 1402 1048 gaudia
1432 992 1724 1051 nuncupat,
1751 983 1838 1036 ubi
1889 997 2098 1038 summa

519 1077 642 1133 pax,
686 1080 916 1136 veraque
946 1069 1320 1138 tranquillitas,
1356 1071 1444 1125 ubi
1475 1072 1679 1129 fructus
1719 1075 2092 1143 certaminum,

515 1165 571 1211 et
600 1155 840 1212 laborum
880 1159 1095 1227 praemia
1135 1163 1335 1216 sanctis
1377 1162 1666 1220 debentur.
1719 1166 1830 1220 Hoc
1873 1181 2095 1236 regnum

517 1245 616 1301 Dei
644 1245 769 1302 vita:
794 1257 992 1303 nostra:
1021 1250 1301 1320 stipendiis
1327 1268 1648 1322 quaeramus,
1691 1259 1757 1311 ad
1798 1258 1930 1312 illud
1961 1273 2095 1314 con-

516 1337 667 1394 tinue
695 1339 1049 1409 suspiremus,
1075 1351 1129 1397 et
1177 1357 1275 1413 pro
1310 1347 1426 1413 ejus
1457 1348 1802 1416 perceptione
1843 1350 2095 1419 quaslibet

513 1429 648 1485 dura
685 1437 742 1486 et
766 1444 955 1500 aspera
1002 1431 1350 1490 libentissime
1391 1437 1742 1503 perferamus.
1782 1440 2093 1508 Quaeramus

512 1531 567 1580 et
587 1523 848 1592 justitiam
878 1522 1017 1594 ejus.
1038 1524 1249 1581 Justitia
1274 1527 1414 1582 enim
1445 1530 1591 1599 regni
1624 1530 1718 1588 Dei
1747 1532 1989 1602 impletto
2008 1543 2094 1589 est

511 1615 886 1670 mandatorum
922 1615 1036 1670 Dei.
1068 1615 1278 1673 Iustitia
1304 1621 1447 1674 enim
1477 1623 1626 1691 regni
1655 1623 1746 1678 Dei
1778 1633 1877 1689 est,
1910 1626 2090 1681 omnia

510 1707 709 1762 caduca
739 1716 795 1763 et
823 1708 1126 1766 transitoria
1151 1725 1430 1779 spernere,
1456 1713 1719 1781 jacturam
1745 1731 1922 1771 rerum
1954 1733 2092 1788 pra:-

509 1795 743 1853 sentium
795 1798 942 1853 lucra
991 1801 1330 1869 sequentium
1375 1813 1642 1873 reputare.
1692 1804 1786 1860 Ille
1836 1807 2086 1862 nimirum

2201 889 2408 958 digesto
2449 892 2729 957 miraculo,
2787 896 3031 963 sequitur
3085 897 3433 966 evangelista,
3490 902 3617 969 quia
3673 915 3793 973 post

2201 978 2313 1034 haec
2344 980 2452 1036 ibat
2479 983 2530 1036 in
2578 984 2844 1040 civitatem
2883 1000 3001 1055 quae
3031 998 3254 1044 vocatur
3280 989 3451 1046 Naim.
3507 994 3584 1049 De
3625 997 3792 1050 mira-

2198 1072 2321 1126 culo
2366 1085 2683 1144 properatur
2710 1077 2777 1131 ad
2819 1078 3159 1147 miraculum,
3189 1089 3245 1136 et
3281 1084 3513 1152 quodam
3546 1088 3791 1156 profectu

2195 1163 2429 1231 virtutis,
2462 1165 2531 1221 de
2573 1167 2852 1225 sanatione
2883 1169 3156 1242 paralytici
3207 1176 3417 1230 venitur
3443 1177 3512 1231 ad
3559 1181 3793 1235 resusci-

2195 1254 2451 1310 tationem
2507 1257 2765 1314 defuncti.
2823 1260 2988 1316 Beato
3039 1277 3268 1333 namque
3325 1266 3656 1338 Hieronymo
3706 1270 3790 1326 di-

2194 1355 2348 1402 eente
2374 1347 2682 1418 didicimus,
2715 1353 2836 1422 quia
2888 1353 3038 1408 Naim
3065 1356 3254 1412 civitas
3282 1368 3364 1413 est
3401 1357 3642 1416 Galilmze
3668 1377 3793 1430 pro—

2193 1436 2380 1492 vincite
2401 1439 2730 1510 Judasorum,
2755 1443 2965 1499 duobus
2985 1444 3301 1502 tnilliaribus
3321 1448 3526 1504 distans
3555 1464 3586 1505 a
3606 1462 3791 1509 monte

2193 1525 2432 1597 Thabor,
2466 1530 2520 1584 in
2549 1547 2656 1601 quo
2684 1543 2867 1588 monte
2920 1533 3178 1590 Dominus
3226 1536 3408 1592 docuit
3461 1549 3585 1594 octo
3618 1541 3790 1597 beati-

2193 1619 2404 1677 tudincs
2450 1632 2502 1677 et
2537 1625 2715 1680 omnia
2763 1639 2900 1694 pene
2955 1626 3201 1682 mandata
3250 1628 3386 1684 Novi
3428 1630 3784 1690 Testamenti.

2195 1712 2581 1783 Interpretatur
2610 1730 2738 1770 vero
2766 1717 2916 1772 Naim
2943 1720 3130 1787 ﬂuctus
3156 1720 3239 1775 vel
3289 1724 3584 1780 commotio.
3613 1725 3777 1794 Cujus

2194 1811 2365 1871 portae
2404 1806 2841 1875 appropinquans
2871 1808 3152 1876 Dominus,
3191 1810 3408 1866 obvium
3442 1813 3628 1870 habuit
3666 1830 3786 1871 eor-

507 1887 769 1957 justitiam
797 1886 893 1943 Dei
917 1888 1108 1958 quarrit
1131 1892 1247 1959 qui,
1277 1890 1414 1947 bona
1437 1908 1597 1964 opera
1627 1909 1910 1963 exercens,
1932 1897 2089 1956 dictis
2119 1888 2168 1950 B
2198 1906 2297 1962 pus
2325 1893 2587 1963 defuncti,
2618 1897 2760 1966 quod
2801 1896 2869 1952 ad
2913 1899 3277 1954 tumulandqu
3327 1911 3477 1959 extra
3507 1906 3784 1963 civitatem

505 1987 560 2034 et
590 1977 874 2049 praeceptis
902 1979 1045 2035 illius
1074 1982 1127 2036 in
1159 1985 1408 2039 omnibus
1454 1985 1814 2055 obtemperat.
1863 1989 1936 2042 lta
1964 2004 2091 2060 ergo

507 2071 662 2126 nobis
697 2085 920 2142 regnum
966 2071 1060 2128 Dei
1107 2083 1163 2129 et
1205 2075 1465 2144 justitiam
1510 2077 1626 2146 ejus
1673 2081 2087 2150 requirentibus;

504 2165 596 2222 illa
616 2168 830 2237 quidem
853 2183 1060 2225 summa
1090 2180 1144 2225 et
1172 2186 1298 2226 vera
1325 2172 1462 2227 bona
1503 2175 1790 2240 dabuntur,
1823 2177 1937 2233 haec
1961 2192 2090 2233 vero

503 2260 655 2329 quasi
701 2261 918 2318 minima
969 2263 1310 2336 adjicientur.
1365 2267 1496 2333 Quae
1551 2270 1676 2324 licet
1729 2271 1780 2324 in
1835 2275 2087 2340 praesenti

502 2351 644 2407 bona
671 2353 974 2421 videantur,
1006 2356 1179 2410 media
1211 2366 1356 2426 sunt,
1387 2367 1442 2412 et
1486 2361 1551 2413 ad
1581 2360 1668 2414 illa
1716 2376 1842 2416 vera
1873 2363 2012 2418 bona
2039 2365 2088 2420 si

502 2451 904 2510 comparentur,
948 2444 1059 2513 jam
1093 2461 1192 2502 nec
1235 2447 1372 2501 bona
1419 2447 1642 2503 dicenda
1687 2459 1832 2508 sunt.
1883 2453 2088 2511 Dantur

502 2547 634 2603 ergo
658 2534 858 2590 sanctis
885 2536 936 2590 in
969 2538 1218 2606 przesenti
1249 2539 1422 2594 adhuc
1467 2542 1894 2611 peregrinatione
1918 2544 2085 2602 desu-

499 2623 769 2690 dantibus,
803 2634 863 2681 ut
895 2625 979 2682 bis
1023 2629 1174 2697 quasi
1222 2629 1452 2698 quodam
1505 2631 1699 2688 viatico
1742 2637 1986 2702 relevati,
2016 2637 2084 2692 ad

499 2727 562 2768 ea
600 2728 719 2783 qua:
749 2716 801 2770 in
846 2717 1014 2785 patria
1060 2727 1185 2773 sunt
1225 2722 1525 2790 percepturi
1565 2723 1702 2778 bona
1747 2727 2081 2794 perveniant.

498 2801 670 2859 Debet
719 2805 860 2860 enim
917 2806 970 2861 in
1022 2821 1118 2862 usu
1168 2809 1354 2866 haberi
1412 2815 1806 2884 temporalitas,
1852 2818 1906 2872 in
1956 2829 2082 2874 voto

501 2896 794 2952 :eternitas.
845 2897 976 2954 Nam
1015 2900 1063 2955 si
1109 2900 1287 2956 adsint
1326 2902 1464 2958 bona
1516 2906 1824 2977 praesentia,
1873 2908 1958 2964 bis
1998 2919 2080 2965 est

495 2987 706 3043 animus
742 2991 1106 3060 occupandus,
1159 3007 1226 3046 ne
1271 2994 1429 3049 nimis
1478 2996 1681 3066 ingesta
1727 3009 1974 3066 onerent,
2024 3009 2079 3056 et

493 3082 646 3148 quasi
675 3096 743 3138 ne
784 3083 851 3138 ad
883 3085 1108 3154 patriam
1159 3089 1518 3157 perveniatur,
1559 3089 1785 3160 quodam
1839 3080 2078 3163 pondere

498 3183 732 3229 mentem
773 3186 1019 3246 gravent.
1068 3177 1159 3234 Sic
1186 3194 1315 3249 ergo
1365 3197 1523 3249 parce
1549 3193 1603 3239 et
1651 3183 1876 3242 honeste
1921 3188 2075 3244 bonis

496 3266 856 3334 praesentibus
884 3269 960 3324 uti
985 3269 1264 3339 debemus,
1292 3284 1555 3342 quatenus
1574 3281 1818 3334 excursis
1851 3283 2076 3352 longarvi

495 3353 653 3424 hujus
677 3357 855 3413 exsilii
888 3359 1096 3428 spatiis,
1138 3362 1480 3430 sempiternis
1526 3368 1730 3435 perfrui
1773 3371 2072 3429 valeamus.

495 3445 700 3501 Aliter:
736 3446 804 3501 Et
832 3448 947 3503 haec
975 3451 1154 3504 omnia
1185 3452 1501 3522 adjicientur
1527 3459 1696 3513 vobis.
1743 3460 1874 3528 Quia
1901 3462 2076 3519 adhuc

493 3537 550 3592 in
577 3537 675 3592 hac
696 3537 802 3594 vita
826 3551 1125 3610 manentes,
1152 3543 1353 3613 absque
1377 3547 1644 3605 alimentis
1671 3560 1726 3606 et
1752 3553 2074 3611 indumentis

492 3629 639 3682 illam
695 3631 923 3686 transire
974 3647 1080 3688 non
1133 3649 1441 3706 possumus,
1501 3655 1620 3696 cum
1678 3646 2070 3714 praemisisset:

492 3716 732 3774 Primum
756 3723 968 3792 quwrite
1005 3738 1220 3795 regnum
1251 3727 1346 3782 Dei
1377 3739 1424 3784 et
1442 3734 1697 3803 justitiam
1724 3737 1855 3807 ejus,
1887 3739 2069 3796 statim

489 3809 672 3864 addit:
725 3810 794 3865 Et
842 3811 948 3867 lucc
987 3817 1156 3870 omnia
1185 3819 1628 3888 (subaudiendum
1675 3825 1812 3880 bona
1867 3838 2071 3900 tempo-

487 3903 644 3972 ralia)
695 3904 1007 3975 adjicientur
1053 3910 1209 3965 vobis.
1263 3909 1361 3968 Ubi
1415 3917 1704 3973 notandum
1755 3921 1896 3989 quod
1945 3923 2070 3980 ideo

483 3993 736 4063 jubentur
767 3998 971 4070 majora
997 4003 1186 4071 quaeri,
1224 4004 1273 4057 id
1306 4015 1411 4073 est,
1438 4021 1659 4078 regnum
1707 4009 1801 4066 Dei
1834 4023 1887 4068 et
1911 4014 2066 4082 jusﬁ-

486 4086 558 4140 tia
592 4087 732 4157 ejus,
782 4098 840 4144 ut
882 4091 1089 4148 minora
1140 4096 1346 4163 possint
1391 4102 1664 4170 consequi,
1701 4102 1750 4157 id
1779 4114 1884 4172 est,
1928 4106 2066 4162 bona

482 4180 606 4233 vita:
634 4184 937 4250 prmsentis.
993 4185 1069 4241 De
1096 4187 1289 4256 quibus
1321 4205 1423 4244 non
1455 4192 1606 4260 dixit,
1654 4193 1942 4267 dabuntur,
1970 4201 2065 4255 sed

481 4269 824 4340 adjicientur,
857 4282 1136 4345 ,tanquam
1190 4277 1436 4335 videlicet
1490 4288 1814 4353 necessaria,
1871 4289 2064 4358 quibus

481 4375 584 4415 non
614 4361 876 4431 fruamur,
907 4365 999 4421 sed
1025 4366 1176 4436 quasi
1208 4369 1260 4423 in
1293 4371 1483 4427 itinere
1519 4375 1678 4442 positi
1721 4385 1952 4434 utamur.

941 4456 1223 4514 HOMILIA
1263 4459 1589 4519 CLXXVIII.

740 4549 790 4588 IN
821 4548 1074 4594 DOIHNICA
1112 4555 1220 4594 XVII
1250 4557 1380 4597 POST
1411 4560 1807 4604 PENTECOSTEN.

477 4609 583 4681 (Ex
615 4610 755 4668 beati
785 4615 1054 4691 Ambrosii
1085 4618 1138 4673 in
1169 4620 1514 4691 Evangelium
1544 4629 1832 4685 secundum
1863 4631 2058 4691 Lucam

813 4689 1173 4755 expositione,
1207 4691 1302 4748 lib.
1322 4689 1388 4760 'v,
1426 4712 1572 4750 num.
1604 4699 1720 4770 89.)
1851 4723 1856 4728 ·

543 4765 610 4821 1η
640 4768 731 4824 illo
767 4779 992 4842 tempore
1020 4774 1122 4829 ibat
1159 4779 1310 4833 Jesus
1344 4781 1396 4834 in
1423 4783 1670 4839 civitatem
1700 4765 1819 4856 'qua:
1858 4800 2064 4845 vocatur

474 4858 633 4917 Naint
656 4877 675 4916 :
699 4872 750 4918 et
776 4866 914 4919 ibant
936 4883 1052 4922 cum
1080 4869 1172 4925 illo
1192 4872 1433 4942 discipuli
1467 4877 1575 4946 ejus
1603 4887 1646 4930 et
1668 4879 1814 4932 turba
1833 4883 2059 4952 copiosa,

470 4961 573 5008 etc.
607 4954 759 5025 (Luc.
788 4958 908 5028 γη).

2192 1977 2534 2042 efferebatur.
2569 1987 2628 2042 ln
2658 2003 2762 2058 qua
2788 1990 3005 2047 civitate
3035 1989 3210 2048 ferunt
3238 1993 3635 2066 cbronographi
3665 2015 3785 2054 esse

2193 2076 2498 2143 ecclesiam,
2531 2093 2652 2148 quae
2677 2079 2943 2149 quondam
2977 2081 3152 2136 fuerat
3180 2082 3371 2138 domus
3396 2086 3597 2152 viduae,
3628 2088 3785 2157 cujus

2191 2166 2449 2224 Dominus
2477 2170 2667 2240 legitur
2696 2171 2782 2226 hic
2816 2171 2985 2227 ﬁlium
3015 2173 3322 2231 suseitasse.
3380 2177 3492 2233 Ibat
3518 2193 3650 2248 ergo
3683 2182 3784 2235 Do-

2191 2259 2365 2314 minus
2394 2259 2605 2315 virtutis
2631 2272 2821 2317 eventu
2853 2263 3060 2332 copiam
3097 2265 3431 2333 praebiturus,
3467 2268 3616 2323 ibant
3657 2284 3780 2325 cum

2189 2351 2281 2407 illo
2328 2353 2599 2423 discipuli,
2647 2354 2723 2410 illi
2756 2355 3008 2412 videlicet
3046 2358 3340 2414 ﬁdelissimi
3367 2364 3593 2417 comites
3625 2364 3783 2420 itine-

2189 2461 2327 2515 rum,
2359 2448 2773 2518 eomparticipes
2801 2449 3065 2515 laborum,
3097 2451 3248 2521 cujus
3279 2455 3566 2523 praesentia
3596 2471 3779 2526 pasce-

2187 2539 2405 2606 bantur,
2432 2539 2812 2608 prtedicatione
2839 2542 3262 2607 instruebantur,
3287 2545 3563 2601 miraculis
3595 2549 3779 2602 ﬁrma-

2187 2631 2400 2687 bantur.
2461 2630 2617 2686 Naim
2671 2642 2848 2688 autem
2905 2635 3114 2704 civitas,
3161 2650 3283 2705 qua:
3314 2647 3372 2691 ut
3415 2639 3674 2704 diximus,
3728 2642 3777 2694 in

2187 2725 2370 2776 nostra
2404 2723 2581 2792 lingua
2627 2724 2823 2780 dicitur
2861 2723 3052 2781 fluetus
3097 2729 3211 2783 sive
3261 2733 3576 2796 commotio,
3633 2732 3776 2787 hunc

2182 2814 2533 2882 spirltualiter
2583 2817 2854 2886 signiﬁcat
2908 2820 3188 2888 mundum,
3245 2825 3334 2892 qui
3390 2827 3778 2894 tranquillitate

2185 2905 2384 2960 amissa
2415 2921 2629 2977 semper
2655 2918 2740 2966 est
2769 2912 2825 2966 in
2853 2912 3175 2970 fluxionibus
3201 2930 3263 2971 ac
3300 2920 3773 2985 commotionibus,

2183 3006 2236 3049 et
2260 3011 2527 3064 nunquam
2555 2999 2607 3054 in
2635 3000 2825 3057 eodem
2853 3011 2994 3058 statu
3033 3020 3369 3074 permanens.
3419 3008 3572 3065 Unde
3599 3020 3654 3066 et
3681 3025 3773 3082 per

2183 3085 2517 3146 Psalmistam
2547 3093 2746 3151 dicwm
2769 3104 2851 3153 est
2875 3115 2886 3151 :
2914 3097 3260 3170 Commovisti,
3295 3103 3529 3169 Domine,
3564 3118 3772 3176 terram,

2181 3191 2228 3235 et
2278 3185 2594 3240 conturbasti
2650 3203 2786 3258 eam,
2841 3199 2945 3247 etc.
3006 3192 3175 3263 (Psat.
3235 3199 3370 3267 ιιι).
3425 3200 3566 3269 Ergo
3623 3204 3773 3272 quasi

2181 3276 2332 3331 Naim
2373 3278 2631 3335 Dominus
2673 3283 3139 3354 appr0pinquavit,
3189 3291 3404 3359 quando
3436 3303 3637 3350 nostra:
3668 3295 3773 3350 fra-

2179 3366 2404 3434 gilitatis
2445 3367 2776 3427 humanitate
2830 3385 3099 3446 suscepta,
3155 3379 3378 3436 visibilis
3428 3385 3768 3454 mundo-ap-

2181 3471 2372 3526 parere
2427 3459 2679 3530 dignatus
2728 3474 2829 3521 est.
2893 3463 3026 3521 Cum
3080 3479 3258 3525 autem
3315 3478 3769 3548 appropinquaret

2178 3561 2348 3621 porta:
2408 3555 2658 3624 civitatis,
2729 3575 2854 3616 ecce
2910 3562 3193 3622 defunctus
3250 3567 3576 3626 eﬁ‘erebatur
3632 3576 3769 3631 ﬁlius

2177 3644 2368 3699 Inicus
2395 3647 2581 3702 matris
2610 3663 2742 3716 suat,
2774 3661 2826 3706 et
2857 3651 2975 3708 hsce
3018 3655 3175 3710 vidua
3203 3668 3340 3727 erat,
3370 3672 3423 3714 et
3463 3663 3615 3719 turba
3640 3666 3767 3720 ciri-

2177 3736 2300 3790 tatis
2325 3739 2491 3792 multa
2530 3755 2649 3795 cum
2700 3742 2812 3798 illa.
2861 3744 2976 3801 Non
3022 3748 3248 3819 simplex
3297 3751 3437 3810 hanc
3487 3758 3763 3815 mulierem

2174 3827 2374 3884 doloris
2411 3830 2656 3887 anxietas
2683 3835 3009 3893 Stimulabat.
3057 3839 3222 3899 Vidua
3255 3853 3391 3912 erat,
3424 3847 3521 3904 ﬁlii
3566 3851 3763 3909 solatio

2173 3925 2428 3983 destituta
2461 3928 2662 4001 fuerat,
2695 3939 2848 4005 cujus
2877 3949 3142 4013 utcunque
3169 3957 3395 4004 mortem
3425 3951 3598 4010 levius
3628 3957 3765 4012 tole-

2171 4030 2364 4086 rasset,
2409 4023 2453 4076 si
2501 4039 2606 4080 non
2639 4028 2825 4085 unicus
2873 4030 3084 4103 fuisset,
3112 4037 3155 4091 si
3194 4039 3330 4095 alter
3376 4043 3466 4112 qui
3517 4051 3762 4115 parentis

2171 4111 2411 4170 dolorem
2441 4115 2652 4188 leniret,
2683 4124 3052 4192 superfuisset.
3102 4128 3300 4188 Verum
3332 4111 3458 4191 hinc
3485 4111 3574 4194 illa
3605 4141 3760 4198 beata

2168 4215 2304 4271 erat,
2336 4209 2476 4276 quod
2505 4209 2704 4268 Christi
2752 4215 2950 4284 pietate
2995 4235 3118 4277 mox
3148 4238 3270 4280 eum
3300 4241 3585 4300 receptura
3617 4248 3755 4304 erat,

2166 4309 2324 4365 quem
2351 4301 2514 4358 sortis
2542 4302 2790 4362 humanae
2813 4308 3156 4369 inelementia
3183 4321 3461 4380 amiserat.
3490 4323 3603 4394 Nec
3625 4301 3755 4382 illud

2165 4388 2282 4443 sine
2310 4389 2486 4446 divina
2528 4397 2860 4461 providentia
2908 4413 3115 4472 gestum
3146 4417 3250 4476 est,
3297 4422 3350 4466 ut
3391 4421 3450 4468 et
3477 4388 3599 4471 cu-m
3647 4417 3754 4475 Do-

2163 4480 2312 4536 mino
2363 4493 2417 4539 et
2456 4499 2575 4541 cum
2626 4489 2727 4545 hac
2772 4494 2997 4551 muliere
3043 4500 3210 4556 multa
3251 4506 3402 4561 turba
3451 4521 3618 4577 esset,
3649 4528 3755 4583 quo

2089 4573 2389 4664 Dgerendi
2441 4577 2694 4635 miraculi
2746 4583 2898 4638 multi
2947 4585 3136 4646 ﬁerent
3179 4601 3361 4662 testes,
3407 4600 3564 4656 multi
3592 4573 3754 4660 etiam

2164 4668 2359 4724 divina:
2386 4674 2637 4739 potentiae
2675 4675 2997 4737 laudatores.
3029 4683 3205 4750 Quare
3231 4698 3411 4748 autem
3439 4697 3608 4752 multa
3638 4709 3753 4755 tur-

2169 4773 2232 4826 ba
2255 4773 2375 4828 ierit
2396 4787 2517 4827 cum
2543 4774 2791 4845 Domino,
2819 4780 3056 4841 Joannes
3076 4791 3399 4860 evangelista
3421 4800 3751 4873 manifestat,

2166 4885 2286 4927 cum
2308 4873 2435 4929 dicit
2461 4891 2475 4928 :
2501 4877 2625 4946 quia
2644 4878 2882 4936 videbant
2900 4885 3048 4955 signa
3070 4905 3185 4958 quia
3205 4895 3425 4962 faciebat
3452 4899 3630 4969 (Joan.
3651 4909 3749 4974 vt).

2166 4964 2301 5031 Quia
2347 4968 2488 5024 enim
2537 4971 2793 5028 Dominus
2845 4993 3162 5052 quocunque
3207 4985 3340 5054 ibat,
3383 4964 3640 5052 miracula
3673 4964 3751 5054 fa-

521 5045 616 5100 llic
636 5046 783 5102 locus
799 5049 1907 5126 utrinqueredundatadgratiam,utetcito
1922 5064 2066 5121 ﬂecti
2165 5061 2360 5132 ciebat,
2388 5065 2438 5120 id
2468 5078 2570 5134 est,
2607 5069 2950 5142 Evangelium
2984 5045 3340 5148 praedicando;
3372 5045 3749 5147 vertisse—Iutis

469 5135 696 5193 divinant
725 5141 1142 5199 misericordiam
1161 5147 1345 5202 matris
1365 5147 1537 5203 vidua:
1555 5150 1928 5212 lamentatione
1947 5170 2063 5213 cre-

467 5226 675 5299 damus,
714 5243 818 5289 etc.
850 5237 1066 5306 Reliqua
1112 5239 1223 5293 vide
1262 5243 1403 5311 apud
1442 5254 1672 5298 sanctum
1715 5248 2056 5323 Ambrosium,

467 5318 689 5390 Operam
716 5327 828 5394 ejus
853 5336 989 5382 tomo
1008 5327 1035 5382 1
1043 5329 1068 5382 Ι
1079 5373 1092 5394 ,
1113 5329 1429 5402 Patrologiw
1446 5334 1496 5388 Χ
1511 5334 1574 5401 γ,
1592 5338 1692 5393 col.
1711 5337 1873 5412 1660,
1890 5361 1941 5398 n.
1962 5318 2052 5403 89.

891 5417 1234 5480 IIOMILIA
1290 5423 1615 5484 CLXXIX.

975 5516 1028 5558 IN
1057 5518 1236 5559 EADEI
1266 5519 1535 5563 DOHINICA.

893 5579 992 5651 (Ex
1018 5582 1175 5639 beato
1196 5586 1480 5642 Ambrosio
1504 5589 1520 5661 j
1537 5587 1628 5662 ?].)

531 5664 597 5720 In
621 5666 712 5722 illo
743 5678 968 5741 tempore
999 5673 1105 5728 ibat
1131 5675 1284 5733 Jesus
1317 5678 1370 5731 in
1409 5681 1655 5736 civitatem
1696 5701 1809 5755 qua:
1832 5699 2042 5745 vocatur

462 5753 622 5814 Naim
645 5776 665 5815 :
692 5771 740 5814 et
779 5764 919 5819 ibant
964 5782 1078 5822 cum
1107 5769 1201 5826 illo
1245 5771 1483 5843 discipuli
1509 5779 1643 5848 ejus,
1683 5753 1732 5834 et
1760 5781 1908 5838 turba
1944 5800 2042 5839 co-

461 5850 623 5922 piosa,
663 5864 766 5912 etc.
801 5859 951 5925 (Luc.
981 5864 1099 5932 vit).

2162 5166 2532 5233 annuntiabat,
2590 5169 2791 5228 idcirco
2846 5173 2996 5233 ibant
3045 5195 3165 5236 cum
3215 5197 3282 5239 eo
3335 5186 3590 5258 discipuli
3632 5191 3748 5261 ejus

2158 5263 2498 5326 adhaerentes
2545 5271 2618 5339 ei,
2669 5273 2778 5330 ibat
2826 5288 2879 5333 et
2928 5281 3074 5338 turba
3117 5291 3357 5356 copiosa.
3413 5291 3539 5349 Haec
3565 5304 3743 5352 autem

2155 5367 2324 5425 virtus
2373 5386 2402 5426 a
2449 5372 2726 5434 Salvatore
2769 5379 3086 5440 mirabiliter
3133 5396 3361 5459 patrata,
3399 5392 3551 5460 juxta
3580 5396 3745 5454 histo-

2154 5469 2286 5526 riam
2301 5475 2637 5543 apertissima
2657 5488 2758 5537 est.
2777 5482 3041 5542 Caeterum
3070 5489 3422 5559 spiritualiter
3442 5497 3739 5571 intellecta,

2154 5587 2261 5630 non
2309 5577 2571 5633 modicam
2621 5582 3026 5644 aediﬁcationem
3081 5592 3410 5651 audientium
3468 5603 3739 5659 mentibus

2151 5678 2543 5738 subministrat.
2574 5682 2865 5743 Defunctus
2895 5688 3038 5746 enim
3069 5692 3174 5749 iste
3198 5694 3354 5764 juxta
3397 5699 3734 5768 spiritualem

2150 5781 2233 5835 vel
2266 5781 2523 5838 moralem
2569 5785 3005 5863 intelligentiam,
3057 5793 3149 5864 qui
3189 5806 3342 5853 extra
3374 5810 3582 5870 portam
3623 5818 3734 5860 suae

2144 5880 2383 5941 civitatis
2431 5886 2612 5947 multis
2655 5890 2987 5954 intuentibus
3028 5905 3115 5956 est
3159 5909 3418 5975 portatus,
3464 5903 3729 5977 signiﬁcat
