4096 6346
312 427 454 487 “l7

1271 405 1746 467 HOMILIARIUS.
1786 435 1857 450 -—
1896 401 2064 460 HOM.
2109 401 2196 459 DE
2232 398 2578 459 TEMPORE.

3436 399 3574 456 “l8

309 541 585 602 hominem
633 531 864 605 peccatis
891 537 1179 593 mortuum,
1215 535 1270 582 et
1316 525 1565 581 lethifero
1608 521 1895 576 criminum
1921 523 1973 584 Α
2003 525 2088 572 εει
2118 517 2260 572 enim
2287 515 2544 578 Ecclesia,
2569 527 2688 584 qua:
2709 519 2792 569 est
2817 519 2988 569 mater
3011 521 3327 570 cunctorum
3351 513 3578 571 creden-

309 636 498 690 lunere
524 634 853 700 soporatum.
905 621 1004 689 Qui
1052 635 1173 675 cum
1201 619 1254 672 in
1297 618 1477 671 anima
1507 624 1752 671 mortuus
1782 614 1899 669 exi

309 733 440 792 stat,
465 723 632 793 ipsam
664 727 841 772 tamen
885 714 1078 767 anima:
1104 724 1215 765 suae
1259 717 1488 763 mortem
1519 721 1622 762 non
1663 705 1772 775 jam
1806 717 1900 759 oc-

310 813 470 872 cultis
497 809 880 879 cogitationum
935 802 1153 858 latebris
1198 799 1454 869 contegit,
1495 799 1591 852 sed
1629 797 1767 850 sicut
1799 810 1896 865 per

308 907 448 962 ostia
477 900 728 967 civitatis,
781 897 855 951 ita
886 909 981 965 per
1018 893 1272 949 indicium
1303 905 1482 959 pravae
1524 888 1898 944 collocutionis

308 997 396 1053 vel
440 994 598 1051 make
642 988 974 1061 operationis
1025 1000 1177 1041 suam
1229 983 1511 1052 pessimam
1559 981 1722 1036 vitam
1756 979 1898 1035 malo

311 1085 564 1154 exemplo
604 1081 671 1137 ad
718 1080 1006 1136 multorum
1036 1075 1276 1131 notitiam
1308 1071 1586 1142 perducit:
1633 1072 1743 1141 jam
1775 1085 1899 1140 pec-

307 1186 425 1234 cata
459 1189 557 1230 sua
583 1169 944 1229 erubescenda
992 1183 1099 1222 non
1151 1164 1456 1229 abscondit,
1513 1162 1608 1218 sed
1641 1164 1895 1216 audacior

306 1269 364 1326 in
395 1267 593 1323 malum
636 1263 830 1327 factus,
861 1275 924 1316 ea
954 1257 1210 1315 imitanda
1240 1256 1357 1311 aliis
1387 1258 1652 1325 proponit.
1705 1254 1783 1307 De
1818 1259 1898 1306 ta-

307 1359 452 1416 libus
478 1355 734 1428 prOpheta
761 1353 929 1408 dicit:
971 1349 1245 1404 Peccatum
1287 1363 1435 1400 suum
1471 1345 1614 1416 quasi
1666 1343 1897 1400 Sodoma

306 1449 734 1524 prwdicauerunt,
767 1459 856 1498 nec
893 1439 1267 1495 absconderant
1317 1436 1496 1509 (Isaia:
1521 1436 1630 1506 ιιι).
1680 1435 1746 1489 Ει
1782 1450 1898 1490 rur-

305 1555 429 1596 sum
450 1538 517 1594 ad
540 1535 892 1608 peccatricem
917 1533 1176 1586 animam:
1203 1526 1394 1597 Frons,
1415 1527 1604 1598 inquit,
1623 1528 1899 1581 meretricis

309 1634 448 1703 facta
487 1638 560 1684 est
591 1628 700 1695 tibi,
749 1625 958 1680 noluisti
995 1612 1280 1676 erubescere
1327 1618 1461 1690 (Jer.
1503 1620 1610 1687 ιιι).
1644 1619 1744 1673 Ρει·
1775 1632 1901 1688 por-

306 1732 420 1779 tam
447 1735 576 1776 vero
618 1718 848 1773 civitatis
899 1730 1002 1785 qua
1043 1712 1324 1768 defunctus
1377 1710 1721 1780 efferebatur,
1761 1723 1898 1764 unus

305 1812 376 1867 de
416 1811 652 1880 quinque
680 1805 931 1863 sensibus
974 1802 1289 1872 intelligitur
1340 1800 1602 1869 corporis.
1649 1799 1898 1870 Quinque

2003 612 2156 675 tium,
2185 623 2251 665 ex
2282 608 2466 662 multis
2506 609 2573 661 sit
2603 606 3113 676 collecta.personis,
3142 608 3440 663 rectissime
3463 609 3579 676 qui-

1999 717 2102 772 que
2124 700 2356 755 ﬁdelium
2383 700 2473 770 qui
2496 697 2617 752 fidei
2637 698 2959 752 Christiana:
2975 697 3280 752 charactere
3302 698 3577 753 attitulan-

1999 798 2107 857 tur,
2138 790 2227 844 lilii
2254 799 2376 844 sunt
2402 789 2558 842 unius
2581 786 2788 853 matris,
2809 786 3072 845 Ecclesiae
3093 786 3257 857 (dico)
3279 787 3578 843 catholicae.

2000 884 2206 951 Quibus
2245 883 2364 939 licet
2405 890 2589 937 aetates
2619 880 2884 948 diversae,
2913 880 3220 950 diversique
3242 893 3364 936 sunt
3393 896 3576 949 sexus,

2000 992 2161 1030 unum
2193 984 2370 1030 tamen
2401 973 2681 1029 inChristo
2701 973 2870 1044 gratia
2901 973 3320 1044 regenerationis
3337 975 3578 1030 efﬁciun-

2001 1075 2106 1132 tur,
2138 1081 2254 1120 cum
2289 1067 2420 1120 liunt
2452 1080 2548 1136 per
2573 1065 2916 1134 adeptionem
2950 1065 3142 1120 fratres
3168 1066 3309 1120 unici
3335 1065 3450 1120 lilii.
3475 1064 3579 1119 Sed

2001 1167 2053 1211 et
2079 1156 2446 1227 unusquisque
2468 1156 2638 1211 fidelis
2660 1170 2782 1211 cum
2807 1155 3127 1210 rudimentis
3154 1155 3430 1220 imbuitur,
3457 1155 3579 1209 lidei

2004 1247 2148 1303 (ilius
2185 1257 2289 1314 est,
2324 1262 2445 1302 cum
2475 1261 2605 1302 vero
2633 1247 2766 1302 alios
2796 1247 3020 1311 educat,
3048 1255 3240 1301 mater.
3269 1246 3356 1300 Sic
3388 1246 3583 1302 Paulus

2001 1339 2272 1408 apostolus
2326 1349 2568 1396 materno
2615 1339 2808 1394 affectu
2865 1337 3157 1394 Corinthiis
3220 1339 3580 1407 loquebatur:

2001 1429 2186 1486 Filioli
2209 1433 2324 1496 mei,
2349 1448 2475 1502 quos
2504 1432 2684 1485 iterum
2708 1429 2961 1499 parturio,
2985 1429 3144 1484 donec
3164 1435 3410 1499 formetur
3432 1429 3584 1484 Chri-

2000 1534 2108 1580 stus
2131 1525 2185 1578 in
2211 1525 2350 1578 vobis
2381 1523 2527 1595 (Gal.
2555 1524 2653 1593 tv).
2687 1523 2856 1589 Quam
2902 1539 3019 1577 cum
3050 1523 3256 1579 uidisset
3306 1522 3550 1576 Dominus
3569 1563 3584 1589 ,

2001 1618 2354 1671 misericordia
2405 1628 2572 1672 motus
2622 1633 2775 1686 super
2820 1633 2969 1686 eam,
3020 1617 3150 1670 dixit
3194 1631 3215 1670 :
3266 1615 3396 1670 Noli
3442 1619 3584 1686 ﬂere.

2009 1707 2144 1773 Quia
2172 1707 2290 1762 duze
2322 1715 2475 1762 erant
2514 1709 2566 1761 in
2598 1707 2812 1762 Christo
2841 1707 3176 1773 substantiae,
3212 1705 3306 1762 Dei
3336 1705 3588 1762 videlicet

2002 1807 2055 1852 et
2085 1797 2318 1851 hominis
2343 1815 2356 1852 :
2389 1797 2586 1852 idcirco
2616 1798 2838 1865 pulchre
2865 1797 3186 1866 evangelista
3213 1797 3382 1865 primo
3407 1797 3588 1850 Domi-

305 1876 453 1956 enim
489 1876 614 1952 sunt
644 1892 909 1950 notissimi
938 1891 1180 1960 corporis
1225 1904 1436 1954 sensus,
1469 1889 1603 1944 locis
1631 1890 1731 1945 sibi
1759 1905 1892 1944 con-
1927 1888 1976 1948 Β
2004 1876 2128 1944 num
2158 1899 2411 1961 tanquam
2440 1905 2626 1946 verum
2658 1890 2925 1944 hominem
2968 1890 3334 1944 misericordia
3381 1898 3585 1943 motum

309 1987 653 2045 venientibus
682 2001 712 2040 a
758 1994 946 2039 natura
975 1979 1276 2050 compositi,
1307 1977 1556 2033 videlicet
1584 1981 1752 2045 visus,
1802 1995 1897 2035 au-

305 2082 469 2148 ditus,
503 2085 709 2150 gustus,
734 2076 988 2132 odoratus
1013 2083 1069 2128 et
1097 2082 1289 2128 tactus.
1321 2068 1519 2129 Civitas
1540 2074 1684 2128 enim
1711 2072 1896 2127 unius-

304 2171 563 2240 cujusque
606 2167 798 2222 animze
838 2180 1032 2234 corpus
1059 2173 1140 2221 est
1167 2167 1306 2236 ejus,
1331 2168 1384 2222 in
1410 2183 1514 2238 quo
1553 2174 1803 2235 tanquam
1842 2163 1894 2218 in

305 2261 526 2318 civitate
554 2259 734 2316 clausa
765 2256 1050 2312 inhabitat.
1098 2256 1203 2312 Per
1248 2257 1410 2325 hujus
1456 2255 1688 2311 civitatis
1715 2264 1896 2324 portas

306 2361 556 2407 mortuus
577 2348 821 2414 effertur,
847 2363 969 2402 cum
994 2348 1116 2417 quis
1139 2363 1234 2417 per
1256 2349 1485 2417 aliquem
1507 2347 1746 2418 corporis
1770 2362 1896 2403 sen-

304 2457 426 2499 sum
451 2441 608 2497 mala:
623 2439 920 2496 voluntatis
936 2439 1192 2495 indicium
1215 2441 1524 2508 ostendens,
1553 2451 1818 2497 mortuum
1839 2453 1899 2495 se

305 2534 361 2591 in
391 2534 570 2589 anima
599 2547 720 2588 esse
742 2532 1001 2588 declarat.
1032 2532 1132 2599 Qui
1154 2532 1296 2587 enim
1323 2535 1468 2588 verbi
1498 2534 1686 2604 gratia,
1715 2533 1899 2588 mulie-

305 2641 421 2682 rem
468 2625 534 2680 ad
560 2625 1042 2693 concupiscendam
1076 2640 1194 2680 eam
1242 2624 1456 2689 viderit,
1497 2628 1585 2694 qui
1639 2625 1898 2680 sublimes

305 2716 516 2785 oculos,
545 2724 601 2772 et
626 2717 680 2772 in
711 2714 844 2770 ﬁnes
870 2722 1032 2771 terrae
1062 2725 1338 2784 porrectos
1371 2714 1636 2780 habuerit,
1671 2714 1773 2770 iSte
1799 2729 1899 2784 per

307 2812 588 2865 oculorum
614 2823 834 2866 suorum
882 2819 1065 2878 portas
1116 2808 1269 2877 signa
1305 2821 1416 2862 suae
1456 2809 1647 2863 mortis
1677 2807 1896 2863 emittit.

308 2901 446 2956 Dum
468 2901 695 2970 quilibet
726 2914 911 2955 aurem
941 2913 1094 2953 suam
1121 2897 1295 2968 aperit
1325 2898 1390 2952 ad
1416 2897 1579 2952 verba
1605 2897 1775 2952 otiosa
1799 2937 1815 2962 ,
1843 2905 1901 2953 et

307 2992 375 3046 ad
402 2991 611 3046 cantica
650 2989 824 3060 turpia
859 2991 945 3045 vel
972 2990 1267 3056 luxuriosa,
1300 2989 1415 3044 sive
1441 2990 1778 3058 suscipienda
1805 2989 1901 3045 de-

310 3083 594 3138 tractionis
639 3083 835 3149 verba,
871 3082 956 3136 hic
987 3080 1124 3136 tales
1167 3086 1478 3136 aures'suas
1517 3079 1684 3157 efficit
1717 3093 1899 3150 portas

309 3175 505 3230 mortis
525 3173 717 3229 animae
743 3188 879 3229 suae.
895 3171 996 3239 Qui
1018 3172 1271 3228 odoribus
1296 3164 1901 3244 meretriciis,’et'pere-

1999 1986 2163 2039 fuisse
2194 1983 2565 2050 demonstrat,
2598 1997 2660 2036 ac
2691 1983 2885 2037 deinde
2914 1991 3164 2052 tanquam
3192 1997 3376 2038 verum
3418 1981 3586 2037 Deum

1999 2086 2382 2131 commemorat
2411 2087 2679 2131 mortuum
2709 2076 3029 2141 suscitasse,
3057 2086 3115 2130 ut
3157 2084 3212 2130 et
3248 2076 3302 2130 in
3341 2089 3589 2144 compas-

1996 2169 2148 2225 sione
2171 2185 2275 2241 qua
2305 2170 2479 2225 vidua:
2508 2171 2763 2225 misertus
2793 2180 2910 2239 est,
2943 2171 3248 2241 exemplum
3283 2171 3436 2226 nobis
3463 2171 3586 2224 imi-

1999 2265 2172 2318 tandte
2196 2266 2410 2333 pietatis
2439 2264 2730 2329 tribueret,
2765 2273 2818 2317 et
2849 2266 2904 2318 in
2944 2263 3136 2320 effectu
3184 2263 3455 2327 miraculi,
3486 2277 3586 2331 po-

1999 2355 2221 2409 tentiam
2271 2354 2714 2424 divinitatemque
2765 2353 2913 2409 illius
2958 2369 3061 2423 qua
3113 2353 3272 2408 etiam
3318 2362 3586 2408 mortuum

1999 2445 2312 2512 suscitavit,
2347 2445 2720 2499 admirandam
2762 2443 3266 2514 praedicandamth
3320 2458 3590 2513 propone-

1998 2544 2101 2591 ret.
2130 2535 2290 2604 Noli,
2325 2536 2527 2604 inquit,
2557 2536 2701 2605 ﬂere.
2725 2535 3002 2605 Tanquam
3033 2535 3276 2590 diceret:
3303 2534 3420 2589 Noli
3449 2534 3592 2590 velut

1999 2635 2271 2682 mortuum
2304 2628 2457 2691 ﬂere,
2481 2641 2640 2696 quem
2665 2628 2906 2695 protinus
2933 2625 3139 2681 videbis
3161 2640 3189 2679 a
3215 2636 3387 2680 morte
3407 2640 3592 2681 resur-

1997 2731 2149 2787 gere.
2181 2715 2249 2769 Et
2279 2718 2489 2770 accessit
2519 2725 2566 2771 et
2594 2718 2754 2786 tetigit
2781 2718 3026 2782 loculum,
3057 2717 3158 2771 hoc
3185 2725 3290 2784 est,
3337 2716 3592 2772 feretrum

2000 2814 2055 2866 in
2105 2825 2213 2882 quo
2261 2821 2506 2865 mortuus
2558 2811 2849 2876 ferebatur,
2881 2810 3027 2879 quod
3067 2825 3096 2863 a
3129 2810 3347 2864 ferendo
3395 2823 3592 2864 nomen

1998 2903 2227 2970 accepit.
2262 2902 2427 2956 Tactu
2456 2903 2616 2957 loculi
2645 2903 2700 2955 in
2727 2915 2834 2971 quo
2861 2901 3124 2955 exanimis
3143 2900 3595 2970 gestabatur,evi-

1999 2991 2134 3046 deus
2166 3007 2277 3047 suae
2302 2991 2627 3062 dignationis
2657 2991 2804 3046 dedit
2834 2990 3110 3045 indicium.
3139 2989 3207 3045 Et
3232 2990 3448 3060 quidem
3471 3006 3591 3046 cum

2000 3091 2181 3151 posset
2211 3081 2327 3136 solo
2356 3082 2523 3137 verbo
2555 3097 2676 3135 eum
2706 3082 2827 3136 vita:
2849 3080 3134 3136 restituere
3153 3122 3168 3146 ,
3211 3081 3399 3135 maluit
3424 3081 3594 3151 primo

2003 3171 2258 3228 feretrum
2292 3185 2546 3242 tangere,
2578 3181 2639 3227 ut
2683 3187 2776 3242 per
2813 3171 2916 3226 hoc
2945 3181 3002 3228 et
3040 3173 3250 3242 signum
3295 3170 3594 3228 clementia:

313 3267 454 3337 grini
503 3266 672 3321 muris
720 3265 972 3336 pellicula
1000 3265 1229 3330 illectus,
1259 3276 1380 3334 post
1407 3240 1630 3321 odorem
1661 3240 1903 3337 unguen‘
1926 3240 1978 3306 θ
2006 3279 2117 3319 suae
2145 3264 2317 3332 daret,
2348 3240 2410 3319 et
2428 3240 2614 3319 matris
2661 3240 2836 3318 viduae
2882 3240 3152 3334 deiectum
3207 3278 3438 3321 maerore
3475 3266 3593 3320 ani-

311 3367 487 3412 torum
520 3358 611 3412 Dei
638 3371 863 3413 currere
892 3356 1144 3427 negligit,
1170 3356 1257 3410 hic
1288 3370 1385 3424 per
1425 3357 1636 3411 narium
1677 3358 1895 3426 januam

313 3451 620 3506 extrahitur
663 3460 928 3506 mortuus.
961 3447 1062 3515 Qui
1092 3462 1220 3503 vero
1261 3462 1323 3502 os
1351 3448 1416 3502 ad
1458 3449 1810 3518 proferendas
1843 3451 1897 3505 in

313 3544 482 3600 Deum
537 3545 930 3614 blasphemias,
958 3551 1012 3598 et
1039 3542 1466 3599 disseminandas
1515 3543 1656 3598 inter
1703 3543 1898 3599 fratres

313 3636 609 3691 discordias
624 3639 815 3706 aperit,
834 3637 989 3705 cujus
1009 3651 1071 3691 os
1085 3635 1317 3704 loquitur
1337 3636 1648 3701 vanitatem,
1671 3638 1759 3706 qui
1787 3652 1892 3691 non

313 3727 487 3780 solum
536 3727 762 3793 otiosis,
806 3727 901 3781 sed
947 3737 1000 3782 et
1046 3728 1250 3782 nocivis
1280 3726 1617 3782 sermonibus
1662 3727 1896 3796 linguam

314 3816 719 3880 accommodat,
752 3815 828 3870 nil
856 3814 998 3870 aliud
1027 3818 1128 3872 iste
1159 3817 1264 3872 nisi
1301 3827 1532 3872 mortem
1565 3830 1678 3871 sua:
1707 3818 1900 3872 animae

317 3909 449 3961 foris
480 3923 574 3976 per
601 3907 794 3962 ostium
826 3907 936 3963 oris
968 3907 1142 3963 elatus
1168 3909 1365 3980 prodit.
1399 3909 1535 3964 Hinc
1561 3918 1614 3963 et
1640 3909 1898 3978 propheta

314 4000 458 4067 quod
487 3999 541 4054 hi
571 4009 764 4054 nostrae
794 4000 1025 4055 civitatis
1054 4001 1232 4057 aditus
1271 4002 1486 4058 incaute
1527 4012 1774 4072 pateant,
1807 4001 1902 4058 de-

315 4091 409 4146 ﬂet
439 4093 664 4148 dicens:
698 4093 917 4149 Intravit
944 4111 1083 4149 mors
1127 4112 1216 4164 per
1263 4101 1514 4166 fenestras
1561 4109 1784 4163 nostras,
1810 4099 1902 4152 in-

317 4200 490 4253 gressa
519 4194 594 4238 est
633 4185 809 4239 domos
855 4184 1225 4256 uostras(1cr.
1259 4187 1358 4256 rx).
1395 4188 1732 4257 Rursumque
1775 4203 1900 4258 pro-

319 4273 479 4342 pheta
510 4291 523 4326 :
560 4273 772 4340 Oculus,
805 4275 994 4344 inquit,
1032 4292 1172 4330 meus
1200 4277 1527 4345 depraedatus
1559 4288 1634 4332 est
1675 4279 1902 4334 animam

316 4381 485 4419 meant
515 4365 731 4438 (Thren.
753 4369 858 4435 ιιι).
884 4367 1344 4434 Quemadmodum
1372 4368 1515 4423 enim
1540 4368 1586 4422 si
1613 4367 1780 4425 hostis
1807 4383 1903 4439 per

319 4461 590 4531 fenestras
609 4461 747 4516 intra
773 4461 960 4516 urbem
978 4459 1153 4530 jacula
1178 4461 1499 4529 intorqueat,
1520 4461 1661 4517 intus
1689 4462 1901 4519 clausos

317 4551 524 4606 sauciat
548 4558 604 4606 et
628 4552 860 4616 occidit,
883 4551 958 4606 ita
990 4551 1252 4621 malignus
1286 4552 1509 4621 spiritus
1535 4567 1656 4607 cum
1682 4568 1779 4624 per
1805 4555 1902 4611 ali-

321 4656 480 4712 quem
510 4641 578 4698 de
607 4643 842 4712 quinque
865 4643 1116 4699 sensibus
1145 4643 1309 4699 telum
1342 4644 1646 4700 tentationis
1672 4646 1724 4700 in
1754 4662 1904 4704 men-

319 4742 430 4788 tem
478 4734 752 4803 adegerit,
800 4749 922 4789 mox
970 4736 1205 4790 animam
1233 4751 1264 4791 a
1305 4750 1406 4791 suo
1429 4746 1572 4792 statu
1606 4737 1811 4808 dejicit,
1841 4755 1904 4796 ac

321 4823 574 4893 pestifera
596 4825 1008 4895 interemptione
1027 4827 1259 4896 perimit.
1275 4827 1376 4894 Qui
1399 4831 1592 4885 animae
1613 4832 1905 4900 penetralia

321 4915 624 4985 irrumpere
644 4930 894 4986 quaerens
917 4960 931 4985 ,
959 4909 1147 4988 liguris
1174 4933 1236 4976 se
1263 4923 1664 4992 accommodat,
1697 4925 1902 4995 permi-

321 5014 527 5064 seetse
555 5006 725 5072 sonis,
760 5006 1014 5062 odoribus
1038 5022 1099 5063 se
1126 5011 1353 5080 ingerit,
1385 5011 1573 5067 inserit
1601 5015 1900 5085 saporibus,

322 5097 510 5165 sicque
534 5096 663 5150 dum
693 5097 872 5152 minus
902 5098 1182 5167 vigilanter
1205 5113 1440 5170 cavetur,
1468 5107 1623 5160 morti
1649 5104 1793 5178 (qua:
1821 5123 1904 5164 se-

323 5201 423 5242 cus
449 5187 862 5243 delectationem
894 5188 1067 5257 posita
1095 5190 1199 5262 est)
1223 5193 1419 5248 aditum
1443 5196 1647 5264 pandit.
1674 5197 1904 5255 Proinde

326 5279 514 5359 divina
533 5279 865 5349 providentia
888 5297 919 5335 a
951 5281 1106 5337 nobis
1127 5293 1214 5339 est
1246 5286 1518 5341 humiliter
1548 5289 1900 5359 imploranda,

327 5381 388 5424 ut
416 5357 635 5426 cunctas
665 5381 861 5428 nostra:
889 5372 1117 5428 civitatis
1147 5385 1327 5444 portas
1351 5380 1644 5445 custodiat,
1673 5397 1806 5451 quas
1835 5357 1902 5438 ne

327 5461 556 5516 saeviens
583 5462 834 5518 inimicus
862 5464 1128 5536 obsideat,
1153 5466 1267 5536 ipse
1289 5483 1380 5524 eas
1410 5483 1592 5526 contra
1624 5473 1901 5531 machinas

328 5556 472 5612 illius
496 5558 916 5615 misericorditer
939 5561 1172 5630 claudat,
1205 5571 1259 5617 et
1283 5565 1335 5617 in
1367 5567 1535 5633 portis
1566 5567 1766 5621 nostris
1790 5571 1905 5624 lau-

329 5653 449 5707 dem
480 5667 630 5708 suam
665 5655 860 5723 jugiter
894 5659 1194 5713 annuntiari
1243 5663 1536 5729 permittat.
1567 5663 1682 5717 Non
1720 5675 1900 5721 autem

332 5754 668 5800 transeunter
696 5757 777 5799 est
806 5747 1115 5804 intuendum
1136 5791 1150 5815 ,
1181 5754 1319 5823 quod
1353 5755 1564 5821 juvenis
1597 5756 1684 5811 hic
1705 5757 1903 5812 defun-

330 5845 451 5893 ctus
483 5838 620 5894 lilius
641 5839 826 5895 unicus
853 5844 1034 5897 matris
1056 5845 1228 5901 viduae
1255 5849 1418 5905 fuisse
1450 5851 1782 5919 perhibetur.
1814 5853 1904 5909 Li-

740 5933 1012 5996 ΡΑτιιοι.
1062 5937 1247 6005 XCV.

2006 3374 2148 3413 ιιυοι
2180 3358 2430 3429 erigeret.
2463 3356 2536 3411 Hi
2560 3368 2732 3412 autem
2755 3358 2840 3428 qui
2873 3359 3173 3426 portabant,
3197 3368 3464 3426 steterunt,
3488 3362 3596 3413 vir-

2004 3453 2132 3506 tutis
2157 3451 2408 3506 eﬂectum
2448 3450 2747 3506 mirabilem
2775 3451 3126 3507 sustinentes.
3167 3453 3298 3506 Cum
3327 3452 3590 3508 vidissent

2003 3544 2147 3597 enim
2166 3543 2452 3597 Dominum
2474 3542 3018 3614 appropinquantem,
3044 3545 3132 3612 qui
3158 3555 3424 3600 mortuum
3458 3544 3598 3599 fere-

2005 3635 2134 3690 bant
2161 3645 2449 3704 steterunt,
2477 3636 2758 3706 cupientes
2797 3637 3222 3691 misericordiam
3252 3638 3394 3692 illius
3431 3639 3482 3692 in
3513 3653 3596 3692 re-

2004 3729 2341 3782 surrectione
2369 3728 2566 3782 mortui
2597 3728 3112 3783 cernere..Sed-haec
3131 3744 3252 3784 cum
3276 3731 3340 3784 ad
3363 3729 3594 3784 litteram

2008 3834 2102 3889 per
2130 3833 2189 3873 se
2218 3820 2352 3873 satis
2374 3819 2670 3885 emineant,
2698 3828 2948 3888 superest
2971 3829 3028 3873 ut
3055 3820 3181 3889 quid
3209 3821 3444 3890 mysterii
3470 3835 3597 3873 con-

2006 3914 2213 3967 tineant
2243 3912 2581 3980 indagemus.
2623 3911 2808 3982 Neque
2854 3914 2996 3966 enim
3045 3926 3075 3966 a
3116 3923 3450 3968 sacramento
3478 3928 3597 3982 per-

2005 4020 2135 4061 sona
2167 4004 2324 4074 hujus
2349 4005 2523 4060 viduae
2546 4013 2725 4075 potest
2747 4019 2868 4060 esse
2891 4005 3084 4074 otiosa,
3107 4019 3225 4073 quae
3246 4014 3300 4059 et
3319 4005 3596 4074 gravitatis

2007 4097 2328 4166 honestate,
2366 4108 2418 4154 et
2449 4098 2796 4154 continentiae
2826 4098 3021 4152 merito
3045 4143 3058 4166 ,
3093 4112 3301 4152 necnon
3349 4107 3401 4152 et
3441 4111 3596 4152 exse-

2006 4190 2252 4260 quiarum
2304 4189 2603 4260 frequentia
2658 4187 3070 4253 commendata,
3127 4188 3591 4243 resuscitationem

2011 4284 2153 4338 unici
2185 4283 2283 4337 lilii
2316 4297 2346 4336 a
2381 4283 2606 4338 Domino
2652 4283 2848 4338 meruit
2875 4281 3144 4337 obtinere.
3176 4279 3449 4349 Signiticat
3494 4279 3596 4334 uti-

2006 4389 2110 4446 que
2135 4386 2375 4430 sanctam
2409 4375 2703 4430 Ecclesium
2732 4383 2958 4429 matrem
3005 4374 3242 4428 omnium
3283 4381 3429 4427 recte
3471 4385 3592 4426 cre-

2005 4469 2268 4536 dentium,
2293 4484 2414 4538 quaa
2450 4467 2614 4524 verbo
2638 4468 2730 4523 Dei
2774 4466 2900 4532 leta,
2925 4466 3229 4537 spirituales
3257 4466 3331 4520 illi
3358 4464 3593 4534 quotidie

2007 4561 2143 4616 (llios
2164 4577 2259 4630 per
2285 4561 2555 4616 lavacrum
2584 4560 2748 4616 divini
2780 4560 2945 4616 fontis
2985 4574 3175 4631 parere
3221 4575 3325 4614 non
3375 4557 3592 4612 desinit.

2010 4657 2152 4712 Bene
2199 4671 2330 4711 vero
2375 4656 2532 4710 vidua
2583 4656 2699 4710 haec
2742 4655 2938 4710 mulier
2967 4655 3132 4710 fuisse
3158 4649 3390 4708 dicitur':
3427 4652 3591 4707 Vidua

2008 4746 2159 4817 quasi
2185 4761 2215 4801 a
2244 4747 2358 4803 viro
2387 4748 2558 4802 divisa
2589 4747 2758 4811 dicta,
2791 4750 2911 4819 quia
2943 4747 3164 4803 viduare
3194 4744 3367 4800 Graeci
3409 4744 3592 4799 dicunt

2006 4838 2273 4894 dividere.
2307 4838 2374 4894 Et
2401 4848 2586 4896 sancta
2619 4848 2792 4894 mater
2823 4849 3002 4893 nostra
3029 4839 3186 4892 vidua
3215 4846 3316 4900 est,
3352 4835 3474 4904 quia
3503 4836 3588 4888 vi-

2008 4946 2129 4986 rum
2160 4945 2313 4986 suum
2335 4929 2604 4986 Christum
2635 4933 2689 4987 in
2735 4945 2896 4986 carne
2925 4939 3241 5000 praasentem
3284 4942 3388 4981 non
3421 4927 3587 4982 videt.

2007 5022 2294 5093 Postquam
2321 5025 2463 5078 enim
2496 5021 2741 5078 Christus
2770 5023 2852 5078 vir
2878 5023 3020 5077 illius
3039 5062 3054 5087 ,
3087 5021 3252 5091 qui'et
3280 5019 3590 5088 redemptor

2007 5116 2126 5188 ejus
2155 5125 2256 5183 est,
2290 5133 2387 5187 per
2415 5118 2837 5186 assumptionem
2869 5113 3214 5170 humanitatis
3233 5113 3359 5166 abiit
3393 5113 3442 5166 in
3480 5125 3592 5166 cm-

2008 5209 2155 5274 lum,
2205 5220 2389 5264 sancta
2440 5209 2683 5264 Ecclesia
2738 5218 2989 5278 tanquam
3039 5206 3197 5261 vidua
3240 5205 3497 5261 remansit
3536 5205 3587 5259 in

2004 5304 2184 5358 terris.
2241 5303 2388 5358 Unde
2435 5303 2691 5359 Salomon
2731 5318 2944 5373 quoque
2997 5303 3047 5357 in
3095 5317 3320 5373 persona
3352 5301 3591 5356 mulieris

2005 5392 2286 5457 adulterae,
2319 5394 2420 5448 hoc
2447 5403 2550 5459 est,
2583 5392 2952 5449 haereticorum
2977 5395 3220 5450 ecclesiae
3241 5436 3254 5459 ,
3287 5393 3352 5448 de
3389 5392 3588 5448 Christi

2013 5486 2252 5540 absentia
2286 5486 2389 5540 sibi
2420 5486 2746 5542 blandientis
2775 5488 2943 5542 dicit:
2976 5488 3095 5541 Non
3135 5497 3208 5541 est
3246 5487 3320 5539 vir
3345 5488 3397 5539 in
3434 5486 3585 5538 domo

2012 5592 2125 5639 sua,
2157 5576 2280 5629 obiit
2309 5577 2443 5629 viam
2474 5577 2822 5646 longinquam,
2854 5579 3117 5631 sacculum
3155 5578 3383 5645 pecunia:
3417 5591 3587 5629 secum

2013 5673 2146 5736 tulit,
2168 5671 2222 5724 in
2251 5673 2333 5724 die
2359 5673 2519 5742 plena:
2547 5675 2679 5726 (una:
2709 5691 2998 5729 reversurus
3027 5684 3096 5728 est
3127 5675 3178 5728 in
3211 5677 3416 5726 domum
3443 5689 3588 5726 suam

2014 5762 2193 5834 (Prov.
2227 5765 2346 5833 vn).
2373 5763 2532 5830 Cujus
2560 5767 2840 5820 sententia:
2866 5767 2983 5819 talis
3004 5775 3086 5820 est
3107 5780 3295 5819 sensus
3321 5781 3333 5816 :
3369 5763 3481 5819 Non
3507 5771 3588 5817 est

2012 5858 2091 5910 vir
2120 5859 2169 5911 in
2198 5856 2358 5913 domo
2401 5874 2491 5913 sua
2515 5901 2528 5921 ,
2561 5865 2659 5916 hoc
2685 5869 2802 5929 est,
2834 5876 2927 5930 per
2959 5861 3339 5914 humanitatem
3371 5872 3475 5912 non
3504 5863 3588 5914 est

2909 5954 2986 6016 145
