4096 6346
558 351 697 408 “25

1411 348 1610 407 mnu
1651 348 1914 405 DIACONI
1953 314 2109 405 ὀρρ.
2149 347 2324 407 rans
2362 350 2425 406 η.
2467 381 2536 393 --
2573 349 2932 408 ASCETICA.

3671 361 3697 414 1
3707 360 3814 419 ω

627 475 907 546 llydropis,
925 429 1028 529 etc.
1061 472 1273 542 Reliqua
1305 471 1416 525 vide
1440 471 1581 539 apud
1602 487 1712 526 ven.
1737 471 1958 536 Beddm,
1985 468 2115 538 Ope-
2141 469 2196 529 Α
2221 465 2342 522 Dies
2363 468 2563 523 sabbati
2594 470 2916 524 sacerrimus
2937 511 2952 537 ,
2979 477 3035 526 et
3072 470 3175 526 ritu
3207 471 3375 527 veleri
3420 473 3816 536 celeberrimus

552 583 669 622 rum
695 570 803 640 ejus
831 574 968 620 tanto
1003 565 1069 634 V,
1096 564 1407 634 Patrologioe
1433 562 1637 629 XCIV,
1671 564 1771 618 col.
1806 562 1934 618 501.

1035 654 1308 711 HOMlLlA
1360 653 1639 709 CLXXXI.

1054 764 1105 804 IN
1143 763 1317 803 EADEII
1356 761 1627 802 DOIINICA.

769 842 871 912 (Ex
893 839 1089 897 Herico
1125 839 1388 894 monacho
1411 835 1911 904 Antissiodorensi.)

622 936 689 989 In
713 935 802 988 illo
827 943 1066 1004 tempore,
1098 948 1213 984 cum
1236 931 1451 984 intraret
1477 929 1626 983 Iesus
1652 929 1704 981 in
1726 930 1930 981 domum
1951 927 2126 997 cujus-

551 1027 674 1081 dam
702 1026 945 1097 priucipis
977 1022 1385 1086 Pltarisworum,
1417 1030 1520 1077 etc.
1555 1019 1708 1090 (Luc.
1736 1019 1870 1089 xlv.)

623 1118 880 1175 Eternus
901 1125 1058 1185 atque
1089 1114 1375 1169 invisibilis
1405 1129 1585 1168 rerum
1616 1111 1896 1178 conditor,
1941 1112 2126 1164 buma-

550 1224 675 1264 num
704 1219 872 1278 genus
899 1204 1038 1276 quod
1069 1219 1165 1275 per
1194 1205 1350 1275 longa
1384 1203 1573 1258 saeculi
1607 1203 1931 1258 transeuntis
1958 1202 2126 1270 spatia

550 1301 740 1356 mortis
766 1305 1036 1368 perpetua:
1070 1295 1275 1366 legibus
1305 1297 1582 1350 astrictum
1609 1302 1755 1359 erat,
1788 1294 1996 1348 salvare
2018 1293 2126 1348 dis-

549 1401 775 1458 ponens,
805 1384 1110 1440 novissimis
1148 1385 1480 1453 temporibus
1510 1383 1669 1437 homo
1729 1382 1845 1437 fieri
1876 1381 2128 1451 dignatus

549 1489 652 1549 est,
680 1478 912 1533 mirabili
958 1476 1146 1531 ordine
1168 1515 1184 1542 ,
1229 1475 1458 1530 mirabili
1489 1488 1708 1544 prorsus
1733 1485 1788 1528 et
1828 1473 2124 1540 nativitate,

550 1582 610 1627 ut
640 1571 884 1625 homines
913 1583 1048 1638 quos
1075 1567 1282 1639 justitia
1327 1577 1582 1623 censente
1609 1566 1993 1632 damnaverat,
2019 1567 2125 1620 cle-

546 1666 745 1720 mentia
777 1661 1350 1717 dictante-redimeret.
1397 1659 1462 1713 Et
1488 1668 1544 1712 ut
1570 1657 1828 1728 majorem
1857 1658 1998 1713 circa
2027 1670 2126 1712 nos

547 1769 658 1811 sua:
689 1752 900 1821 pietatis
938 1751 1196 1820 allegaret
1222 1749 1560 1813 instantiam,
1601 1763 1704 1800 non
1733 1747 1905 1801 solum
1941 1747 2121 1813 homo,

2224 555 2538 626 habebatur,
2571 560 2621 616 in
2653 575 2761 629 quo
2788 561 2857 616 ab
2878 562 3023 616 omni
3051 576 3215 631 opere
3241 573 3536 628 cessantes,
3575 568 3810 623 medita-

2228 647 2458 703 tionibus
2482 658 2540 707 et
2567 650 2827 708 conviviis
2861 652 3229 722 indulgebant.
3281 654 3444 724 Cujus
3472 657 3810 716 observatio-

2224 752 2346 793 nem
2386 754 2502 794 mos
2547 741 2890 798 Christianus
2929 744 2996 798 ad
3037 744 3184 799 diem
3227 746 3562 803 Dominicam
3594 765 3816 822 compe-

2226 831 2422 883 tentius
2453 833 2757 899 transtulit,
2787 833 2859 889 ob
2906 837 3267 892 reverentiam
3300 837 3588 896 Dominicae
3633 858 3817 901 resur-

2225 921 2505 975 rectionis.
2529 922 2685 988 Quod
2707 934 2885 979 autem
2915 940 3107 982 vocato
3127 928 3195 983 ad
3227 928 3484 999 principis
3505 934 3817 991 convivium

2227 1010 2452 1068 Domino
2482 1015 2681 1070 dicitur
2706 1036 2716 1071 :
2751 1015 2819 1071 Et
2854 1019 2953 1088 ipsi
2983 1020 3318 1076 observabant
3348 1040 3496 1091 eum,
3528 1025 3597 1081 de
3623 1030 3816 1084 scribis

2225 1114 2277 1159 et
2308 1104 2592 1160 Pharisazis
2629 1109 3139 1179 subintelligendum
3167 1123 3249 1166 est
3276 1152 3293 1180 ,
3334 1115 3423 1183 qui
3453 1116 3519 1169 ad
3551 1119 3653 1172 hoc
3681 1121 3816 1174 ade-

2228 1205 2369 1258 rant,
2404 1205 2460 1250 ut
2489 1213 2611 1252 eum
2641 1200 2816 1267 potius
2840 1201 3143 1270 potuissent
3166 1203 3581 1273 reprehendere,
3614 1208 3815 1276 duplici

2224 1286 2473 1342 videlicet
2511 1290 2861 1359 malignitate.
2923 1289 2995 1346 Ut
3027 1292 3145 1348 sive
3190 1305 3403 1349 curaret
3433 1297 3813 1370 hydropicum,

2225 1379 2543 1435 damnarent
2573 1381 2721 1435 illum
2759 1382 2910 1452 quasi
2953 1383 3085 1453 legis
3116 1395 3571 1455 contemptorem,
3602 1399 3659 1444 et
3682 1391 3817 1446 sab-

2227 1471 2333 1525 bati
2377 1472 2688 1526 violatorem
2717 1515 2732 1540 ,
2764 1473 2877 1528 sive
2925 1489 3031 1528 non
3055 1486 3308 1542 curaret,
3352 1491 3642 1548 arguerent
3686 1496 3814 1537 eum

2225 1565 2510 1634 impietatis
2551 1567 2635 1620 vel
2675 1566 3135 1634 impossibilitatis.
3177 1566 3333 1623 Sicut
3363 1571 3506 1625 enim
3544 1571 3672 1627 boni
3710 1574 3817 1628 Do-

2226 1658 2427 1712 minum
2455 1658 2916 1725 sequebantur,ut
2935 1659 3054 1726 ejus
3076 1661 3514 1727 praedicationem
3540 1666 3811 1732 audirent,

2227 1762 2279 1804 et
2300 1751 2556 1804 miracula
2583 1752 2854 1816 viderent,
2883 1752 2963 1806 sic
2983 1767 3014 1807 e
3032 1763 3222 1808 contra
3243 1755 3444 1810 Scriba:
3474 1767 3528 1812 et
3556 1756 3815 1815 Pluariszci

547 1845 903 1902 verumetiam
950 1857 1148 1911 pauper
1191 1849 1246 1897 et
1291 1841 1508 1895 humilis
1557 1841 1715 1893 homo
1743 1840 1908 1895 factus
1935 1850 2045 1903 est,
2074 1847 2130 1894 ut
2158 1823 2206 1887 Β
2233 1845 2478 1910 aderant,
2511 1853 2568 1898 ut
2595 1859 2720 1899 eum
2746 1845 2798 1898 in
2829 1846 2942 1899 suis
2965 1847 3174 1901 actibus
3205 1849 3504 1916 potuissent
3529 1850 3812 1906 calumnia.

545 1947 744 1992 nostra:
778 1933 1260 1989 condescendendo
1291 1932 1620 2000 paupertati,
1661 1945 1876 1985 suarum
1905 1945 2002 1984 nos
2032 1930 2126 1984 di-

545 2027 797 2081 vitiarum
830 2025 1119 2094 participes
1146 2038 1270 2078 esse
1297 2023 1542 2078 donaret.
1570 2023 1810 2092 Denique
1841 2023 1892 2076 in
1919 2032 2124 2078 tantum

545 2136 752 2191 pauper
783 2136 878 2190 pro
909 2119 1063 2174 nobis
1093 2119 1262 2173 factus
1293 2129 1406 2185 est,
1436 2127 1492 2173 ut
1519 2134 1584 2174 ne
1617 2121 1883 2187 tugurium
1908 2118 2124 2187 quidem

544 2213 611 2268 ad
659 2212 995 2267 subeundum
1046 2212 1288 2276 haberet,
1325 2211 1474 2280 juxta
1520 2212 1658 2279 quod
1704 2211 1817 2279 ipse
1858 2211 1983 2264 alibi
2015 2211 2126 2264 ait:

550 2302 743 2374 Vulpes
773 2305 944 2372 foveas
979 2304 1162 2357 habent
1184 2312 1230 2357 et
1253 2303 1481 2357 uolucres
1511 2303 1624 2356 mli
1652 2303 1819 2366 nidos,
1847 2301 2015 2356 Filius
2036 2319 2131 2355 au-

545 2402 647 2448 tem
677 2395 896 2446 hominis
926 2410 1025 2445 non
1047 2393 1192 2444 habet
1224 2392 1305 2444 ubi
1330 2403 1478 2462 caput
1499 2410 1647 2446 suum
1677 2393 1884 2446 reclinet
1907 2391 2127 2460 (Matth.

544 2498 667 2550 vm,
721 2484 848 2536 Luc.
900 2485 996 2554 Ix).
1062 2484 1170 2537 llac
1207 2484 1272 2537 de
1307 2497 1465 2536 causa
1501 2483 1816 2552 dignabatur
1854 2484 2126 2538 hominum

547 2577 701 2633 adire
745 2576 1028 2642 convivia,
1084 2591 1186 2628 non
1233 2590 1339 2644 quo
1383 2575 1657 2630 aﬂcctaret
1701 2577 1884 2644 epulas
1916 2577 2127 2630 mortali

550 2682 714 2724 manu
749 2679 1052 2736 apparatas,
1081 2667 1173 2721 sed
1197 2683 1301 2736 quo
1329 2668 1555 2722 salutem
1581 2668 1832 2734 doceret,
1868 2669 2133 2738 fidemque

547 2761 875 2829 requireret.
910 2760 987 2813 Ad
1016 2761 1116 2814 hoc
1145 2775 1267 2815 sese
1295 2759 1446 2814 festis
1473 2761 1746 2825 hominum
1783 2761 1934 2814 facile
1968 2773 2128 2814 voca-

550 2863 637 2910 tus
670 2853 1036 2923 impertiebat,
1071 2863 1129 2906 ut
1159 2863 1212 2906 et
1241 2854 1494 2908 convivas
1516 2854 1791 2908 miraculis
1816 2854 2128 2919 illustraret,

550 2958 607 3003 et
633 2947 847 3001 familia:
873 2962 990 3015 qua:
1024 2947 1159 2999 intra
1179 2946 1515 3000 dominorum
1540 2947 1682 3001 aedes
1714 2947 1932 3001 servitio
1959 2960 2133 3000 ocou—

546 3049 688 3111 pata:
714 3050 867 3097 erant
892 3082 906 3103 ,
961 3056 1059 3095 nec
1089 3041 1309 3095 liberam
1343 3041 1634 3097 accedendi
1666 3041 1731 3094 ad
1770 3056 1891 3095 eum
1923 3043 2129 3108 copiam

547 3131 845 3196 habebant,
874 3147 967 3199 per
991 3134 1126 3184 hanc
1159 3135 1498 3186 occasionem
1523 3131 1740 3185 verbum
1767 3132 1955 3185 salutis
1980 3132 2132 3184 audi-

2230 1936 2297 1991 ri.
2326 1936 2632 1992 Observare
2667 1937 2898 1992 dicimus
2920 1980 2934 2004 ,
2975 1938 3206 1995 honeste
3235 1951 3289 1996 et
3321 1942 3609 2012 vigilanter
3634 1952 3816 1998 custo-

2236 2028 2370 2082 dire.
2431 2029 2800 2082 Observabam
2846 2043 2974 2096 ergo
3021 2045 3141 2085 eum
3168 2073 3184 2098 ,
3221 2031 3321 2086 hoc
3351 2044 3432 2086 est
3457 2033 3599 2102 quod
3631 2035 3817 2090 callide

2235 2117 2639 2186 reprehensioni
2679 2119 2796 2187 ejus
2847 2119 3216 2176 intendebant.
3293 2123 3470 2189 Quare
3518 2139 3651 2179 vero
3698 2140 3816 2180 eum

2229 2214 2621 2278 observarent,
2652 2227 2716 2267 ex
2750 2227 2815 2266 eo
2861 2212 3002 2282 quod
3042 2215 3306 2285 sequitur,
3337 2217 3693 2271 animadverti
3726 2233 3818 2287 ρο-

2233 2314 2354 2359 test.
2389 2303 2454 2357 Et
2477 2319 2608 2367 ecce,
2636 2302 2826 2373 inquit,
2855 2303 3006 2358 homo
3028 2305 3340 2374 hydropicus
3360 2317 3469 2360 erat
3501 2320 3623 2362 ante
3649 2309 3818 2362 illum.

2230 2395 2360 2464 Quia
2387 2394 2532 2449 enim
2567 2395 2849 2451 sabbatum
2881 2406 3019 2463 erat,
3049 2399 3467 2454 considerabant
3495 2407 3681 2453 utrum
3709 2400 3819 2454 lan-

2230 2486 2444 2557 guidum
2480 2500 2546 2540 eo
2573 2486 2658 2539 die
2690 2495 2926 2552 curaret,
2962 2501 3152 2542 necne.
3216 2488 3283 2542 Et
3306 2489 3572 2556 siquidem
3590 2503 3818 2558 curaret,

2229 2578 2424 2631 dicturi
2454 2585 2609 2632 erant
2634 2595 2646 2630 :
2680 2577 2804 2631 Non
2831 2587 2907 2631 est
2932 2577 3015 2631 hic
3037 2579 3188 2632 homo
3217 2595 3249 2631 a
3281 2579 3411 2646 Deo,
3442 2581 3530 2646 qui
3556 2582 3819 2636 sabbatum

2230 2685 2332 2725 non
2363 2670 2580 2724 custodit
2616 2668 2796 2739 (Joan.
2833 2672 2932 2739 ts).
2993 2669 3050 2724 Si
3095 2685 3225 2725 vero
3253 2685 3376 2726 eum
3412 2687 3607 2728 curare
3637 2675 3816 2738 nollet,

2231 2762 2549 2816 infamarent
2616 2775 2737 2814 eum
2788 2760 2858 2815 de
2906 2744 3363 2829 impossibilitate.
3437 2761 3615 2826 Ecce,
3657 2763 3822 2834 inquit

2229 2855 2588 2922 evangelista,
2639 2855 2790 2908 homo
2841 2854 3154 2924 hydropicus
3205 2863 3312 2909 erat
3359 2865 3477 2909 ante
3517 2857 3687 2911 illum.
3720 2858 3822 2928 Hy-

2241 2946 2406 3013 drops
2436 2944 2675 3010 morbus,
2709 2960 2868 3014 quem
2898 2945 3073 3001 Latini
3095 2954 3370 3001 veternum
3399 2959 3722 3016 nuncupant,
3754 2950 3821 3002 ab

2230 3053 2364 3106 aqua
2395 3040 2565 3093 trahit
2587 3039 2846 3109 originem
2867 3040 3124 3107 nominis,
3147 3043 3270 3110 quia
3292 3042 3481 3098 Graece
3499 3044 3663 3113 hydor
3689 3060 3822 3113 aqua

2236 3131 2451 3186 dicitur.
2495 3131 2592 3185 Est
2639 3147 2766 3188 vero
2819 3131 3220 3188 intercutaneus
3268 3137 3490 3190 morbus
3539 3152 3607 3191 ex
3657 3137 3824 3191 inter-

549 3232 698 3287 rcnt,
724 3234 778 3277 et
805 3233 1081 3278 auctorem
1111 3239 1224 3277 sua:
1254 3223 1564 3278 salvationis
1595 3233 1970 3292 agnoscerent.
2002 3223 2132 3276 Nul-
2159 3181 2209 3245 ο
2248 3222 2493 3289 ruptioue
2534 3223 2722 3277 vesicae
2753 3233 2927 3288 natus,
2953 3233 3212 3279 tumorem
3238 3227 3458 3291 ventris,
3479 3237 3535 3282 et
3560 3229 3823 3283 anhelitus

548 3316 658 3369 l'am
681 3316 826 3368 enim
860 3313 1222 3368 cctiditioncm
1254 3316 1491 3381 sprevit,
1525 3324 1615 3367 aut
1644 3329 1673 3365 a
1709 3329 1802 3368 sua
1834 3312 2134 3367 misericor-

549 3406 636 3461 dia
668 3406 938 3472 indignam
970 3408 1146 3472 duxit,
1177 3409 1301 3475 quia
1332 3409 1614 3460 miseretur
1642 3405 1883 3460 omnium
1925 3416 1977 3459 et
2001 3405 2132 3459 nihil

551 3498 666 3553 odit
714 3514 898 3552 eorum
950 3514 1069 3566 qua:
1104 3498 1251 3560 fecit,
1285 3498 1638 3566 similiterque
1675 3499 1744 3554 de
1781 3500 2028 3552 omnibus
2057 3499 2133 3552 illi

553 3604 680 3644 cura
703 3600 808 3644 est.
852 3591 980 3644 item
1005 3590 1146 3646 aliud
1171 3591 1449 3644 exordium
1476 3607 1490 3643 :
1522 3590 1717 3645 Adibat
1740 3590 1994 3644 Dominus
2013 3605 2132 3644 car-

553 3681 696 3738 nalia
750 3682 1026 3736 hominum
1075 3681 1314 3736 convivia
1369 3695 1473 3735 non
1521 3691 1626 3736 tam
1677 3689 1732 3734 ut
1781 3681 2135 3735 exterior'dius

556 3775 982 3832 ministrantium
1017 3774 1191 3844 epulis
1232 3782 1564 3838 vesceretur,
1611 3789 1768 3841 quam
1801 3781 1858 3824 ut
1898 3774 2010 3839 ipse
2048 3772 2134 3839 qui

556 3876 643 3921 est
675 3869 822 3934 panis
844 3865 910 3919 de
935 3865 1072 3920 cmlo
1103 3864 1456 3930 descendens,
1484 3863 1813 3917 auditoribus
1835 3861 1947 3914 suis
1973 3861 2137 3928 dapes

558 3959 776 4027 superni
823 3957 1051 4011 convivii
1100 3965 1370 4026 erogaret.
1427 3955 1577 4022 Quod
1626 3954 1749 4008 inde
1793 3967 1976 4006 verum
2017 3966 2138 4006 esse

563 4050 842 4117 probatur,
869 4049 992 4117 quia
1019 4048 1321 4116 ubicunque
1349 4058 1642 4114 pransurus
1672 4043 1903 4107 resedit,
1929 4053 2019 4097 aut
2041 4044 2137 4098 do-

557 4142 673 4196 cuit
701 4140 896 4210 aliquid
918 4182 932 4205 ,
959 4149 1049 4194 aut
1073 4141 1223 4210 signa
1250 4139 1495 4207 patravit.
1535 4137 1684 4204 Quod
1723 4138 1917 4191 factum
1958 4137 2010 4190 in
2036 4137 2136 4192 hoc

557 4241 774 4287 constat
816 4231 1090 4295 convivio,
1130 4233 1196 4285 de
1223 4244 1328 4299 quo
1373 4242 1608 4296 praesens
1643 4227 1799 4282 lectio
1832 4227 2050 4293 texitur,
2084 4229 2135 4282 in

555 4339 666 4395 quo
686 4333 742 4380 et
762 4324 1076 4380 miraculum
1101 4321 1468 4391 perpetravit,
1498 4328 1553 4374 et
1585 4317 2016 4388 praedicationem
2045 4334 2139 4372 ex-

557 4415 749 4470 hibuit.
783 4415 990 4484 Agebat
1017 4412 1177 4467 etiam
1219 4414 1320 4465 hoc
1358 4409 1775 4464 clementissimo
1810 4410 2027 4478 pietatis
2058 4408 2141 4462 af-

558 4508 737 4573 fectu,
769 4514 826 4561 ut
859 4507 1052 4560 familia
1082 4520 1202 4574 quae
1245 4503 1504 4559 servitute
1541 4502 1880 4558 dominorum
1916 4518 2130 4571 semper

560 4608 844 4666 occupata,
867 4599 1037 4652 libere
1063 4597 1130 4651 ad
1162 4597 1312 4652 illum
1351 4598 1651 4666 ubicunque
1679 4605 1825 4651 esset
1858 4597 2134 4651 confluere

563 4689 836 4760 nequibat,
872 4691 1108 4757 ipsorum
1135 4688 1200 4742 ad
1231 4688 1528 4741 habitacula
1546 4687 1886 4743 dominorum
1912 4687 2136 4756 dignan-

561 4795 643 4840 ter
672 4781 960 4848 veniente,
1010 4783 1062 4836 in
1109 4784 1391 4851 praesentia
1424 4782 1566 4837 illius
1610 4783 1967 4837 communiter
2012 4779 2137 4845 frui,

557 4889 615 4934 et
657 4879 914 4933 doctrinis
953 4875 1139 4942 reﬁci,
1187 4884 1242 4930 et
1286 4874 1559 4930 miraculis
1591 4882 1810 4943 possent
1854 4871 2135 4927 laitificari.

559 4969 727 5028 Simul
757 4969 919 5024 etiam
951 4968 1081 5023 Novi
1119 4966 1445 5022 Testamenti
1475 4965 1664 5019 futuris
1696 4962 2136 5034 praedicatoribus

559 5061 928 5116 auctoritatem
982 5060 1334 5127 praeferebat,
1366 5066 1629 5126 quatenus
1680 5056 1902 5110 verbum
1947 5054 2137 5108 salutis

557 5151 792 5205 dominis
825 5161 879 5206 et
912 5150 1167 5220 subjectis
1191 5188 1206 5213 ,
1239 5149 1420 5204 liberis
1443 5157 1497 5204 et
1527 5147 1698 5203 servis
1722 5188 1736 5211 ,
1767 5146 2137 5216 superioribus

556 5255 612 5298 et
643 5244 1016 5306 inferioribus,
1049 5241 1297 5295 omnibus
1325 5241 1527 5309 absque
1549 5239 1850 5294 differentia
1882 5252 2137 5305 persona-

560 5352 676 5390 rum
704 5336 1068 5403 impartirent,
1097 5341 1149 5385 et
1180 5334 1245 5385 ab
1279 5333 1359 5386 his
1381 5331 1573 5400 quibus
1594 5329 1813 5384 verbum
1853 5331 1971 5385 vita:
2002 5344 2140 5383 nun-

563 5429 784 5492 tiabant,
808 5425 1153 5479 humanitatis
1175 5425 1423 5492 obsequia
1446 5439 1548 5477 non
1575 5422 1879 5492 refugerent
1895 5421 2139 5476 exhiberi

561 5520 662 5575 sibi
689 5518 852 5588 digno
871 5518 1217 5581 commercio,
1240 5526 1293 5569 ut
1316 5516 1504 5585 quibus
1531 5515 1822 5584 spiritualia
1851 5513 2139 5581 seminam,

561 5624 745 5664 eorum
775 5609 1010 5663 carnalia
1038 5616 1238 5660 metant
1265 5605 1312 5675 (l
1350 5605 1470 5660 Cor.
1505 5606 1606 5674 ιχ).
1641 5603 1707 5659 Ut
1730 5620 1856 5673 ergo
1884 5603 2141 5659 Dominus

561 5714 674 5757 sua:
704 5700 1119 5770 dispensationis
1154 5698 1397 5765 impleret
1427 5697 1682 5762 officium,
1717 5695 1937 5748 intravit
1965 5693 2014 5747 in
2041 5692 2140 5747 do-

565 5809 710 5852 tL-sin
774 5797 1027 5865 principis
1097 5793 1490 5850 Pharisaeorum
1551 5791 1873 5849 manducare
1922 5802 2141 5857 panem.

2239 3315 2462 3368 fetorem
2511 3313 2727 3368 faciens.
2787 3315 3062 3386 Hahetque
3111 3315 3213 3371 hoc
3255 3320 3564 3386 proprium,
3620 3328 3681 3374 ut
3725 3334 3822 3388 quo

2239 3406 2473 3473 amplius
2500 3405 2715 3470 biberit,
2750 3422 2816 3461 eo
2833 3407 3003 3477 magis
3027 3409 3246 3463 noxiam
3271 3409 3324 3462 in
3346 3424 3406 3464 se
3430 3411 3579 3464 sitim
3610 3412 3819 3464 excitet.

2238 3497 2306 3551 Et
2338 3499 2672 3566 respondens,
2697 3500 2830 3553 dixit
2853 3502 2920 3553 ad
2943 3501 3064 3554 illos
3087 3516 3106 3553 :
3139 3500 3201 3555 Si
3230 3501 3344 3554 licet
3372 3503 3586 3555 sabbato
3611 3501 3823 3554 curare!

2238 3589 2304 3640 At
2329 3588 2406 3640 illi
2434 3598 2720 3643 tacuerunt.
2760 3587 2879 3658 Ipse
2905 3605 3022 3644 vero
3049 3597 3424 3661 apprehensum
3453 3607 3652 3662 regnum
3677 3608 3825 3645 sana-

2240 3680 2311 3732 vit
2344 3695 2480 3744 eum,
2514 3696 2572 3732 ac
2605 3681 2820 3734 dimisit.
2851 3681 3004 3748 Quod
3037 3684 3381 3749 respondisse
3410 3683 3611 3738 dicitur
3635 3683 3700 3736 ad
3731 3696 3824 3738 eos

2238 3770 2329 3838 qui
2361 3769 2490 3824 nihil
2522 3770 2805 3838 dixerant,
2852 3773 2920 3826 ad
2965 3773 3094 3828 illud
3125 3772 3381 3843 respicit,
3413 3774 3559 3842 quod
3591 3777 3826 3843 praemis-

2239 3875 2357 3915 sum
2384 3869 2486 3926 est,
2521 3872 2567 3916 et
2607 3862 2707 3929 ipsi
2746 3862 3081 3918 observabant
3108 3879 3246 3918 eum.
3279 3865 3381 3931 Qui
3407 3865 3550 3918 enim
3586 3880 3692 3919 non
3722 3864 3825 3919 mi-

2240 3967 2340 4006 nus
2383 3952 2645 4022 cogitatus
2693 3969 2850 4023 quam
2895 3967 3060 4019 opera
3108 3956 3366 4022 intuetur,
3413 3971 3520 4011 non
3561 3956 3824 4012 immerito

2243 4041 2322 4097 sic
2370 4042 2436 4096 ad
2484 4045 2713 4114 cogitata
2760 4047 2911 4114 quasi
2960 4045 3028 4100 ad
3070 4045 3213 4101 dicta
3242 4047 3326 4103 vel
3356 4047 3498 4101 facta
3531 4049 3824 4117 respondit.

2240 4131 2665 4202 lnterrogantur,
2719 4148 2823 4189 non
2868 4150 2977 4206 quo
3021 4151 3207 4191 eorum
3258 4137 3517 4192 Dominus
3562 4146 3826 4206 Spectaret

2241 4225 2600 4292 sententiam,
2630 4225 2726 4281 sed
2770 4235 2828 4280 ut
2871 4241 2939 4282 ex
2981 4241 3076 4281 sua
3123 4229 3316 4283 melius
3359 4229 3719 4297 responsione
3747 4229 3826 4284 vel

2243 4316 2609 4371 taciturnitate
2637 4316 3007 4374 confutentur.
3068 4317 3218 4373 [inde
3247 4327 3302 4373 et
3328 4319 3402 4372 illi
3427 4319 3667 4389 undique
3693 4336 3821 4379 cou-

2240 4411 2419 4464 clusos
2446 4424 2506 4464 se
2542 4409 2864 4479 aspicientes
2888 4448 2905 4476 ,
2953 4411 3148 4472 merito
3177 4411 3489 4480 interrogati
3525 4420 3822 4466 tacuerunt.

2245 4502 2515 4572 Quidquid
2547 4503 2688 4559 enim
2717 4502 3001 4570 dixissent,
3029 4513 3215 4558 contra
3243 4518 3303 4558 se
3328 4506 3528 4559 dictum
3554 4505 3825 4562 videbant.

2247 4593 2304 4648 Si
2336 4593 2580 4648 dicerent
2605 4635 2622 4662 ,
2674 4593 2840 4659 licet,
2888 4594 3121 4649 audituri
3164 4603 3350 4661 erant,
3379 4609 3544 4664 quare
3584 4609 3718 4665 ergo
3745 4611 3829 4652 me

2244 4684 2581 4741 observatis?
2623 4687 2680 4743 Si
2728 4696 2909 4742 autem
2953 4688 3231 4753 dicerent,
3275 4703 3379 4742 non
3410 4688 3576 4753 licet,
3623 4704 3727 4744 nec
3754 4689 3829 4744 sic

2243 4777 2474 4833 evadere
2499 4788 2767 4846 poterant.
2809 4779 2941 4836 Nam
2969 4780 3172 4835 diceret
3209 4780 3314 4835 illis
3352 4780 3646 4846 Dominus,
3686 4781 3827 4850 quod

2245 4879 2300 4923 et
2323 4869 2550 4924 subinde
2575 4871 2654 4925 eis
2683 4870 2882 4940 objecit
2906 4889 2919 4925 :
2961 4871 3137 4938 Quare
3166 4881 3439 4926 vosaestra
3468 4888 3654 4940 pecora
3688 4889 3830 4926 aura-

2246 4961 2309 5014 tis
2335 4962 2584 5015 sabbato?
2626 4962 2733 5017 Sua
2769 4978 2900 5033 ergo
2925 4977 3022 5018 eos
3048 4963 3375 5018 conscientia
3401 4978 3752 5033 repercussos
3781 4976 3832 5019 et

2249 5063 2487 5109 tacentes
2510 5055 2830 5125 inspiciens,
2873 5056 3263 5126 apprehensum
3307 5072 3510 5127 aegrum
3535 5058 3752 5112 sanavit
3774 5071 3833 5112 ac

2246 5145 2471 5200 dimisit.
2512 5145 2638 5200 Ideo
2659 5146 2868 5204 sanavit
2890 5146 3149 5202 Dominus
3171 5147 3517 5218 hydropicum
3541 5159 3673 5203 ante
3695 5163 3836 5217 prae.

2245 5235 2474 5289 sentiam
2503 5235 2812 5290 Scribarum
2857 5251 2922 5292 ac
2965 5235 3358 5292 Pharisaeorum
3385 5281 3400 5306 ,
3433 5247 3490 5294 ut
3515 5241 3836 5293 ostenderet

2246 5325 2345 5393 eis,
2373 5326 2498 5396 quia
2526 5327 2666 5381 sicut
2707 5325 2797 5381 ille
2844 5338 3064 5382 sanatus
3093 5337 3173 5382 est
3199 5343 3462 5398 corpore,
3491 5328 3564 5384 ita
3596 5329 3673 5383 illi
3708 5329 3757 5383 si
3787 5331 3836 5382 in

2248 5434 2371 5474 eum
2418 5422 2639 5476 credere
2690 5420 2930 5488 vellent,
2980 5420 3032 5474 in
3077 5423 3254 5475 anima
3298 5421 3475 5474 sanari
3508 5423 3834 5490 potuissent.

2251 5512 2504 5567 Prudenti
2537 5526 2665 5566 sane
2702 5512 3100 5580 dispensatione
3152 5513 3406 5567 Dominus
3433 5521 3558 5566 ante
3596 5512 3834 5582 legispe~

2251 5604 2385 5658 ritos
2408 5613 2461 5657 et
2489 5603 2789 5658 Pharlsteos
2813 5602 3163 5673 hydropicum
3192 5613 3362 5667 curat,
3395 5611 3450 5656 et
3480 5617 3607 5656 mox
3647 5615 3834 5668 contra

2250 5698 2522 5751 avaritiam
2557 5697 2830 5765 disputat,
2885 5706 2941 5748 ut
2967 5710 3061 5764 per
3092 5696 3235 5750 illam
3272 5696 3648 5763 mgritudinem
3673 5711 3834 5765 quam

2205 5837 2215 5848 ,
2251 5785 2341 5840 ille
2371 5784 2666 5854 patiebatur
2704 5784 2754 5837 in
2785 5797 2845 5836 co
2887 5797 3048 5851 pore,
3094 5782 3398 5853 designaret
3434 5782 3652 5842 illorum
3686 5784 3833 5840 intir-
