  <div class='ocr_page' id='page_1' title='image "/cluster/home/n/w/nwhite01/storage/ocr_20150623/95/hvd.32044010719722/742.png"; bbox 0 0 4096 6346; ppageno 0'>
   <div class='ocr_carea' id='block_1_1' title="bbox 306 388 444 447">
    <p class='ocr_par' dir='ltr' id='par_1_1' title="bbox 306 388 444 447">
     <span class='ocr_line' id='line_1_1' title="bbox 306 388 444 447; baseline -0.036 0"><span class='ocrx_word' id='word_1_1' title='bbox 306 388 444 447; x_wconf 58' lang='grc' dir='ltr'><strong>ηαδ</strong></span> 
     </span>
    </p>
   </div>
   <div class='ocr_carea' id='block_1_2' title="bbox 1260 379 2560 442">
    <p class='ocr_par' dir='ltr' id='par_1_2' title="bbox 1260 379 2560 442">
     <span class='ocr_line' id='line_1_2' title="bbox 1260 379 2560 442; baseline -0.002 -1"><span class='ocrx_word' id='word_1_2' title='bbox 1260 380 1725 442; x_wconf 80' lang='lat' dir='ltr'><strong>HOMILIARIUS.</strong></span> <span class='ocrx_word' id='word_1_3' title='bbox 1765 411 1836 424; x_wconf 96' lang='lat'><strong>—</strong></span> <span class='ocrx_word' id='word_1_4' title='bbox 1870 380 2034 440; x_wconf 76' lang='lat' dir='ltr'><strong>HOM.</strong></span> <span class='ocrx_word' id='word_1_5' title='bbox 2079 381 2167 438; x_wconf 87' lang='lat' dir='ltr'><strong>DE</strong></span> <span class='ocrx_word' id='word_1_6' title='bbox 2205 379 2560 438; x_wconf 72' lang='lat' dir='ltr'><strong>TEMPORE.</strong></span> 
     </span>
    </p>
   </div>
   <div class='ocr_carea' id='block_1_3' title="bbox 3421 380 3557 444">
    <p class='ocr_par' dir='ltr' id='par_1_3' title="bbox 3421 380 3557 444">
     <span class='ocr_line' id='line_1_3' title="bbox 3421 380 3557 444; baseline -0.029 -2"><span class='ocrx_word' id='word_1_7' title='bbox 3421 380 3557 444; x_wconf 68' lang='grc'><strong>1426</strong></span> 
     </span>
    </p>
   </div>
   <div class='ocr_carea' id='block_1_4' title="bbox 301 497 3556 590">
    <p class='ocr_par' dir='ltr' id='par_1_4' title="bbox 301 497 3556 590">
     <span class='ocr_line' id='line_1_4' title="bbox 301 497 3556 590; baseline 0.004 -44"><span class='ocrx_word' id='word_1_8' title='bbox 301 525 538 581; x_wconf 59' lang='lat' dir='ltr'><strong>“malem</strong></span> <span class='ocrx_word' id='word_1_9' title='bbox 584 503 690 590; x_wconf 70' lang='lat' dir='ltr'><strong>q&#39;ua</strong></span> <span class='ocrx_word' id='word_1_10' title='bbox 740 517 1085 574; x_wconf 57' lang='lat' dir='ltr'><strong>tabescebam</strong></span> <span class='ocrx_word' id='word_1_11' title='bbox 1124 517 1178 574; x_wconf 69' lang='lat' dir='ltr'><strong>in</strong></span> <span class='ocrx_word' id='word_1_12' title='bbox 1224 516 1424 576; x_wconf 69' lang='lat' dir='ltr'><strong>méme_</strong></span> <span class='ocrx_word' id='word_1_13' title='bbox 1477 518 1698 590; x_wconf 53' lang='lat' dir='ltr'><strong>Mysum</strong></span> <span class='ocrx_word' id='word_1_14' title='bbox 1745 532 1875 574; x_wconf 60' lang='lat' dir='ltr'><strong>vero</strong></span> <span class='ocrx_word' id='word_1_15' title='bbox 1902 500 1954 560; x_wconf 79' lang='grc' dir='ltr'><strong>Δ</strong></span> <span class='ocrx_word' id='word_1_16' title='bbox 1980 497 2156 590; x_wconf 82' lang='lat' dir='ltr'><strong>licato,</strong></span> <span class='ocrx_word' id='word_1_17' title='bbox 2199 500 2243 553; x_wconf 89' lang='lat' dir='ltr'><strong>si</strong></span> <span class='ocrx_word' id='word_1_18' title='bbox 2273 497 2409 553; x_wconf 77' lang='lat' dir='ltr'><strong>forte</strong></span> <span class='ocrx_word' id='word_1_19' title='bbox 2445 499 2497 553; x_wconf 93' lang='lat' dir='ltr'><strong>in</strong></span> <span class='ocrx_word' id='word_1_20' title='bbox 2541 509 2752 568; x_wconf 92' lang='lat' dir='ltr'><strong>puteum</strong></span> <span class='ocrx_word' id='word_1_21' title='bbox 2795 512 2924 555; x_wconf 86' lang='lat' dir='ltr'><strong>casu</strong></span> <span class='ocrx_word' id='word_1_22' title='bbox 2971 499 3304 569; x_wconf 90' lang='lat' dir='ltr'><strong>ceciderint,</strong></span> <span class='ocrx_word' id='word_1_23' title='bbox 3345 502 3556 572; x_wconf 83' lang='lat' dir='ltr'><strong>eripere</strong></span> 
     </span>
    </p>
   </div>
   <div class='ocr_carea' id='block_1_5' title="bbox 299 609 1876 688">
    <p class='ocr_par' dir='ltr' id='par_1_5' title="bbox 299 609 1876 688">
     <span class='ocr_line' id='line_1_5' title="bbox 299 609 1876 688; baseline -0.006 -16"><span class='ocrx_word' id='word_1_24' title='bbox 299 613 624 688; x_wconf 77' lang='lat' dir='ltr'><strong>hydropicus</strong></span> <span class='ocrx_word' id='word_1_25' title='bbox 654 611 759 665; x_wconf 90' lang='lat' dir='ltr'><strong>iste</strong></span> <span class='ocrx_word' id='word_1_26' title='bbox 783 653 798 678; x_wconf 97' lang='lat'><strong>,</strong></span> <span class='ocrx_word' id='word_1_27' title='bbox 834 610 1007 680; x_wconf 90' lang='lat' dir='ltr'><strong>ipsum</strong></span> <span class='ocrx_word' id='word_1_28' title='bbox 1050 609 1356 666; x_wconf 70' lang='lat' dir='ltr'><strong>Judaeorum</strong></span> <span class='ocrx_word' id='word_1_29' title='bbox 1389 610 1656 681; x_wconf 82' lang='lat' dir='ltr'><strong>signiﬁcat</strong></span> <span class='ocrx_word' id='word_1_30' title='bbox 1707 625 1876 679; x_wconf 89' lang='lat' dir='ltr'><strong>popu-</strong></span> 
     </span>
    </p>
   </div>
   <div class='ocr_carea' id='block_1_6' title="bbox 299 702 1883 778">
    <p class='ocr_par' dir='ltr' id='par_1_6' title="bbox 299 702 1883 778">
     <span class='ocr_line' id='line_1_6' title="bbox 299 702 1883 778; baseline -0.006 -13"><span class='ocrx_word' id='word_1_31' title='bbox 299 707 433 773; x_wconf 91' lang='lat' dir='ltr'><strong>lum,</strong></span> <span class='ocrx_word' id='word_1_32' title='bbox 465 705 554 778; x_wconf 87' lang='lat' dir='ltr'><strong>qui</strong></span> <span class='ocrx_word' id='word_1_33' title='bbox 598 705 838 776; x_wconf 90' lang='lat' dir='ltr'><strong>pessimo</strong></span> <span class='ocrx_word' id='word_1_34' title='bbox 866 705 1097 774; x_wconf 85' lang='lat' dir='ltr'><strong>quodam</strong></span> <span class='ocrx_word' id='word_1_35' title='bbox 1143 714 1370 760; x_wconf 88' lang='lat' dir='ltr'><strong>veterno</strong></span> <span class='ocrx_word' id='word_1_36' title='bbox 1410 703 1646 758; x_wconf 67' lang='lat' dir='ltr'><strong>avaritia:</strong></span> <span class='ocrx_word' id='word_1_37' title='bbox 1678 714 1730 758; x_wconf 92' lang='lat' dir='ltr'><strong>et</strong></span> <span class='ocrx_word' id='word_1_38' title='bbox 1761 702 1883 756; x_wconf 86' lang='lat' dir='ltr'><strong>libi-</strong></span> 
     </span>
    </p>
   </div>
   <div class='ocr_carea' id='block_1_7' title="bbox 298 793 1883 866">
    <p class='ocr_par' dir='ltr' id='par_1_7' title="bbox 298 793 1883 866">
     <span class='ocr_line' id='line_1_7' title="bbox 298 793 1883 866; baseline -0.004 -12"><span class='ocrx_word' id='word_1_39' title='bbox 298 799 437 854; x_wconf 88' lang='lat' dir='ltr'><strong>dinis</strong></span> <span class='ocrx_word' id='word_1_40' title='bbox 487 803 848 866; x_wconf 74' lang='lat' dir='ltr'><strong>pra-gravatus</strong></span> <span class='ocrx_word' id='word_1_41' title='bbox 897 803 1034 849; x_wconf 90' lang='lat' dir='ltr'><strong>erat.</strong></span> <span class='ocrx_word' id='word_1_42' title='bbox 1102 793 1241 849; x_wconf 78' lang='lat' dir='ltr'><strong>Nihil</strong></span> <span class='ocrx_word' id='word_1_43' title='bbox 1290 796 1430 849; x_wconf 90' lang='lat' dir='ltr'><strong>enim</strong></span> <span class='ocrx_word' id='word_1_44' title='bbox 1475 795 1685 848; x_wconf 85' lang='lat' dir='ltr'><strong>avarius</strong></span> <span class='ocrx_word' id='word_1_45' title='bbox 1721 799 1883 862; x_wconf 78' lang='lat' dir='ltr'><strong>gente</strong></span> 
     </span>
    </p>
   </div>
   <div class='ocr_carea' id='block_1_8' title="bbox 296 885 1884 955">
    <p class='ocr_par' dir='ltr' id='par_1_8' title="bbox 296 885 1884 955">
     <span class='ocr_line' id='line_1_8' title="bbox 296 885 1884 955; baseline -0.007 -5"><span class='ocrx_word' id='word_1_46' title='bbox 296 889 605 951; x_wconf 65' lang='lat' dir='ltr'><strong>Iudaeorum</strong></span> <span class='ocrx_word' id='word_1_47' title='bbox 655 895 811 952; x_wconf 87' lang='lat' dir='ltr'><strong>erat,</strong></span> <span class='ocrx_word' id='word_1_48' title='bbox 866 886 998 942; x_wconf 84' lang='lat' dir='ltr'><strong>nihil</strong></span> <span class='ocrx_word' id='word_1_49' title='bbox 1045 886 1110 942; x_wconf 92' lang='lat' dir='ltr'><strong>ad</strong></span> <span class='ocrx_word' id='word_1_50' title='bbox 1153 887 1428 942; x_wconf 88' lang='lat' dir='ltr'><strong>libidinem</strong></span> <span class='ocrx_word' id='word_1_51' title='bbox 1477 888 1716 955; x_wconf 85' lang='lat' dir='ltr'><strong>pronius.</strong></span> <span class='ocrx_word' id='word_1_52' title='bbox 1773 885 1884 940; x_wconf 85' lang='lat' dir='ltr'><strong>Hoc</strong></span> 
     </span>
    </p>
   </div>
   <div class='ocr_carea' id='block_1_9' title="bbox 299 978 1876 1048">
    <p class='ocr_par' dir='ltr' id='par_1_9' title="bbox 299 978 1876 1048">
     <span class='ocr_line' id='line_1_9' title="bbox 299 978 1876 1048; baseline -0.005 -8"><span class='ocrx_word' id='word_1_53' title='bbox 299 983 485 1040; x_wconf 87' lang='lat' dir='ltr'><strong>morbo</strong></span> <span class='ocrx_word' id='word_1_54' title='bbox 509 989 759 1036; x_wconf 90' lang='lat' dir='ltr'><strong>assuetos</strong></span> <span class='ocrx_word' id='word_1_55' title='bbox 786 994 879 1034; x_wconf 91' lang='lat' dir='ltr'><strong>eos</strong></span> <span class='ocrx_word' id='word_1_56' title='bbox 904 978 1117 1033; x_wconf 83' lang='lat' dir='ltr'><strong>Balaam</strong></span> <span class='ocrx_word' id='word_1_57' title='bbox 1146 978 1386 1034; x_wconf 80' lang='lat' dir='ltr'><strong>hariolus</strong></span> <span class='ocrx_word' id='word_1_58' title='bbox 1416 987 1876 1048; x_wconf 82' lang='lat' dir='ltr'><strong>praecognoverat,</strong></span> 
     </span>
    </p>
   </div>
   <div class='ocr_carea' id='block_1_10' title="bbox 299 1067 1878 1144">
    <p class='ocr_par' dir='ltr' id='par_1_10' title="bbox 299 1067 1878 1144">
     <span class='ocr_line' id='line_1_10' title="bbox 299 1067 1878 1144; baseline -0.003 -16"><span class='ocrx_word' id='word_1_59' title='bbox 299 1071 515 1144; x_wconf 84' lang='lat' dir='ltr'><strong>quando</strong></span> <span class='ocrx_word' id='word_1_60' title='bbox 548 1069 743 1125; x_wconf 86' lang='lat' dir='ltr'><strong>Balach</strong></span> <span class='ocrx_word' id='word_1_61' title='bbox 778 1067 1085 1138; x_wconf 89' lang='lat' dir='ltr'><strong>hujusmodi</strong></span> <span class='ocrx_word' id='word_1_62' title='bbox 1115 1071 1396 1124; x_wconf 91' lang='lat' dir='ltr'><strong>consilium</strong></span> <span class='ocrx_word' id='word_1_63' title='bbox 1422 1071 1675 1135; x_wconf 88' lang='lat' dir='ltr'><strong>dederat,</strong></span> <span class='ocrx_word' id='word_1_64' title='bbox 1708 1077 1764 1123; x_wconf 88' lang='lat' dir='ltr'><strong>ut</strong></span> <span class='ocrx_word' id='word_1_65' title='bbox 1787 1082 1878 1123; x_wconf 88' lang='lat' dir='ltr'><strong>eos</strong></span> 
     </span>
    </p>
   </div>
   <div class='ocr_carea' id='block_1_11' title="bbox 297 1159 1881 1234">
    <p class='ocr_par' dir='ltr' id='par_1_11' title="bbox 297 1159 1881 1234">
     <span class='ocr_line' id='line_1_11' title="bbox 297 1159 1881 1234; baseline -0.004 -16"><span class='ocrx_word' id='word_1_66' title='bbox 297 1179 392 1234; x_wconf 89' lang='lat' dir='ltr'><strong>per</strong></span> <span class='ocrx_word' id='word_1_67' title='bbox 419 1163 701 1217; x_wconf 87' lang='lat' dir='ltr'><strong>mulierum</strong></span> <span class='ocrx_word' id='word_1_68' title='bbox 743 1159 1191 1229; x_wconf 75' lang='lat' dir='ltr'><strong>pulchritudinem</strong></span> <span class='ocrx_word' id='word_1_69' title='bbox 1238 1159 1554 1215; x_wconf 64' lang='lat' dir='ltr'><strong>idololatria</strong></span> <span class='ocrx_word' id='word_1_70' title='bbox 1592 1160 1881 1228; x_wconf 89' lang='lat' dir='ltr'><strong>prostitue-</strong></span> 
     </span>
    </p>
   </div>
   <div class='ocr_carea' id='block_1_12' title="bbox 296 1248 1878 1325">
    <p class='ocr_par' dir='ltr' id='par_1_12' title="bbox 296 1248 1878 1325">
     <span class='ocr_line' id='line_1_12' title="bbox 296 1248 1878 1325; baseline -0.003 -15"><span class='ocrx_word' id='word_1_71' title='bbox 296 1253 577 1325; x_wconf 76' lang='lat' dir='ltr'><strong>ret(Num.</strong></span> <span class='ocrx_word' id='word_1_72' title='bbox 596 1268 744 1318; x_wconf 86' lang='lat' dir='ltr'><strong>xxiv,</strong></span> <span class='ocrx_word' id='word_1_73' title='bbox 772 1253 919 1322; x_wconf 90' lang='lat' dir='ltr'><strong>xxv).</strong></span> <span class='ocrx_word' id='word_1_74' title='bbox 945 1251 1099 1319; x_wconf 86' lang='lat' dir='ltr'><strong>Quod</strong></span> <span class='ocrx_word' id='word_1_75' title='bbox 1114 1267 1239 1307; x_wconf 89' lang='lat' dir='ltr'><strong>vere</strong></span> <span class='ocrx_word' id='word_1_76' title='bbox 1269 1252 1334 1307; x_wconf 91' lang='lat' dir='ltr'><strong>de</strong></span> <span class='ocrx_word' id='word_1_77' title='bbox 1361 1251 1622 1320; x_wconf 89' lang='lat' dir='ltr'><strong>spirituali</strong></span> <span class='ocrx_word' id='word_1_78' title='bbox 1652 1248 1878 1306; x_wconf 85' lang='lat' dir='ltr'><strong>dicimus</strong></span> 
     </span>
    </p>
   </div>
   <div class='ocr_carea' id='block_1_13' title="bbox 298 1343 1879 1418">
    <p class='ocr_par' dir='ltr' id='par_1_13' title="bbox 298 1343 1879 1418">
     <span class='ocr_line' id='line_1_13' title="bbox 298 1343 1879 1418; baseline -0.003 -17"><span class='ocrx_word' id='word_1_79' title='bbox 298 1346 650 1418; x_wconf 70' lang='lat' dir='ltr'><strong>fornicatione</strong></span> <span class='ocrx_word' id='word_1_80' title='bbox 678 1385 693 1409; x_wconf 92' lang='lat'><strong>,</strong></span> <span class='ocrx_word' id='word_1_81' title='bbox 736 1344 820 1399; x_wconf 90' lang='lat' dir='ltr'><strong>cui</strong></span> <span class='ocrx_word' id='word_1_82' title='bbox 871 1345 1008 1399; x_wconf 90' lang='lat' dir='ltr'><strong>adeo</strong></span> <span class='ocrx_word' id='word_1_83' title='bbox 1047 1345 1234 1399; x_wconf 91' lang='lat' dir='ltr'><strong>eadem</strong></span> <span class='ocrx_word' id='word_1_84' title='bbox 1271 1343 1420 1414; x_wconf 89' lang='lat' dir='ltr'><strong>plebs</strong></span> <span class='ocrx_word' id='word_1_85' title='bbox 1465 1343 1778 1408; x_wconf 88' lang='lat' dir='ltr'><strong>inservivit,</strong></span> <span class='ocrx_word' id='word_1_86' title='bbox 1824 1350 1879 1396; x_wconf 91' lang='lat' dir='ltr'><strong>ut</strong></span> 
     </span>
    </p>
   </div>
   <div class='ocr_carea' id='block_1_14' title="bbox 297 1435 1880 1506">
    <p class='ocr_par' dir='ltr' id='par_1_14' title="bbox 297 1435 1880 1506">
     <span class='ocr_line' id='line_1_14' title="bbox 297 1435 1880 1506; baseline -0.002 -14"><span class='ocrx_word' id='word_1_87' title='bbox 297 1436 592 1494; x_wconf 88' lang='lat' dir='ltr'><strong>meretricis</strong></span> <span class='ocrx_word' id='word_1_88' title='bbox 621 1437 859 1506; x_wconf 89' lang='lat' dir='ltr'><strong>procacis</strong></span> <span class='ocrx_word' id='word_1_89' title='bbox 894 1445 948 1491; x_wconf 90' lang='lat' dir='ltr'><strong>et</strong></span> <span class='ocrx_word' id='word_1_90' title='bbox 987 1437 1246 1491; x_wconf 75' lang='lat' dir='ltr'><strong>adultera:</strong></span> <span class='ocrx_word' id='word_1_91' title='bbox 1277 1436 1492 1490; x_wconf 88' lang='lat' dir='ltr'><strong>nomine</strong></span> <span class='ocrx_word' id='word_1_92' title='bbox 1522 1435 1763 1489; x_wconf 86' lang='lat' dir='ltr'><strong>mulieris</strong></span> <span class='ocrx_word' id='word_1_93' title='bbox 1786 1451 1880 1503; x_wconf 90' lang='lat' dir='ltr'><strong>per</strong></span> 
     </span>
    </p>
   </div>
   <div class='ocr_carea' id='block_1_15' title="bbox 302 1527 1877 1600">
    <p class='ocr_par' dir='ltr' id='par_1_15' title="bbox 302 1527 1877 1600">
     <span class='ocr_line' id='line_1_15' title="bbox 302 1527 1877 1600; baseline -0.001 -16"><span class='ocrx_word' id='word_1_94' title='bbox 302 1530 617 1600; x_wconf 83' lang='lat' dir='ltr'><strong>prophetam</strong></span> <span class='ocrx_word' id='word_1_95' title='bbox 643 1530 940 1600; x_wconf 86' lang='lat' dir='ltr'><strong>appelletur</strong></span> <span class='ocrx_word' id='word_1_96' title='bbox 969 1527 1182 1600; x_wconf 78' lang='lat' dir='ltr'><strong>(Ezecli.</strong></span> <span class='ocrx_word' id='word_1_97' title='bbox 1215 1528 1347 1600; x_wconf 88' lang='lat' dir='ltr'><strong>xvt).</strong></span> <span class='ocrx_word' id='word_1_98' title='bbox 1391 1528 1723 1599; x_wconf 84' lang='lat' dir='ltr'><strong>Hydropicus</strong></span> <span class='ocrx_word' id='word_1_99' title='bbox 1750 1544 1877 1584; x_wconf 91' lang='lat' dir='ltr'><strong>vero</strong></span> 
     </span>
    </p>
   </div>
   <div class='ocr_carea' id='block_1_16' title="bbox 293 1621 1880 1692">
    <p class='ocr_par' dir='ltr' id='par_1_16' title="bbox 293 1621 1880 1692">
     <span class='ocr_line' id='line_1_16' title="bbox 293 1621 1880 1692; baseline -0.001 -16"><span class='ocrx_word' id='word_1_100' title='bbox 293 1622 382 1692; x_wconf 92' lang='lat' dir='ltr'><strong>qui</strong></span> <span class='ocrx_word' id='word_1_101' title='bbox 431 1631 671 1687; x_wconf 89' lang='lat' dir='ltr'><strong>sanatur,</strong></span> <span class='ocrx_word' id='word_1_102' title='bbox 722 1637 1045 1691; x_wconf 89' lang='lat' dir='ltr'><strong>synagogam</strong></span> <span class='ocrx_word' id='word_1_103' title='bbox 1102 1621 1437 1692; x_wconf 65' lang='lat' dir='ltr'><strong>prmligurat,</strong></span> <span class='ocrx_word' id='word_1_104' title='bbox 1497 1621 1550 1674; x_wconf 91' lang='lat' dir='ltr'><strong>in</strong></span> <span class='ocrx_word' id='word_1_105' title='bbox 1611 1636 1711 1688; x_wconf 90' lang='lat' dir='ltr'><strong>qua</strong></span> <span class='ocrx_word' id='word_1_106' title='bbox 1759 1635 1880 1690; x_wconf 90' lang='lat' dir='ltr'><strong>pars</strong></span> 
     </span>
    </p>
   </div>
   <div class='ocr_carea' id='block_1_17' title="bbox 294 1712 1879 1782">
    <p class='ocr_par' dir='ltr' id='par_1_17' title="bbox 294 1712 1879 1782">
     <span class='ocr_line' id='line_1_17' title="bbox 294 1712 1879 1782; baseline 0.001 -16"><span class='ocrx_word' id='word_1_107' title='bbox 294 1715 433 1767; x_wconf 90' lang='lat' dir='ltr'><strong>illius</strong></span> <span class='ocrx_word' id='word_1_108' title='bbox 460 1713 638 1782; x_wconf 88' lang='lat' dir='ltr'><strong>populi</strong></span> <span class='ocrx_word' id='word_1_109' title='bbox 669 1712 774 1766; x_wconf 90' lang='lat' dir='ltr'><strong>lide</strong></span> <span class='ocrx_word' id='word_1_110' title='bbox 796 1729 825 1766; x_wconf 93' lang='lat' dir='ltr'><strong>a</strong></span> <span class='ocrx_word' id='word_1_111' title='bbox 855 1715 1013 1767; x_wconf 92' lang='lat' dir='ltr'><strong>noxio</strong></span> <span class='ocrx_word' id='word_1_112' title='bbox 1038 1712 1275 1767; x_wconf 76' lang='lat' dir='ltr'><strong>avaritia:</strong></span> <span class='ocrx_word' id='word_1_113' title='bbox 1309 1723 1362 1768; x_wconf 90' lang='lat' dir='ltr'><strong>et</strong></span> <span class='ocrx_word' id='word_1_114' title='bbox 1393 1712 1628 1768; x_wconf 89' lang='lat' dir='ltr'><strong>libidinis</strong></span> <span class='ocrx_word' id='word_1_115' title='bbox 1658 1713 1879 1768; x_wconf 86' lang='lat' dir='ltr'><strong>humore</strong></span> 
     </span>
    </p>
   </div>
   <div class='ocr_carea' id='block_1_18' title="bbox 295 1808 1878 1878">
    <p class='ocr_par' dir='ltr' id='par_1_18' title="bbox 295 1808 1878 1878">
     <span class='ocr_line' id='line_1_18' title="bbox 295 1808 1878 1878; baseline 0.001 -17"><span class='ocrx_word' id='word_1_116' title='bbox 295 1809 516 1864; x_wconf 89' lang='lat' dir='ltr'><strong>liberata</strong></span> <span class='ocrx_word' id='word_1_117' title='bbox 552 1820 655 1873; x_wconf 90' lang='lat' dir='ltr'><strong>est,</strong></span> <span class='ocrx_word' id='word_1_118' title='bbox 682 1808 816 1863; x_wconf 90' lang='lat' dir='ltr'><strong>adeo</strong></span> <span class='ocrx_word' id='word_1_119' title='bbox 837 1818 894 1862; x_wconf 92' lang='lat' dir='ltr'><strong>ut</strong></span> <span class='ocrx_word' id='word_1_120' title='bbox 930 1820 1048 1878; x_wconf 91' lang='lat' dir='ltr'><strong>post</strong></span> <span class='ocrx_word' id='word_1_121' title='bbox 1077 1809 1269 1863; x_wconf 84' lang='lat' dir='ltr'><strong>Christi</strong></span> <span class='ocrx_word' id='word_1_122' title='bbox 1299 1809 1696 1874; x_wconf 88' lang='lat' dir='ltr'><strong>ascensionem,</strong></span> <span class='ocrx_word' id='word_1_123' title='bbox 1723 1815 1878 1878; x_wconf 90' lang='lat' dir='ltr'><strong>quot-</strong></span> 
     </span>
    </p>
   </div>
   <div class='ocr_carea' id='block_1_19' title="bbox 1987 588 3556 664">
    <p class='ocr_par' dir='ltr' id='par_1_19' title="bbox 1987 588 3556 664">
     <span class='ocr_line' id='line_1_19' title="bbox 1987 588 3556 664; baseline 0.004 -20"><span class='ocrx_word' id='word_1_124' title='bbox 1987 588 2247 644; x_wconf 72' lang='lat' dir='ltr'><strong>ieStinatis</strong></span> <span class='ocrx_word' id='word_1_125' title='bbox 2276 591 2434 646; x_wconf 89' lang='lat' dir='ltr'><strong>etiam</strong></span> <span class='ocrx_word' id='word_1_126' title='bbox 2475 605 2595 645; x_wconf 93' lang='lat' dir='ltr'><strong>cum</strong></span> <span class='ocrx_word' id='word_1_127' title='bbox 2645 592 2825 647; x_wconf 90' lang='lat' dir='ltr'><strong>labore</strong></span> <span class='ocrx_word' id='word_1_128' title='bbox 2848 633 2863 658; x_wconf 96' lang='lat'><strong>,</strong></span> <span class='ocrx_word' id='word_1_129' title='bbox 2919 607 3024 648; x_wconf 92' lang='lat' dir='ltr'><strong>non</strong></span> <span class='ocrx_word' id='word_1_130' title='bbox 3054 592 3184 662; x_wconf 88' lang='lat' dir='ltr'><strong>ipsis</strong></span> <span class='ocrx_word' id='word_1_131' title='bbox 3214 595 3556 664; x_wconf 78' lang='lat' dir='ltr'><strong>animalibus,</strong></span> 
     </span>
    </p>
   </div>
   <div class='ocr_carea' id='block_1_20' title="bbox 1986 679 3560 756">
    <p class='ocr_par' dir='ltr' id='par_1_20' title="bbox 1986 679 3560 756">
     <span class='ocr_line' id='line_1_20' title="bbox 1986 679 3560 756; baseline 0.005 -23"><span class='ocrx_word' id='word_1_132' title='bbox 1986 679 2080 734; x_wconf 92' lang='lat' dir='ltr'><strong>sed</strong></span> <span class='ocrx_word' id='word_1_133' title='bbox 2107 681 2345 736; x_wconf 73' lang='lat' dir='ltr'><strong>avaritia:</strong></span> <span class='ocrx_word' id='word_1_134' title='bbox 2379 692 2568 738; x_wconf 84' lang='lat' dir='ltr'><strong>vestrae</strong></span> <span class='ocrx_word' id='word_1_135' title='bbox 2589 697 2802 753; x_wconf 84' lang='lat' dir='ltr'><strong>operam</strong></span> <span class='ocrx_word' id='word_1_136' title='bbox 2833 684 3046 750; x_wconf 83' lang='lat' dir='ltr'><strong>dantes,</strong></span> <span class='ocrx_word' id='word_1_137' title='bbox 3079 698 3242 755; x_wconf 88' lang='lat' dir='ltr'><strong>quare</strong></span> <span class='ocrx_word' id='word_1_138' title='bbox 3267 702 3352 740; x_wconf 90' lang='lat' dir='ltr'><strong>me</strong></span> <span class='ocrx_word' id='word_1_139' title='bbox 3376 696 3560 756; x_wconf 67' lang='lat' dir='ltr'><strong>repte-</strong></span> 
     </span>
    </p>
   </div>
   <div class='ocr_carea' id='block_1_21' title="bbox 1987 768 3562 848">
    <p class='ocr_par' dir='ltr' id='par_1_21' title="bbox 1987 768 3562 848">
     <span class='ocr_line' id='line_1_21' title="bbox 1987 768 3562 848; baseline 0.006 -26"><span class='ocrx_word' id='word_1_140' title='bbox 1987 768 2219 826; x_wconf 91' lang='lat' dir='ltr'><strong>henditis</strong></span> <span class='ocrx_word' id='word_1_141' title='bbox 2274 785 2370 826; x_wconf 93' lang='lat' dir='ltr'><strong>cur</strong></span> <span class='ocrx_word' id='word_1_142' title='bbox 2401 773 2688 848; x_wconf 48' lang='lat' dir='ltr'><strong>.hominem</strong></span> <span class='ocrx_word' id='word_1_143' title='bbox 2724 774 2789 828; x_wconf 89' lang='lat' dir='ltr'><strong>ad</strong></span> <span class='ocrx_word' id='word_1_144' title='bbox 2831 775 3110 845; x_wconf 78' lang='lat' dir='ltr'><strong>imaginem</strong></span> <span class='ocrx_word' id='word_1_145' title='bbox 3139 777 3231 831; x_wconf 89' lang='lat' dir='ltr'><strong>Dei</strong></span> <span class='ocrx_word' id='word_1_146' title='bbox 3263 779 3562 846; x_wconf 88' lang='lat' dir='ltr'><strong>conditum,</strong></span> 
     </span>
    </p>
   </div>
   <div class='ocr_carea' id='block_1_22' title="bbox 1986 859 3566 932">
    <p class='ocr_par' dir='ltr' id='par_1_22' title="bbox 1986 859 3566 932">
     <span class='ocr_line' id='line_1_22' title="bbox 1986 859 3566 932; baseline 0.004 -18"><span class='ocrx_word' id='word_1_147' title='bbox 1986 859 2259 929; x_wconf 88' lang='lat' dir='ltr'><strong>multoque</strong></span> <span class='ocrx_word' id='word_1_148' title='bbox 2282 861 2496 917; x_wconf 83' lang='lat' dir='ltr'><strong>animali</strong></span> <span class='ocrx_word' id='word_1_149' title='bbox 2528 865 2949 932; x_wconf 69' lang='lat' dir='ltr'><strong>praestantiorem</strong></span> <span class='ocrx_word' id='word_1_150' title='bbox 2969 905 2986 931; x_wconf 94' lang='lat'><strong>,</strong></span> <span class='ocrx_word' id='word_1_151' title='bbox 3027 864 3078 919; x_wconf 94' lang='lat' dir='ltr'><strong>in</strong></span> <span class='ocrx_word' id='word_1_152' title='bbox 3119 866 3206 918; x_wconf 91' lang='lat' dir='ltr'><strong>die</strong></span> <span class='ocrx_word' id='word_1_153' title='bbox 3236 866 3440 921; x_wconf 82' lang='lat' dir='ltr'><strong>sabbati</strong></span> <span class='ocrx_word' id='word_1_154' title='bbox 3472 881 3566 921; x_wconf 84' lang='lat' dir='ltr'><strong>cu-</strong></span> 
     </span>
    </p>
   </div>
   <div class='ocr_carea' id='block_1_23' title="bbox 1986 955 3565 1028">
    <p class='ocr_par' dir='ltr' id='par_1_23' title="bbox 1986 955 3565 1028">
     <span class='ocr_line' id='line_1_23' title="bbox 1986 955 3565 1028; baseline 0.004 -21"><span class='ocrx_word' id='word_1_155' title='bbox 1986 955 2136 1007; x_wconf 79' lang='lat' dir='ltr'><strong>rem?</strong></span> <span class='ocrx_word' id='word_1_156' title='bbox 2165 955 2231 1009; x_wconf 85' lang='lat' dir='ltr'><strong>Et</strong></span> <span class='ocrx_word' id='word_1_157' title='bbox 2260 955 2476 1024; x_wconf 87' lang='lat' dir='ltr'><strong>pulchra</strong></span> <span class='ocrx_word' id='word_1_158' title='bbox 2500 957 2708 1013; x_wconf 83' lang='lat' dir='ltr'><strong>ratione</strong></span> <span class='ocrx_word' id='word_1_159' title='bbox 2741 959 3091 1028; x_wconf 86' lang='lat' dir='ltr'><strong>hydropicum</strong></span> <span class='ocrx_word' id='word_1_160' title='bbox 3128 958 3343 1014; x_wconf 86' lang='lat' dir='ltr'><strong>animali</strong></span> <span class='ocrx_word' id='word_1_161' title='bbox 3385 962 3434 1014; x_wconf 92' lang='lat' dir='ltr'><strong>in</strong></span> <span class='ocrx_word' id='word_1_162' title='bbox 3469 976 3565 1028; x_wconf 91' lang='lat' dir='ltr'><strong>pu-</strong></span> 
     </span>
    </p>
   </div>
   <div class='ocr_carea' id='block_1_24' title="bbox 1987 1045 3566 1121">
    <p class='ocr_par' dir='ltr' id='par_1_24' title="bbox 1987 1045 3566 1121">
     <span class='ocr_line' id='line_1_24' title="bbox 1987 1045 3566 1121; baseline 0.006 -24"><span class='ocrx_word' id='word_1_163' title='bbox 1987 1053 2128 1099; x_wconf 91' lang='lat' dir='ltr'><strong>teum</strong></span> <span class='ocrx_word' id='word_1_164' title='bbox 2174 1045 2441 1102; x_wconf 88' lang='lat' dir='ltr'><strong>decidenti</strong></span> <span class='ocrx_word' id='word_1_165' title='bbox 2489 1059 2809 1118; x_wconf 89' lang='lat' dir='ltr'><strong>comparat,</strong></span> <span class='ocrx_word' id='word_1_166' title='bbox 2863 1051 2985 1120; x_wconf 91' lang='lat' dir='ltr'><strong>quia</strong></span> <span class='ocrx_word' id='word_1_167' title='bbox 3028 1051 3220 1105; x_wconf 89' lang='lat' dir='ltr'><strong>animal</strong></span> <span class='ocrx_word' id='word_1_168' title='bbox 3271 1053 3321 1105; x_wconf 91' lang='lat' dir='ltr'><strong>iu</strong></span> <span class='ocrx_word' id='word_1_169' title='bbox 3347 1063 3566 1121; x_wconf 89' lang='lat' dir='ltr'><strong>puteum</strong></span> 
     </span>
    </p>
   </div>
   <div class='ocr_carea' id='block_1_25' title="bbox 1984 1134 3565 1214">
    <p class='ocr_par' dir='ltr' id='par_1_25' title="bbox 1984 1134 3565 1214">
     <span class='ocr_line' id='line_1_25' title="bbox 1984 1134 3565 1214; baseline 0.007 -25"><span class='ocrx_word' id='word_1_170' title='bbox 1984 1134 2207 1203; x_wconf 86' lang='lat' dir='ltr'><strong>labens,</strong></span> <span class='ocrx_word' id='word_1_171' title='bbox 2255 1154 2406 1207; x_wconf 70' lang='lat' dir='ltr'><strong>aqua:</strong></span> <span class='ocrx_word' id='word_1_172' title='bbox 2437 1141 2658 1198; x_wconf 89' lang='lat' dir='ltr'><strong>humore</strong></span> <span class='ocrx_word' id='word_1_173' title='bbox 2702 1142 2940 1210; x_wconf 86' lang='lat' dir='ltr'><strong>laborat,</strong></span> <span class='ocrx_word' id='word_1_174' title='bbox 2984 1145 3432 1214; x_wconf 84' lang='lat' dir='ltr'><strong>quemadmodum</strong></span> <span class='ocrx_word' id='word_1_175' title='bbox 3458 1144 3565 1200; x_wconf 81' lang='lat' dir='ltr'><strong>hu-</strong></span> 
     </span>
    </p>
   </div>
   <div class='ocr_carea' id='block_1_26' title="bbox 1984 1217 3567 1300">
    <p class='ocr_par' dir='ltr' id='par_1_26' title="bbox 1984 1217 3567 1300">
     <span class='ocr_line' id='line_1_26' title="bbox 1984 1217 3567 1300; baseline 0.008 -22"><span class='ocrx_word' id='word_1_176' title='bbox 1984 1239 2133 1280; x_wconf 89' lang='lat' dir='ltr'><strong>more</strong></span> <span class='ocrx_word' id='word_1_177' title='bbox 2160 1240 2410 1295; x_wconf 80' lang='lat' dir='ltr'><strong>gravatur</strong></span> <span class='ocrx_word' id='word_1_178' title='bbox 2440 1230 2784 1300; x_wconf 86' lang='lat' dir='ltr'><strong>hydropicus.</strong></span> <span class='ocrx_word' id='word_1_179' title='bbox 2828 1235 2977 1289; x_wconf 81' lang='lat' dir='ltr'><strong>Sicut</strong></span> <span class='ocrx_word' id='word_1_180' title='bbox 3003 1244 3056 1290; x_wconf 88' lang='lat' dir='ltr'><strong>et</strong></span> <span class='ocrx_word' id='word_1_181' title='bbox 3089 1236 3140 1288; x_wconf 89' lang='lat' dir='ltr'><strong>in</strong></span> <span class='ocrx_word' id='word_1_182' title='bbox 3170 1237 3273 1289; x_wconf 88' lang='lat' dir='ltr'><strong>alio</strong></span> <span class='ocrx_word' id='word_1_183' title='bbox 3297 1217 3415 1290; x_wconf 78' lang='lat' dir='ltr'><strong>loco</strong></span> <span class='ocrx_word' id='word_1_184' title='bbox 3447 1250 3567 1290; x_wconf 88' lang='lat' dir='ltr'><strong>mu-</strong></span> 
     </span>
    </p>
   </div>
   <div class='ocr_carea' id='block_1_27' title="bbox 1985 1316 3562 1396">
    <p class='ocr_par' dir='ltr' id='par_1_27' title="bbox 1985 1316 3562 1396">
     <span class='ocr_line' id='line_1_27' title="bbox 1985 1316 3562 1396; baseline 0.008 -26"><span class='ocrx_word' id='word_1_185' title='bbox 1985 1316 2168 1373; x_wconf 92' lang='lat' dir='ltr'><strong>lierem</strong></span> <span class='ocrx_word' id='word_1_186' title='bbox 2192 1336 2405 1376; x_wconf 89' lang='lat' dir='ltr'><strong>curvam</strong></span> <span class='ocrx_word' id='word_1_187' title='bbox 2427 1365 2440 1387; x_wconf 93' lang='lat'><strong>,</strong></span> <span class='ocrx_word' id='word_1_188' title='bbox 2486 1339 2644 1392; x_wconf 88' lang='lat' dir='ltr'><strong>quam</strong></span> <span class='ocrx_word' id='word_1_189' title='bbox 2677 1326 2858 1380; x_wconf 88' lang='lat' dir='ltr'><strong>decem</strong></span> <span class='ocrx_word' id='word_1_190' title='bbox 2889 1336 2944 1380; x_wconf 89' lang='lat' dir='ltr'><strong>et</strong></span> <span class='ocrx_word' id='word_1_191' title='bbox 2974 1336 3094 1380; x_wconf 90' lang='lat' dir='ltr'><strong>octo</strong></span> <span class='ocrx_word' id='word_1_192' title='bbox 3125 1328 3278 1382; x_wconf 91' lang='lat' dir='ltr'><strong>annis</strong></span> <span class='ocrx_word' id='word_1_193' title='bbox 3307 1327 3562 1396; x_wconf 86' lang='lat' dir='ltr'><strong>alligave-</strong></span> 
     </span>
    </p>
   </div>
   <div class='ocr_carea' id='block_1_28' title="bbox 1985 1413 3568 1488">
    <p class='ocr_par' dir='ltr' id='par_1_28' title="bbox 1985 1413 3568 1488">
     <span class='ocr_line' id='line_1_28' title="bbox 1985 1413 3568 1488; baseline 0.009 -27"><span class='ocrx_word' id='word_1_194' title='bbox 1985 1418 2065 1462; x_wconf 86' lang='lat' dir='ltr'><strong>rat</strong></span> <span class='ocrx_word' id='word_1_195' title='bbox 2094 1413 2316 1470; x_wconf 88' lang='lat' dir='ltr'><strong>Satanas</strong></span> <span class='ocrx_word' id='word_1_196' title='bbox 2345 1454 2359 1479; x_wconf 90' lang='lat'><strong>,</strong></span> <span class='ocrx_word' id='word_1_197' title='bbox 2402 1415 2644 1484; x_wconf 89' lang='lat' dir='ltr'><strong>jumento</strong></span> <span class='ocrx_word' id='word_1_198' title='bbox 2689 1420 3036 1486; x_wconf 86' lang='lat' dir='ltr'><strong>comparavit,</strong></span> <span class='ocrx_word' id='word_1_199' title='bbox 3078 1421 3218 1488; x_wconf 91' lang='lat' dir='ltr'><strong>quod</strong></span> <span class='ocrx_word' id='word_1_200' title='bbox 3261 1421 3488 1475; x_wconf 84' lang='lat' dir='ltr'><strong>solvitur</strong></span> <span class='ocrx_word' id='word_1_201' title='bbox 3510 1431 3568 1476; x_wconf 92' lang='lat' dir='ltr'><strong>ut</strong></span> 
     </span>
    </p>
   </div>
   <div class='ocr_carea' id='block_1_29' title="bbox 1982 1510 3568 1581">
    <p class='ocr_par' dir='ltr' id='par_1_29' title="bbox 1982 1510 3568 1581">
     <span class='ocr_line' id='line_1_29' title="bbox 1982 1510 3568 1581; baseline 0.006 -19"><span class='ocrx_word' id='word_1_202' title='bbox 1982 1517 2231 1577; x_wconf 76' lang='lat' dir='ltr'><strong>aquatum</strong></span> <span class='ocrx_word' id='word_1_203' title='bbox 2259 1510 2482 1564; x_wconf 88' lang='lat' dir='ltr'><strong>ducatur</strong></span> <span class='ocrx_word' id='word_1_204' title='bbox 2523 1510 2669 1580; x_wconf 88' lang='lat' dir='ltr'><strong>(Luc.</strong></span> <span class='ocrx_word' id='word_1_205' title='bbox 2706 1514 2846 1580; x_wconf 64' lang='grc' dir='ltr'>χιιι).</span> <span class='ocrx_word' id='word_1_206' title='bbox 2891 1513 3085 1568; x_wconf 72' lang='lat' dir='ltr'><strong>Verum</strong></span> <span class='ocrx_word' id='word_1_207' title='bbox 3126 1514 3178 1568; x_wconf 91' lang='lat' dir='ltr'><strong>in</strong></span> <span class='ocrx_word' id='word_1_208' title='bbox 3214 1515 3568 1581; x_wconf 78' lang='lat' dir='ltr'><strong>apertissimis</strong></span> 
     </span>
    </p>
   </div>
   <div class='ocr_carea' id='block_1_30' title="bbox 1985 1599 3565 1676">
    <p class='ocr_par' dir='ltr' id='par_1_30' title="bbox 1985 1599 3565 1676">
     <span class='ocr_line' id='line_1_30' title="bbox 1985 1599 3565 1676; baseline 0.007 -24"><span class='ocrx_word' id='word_1_209' title='bbox 1985 1599 2218 1654; x_wconf 75' lang='lat' dir='ltr'><strong>historia:</strong></span> <span class='ocrx_word' id='word_1_210' title='bbox 2265 1602 2442 1656; x_wconf 87' lang='lat' dir='ltr'><strong>verbis</strong></span> <span class='ocrx_word' id='word_1_211' title='bbox 2490 1601 2674 1656; x_wconf 89' lang='lat' dir='ltr'><strong>intima</strong></span> <span class='ocrx_word' id='word_1_212' title='bbox 2726 1604 2930 1659; x_wconf 90' lang='lat' dir='ltr'><strong>redolet</strong></span> <span class='ocrx_word' id='word_1_213' title='bbox 2988 1606 3220 1660; x_wconf 84' lang='lat' dir='ltr'><strong>suavitas</strong></span> <span class='ocrx_word' id='word_1_214' title='bbox 3271 1607 3565 1676; x_wconf 64' lang='lat' dir='ltr'><strong>allegoria.</strong></span> 
     </span>
    </p>
   </div>
   <div class='ocr_carea' id='block_1_31' title="bbox 1981 1696 3568 1772">
    <p class='ocr_par' dir='ltr' id='par_1_31' title="bbox 1981 1696 3568 1772">
     <span class='ocr_line' id='line_1_31' title="bbox 1981 1696 3568 1772; baseline 0.003 -21"><span class='ocrx_word' id='word_1_215' title='bbox 1981 1696 2112 1751; x_wconf 82' lang='lat' dir='ltr'><strong>Nam</strong></span> <span class='ocrx_word' id='word_1_216' title='bbox 2146 1713 2240 1766; x_wconf 91' lang='lat' dir='ltr'><strong>per</strong></span> <span class='ocrx_word' id='word_1_217' title='bbox 2269 1699 2456 1754; x_wconf 90' lang='lat' dir='ltr'><strong>bovem</strong></span> <span class='ocrx_word' id='word_1_218' title='bbox 2495 1712 2546 1755; x_wconf 91' lang='lat' dir='ltr'><strong>et</strong></span> <span class='ocrx_word' id='word_1_219' title='bbox 2577 1702 2783 1755; x_wconf 87' lang='lat' dir='ltr'><strong>asinum</strong></span> <span class='ocrx_word' id='word_1_220' title='bbox 2829 1712 3050 1771; x_wconf 86' lang='lat' dir='ltr'><strong>uterque</strong></span> <span class='ocrx_word' id='word_1_221' title='bbox 3081 1703 3324 1772; x_wconf 85' lang='lat' dir='ltr'><strong>populus,</strong></span> <span class='ocrx_word' id='word_1_222' title='bbox 3355 1703 3568 1758; x_wconf 57' lang='lat' dir='ltr'><strong>indago-</strong></span> 
     </span>
    </p>
   </div>
   <div class='ocr_carea' id='block_1_32' title="bbox 1983 1789 3564 1866">
    <p class='ocr_par' dir='ltr' id='par_1_32' title="bbox 1983 1789 3564 1866">
     <span class='ocr_line' id='line_1_32' title="bbox 1983 1789 3564 1866; baseline 0.008 -26"><span class='ocrx_word' id='word_1_223' title='bbox 1983 1802 2097 1841; x_wconf 79' lang='lat' dir='ltr'><strong>rum</strong></span> <span class='ocrx_word' id='word_1_224' title='bbox 2132 1789 2382 1844; x_wconf 88' lang='lat' dir='ltr'><strong>videlicet</strong></span> <span class='ocrx_word' id='word_1_225' title='bbox 2427 1801 2481 1846; x_wconf 90' lang='lat' dir='ltr'><strong>et</strong></span> <span class='ocrx_word' id='word_1_226' title='bbox 2528 1793 2798 1862; x_wconf 89' lang='lat' dir='ltr'><strong>gentium,</strong></span> <span class='ocrx_word' id='word_1_227' title='bbox 2843 1793 3176 1866; x_wconf 79' lang='lat' dir='ltr'><strong>intelligitur.</strong></span> <span class='ocrx_word' id='word_1_228' title='bbox 3245 1796 3342 1849; x_wconf 85' lang='lat' dir='ltr'><strong>Per</strong></span> <span class='ocrx_word' id='word_1_229' title='bbox 3373 1795 3564 1852; x_wconf 86' lang='lat' dir='ltr'><strong>bovem</strong></span> 
     </span>
    </p>
   </div>
   <div class='ocr_carea' id='block_1_33' title="bbox 294 1868 3568 1970">
    <p class='ocr_par' dir='ltr' id='par_1_33' title="bbox 294 1868 3568 1970">
     <span class='ocr_line' id='line_1_33' title="bbox 294 1868 3568 1970; baseline 0.001 -17"><span class='ocrx_word' id='word_1_230' title='bbox 294 1909 419 1968; x_wconf 88' lang='lat' dir='ltr'><strong>quot</strong></span> <span class='ocrx_word' id='word_1_231' title='bbox 449 1914 514 1955; x_wconf 90' lang='lat' dir='ltr'><strong>ex</strong></span> <span class='ocrx_word' id='word_1_232' title='bbox 542 1898 620 1955; x_wconf 90' lang='lat' dir='ltr'><strong>eis</strong></span> <span class='ocrx_word' id='word_1_233' title='bbox 650 1899 932 1954; x_wconf 89' lang='lat' dir='ltr'><strong>domorum</strong></span> <span class='ocrx_word' id='word_1_234' title='bbox 954 1900 1035 1954; x_wconf 91' lang='lat' dir='ltr'><strong>vel</strong></span> <span class='ocrx_word' id='word_1_235' title='bbox 1069 1915 1316 1970; x_wconf 89' lang='lat' dir='ltr'><strong>agrorum</strong></span> <span class='ocrx_word' id='word_1_236' title='bbox 1341 1913 1679 1969; x_wconf 82' lang='lat' dir='ltr'><strong>possessores</strong></span> <span class='ocrx_word' id='word_1_237' title='bbox 1703 1910 1877 1966; x_wconf 89' lang='lat' dir='ltr'><strong>erant,</strong></span> <span class='ocrx_word' id='word_1_238' title='bbox 1911 1868 1955 1927; x_wconf 70' lang='grc' dir='ltr'><strong>Β</strong></span> <span class='ocrx_word' id='word_1_239' title='bbox 1985 1880 2198 1947; x_wconf 68' lang='lat' dir='ltr'><strong>quidem</strong></span> <span class='ocrx_word' id='word_1_240' title='bbox 2225 1923 2239 1948; x_wconf 71' lang='grc' dir='ltr'><strong>ν</strong></span> <span class='ocrx_word' id='word_1_241' title='bbox 2277 1885 2428 1953; x_wconf 69' lang='lat' dir='ltr'><strong>cuius</strong></span> <span class='ocrx_word' id='word_1_242' title='bbox 2476 1887 2653 1940; x_wconf 67' lang='grc' dir='ltr'><strong>εθτνίκ</strong></span> <span class='ocrx_word' id='word_1_243' title='bbox 2681 1884 2812 1956; x_wconf 69' lang='lat' dir='ltr'><strong>iugo</strong></span> <span class='ocrx_word' id='word_1_244' title='bbox 2856 1888 3065 1953; x_wconf 67' lang='grc' dir='ltr'><strong>ῑθνίῑιιΐν</strong></span> <span class='ocrx_word' id='word_1_245' title='bbox 3099 1889 3353 1957; x_wconf 61' lang='lat' dir='ltr'><strong>cultisque</strong></span> <span class='ocrx_word' id='word_1_246' title='bbox 3385 1889 3568 1944; x_wconf 54' lang='lat' dir='ltr'><strong>laboro</strong></span> 
     </span>
    </p>
   </div>
   <div class='ocr_carea' id='block_1_34' title="bbox 291 1992 1878 2062">
    <p class='ocr_par' dir='ltr' id='par_1_34' title="bbox 291 1992 1878 2062">
     <span class='ocr_line' id='line_1_34' title="bbox 291 1992 1878 2062; baseline 0.003 -20"><span class='ocrx_word' id='word_1_247' title='bbox 291 1992 584 2046; x_wconf 78' lang='lat' dir='ltr'><strong>vendentes</strong></span> <span class='ocrx_word' id='word_1_248' title='bbox 617 2007 735 2060; x_wconf 65' lang='lat' dir='ltr'><strong>quae</strong></span> <span class='ocrx_word' id='word_1_249' title='bbox 769 1992 966 2047; x_wconf 89' lang='lat' dir='ltr'><strong>habere</strong></span> <span class='ocrx_word' id='word_1_250' title='bbox 995 2002 1265 2062; x_wconf 84' lang='lat' dir='ltr'><strong>poterant,</strong></span> <span class='ocrx_word' id='word_1_251' title='bbox 1302 1993 1530 2062; x_wconf 88' lang='lat' dir='ltr'><strong>pretium</strong></span> <span class='ocrx_word' id='word_1_252' title='bbox 1564 2001 1686 2046; x_wconf 93' lang='lat' dir='ltr'><strong>ante</strong></span> <span class='ocrx_word' id='word_1_253' title='bbox 1714 1992 1878 2061; x_wconf 84' lang='lat' dir='ltr'><strong>pedes</strong></span> 
     </span>
    </p>
   </div>
   <div class='ocr_carea' id='block_1_35' title="bbox 292 2082 1879 2154">
    <p class='ocr_par' dir='ltr' id='par_1_35' title="bbox 292 2082 1879 2154">
     <span class='ocr_line' id='line_1_35' title="bbox 292 2082 1879 2154; baseline 0.002 -19"><span class='ocrx_word' id='word_1_254' title='bbox 292 2082 655 2150; x_wconf 86' lang='lat' dir='ltr'><strong>apostolorum</strong></span> <span class='ocrx_word' id='word_1_255' title='bbox 689 2083 990 2147; x_wconf 79' lang='lat' dir='ltr'><strong>deferrent,</strong></span> <span class='ocrx_word' id='word_1_256' title='bbox 1039 2095 1092 2139; x_wconf 93' lang='lat' dir='ltr'><strong>et</strong></span> <span class='ocrx_word' id='word_1_257' title='bbox 1125 2099 1282 2139; x_wconf 90' lang='lat' dir='ltr'><strong>causa</strong></span> <span class='ocrx_word' id='word_1_258' title='bbox 1316 2084 1512 2139; x_wconf 83' lang='lat' dir='ltr'><strong>amoris</strong></span> <span class='ocrx_word' id='word_1_259' title='bbox 1544 2084 1661 2154; x_wconf 87' lang='lat' dir='ltr'><strong>ejus</strong></span> <span class='ocrx_word' id='word_1_260' title='bbox 1695 2082 1879 2138; x_wconf 88' lang='lat' dir='ltr'><strong>uxori-</strong></span> 
     </span>
    </p>
   </div>
   <div class='ocr_carea' id='block_1_36' title="bbox 291 2174 1877 2246">
    <p class='ocr_par' dir='ltr' id='par_1_36' title="bbox 291 2174 1877 2246">
     <span class='ocr_line' id='line_1_36' title="bbox 291 2174 1877 2246; baseline 0.003 -18"><span class='ocrx_word' id='word_1_261' title='bbox 291 2174 389 2228; x_wconf 88' lang='lat' dir='ltr'><strong>bus</strong></span> <span class='ocrx_word' id='word_1_262' title='bbox 417 2184 470 2228; x_wconf 91' lang='lat' dir='ltr'><strong>et</strong></span> <span class='ocrx_word' id='word_1_263' title='bbox 495 2175 742 2228; x_wconf 89' lang='lat' dir='ltr'><strong>omnibus</strong></span> <span class='ocrx_word' id='word_1_264' title='bbox 778 2176 960 2230; x_wconf 65' lang='lat' dir='ltr'><strong>saeculi</strong></span> <span class='ocrx_word' id='word_1_265' title='bbox 998 2174 1277 2232; x_wconf 71' lang='lat' dir='ltr'><strong>affectibus</strong></span> <span class='ocrx_word' id='word_1_266' title='bbox 1329 2178 1698 2232; x_wconf 84' lang='lat' dir='ltr'><strong>renuntiarent</strong></span> <span class='ocrx_word' id='word_1_267' title='bbox 1735 2178 1877 2246; x_wconf 81' lang='lat' dir='ltr'><strong>(Act.</strong></span> 
     </span>
    </p>
   </div>
   <div class='ocr_carea' id='block_1_37' title="bbox 294 2267 1882 2340">
    <p class='ocr_par' dir='ltr' id='par_1_37' title="bbox 294 2267 1882 2340">
     <span class='ocr_line' id='line_1_37' title="bbox 294 2267 1882 2340; baseline 0.003 -19"><span class='ocrx_word' id='word_1_268' title='bbox 294 2268 397 2336; x_wconf 85' lang='lat' dir='ltr'><strong>tv).</strong></span> <span class='ocrx_word' id='word_1_269' title='bbox 430 2267 534 2322; x_wconf 88' lang='lat' dir='ltr'><strong>Sed</strong></span> <span class='ocrx_word' id='word_1_270' title='bbox 567 2278 619 2323; x_wconf 91' lang='lat' dir='ltr'><strong>et</strong></span> <span class='ocrx_word' id='word_1_271' title='bbox 652 2270 923 2323; x_wconf 88' lang='lat' dir='ltr'><strong>moraliter</strong></span> <span class='ocrx_word' id='word_1_272' title='bbox 967 2269 1287 2339; x_wconf 88' lang='lat' dir='ltr'><strong>hydropicus</strong></span> <span class='ocrx_word' id='word_1_273' title='bbox 1332 2272 1430 2326; x_wconf 89' lang='lat' dir='ltr'><strong>iste</strong></span> <span class='ocrx_word' id='word_1_274' title='bbox 1470 2269 1763 2340; x_wconf 89' lang='lat' dir='ltr'><strong>quemlibet</strong></span> <span class='ocrx_word' id='word_1_275' title='bbox 1788 2271 1882 2326; x_wconf 86' lang='lat' dir='ltr'><strong>de-</strong></span> 
     </span>
    </p>
   </div>
   <div class='ocr_carea' id='block_1_38' title="bbox 290 2357 1882 2432">
    <p class='ocr_par' dir='ltr' id='par_1_38' title="bbox 290 2357 1882 2432">
     <span class='ocr_line' id='line_1_38' title="bbox 290 2357 1882 2432; baseline 0.004 -22"><span class='ocrx_word' id='word_1_276' title='bbox 290 2357 464 2425; x_wconf 85' lang='lat' dir='ltr'><strong>signat</strong></span> <span class='ocrx_word' id='word_1_277' title='bbox 493 2370 710 2411; x_wconf 88' lang='lat' dir='ltr'><strong>avarum</strong></span> <span class='ocrx_word' id='word_1_278' title='bbox 738 2357 820 2411; x_wconf 89' lang='lat' dir='ltr'><strong>vel</strong></span> <span class='ocrx_word' id='word_1_279' title='bbox 845 2357 1200 2412; x_wconf 87' lang='lat' dir='ltr'><strong>luxuriosum.</strong></span> <span class='ocrx_word' id='word_1_280' title='bbox 1246 2358 1394 2415; x_wconf 87' lang='lat' dir='ltr'><strong>Sicut</strong></span> <span class='ocrx_word' id='word_1_281' title='bbox 1419 2360 1563 2415; x_wconf 92' lang='lat' dir='ltr'><strong>enim</strong></span> <span class='ocrx_word' id='word_1_282' title='bbox 1601 2359 1882 2432; x_wconf 74' lang='lat' dir='ltr'><strong>hydropici</strong></span> 
     </span>
    </p>
   </div>
   <div class='ocr_carea' id='block_1_39' title="bbox 289 2447 1882 2524">
    <p class='ocr_par' dir='ltr' id='par_1_39' title="bbox 289 2447 1882 2524">
     <span class='ocr_line' id='line_1_39' title="bbox 289 2447 1882 2524; baseline 0.004 -24"><span class='ocrx_word' id='word_1_283' title='bbox 289 2447 407 2524; x_wconf 81' lang='lat' dir='ltr'><strong>sitis</strong></span> <span class='ocrx_word' id='word_1_284' title='bbox 429 2456 513 2501; x_wconf 86' lang='lat' dir='ltr'><strong>est</strong></span> <span class='ocrx_word' id='word_1_285' title='bbox 541 2447 876 2517; x_wconf 77' lang='lat' dir='ltr'><strong>inexplebilis</strong></span> <span class='ocrx_word' id='word_1_286' title='bbox 896 2489 910 2514; x_wconf 94' lang='lat'><strong>,</strong></span> <span class='ocrx_word' id='word_1_287' title='bbox 944 2451 1013 2502; x_wconf 91' lang='lat' dir='ltr'><strong>ita</strong></span> <span class='ocrx_word' id='word_1_288' title='bbox 1039 2464 1230 2505; x_wconf 88' lang='lat' dir='ltr'><strong>avarus</strong></span> <span class='ocrx_word' id='word_1_289' title='bbox 1258 2453 1543 2519; x_wconf 86' lang='lat' dir='ltr'><strong>quamdam</strong></span> <span class='ocrx_word' id='word_1_290' title='bbox 1569 2452 1714 2506; x_wconf 89' lang='lat' dir='ltr'><strong>sitim</strong></span> <span class='ocrx_word' id='word_1_291' title='bbox 1747 2453 1882 2507; x_wconf 83' lang='lat' dir='ltr'><strong>tnui-</strong></span> 
     </span>
    </p>
   </div>
   <div class='ocr_carea' id='block_1_40' title="bbox 291 2537 1884 2611">
    <p class='ocr_par' dir='ltr' id='par_1_40' title="bbox 291 2537 1884 2611">
     <span class='ocr_line' id='line_1_40' title="bbox 291 2537 1884 2611; baseline 0.005 -21"><span class='ocrx_word' id='word_1_292' title='bbox 291 2537 517 2605; x_wconf 90' lang='lat' dir='ltr'><strong>tiplicat,</strong></span> <span class='ocrx_word' id='word_1_293' title='bbox 559 2538 647 2606; x_wconf 91' lang='lat' dir='ltr'><strong>qui</strong></span> <span class='ocrx_word' id='word_1_294' title='bbox 685 2554 788 2606; x_wconf 91' lang='lat' dir='ltr'><strong>quo</strong></span> <span class='ocrx_word' id='word_1_295' title='bbox 829 2538 1088 2606; x_wconf 89' lang='lat' dir='ltr'><strong>ampliora</strong></span> <span class='ocrx_word' id='word_1_296' title='bbox 1131 2539 1475 2609; x_wconf 90' lang='lat' dir='ltr'><strong>acquisierit,</strong></span> <span class='ocrx_word' id='word_1_297' title='bbox 1506 2556 1570 2596; x_wconf 91' lang='lat' dir='ltr'><strong>eo</strong></span> <span class='ocrx_word' id='word_1_298' title='bbox 1603 2542 1753 2610; x_wconf 89' lang='lat' dir='ltr'><strong>plura</strong></span> <span class='ocrx_word' id='word_1_299' title='bbox 1787 2558 1884 2611; x_wconf 85' lang='lat' dir='ltr'><strong>per</strong></span> 
     </span>
    </p>
   </div>
   <div class='ocr_carea' id='block_1_41' title="bbox 290 2626 1879 2697">
    <p class='ocr_par' dir='ltr' id='par_1_41' title="bbox 290 2626 1879 2697">
     <span class='ocr_line' id='line_1_41' title="bbox 290 2626 1879 2697; baseline 0.004 -15"><span class='ocrx_word' id='word_1_300' title='bbox 290 2626 370 2683; x_wconf 83' lang='lat' dir='ltr'><strong>las</strong></span> <span class='ocrx_word' id='word_1_301' title='bbox 415 2636 468 2682; x_wconf 93' lang='lat' dir='ltr'><strong>et</strong></span> <span class='ocrx_word' id='word_1_302' title='bbox 511 2629 659 2683; x_wconf 79' lang='lat' dir='ltr'><strong>nefas</strong></span> <span class='ocrx_word' id='word_1_303' title='bbox 705 2631 982 2697; x_wconf 90' lang='lat' dir='ltr'><strong>acquirere</strong></span> <span class='ocrx_word' id='word_1_304' title='bbox 1013 2631 1242 2684; x_wconf 87' lang='lat' dir='ltr'><strong>laborat.</strong></span> <span class='ocrx_word' id='word_1_305' title='bbox 1301 2629 1452 2685; x_wconf 81' lang='lat' dir='ltr'><strong>Unde</strong></span> <span class='ocrx_word' id='word_1_306' title='bbox 1487 2633 1738 2688; x_wconf 88' lang='lat' dir='ltr'><strong>Salomon</strong></span> <span class='ocrx_word' id='word_1_307' title='bbox 1766 2635 1879 2688; x_wconf 91' lang='lat' dir='ltr'><strong>ait:</strong></span> 
     </span>
    </p>
   </div>
   <div class='ocr_carea' id='block_1_42' title="bbox 290 2721 1882 2794">
    <p class='ocr_par' dir='ltr' id='par_1_42' title="bbox 290 2721 1882 2794">
     <span class='ocr_line' id='line_1_42' title="bbox 290 2721 1882 2794; baseline 0.004 -20"><span class='ocrx_word' id='word_1_308' title='bbox 290 2723 486 2776; x_wconf 81' lang='lat' dir='ltr'><strong>Avarus</strong></span> <span class='ocrx_word' id='word_1_309' title='bbox 535 2738 633 2776; x_wconf 89' lang='lat' dir='ltr'><strong>non</strong></span> <span class='ocrx_word' id='word_1_310' title='bbox 664 2723 902 2789; x_wconf 84' lang='lat' dir='ltr'><strong>impletur</strong></span> <span class='ocrx_word' id='word_1_311' title='bbox 932 2725 1145 2792; x_wconf 81' lang='lat' dir='ltr'><strong>pecunia</strong></span> <span class='ocrx_word' id='word_1_312' title='bbox 1190 2721 1412 2794; x_wconf 74' lang='lat' dir='ltr'><strong>(Eccles.</strong></span> <span class='ocrx_word' id='word_1_313' title='bbox 1451 2727 1532 2793; x_wconf 90' lang='lat' dir='ltr'><strong>v).</strong></span> <span class='ocrx_word' id='word_1_314' title='bbox 1584 2724 1718 2791; x_wconf 82' lang='lat' dir='ltr'><strong>Quia</strong></span> <span class='ocrx_word' id='word_1_315' title='bbox 1764 2725 1882 2781; x_wconf 88' lang='lat' dir='ltr'><strong>sitis</strong></span> 
     </span>
    </p>
   </div>
   <div class='ocr_carea' id='block_1_43' title="bbox 289 2813 1877 2884">
    <p class='ocr_par' dir='ltr' id='par_1_43' title="bbox 289 2813 1877 2884">
     <span class='ocr_line' id='line_1_43' title="bbox 289 2813 1877 2884; baseline 0.004 -19"><span class='ocrx_word' id='word_1_316' title='bbox 289 2813 408 2881; x_wconf 88' lang='lat' dir='ltr'><strong>ejus</strong></span> <span class='ocrx_word' id='word_1_317' title='bbox 450 2827 548 2868; x_wconf 92' lang='lat' dir='ltr'><strong>nec</strong></span> <span class='ocrx_word' id='word_1_318' title='bbox 581 2813 756 2882; x_wconf 87' lang='lat' dir='ltr'><strong>inopia</strong></span> <span class='ocrx_word' id='word_1_319' title='bbox 804 2814 1094 2881; x_wconf 84' lang='lat' dir='ltr'><strong>minuitur,</strong></span> <span class='ocrx_word' id='word_1_320' title='bbox 1164 2826 1218 2868; x_wconf 89' lang='lat' dir='ltr'><strong>et</strong></span> <span class='ocrx_word' id='word_1_321' title='bbox 1269 2830 1366 2868; x_wconf 89' lang='lat' dir='ltr'><strong>nec</strong></span> <span class='ocrx_word' id='word_1_322' title='bbox 1408 2817 1561 2884; x_wconf 92' lang='lat' dir='ltr'><strong>copia</strong></span> <span class='ocrx_word' id='word_1_323' title='bbox 1605 2816 1877 2884; x_wconf 89' lang='lat' dir='ltr'><strong>expletur,</strong></span> 
     </span>
    </p>
   </div>
   <div class='ocr_carea' id='block_1_44' title="bbox 292 2903 1872 2978">
    <p class='ocr_par' dir='ltr' id='par_1_44' title="bbox 292 2903 1872 2978">
     <span class='ocr_line' id='line_1_44' title="bbox 292 2903 1872 2978; baseline 0.004 -22"><span class='ocrx_word' id='word_1_324' title='bbox 292 2903 379 2958; x_wconf 92' lang='lat' dir='ltr'><strong>illa</strong></span> <span class='ocrx_word' id='word_1_325' title='bbox 415 2919 578 2971; x_wconf 91' lang='lat' dir='ltr'><strong>super</strong></span> <span class='ocrx_word' id='word_1_326' title='bbox 610 2906 710 2959; x_wconf 89' lang='lat' dir='ltr'><strong>hoc</strong></span> <span class='ocrx_word' id='word_1_327' title='bbox 741 2907 1102 2961; x_wconf 88' lang='lat' dir='ltr'><strong>concordante</strong></span> <span class='ocrx_word' id='word_1_328' title='bbox 1147 2908 1411 2961; x_wconf 82' lang='lat' dir='ltr'><strong>sententia</strong></span> <span class='ocrx_word' id='word_1_329' title='bbox 1435 2947 1450 2972; x_wconf 94' lang='lat'><strong>,</strong></span> <span class='ocrx_word' id='word_1_330' title='bbox 1498 2924 1598 2978; x_wconf 88' lang='lat' dir='ltr'><strong>qua</strong></span> <span class='ocrx_word' id='word_1_331' title='bbox 1639 2909 1872 2963; x_wconf 91' lang='lat' dir='ltr'><strong>dicitur:</strong></span> 
     </span>
    </p>
   </div>
   <div class='ocr_carea' id='block_1_45' title="bbox 293 2992 1880 3068">
    <p class='ocr_par' dir='ltr' id='par_1_45' title="bbox 293 2992 1880 3068">
     <span class='ocr_line' id='line_1_45' title="bbox 293 2992 1880 3068; baseline 0.004 -21"><span class='ocrx_word' id='word_1_332' title='bbox 293 2992 516 3060; x_wconf 81' lang='lat' dir='ltr'><strong>Semper</strong></span> <span class='ocrx_word' id='word_1_333' title='bbox 547 3009 739 3048; x_wconf 91' lang='lat' dir='ltr'><strong>avarus</strong></span> <span class='ocrx_word' id='word_1_334' title='bbox 771 3006 910 3065; x_wconf 90' lang='lat' dir='ltr'><strong>eget.</strong></span> <span class='ocrx_word' id='word_1_335' title='bbox 962 2996 1080 3050; x_wconf 82' lang='lat' dir='ltr'><strong>Pari</strong></span> <span class='ocrx_word' id='word_1_336' title='bbox 1114 2997 1272 3052; x_wconf 86' lang='lat' dir='ltr'><strong>modo</strong></span> <span class='ocrx_word' id='word_1_337' title='bbox 1319 2999 1623 3052; x_wconf 89' lang='lat' dir='ltr'><strong>luxuriosus</strong></span> <span class='ocrx_word' id='word_1_338' title='bbox 1654 3000 1880 3068; x_wconf 85' lang='lat' dir='ltr'><strong>quisque</strong></span> 
     </span>
    </p>
   </div>
   <div class='ocr_carea' id='block_1_46' title="bbox 293 3085 1877 3160">
    <p class='ocr_par' dir='ltr' id='par_1_46' title="bbox 293 3085 1877 3160">
     <span class='ocr_line' id='line_1_46' title="bbox 293 3085 1877 3160; baseline 0.003 -22"><span class='ocrx_word' id='word_1_339' title='bbox 293 3100 398 3154; x_wconf 92' lang='lat' dir='ltr'><strong>quo</strong></span> <span class='ocrx_word' id='word_1_340' title='bbox 426 3085 594 3153; x_wconf 86' lang='lat' dir='ltr'><strong>magis</strong></span> <span class='ocrx_word' id='word_1_341' title='bbox 619 3087 946 3156; x_wconf 90' lang='lat' dir='ltr'><strong>voluptatem</strong></span> <span class='ocrx_word' id='word_1_342' title='bbox 969 3089 1147 3142; x_wconf 89' lang='lat' dir='ltr'><strong>carnis</strong></span> <span class='ocrx_word' id='word_1_343' title='bbox 1170 3088 1486 3159; x_wconf 80' lang='lat' dir='ltr'><strong>expleverit,</strong></span> <span class='ocrx_word' id='word_1_344' title='bbox 1511 3105 1577 3144; x_wconf 89' lang='lat' dir='ltr'><strong>eo</strong></span> <span class='ocrx_word' id='word_1_345' title='bbox 1605 3092 1670 3143; x_wconf 90' lang='lat' dir='ltr'><strong>ad</strong></span> <span class='ocrx_word' id='word_1_346' title='bbox 1697 3090 1877 3160; x_wconf 65' lang='lat' dir='ltr'><strong>pejora</strong></span> 
     </span>
    </p>
   </div>
   <div class='ocr_carea' id='block_1_47' title="bbox 293 3177 1877 3248">
    <p class='ocr_par' dir='ltr' id='par_1_47' title="bbox 293 3177 1877 3248">
     <span class='ocr_line' id='line_1_47' title="bbox 293 3177 1877 3248; baseline 0.004 -20"><span class='ocrx_word' id='word_1_347' title='bbox 293 3177 649 3244; x_wconf 89' lang='lat' dir='ltr'><strong>perpetranda</strong></span> <span class='ocrx_word' id='word_1_348' title='bbox 683 3179 1014 3244; x_wconf 84' lang='lat' dir='ltr'><strong>accenditur,</strong></span> <span class='ocrx_word' id='word_1_349' title='bbox 1038 3181 1220 3248; x_wconf 87' lang='lat' dir='ltr'><strong>sicque</strong></span> <span class='ocrx_word' id='word_1_350' title='bbox 1252 3181 1310 3233; x_wconf 90' lang='lat' dir='ltr'><strong>lit</strong></span> <span class='ocrx_word' id='word_1_351' title='bbox 1340 3193 1397 3234; x_wconf 92' lang='lat' dir='ltr'><strong>ut</strong></span> <span class='ocrx_word' id='word_1_352' title='bbox 1428 3182 1565 3235; x_wconf 90' lang='lat' dir='ltr'><strong>unde</strong></span> <span class='ocrx_word' id='word_1_353' title='bbox 1594 3182 1658 3235; x_wconf 90' lang='lat' dir='ltr'><strong>ad</strong></span> <span class='ocrx_word' id='word_1_354' title='bbox 1693 3183 1877 3237; x_wconf 79' lang='lat' dir='ltr'><strong>horam</strong></span> 
     </span>
    </p>
   </div>
   <div class='ocr_carea' id='block_1_48' title="bbox 292 3267 1887 3339">
    <p class='ocr_par' dir='ltr' id='par_1_48' title="bbox 292 3267 1887 3339">
     <span class='ocr_line' id='line_1_48' title="bbox 292 3267 1887 3339; baseline 0.005 -19"><span class='ocrx_word' id='word_1_355' title='bbox 292 3267 523 3321; x_wconf 90' lang='lat' dir='ltr'><strong>libidinis</strong></span> <span class='ocrx_word' id='word_1_356' title='bbox 554 3269 882 3324; x_wconf 88' lang='lat' dir='ltr'><strong>incentivum</strong></span> <span class='ocrx_word' id='word_1_357' title='bbox 911 3271 1287 3339; x_wconf 82' lang='lat' dir='ltr'><strong>exstinguitur,</strong></span> <span class='ocrx_word' id='word_1_358' title='bbox 1332 3274 1454 3327; x_wconf 87' lang='lat' dir='ltr'><strong>inde</strong></span> <span class='ocrx_word' id='word_1_359' title='bbox 1496 3288 1615 3327; x_wconf 87' lang='lat' dir='ltr'><strong>mox</strong></span> <span class='ocrx_word' id='word_1_360' title='bbox 1649 3275 1887 3328; x_wconf 84' lang='lat' dir='ltr'><strong>deterius</strong></span> 
     </span>
    </p>
   </div>
   <div class='ocr_carea' id='block_1_49' title="bbox 295 3359 1885 3435">
    <p class='ocr_par' dir='ltr' id='par_1_49' title="bbox 295 3359 1885 3435">
     <span class='ocr_line' id='line_1_49' title="bbox 295 3359 1885 3435; baseline 0.004 -23"><span class='ocrx_word' id='word_1_361' title='bbox 295 3359 674 3415; x_wconf 74' lang='lat' dir='ltr'><strong>inﬂammetur.</strong></span> <span class='ocrx_word' id='word_1_362' title='bbox 723 3362 960 3416; x_wconf 82' lang='lat' dir='ltr'><strong>Diximus</strong></span> <span class='ocrx_word' id='word_1_363' title='bbox 1000 3361 1144 3418; x_wconf 90' lang='lat' dir='ltr'><strong>enim</strong></span> <span class='ocrx_word' id='word_1_364' title='bbox 1184 3365 1373 3418; x_wconf 87' lang='lat' dir='ltr'><strong>morbo</strong></span> <span class='ocrx_word' id='word_1_365' title='bbox 1418 3364 1710 3435; x_wconf 87' lang='lat' dir='ltr'><strong>hydropico</strong></span> <span class='ocrx_word' id='word_1_366' title='bbox 1757 3380 1885 3419; x_wconf 81' lang='lat' dir='ltr'><strong>ava-</strong></span> 
     </span>
    </p>
   </div>
   <div class='ocr_carea' id='block_1_50' title="bbox 295 3453 1887 3526">
    <p class='ocr_par' dir='ltr' id='par_1_50' title="bbox 295 3453 1887 3526">
     <span class='ocr_line' id='line_1_50' title="bbox 295 3453 1887 3526; baseline 0.004 -20"><span class='ocrx_word' id='word_1_367' title='bbox 295 3453 469 3507; x_wconf 90' lang='lat' dir='ltr'><strong>ritiam</strong></span> <span class='ocrx_word' id='word_1_368' title='bbox 499 3453 809 3523; x_wconf 86' lang='lat' dir='ltr'><strong>signiﬁcari,</strong></span> <span class='ocrx_word' id='word_1_369' title='bbox 842 3454 984 3525; x_wconf 91' lang='lat' dir='ltr'><strong>quod</strong></span> <span class='ocrx_word' id='word_1_370' title='bbox 1010 3454 1147 3511; x_wconf 86' lang='lat' dir='ltr'><strong>sicut</strong></span> <span class='ocrx_word' id='word_1_371' title='bbox 1173 3455 1264 3512; x_wconf 91' lang='lat' dir='ltr'><strong>ille</strong></span> <span class='ocrx_word' id='word_1_372' title='bbox 1295 3473 1486 3526; x_wconf 86' lang='lat' dir='ltr'><strong>aquam</strong></span> <span class='ocrx_word' id='word_1_373' title='bbox 1511 3500 1524 3522; x_wconf 93' lang='lat'><strong>,</strong></span> <span class='ocrx_word' id='word_1_374' title='bbox 1558 3459 1626 3511; x_wconf 89' lang='lat' dir='ltr'><strong>ita</strong></span> <span class='ocrx_word' id='word_1_375' title='bbox 1654 3459 1753 3512; x_wconf 90' lang='lat' dir='ltr'><strong>iste</strong></span> <span class='ocrx_word' id='word_1_376' title='bbox 1775 3458 1887 3514; x_wconf 88' lang='lat' dir='ltr'><strong>sitit</strong></span> 
     </span>
    </p>
   </div>
   <div class='ocr_carea' id='block_1_51' title="bbox 295 3544 1886 3618">
    <p class='ocr_par' dir='ltr' id='par_1_51' title="bbox 295 3544 1886 3618">
     <span class='ocr_line' id='line_1_51' title="bbox 295 3544 1886 3618; baseline 0.004 -20"><span class='ocrx_word' id='word_1_377' title='bbox 295 3544 597 3613; x_wconf 86' lang='lat' dir='ltr'><strong>pecuniam.</strong></span> <span class='ocrx_word' id='word_1_378' title='bbox 651 3545 768 3612; x_wconf 84' lang='lat' dir='ltr'><strong>Quo</strong></span> <span class='ocrx_word' id='word_1_379' title='bbox 813 3547 942 3603; x_wconf 89' lang='lat' dir='ltr'><strong>vitio</strong></span> <span class='ocrx_word' id='word_1_380' title='bbox 990 3547 1293 3604; x_wconf 68' lang='lat' dir='ltr'><strong>Pharisaios</strong></span> <span class='ocrx_word' id='word_1_381' title='bbox 1339 3551 1610 3604; x_wconf 79' lang='lat' dir='ltr'><strong>laborasse</strong></span> <span class='ocrx_word' id='word_1_382' title='bbox 1652 3564 1886 3618; x_wconf 79' lang='lat' dir='ltr'><strong>evange-</strong></span> 
     </span>
    </p>
   </div>
   <div class='ocr_carea' id='block_1_52' title="bbox 295 3635 1887 3712">
    <p class='ocr_par' dir='ltr' id='par_1_52' title="bbox 295 3635 1887 3712">
     <span class='ocr_line' id='line_1_52' title="bbox 295 3635 1887 3712; baseline 0.004 -22"><span class='ocrx_word' id='word_1_383' title='bbox 295 3635 413 3691; x_wconf 89' lang='lat' dir='ltr'><strong>lista</strong></span> <span class='ocrx_word' id='word_1_384' title='bbox 447 3638 782 3705; x_wconf 82' lang='lat' dir='ltr'><strong>manifestat,</strong></span> <span class='ocrx_word' id='word_1_385' title='bbox 811 3655 930 3694; x_wconf 89' lang='lat' dir='ltr'><strong>cum</strong></span> <span class='ocrx_word' id='word_1_386' title='bbox 973 3649 1095 3708; x_wconf 90' lang='lat' dir='ltr'><strong>post</strong></span> <span class='ocrx_word' id='word_1_387' title='bbox 1126 3642 1408 3697; x_wconf 88' lang='lat' dir='ltr'><strong>nonnullas</strong></span> <span class='ocrx_word' id='word_1_388' title='bbox 1444 3643 1727 3712; x_wconf 83' lang='lat' dir='ltr'><strong>parabolas</strong></span> <span class='ocrx_word' id='word_1_389' title='bbox 1756 3643 1887 3697; x_wconf 84' lang='lat' dir='ltr'><strong>sub-</strong></span> 
     </span>
    </p>
   </div>
   <div class='ocr_carea' id='block_1_53' title="bbox 295 3726 1889 3801">
    <p class='ocr_par' dir='ltr' id='par_1_53' title="bbox 295 3726 1889 3801">
     <span class='ocr_line' id='line_1_53' title="bbox 295 3726 1889 3801; baseline 0.006 -22"><span class='ocrx_word' id='word_1_390' title='bbox 295 3726 372 3780; x_wconf 90' lang='lat' dir='ltr'><strong>dit</strong></span> <span class='ocrx_word' id='word_1_391' title='bbox 399 3745 411 3781; x_wconf 94' lang='lat'><strong>:</strong></span> <span class='ocrx_word' id='word_1_392' title='bbox 445 3729 735 3781; x_wconf 79' lang='lat' dir='ltr'><strong>Audiebant</strong></span> <span class='ocrx_word' id='word_1_393' title='bbox 761 3733 892 3784; x_wconf 84' lang='lat' dir='ltr'><strong>enim</strong></span> <span class='ocrx_word' id='word_1_394' title='bbox 922 3731 1029 3785; x_wconf 66' lang='lat' dir='ltr'><strong>hare</strong></span> <span class='ocrx_word' id='word_1_395' title='bbox 1057 3734 1312 3787; x_wconf 76' lang='lat' dir='ltr'><strong>Phariswi</strong></span> <span class='ocrx_word' id='word_1_396' title='bbox 1340 3736 1424 3801; x_wconf 83' lang='lat' dir='ltr'><strong>qui</strong></span> <span class='ocrx_word' id='word_1_397' title='bbox 1446 3745 1588 3787; x_wconf 84' lang='lat' dir='ltr'><strong>erant</strong></span> <span class='ocrx_word' id='word_1_398' title='bbox 1619 3737 1763 3787; x_wconf 75' lang='lat' dir='ltr'><strong>avari</strong></span> <span class='ocrx_word' id='word_1_399' title='bbox 1784 3776 1798 3799; x_wconf 95' lang='lat'><strong>,</strong></span> <span class='ocrx_word' id='word_1_400' title='bbox 1842 3744 1889 3788; x_wconf 86' lang='lat' dir='ltr'><strong>et</strong></span> 
     </span>
    </p>
   </div>
   <div class='ocr_carea' id='block_1_54' title="bbox 299 3819 1890 3893">
    <p class='ocr_par' dir='ltr' id='par_1_54' title="bbox 299 3819 1890 3893">
     <span class='ocr_line' id='line_1_54' title="bbox 299 3819 1890 3893; baseline 0.004 -23"><span class='ocrx_word' id='word_1_401' title='bbox 299 3819 599 3871; x_wconf 76' lang='lat' dir='ltr'><strong>deridebant</strong></span> <span class='ocrx_word' id='word_1_402' title='bbox 633 3819 779 3873; x_wconf 87' lang='lat' dir='ltr'><strong>illum</strong></span> <span class='ocrx_word' id='word_1_403' title='bbox 827 3819 980 3890; x_wconf 86' lang='lat' dir='ltr'><strong>(Luc.</strong></span> <span class='ocrx_word' id='word_1_404' title='bbox 1011 3823 1142 3893; x_wconf 75' lang='lat' dir='ltr'><strong>xu).</strong></span> <span class='ocrx_word' id='word_1_405' title='bbox 1202 3824 1266 3877; x_wconf 87' lang='lat' dir='ltr'><strong>Et</strong></span> <span class='ocrx_word' id='word_1_406' title='bbox 1294 3824 1626 3892; x_wconf 86' lang='lat' dir='ltr'><strong>respondens</strong></span> <span class='ocrx_word' id='word_1_407' title='bbox 1656 3825 1787 3877; x_wconf 76' lang='lat' dir='ltr'><strong>dixit</strong></span> <span class='ocrx_word' id='word_1_408' title='bbox 1823 3824 1890 3876; x_wconf 82' lang='lat' dir='ltr'><strong>ad</strong></span> 
     </span>
    </p>
   </div>
   <div class='ocr_carea' id='block_1_55' title="bbox 296 3907 1891 3983">
    <p class='ocr_par' dir='ltr' id='par_1_55' title="bbox 296 3907 1891 3983">
     <span class='ocr_line' id='line_1_55' title="bbox 296 3907 1891 3983; baseline 0.006 -25"><span class='ocrx_word' id='word_1_409' title='bbox 296 3908 442 3962; x_wconf 83' lang='lat' dir='ltr'><strong>illos.</strong></span> <span class='ocrx_word' id='word_1_410' title='bbox 471 3907 600 3961; x_wconf 87' lang='lat' dir='ltr'><strong>Cum</strong></span> <span class='ocrx_word' id='word_1_411' title='bbox 629 3909 822 3964; x_wconf 88' lang='lat' dir='ltr'><strong>nullius</strong></span> <span class='ocrx_word' id='word_1_412' title='bbox 851 3912 1200 3982; x_wconf 90' lang='lat' dir='ltr'><strong>interrogatio</strong></span> <span class='ocrx_word' id='word_1_413' title='bbox 1223 3915 1582 3983; x_wconf 66' lang='lat' dir='ltr'><strong>praecesserit,</strong></span> <span class='ocrx_word' id='word_1_414' title='bbox 1615 3914 1740 3983; x_wconf 91' lang='lat' dir='ltr'><strong>quid</strong></span> <span class='ocrx_word' id='word_1_415' title='bbox 1777 3913 1891 3968; x_wconf 89' lang='lat' dir='ltr'><strong>vult</strong></span> 
     </span>
    </p>
   </div>
   <div class='ocr_carea' id='block_1_56' title="bbox 299 3999 1892 4075">
    <p class='ocr_par' dir='ltr' id='par_1_56' title="bbox 299 3999 1892 4075">
     <span class='ocr_line' id='line_1_56' title="bbox 299 3999 1892 4075; baseline 0.005 -23"><span class='ocrx_word' id='word_1_416' title='bbox 299 3999 445 4068; x_wconf 88' lang='lat' dir='ltr'><strong>quod</strong></span> <span class='ocrx_word' id='word_1_417' title='bbox 473 4009 576 4052; x_wconf 90' lang='lat' dir='ltr'><strong>tam</strong></span> <span class='ocrx_word' id='word_1_418' title='bbox 609 4016 752 4070; x_wconf 54' lang='lat' dir='ltr'><strong>saepe</strong></span> <span class='ocrx_word' id='word_1_419' title='bbox 783 4003 1130 4072; x_wconf 89' lang='lat' dir='ltr'><strong>respondisse</strong></span> <span class='ocrx_word' id='word_1_420' title='bbox 1163 4007 1356 4059; x_wconf 90' lang='lat' dir='ltr'><strong>dicitur</strong></span> <span class='ocrx_word' id='word_1_421' title='bbox 1383 4006 1447 4059; x_wconf 90' lang='lat' dir='ltr'><strong>ad</strong></span> <span class='ocrx_word' id='word_1_422' title='bbox 1474 4006 1810 4075; x_wconf 82' lang='lat' dir='ltr'><strong>legisperitos</strong></span> <span class='ocrx_word' id='word_1_423' title='bbox 1838 4015 1892 4062; x_wconf 93' lang='lat' dir='ltr'><strong>et</strong></span> 
     </span>
    </p>
   </div>
   <div class='ocr_carea' id='block_1_57' title="bbox 299 4089 1891 4156">
    <p class='ocr_par' dir='ltr' id='par_1_57' title="bbox 299 4089 1891 4156">
     <span class='ocr_line' id='line_1_57' title="bbox 299 4089 1891 4156; baseline 0.009 -14"><span class='ocrx_word' id='word_1_424' title='bbox 299 4089 644 4145; x_wconf 70' lang='lat' dir='ltr'><strong>Pharisazos?</strong></span> <span class='ocrx_word' id='word_1_425' title='bbox 684 4093 790 4148; x_wconf 90' lang='lat' dir='ltr'><strong>Sed</strong></span> <span class='ocrx_word' id='word_1_426' title='bbox 842 4095 956 4150; x_wconf 58' lang='lat' dir='ltr'><strong>haec</strong></span> <span class='ocrx_word' id='word_1_427' title='bbox 1006 4097 1204 4152; x_wconf 91' lang='lat' dir='ltr'><strong>locutio</strong></span> <span class='ocrx_word' id='word_1_428' title='bbox 1253 4099 1303 4152; x_wconf 92' lang='lat' dir='ltr'><strong>in</strong></span> <span class='ocrx_word' id='word_1_429' title='bbox 1332 4098 1503 4152; x_wconf 87' lang='lat' dir='ltr'><strong>sacris</strong></span> <span class='ocrx_word' id='word_1_430' title='bbox 1535 4099 1891 4156; x_wconf 82' lang='lat' dir='ltr'><strong>voluminibus</strong></span> 
     </span>
    </p>
   </div>
   <div class='ocr_carea' id='block_1_58' title="bbox 304 4182 1889 4260">
    <p class='ocr_par' dir='ltr' id='par_1_58' title="bbox 304 4182 1889 4260">
     <span class='ocr_line' id='line_1_58' title="bbox 304 4182 1889 4260; baseline 0.009 -26"><span class='ocrx_word' id='word_1_431' title='bbox 304 4182 530 4237; x_wconf 84' lang='lat' dir='ltr'><strong>habetur</strong></span> <span class='ocrx_word' id='word_1_432' title='bbox 561 4185 776 4240; x_wconf 90' lang='lat' dir='ltr'><strong>usitata.</strong></span> <span class='ocrx_word' id='word_1_433' title='bbox 831 4188 980 4244; x_wconf 87' lang='lat' dir='ltr'><strong>Solet</strong></span> <span class='ocrx_word' id='word_1_434' title='bbox 1005 4191 1146 4244; x_wconf 90' lang='lat' dir='ltr'><strong>enim</strong></span> <span class='ocrx_word' id='word_1_435' title='bbox 1183 4191 1456 4260; x_wconf 84' lang='lat' dir='ltr'><strong>Scriptura</strong></span> <span class='ocrx_word' id='word_1_436' title='bbox 1491 4193 1634 4246; x_wconf 90' lang='lat' dir='ltr'><strong>nullo</strong></span> <span class='ocrx_word' id='word_1_437' title='bbox 1660 4194 1889 4249; x_wconf 81' lang='lat' dir='ltr'><strong>interro-</strong></span> 
     </span>
    </p>
   </div>
   <div class='ocr_carea' id='block_1_59' title="bbox 298 4276 1884 4351">
    <p class='ocr_par' dir='ltr' id='par_1_59' title="bbox 298 4276 1884 4351">
     <span class='ocr_line' id='line_1_59' title="bbox 298 4276 1884 4351; baseline 0.009 -25"><span class='ocrx_word' id='word_1_438' title='bbox 298 4286 475 4342; x_wconf 87' lang='lat' dir='ltr'><strong>gante,</strong></span> <span class='ocrx_word' id='word_1_439' title='bbox 512 4276 611 4332; x_wconf 86' lang='lat' dir='ltr'><strong>hoc</strong></span> <span class='ocrx_word' id='word_1_440' title='bbox 637 4277 800 4332; x_wconf 89' lang='lat' dir='ltr'><strong>modo</strong></span> <span class='ocrx_word' id='word_1_441' title='bbox 827 4281 1203 4349; x_wconf 84' lang='lat' dir='ltr'><strong>respondentis</strong></span> <span class='ocrx_word' id='word_1_442' title='bbox 1236 4298 1367 4337; x_wconf 88' lang='lat' dir='ltr'><strong>voce</strong></span> <span class='ocrx_word' id='word_1_443' title='bbox 1394 4285 1633 4351; x_wconf 77' lang='lat' dir='ltr'><strong>prol‘erre</strong></span> <span class='ocrx_word' id='word_1_444' title='bbox 1665 4295 1884 4340; x_wconf 90' lang='lat' dir='ltr'><strong>senten-</strong></span> 
     </span>
    </p>
   </div>
   <div class='ocr_carea' id='block_1_60' title="bbox 301 4369 1886 4450">
    <p class='ocr_par' dir='ltr' id='par_1_60' title="bbox 301 4369 1886 4450">
     <span class='ocr_line' id='line_1_60' title="bbox 301 4369 1886 4450; baseline 0.01 -30"><span class='ocrx_word' id='word_1_445' title='bbox 301 4369 452 4423; x_wconf 89' lang='lat' dir='ltr'><strong>tiam.</strong></span> <span class='ocrx_word' id='word_1_446' title='bbox 485 4371 636 4426; x_wconf 86' lang='lat' dir='ltr'><strong>Unde</strong></span> <span class='ocrx_word' id='word_1_447' title='bbox 659 4372 886 4427; x_wconf 88' lang='lat' dir='ltr'><strong>estillud</strong></span> <span class='ocrx_word' id='word_1_448' title='bbox 913 4375 1054 4441; x_wconf 88' lang='lat' dir='ltr'><strong>quod</strong></span> <span class='ocrx_word' id='word_1_449' title='bbox 1078 4377 1200 4430; x_wconf 90' lang='lat' dir='ltr'><strong>alibi</strong></span> <span class='ocrx_word' id='word_1_450' title='bbox 1233 4378 1286 4430; x_wconf 89' lang='lat' dir='ltr'><strong>in</strong></span> <span class='ocrx_word' id='word_1_451' title='bbox 1311 4375 1603 4450; x_wconf 86' lang='lat' dir='ltr'><strong>Evangelio</strong></span> <span class='ocrx_word' id='word_1_452' title='bbox 1631 4380 1886 4449; x_wconf 83' lang='lat' dir='ltr'><strong>legimus:</strong></span> 
     </span>
    </p>
   </div>
   <div class='ocr_carea' id='block_1_61' title="bbox 300 4463 1886 4543">
    <p class='ocr_par' dir='ltr' id='par_1_61' title="bbox 300 4463 1886 4543">
     <span class='ocr_line' id='line_1_61' title="bbox 300 4463 1886 4543; baseline 0.007 -25"><span class='ocrx_word' id='word_1_453' title='bbox 300 4463 368 4518; x_wconf 86' lang='lat' dir='ltr'><strong>In</strong></span> <span class='ocrx_word' id='word_1_454' title='bbox 394 4466 484 4520; x_wconf 88' lang='lat' dir='ltr'><strong>illo</strong></span> <span class='ocrx_word' id='word_1_455' title='bbox 515 4478 740 4537; x_wconf 84' lang='lat' dir='ltr'><strong>tempore</strong></span> <span class='ocrx_word' id='word_1_456' title='bbox 766 4471 1079 4540; x_wconf 84' lang='lat' dir='ltr'><strong>respondens</strong></span> <span class='ocrx_word' id='word_1_457' title='bbox 1109 4471 1260 4525; x_wconf 84' lang='lat' dir='ltr'><strong>Jesus</strong></span> <span class='ocrx_word' id='word_1_458' title='bbox 1288 4474 1414 4527; x_wconf 75' lang='lat' dir='ltr'><strong>dixit</strong></span> <span class='ocrx_word' id='word_1_459' title='bbox 1439 4489 1456 4527; x_wconf 93' lang='lat'><strong>:</strong></span> <span class='ocrx_word' id='word_1_460' title='bbox 1486 4474 1744 4543; x_wconf 78' lang='lat' dir='ltr'><strong>Conﬁteor</strong></span> <span class='ocrx_word' id='word_1_461' title='bbox 1776 4475 1886 4541; x_wconf 91' lang='lat' dir='ltr'><strong>tibi,</strong></span> 
     </span>
    </p>
   </div>
   <div class='ocr_carea' id='block_1_62' title="bbox 301 4557 1882 4638">
    <p class='ocr_par' dir='ltr' id='par_1_62' title="bbox 301 4557 1882 4638">
     <span class='ocr_line' id='line_1_62' title="bbox 301 4557 1882 4638; baseline 0.01 -28"><span class='ocrx_word' id='word_1_462' title='bbox 301 4557 462 4611; x_wconf 78' lang='lat' dir='ltr'><strong>Pater</strong></span> <span class='ocrx_word' id='word_1_463' title='bbox 489 4559 702 4638; x_wconf 81' lang='lat' dir='ltr'><strong>Domine</strong></span> <span class='ocrx_word' id='word_1_464' title='bbox 725 4563 838 4616; x_wconf 76' lang='lat' dir='ltr'><strong>caeli</strong></span> <span class='ocrx_word' id='word_1_465' title='bbox 867 4574 910 4616; x_wconf 91' lang='lat' dir='ltr'><strong>et</strong></span> <span class='ocrx_word' id='word_1_466' title='bbox 939 4573 1088 4618; x_wconf 69' lang='lat' dir='ltr'><strong>terras</strong></span> <span class='ocrx_word' id='word_1_467' title='bbox 1129 4563 1340 4636; x_wconf 80' lang='lat' dir='ltr'><strong>(Matth.</strong></span> <span class='ocrx_word' id='word_1_468' title='bbox 1385 4567 1485 4638; x_wconf 69' lang='grc' dir='ltr'>ιι).</span> <span class='ocrx_word' id='word_1_469' title='bbox 1527 4569 1590 4622; x_wconf 85' lang='lat' dir='ltr'><strong>Et</strong></span> <span class='ocrx_word' id='word_1_470' title='bbox 1619 4578 1766 4624; x_wconf 84' lang='lat' dir='ltr'><strong>certe</strong></span> <span class='ocrx_word' id='word_1_471' title='bbox 1791 4569 1882 4626; x_wconf 91' lang='lat' dir='ltr'><strong>illo</strong></span> 
     </span>
    </p>
   </div>
   <div class='ocr_carea' id='block_1_63' title="bbox 301 4632 1886 4729">
    <p class='ocr_par' dir='ltr' id='par_1_63' title="bbox 301 4632 1886 4729">
     <span class='ocr_line' id='line_1_63' title="bbox 301 4632 1886 4729; baseline 0.008 -27"><span class='ocrx_word' id='word_1_472' title='bbox 301 4651 355 4702; x_wconf 89' lang='lat' dir='ltr'><strong>in</strong></span> <span class='ocrx_word' id='word_1_473' title='bbox 389 4649 507 4704; x_wconf 90' lang='lat' dir='ltr'><strong>loco</strong></span> <span class='ocrx_word' id='word_1_474' title='bbox 540 4632 680 4705; x_wconf 75' lang='lat' dir='ltr'><strong>nulla</strong></span> <span class='ocrx_word' id='word_1_475' title='bbox 706 4652 790 4706; x_wconf 89' lang='lat' dir='ltr'><strong>vel</strong></span> <span class='ocrx_word' id='word_1_476' title='bbox 824 4653 995 4710; x_wconf 87' lang='lat' dir='ltr'><strong>Patris</strong></span> <span class='ocrx_word' id='word_1_477' title='bbox 1019 4655 1102 4710; x_wconf 88' lang='lat' dir='ltr'><strong>vel</strong></span> <span class='ocrx_word' id='word_1_478' title='bbox 1123 4657 1348 4725; x_wconf 84' lang='lat' dir='ltr'><strong>alicujus</strong></span> <span class='ocrx_word' id='word_1_479' title='bbox 1379 4658 1722 4729; x_wconf 85' lang='lat' dir='ltr'><strong>interrogatio</strong></span> <span class='ocrx_word' id='word_1_480' title='bbox 1751 4675 1886 4729; x_wconf 74' lang='lat' dir='ltr'><strong>pra:-</strong></span> 
     </span>
    </p>
   </div>
   <div class='ocr_carea' id='block_1_64' title="bbox 297 4746 1890 4814">
    <p class='ocr_par' dir='ltr' id='par_1_64' title="bbox 297 4746 1890 4814">
     <span class='ocr_line' id='line_1_64' title="bbox 297 4746 1890 4814; baseline 0.009 -21"><span class='ocrx_word' id='word_1_481' title='bbox 297 4750 573 4805; x_wconf 88' lang='lat' dir='ltr'><strong>cesserat,</strong></span> <span class='ocrx_word' id='word_1_482' title='bbox 628 4752 684 4795; x_wconf 89' lang='lat' dir='ltr'><strong>ut</strong></span> <span class='ocrx_word' id='word_1_483' title='bbox 726 4757 845 4797; x_wconf 90' lang='lat' dir='ltr'><strong>eum</strong></span> <span class='ocrx_word' id='word_1_484' title='bbox 880 4746 1224 4814; x_wconf 88' lang='lat' dir='ltr'><strong>respondisse</strong></span> <span class='ocrx_word' id='word_1_485' title='bbox 1253 4757 1435 4803; x_wconf 86' lang='lat' dir='ltr'><strong>sancta</strong></span> <span class='ocrx_word' id='word_1_486' title='bbox 1480 4750 1569 4804; x_wconf 90' lang='lat' dir='ltr'><strong>illa</strong></span> <span class='ocrx_word' id='word_1_487' title='bbox 1601 4751 1890 4808; x_wconf 84' lang='lat' dir='ltr'><strong>auctoritas</strong></span> 
     </span>
    </p>
   </div>
   <div class='ocr_carea' id='block_1_65' title="bbox 302 4831 1893 4908">
    <p class='ocr_par' dir='ltr' id='par_1_65' title="bbox 302 4831 1893 4908">
     <span class='ocr_line' id='line_1_65' title="bbox 302 4831 1893 4908; baseline 0.009 -24"><span class='ocrx_word' id='word_1_488' title='bbox 302 4838 610 4887; x_wconf 84' lang='lat' dir='ltr'><strong>testaretur.</strong></span> <span class='ocrx_word' id='word_1_489' title='bbox 636 4831 770 4888; x_wconf 87' lang='lat' dir='ltr'><strong>Hinc</strong></span> <span class='ocrx_word' id='word_1_490' title='bbox 795 4846 874 4889; x_wconf 90' lang='lat' dir='ltr'><strong>est</strong></span> <span class='ocrx_word' id='word_1_491' title='bbox 901 4838 1060 4892; x_wconf 88' lang='lat' dir='ltr'><strong>etiam</strong></span> <span class='ocrx_word' id='word_1_492' title='bbox 1094 4839 1234 4908; x_wconf 90' lang='lat' dir='ltr'><strong>quod</strong></span> <span class='ocrx_word' id='word_1_493' title='bbox 1268 4841 1470 4896; x_wconf 89' lang='lat' dir='ltr'><strong>sanctis</strong></span> <span class='ocrx_word' id='word_1_494' title='bbox 1495 4842 1808 4898; x_wconf 89' lang='lat' dir='ltr'><strong>mulieribus</strong></span> <span class='ocrx_word' id='word_1_495' title='bbox 1825 4841 1893 4898; x_wconf 88' lang='lat' dir='ltr'><strong>ad</strong></span> 
     </span>
    </p>
   </div>
   <div class='ocr_carea' id='block_1_66' title="bbox 299 4927 1896 5012">
    <p class='ocr_par' dir='ltr' id='par_1_66' title="bbox 299 4927 1896 5012">
     <span class='ocr_line' id='line_1_66' title="bbox 299 4927 1896 5012; baseline 0.01 -32"><span class='ocrx_word' id='word_1_496' title='bbox 299 4927 610 4996; x_wconf 88' lang='lat' dir='ltr'><strong>sepulcrum</strong></span> <span class='ocrx_word' id='word_1_497' title='bbox 649 4929 859 4984; x_wconf 90' lang='lat' dir='ltr'><strong>Domini</strong></span> <span class='ocrx_word' id='word_1_498' title='bbox 900 4932 1150 4990; x_wconf 83' lang='lat' dir='ltr'><strong>ﬂentibus</strong></span> <span class='ocrx_word' id='word_1_499' title='bbox 1175 4977 1189 5003; x_wconf 90' lang='lat'><strong>,</strong></span> <span class='ocrx_word' id='word_1_500' title='bbox 1247 4938 1482 5008; x_wconf 85' lang='lat' dir='ltr'><strong>nihilque</strong></span> <span class='ocrx_word' id='word_1_501' title='bbox 1520 4939 1896 5012; x_wconf 88' lang='lat' dir='ltr'><strong>interroganti-</strong></span> 
     </span>
    </p>
   </div>
   <div class='ocr_carea' id='block_1_67' title="bbox 302 5020 1893 5097">
    <p class='ocr_par' dir='ltr' id='par_1_67' title="bbox 302 5020 1893 5097">
     <span class='ocr_line' id='line_1_67' title="bbox 302 5020 1893 5097; baseline 0.009 -22"><span class='ocrx_word' id='word_1_502' title='bbox 302 5020 403 5076; x_wconf 91' lang='lat' dir='ltr'><strong>bus</strong></span> <span class='ocrx_word' id='word_1_503' title='bbox 426 5022 494 5077; x_wconf 91' lang='lat' dir='ltr'><strong>de</strong></span> <span class='ocrx_word' id='word_1_504' title='bbox 517 5025 706 5093; x_wconf 90' lang='lat' dir='ltr'><strong>angelo</strong></span> <span class='ocrx_word' id='word_1_505' title='bbox 736 5025 825 5095; x_wconf 92' lang='lat' dir='ltr'><strong>qui</strong></span> <span class='ocrx_word' id='word_1_506' title='bbox 870 5041 1162 5097; x_wconf 89' lang='lat' dir='ltr'><strong>perennem</strong></span> <span class='ocrx_word' id='word_1_507' title='bbox 1198 5031 1395 5087; x_wconf 88' lang='lat' dir='ltr'><strong>Christi</strong></span> <span class='ocrx_word' id='word_1_508' title='bbox 1438 5034 1893 5090; x_wconf 88' lang='lat' dir='ltr'><strong>resurrectionem</strong></span> 
     </span>
    </p>
   </div>
   <div class='ocr_carea' id='block_1_68' title="bbox 304 5104 1893 5196">
    <p class='ocr_par' dir='ltr' id='par_1_68' title="bbox 304 5104 1893 5196">
     <span class='ocr_line' id='line_1_68' title="bbox 304 5104 1893 5196; baseline 0.009 -31"><span class='ocrx_word' id='word_1_509' title='bbox 304 5114 555 5170; x_wconf 88' lang='lat' dir='ltr'><strong>nuntiare</strong></span> <span class='ocrx_word' id='word_1_510' title='bbox 590 5104 834 5184; x_wconf 65' lang='lat' dir='ltr'><strong>venerat,</strong></span> <span class='ocrx_word' id='word_1_511' title='bbox 876 5117 1108 5173; x_wconf 92' lang='lat' dir='ltr'><strong>dicitur:</strong></span> <span class='ocrx_word' id='word_1_512' title='bbox 1157 5119 1489 5192; x_wconf 80' lang='lat' dir='ltr'><strong>Respondeas</strong></span> <span class='ocrx_word' id='word_1_513' title='bbox 1529 5136 1698 5179; x_wconf 87' lang='lat' dir='ltr'><strong>autem</strong></span> <span class='ocrx_word' id='word_1_514' title='bbox 1737 5141 1893 5196; x_wconf 82' lang='lat' dir='ltr'><strong>ange-</strong></span> 
     </span>
    </p>
   </div>
   <div class='ocr_carea' id='block_1_69' title="bbox 303 5204 1889 5284">
    <p class='ocr_par' dir='ltr' id='par_1_69' title="bbox 303 5204 1889 5284">
     <span class='ocr_line' id='line_1_69' title="bbox 303 5204 1889 5284; baseline 0.008 -28"><span class='ocrx_word' id='word_1_515' title='bbox 303 5204 386 5257; x_wconf 94' lang='lat' dir='ltr'><strong>lus</strong></span> <span class='ocrx_word' id='word_1_516' title='bbox 433 5206 559 5259; x_wconf 78' lang='lat' dir='ltr'><strong>dixit</strong></span> <span class='ocrx_word' id='word_1_517' title='bbox 594 5206 888 5261; x_wconf 82' lang='lat' dir='ltr'><strong>mulieribus</strong></span> <span class='ocrx_word' id='word_1_518' title='bbox 919 5222 940 5262; x_wconf 90' lang='lat'><strong>:</strong></span> <span class='ocrx_word' id='word_1_519' title='bbox 979 5207 1155 5265; x_wconf 82' lang='lat' dir='ltr'><strong>Nolite</strong></span> <span class='ocrx_word' id='word_1_520' title='bbox 1204 5212 1380 5268; x_wconf 86' lang='lat' dir='ltr'><strong>timere</strong></span> <span class='ocrx_word' id='word_1_521' title='bbox 1426 5212 1641 5284; x_wconf 77' lang='lat' dir='ltr'><strong>(Matth.</strong></span> <span class='ocrx_word' id='word_1_522' title='bbox 1677 5214 1889 5284; x_wconf 82' lang='lat' dir='ltr'><strong>xxvnt).</strong></span> 
     </span>
    </p>
   </div>
   <div class='ocr_carea' id='block_1_70' title="bbox 303 5294 1891 5370">
    <p class='ocr_par' dir='ltr' id='par_1_70' title="bbox 303 5294 1891 5370">
     <span class='ocr_line' id='line_1_70' title="bbox 303 5294 1891 5370; baseline 0.006 -20"><span class='ocrx_word' id='word_1_523' title='bbox 303 5294 511 5350; x_wconf 88' lang='lat' dir='ltr'><strong>Sanato</strong></span> <span class='ocrx_word' id='word_1_524' title='bbox 541 5310 668 5351; x_wconf 89' lang='lat' dir='ltr'><strong>vero</strong></span> <span class='ocrx_word' id='word_1_525' title='bbox 697 5312 758 5350; x_wconf 92' lang='lat' dir='ltr'><strong>ac</strong></span> <span class='ocrx_word' id='word_1_526' title='bbox 783 5297 1007 5353; x_wconf 90' lang='lat' dir='ltr'><strong>dimisso</strong></span> <span class='ocrx_word' id='word_1_527' title='bbox 1033 5299 1356 5370; x_wconf 86' lang='lat' dir='ltr'><strong>hydropico,</strong></span> <span class='ocrx_word' id='word_1_528' title='bbox 1385 5302 1653 5359; x_wconf 84' lang='lat' dir='ltr'><strong>invehitur</strong></span> <span class='ocrx_word' id='word_1_529' title='bbox 1681 5319 1807 5359; x_wconf 90' lang='lat' dir='ltr'><strong>mox</strong></span> <span class='ocrx_word' id='word_1_530' title='bbox 1837 5304 1891 5360; x_wconf 93' lang='lat' dir='ltr'><strong>in</strong></span> 
     </span>
    </p>
   </div>
   <div class='ocr_carea' id='block_1_71' title="bbox 303 5387 1890 5470">
    <p class='ocr_par' dir='ltr' id='par_1_71' title="bbox 303 5387 1890 5470">
     <span class='ocr_line' id='line_1_71' title="bbox 303 5387 1890 5470; baseline 0.009 -30"><span class='ocrx_word' id='word_1_531' title='bbox 303 5387 588 5443; x_wconf 86' lang='lat' dir='ltr'><strong>avaritiam</strong></span> <span class='ocrx_word' id='word_1_532' title='bbox 630 5389 1074 5448; x_wconf 89' lang='lat' dir='ltr'><strong>calumniatorum</strong></span> <span class='ocrx_word' id='word_1_533' title='bbox 1115 5409 1356 5451; x_wconf 89' lang='lat' dir='ltr'><strong>suorum.</strong></span> <span class='ocrx_word' id='word_1_534' title='bbox 1440 5397 1571 5452; x_wconf 82' lang='lat' dir='ltr'><strong>Nam</strong></span> <span class='ocrx_word' id='word_1_535' title='bbox 1613 5400 1890 5470; x_wconf 89' lang='lat' dir='ltr'><strong>sequitur:</strong></span> 
     </span>
    </p>
   </div>
   <div class='ocr_carea' id='block_1_72' title="bbox 306 5478 1895 5561">
    <p class='ocr_par' dir='ltr' id='par_1_72' title="bbox 306 5478 1895 5561">
     <span class='ocr_line' id='line_1_72' title="bbox 306 5478 1895 5561; baseline 0.009 -29"><span class='ocrx_word' id='word_1_536' title='bbox 306 5478 377 5532; x_wconf 84' lang='lat' dir='ltr'><strong>Et</strong></span> <span class='ocrx_word' id='word_1_537' title='bbox 407 5483 478 5535; x_wconf 89' lang='lat' dir='ltr'><strong>ait</strong></span> <span class='ocrx_word' id='word_1_538' title='bbox 505 5481 608 5537; x_wconf 82' lang='lat' dir='ltr'><strong>illis</strong></span> <span class='ocrx_word' id='word_1_539' title='bbox 637 5499 656 5538; x_wconf 92' lang='lat'><strong>:</strong></span> <span class='ocrx_word' id='word_1_540' title='bbox 699 5482 858 5555; x_wconf 80' lang='lat' dir='ltr'><strong>Cujus</strong></span> <span class='ocrx_word' id='word_1_541' title='bbox 886 5496 1104 5541; x_wconf 75' lang='lat' dir='ltr'><strong>uestrum</strong></span> <span class='ocrx_word' id='word_1_542' title='bbox 1135 5491 1312 5543; x_wconf 84' lang='lat' dir='ltr'><strong>asinus</strong></span> <span class='ocrx_word' id='word_1_543' title='bbox 1351 5497 1441 5542; x_wconf 86' lang='lat' dir='ltr'><strong>aut</strong></span> <span class='ocrx_word' id='word_1_544' title='bbox 1489 5490 1575 5545; x_wconf 85' lang='lat' dir='ltr'><strong>bos</strong></span> <span class='ocrx_word' id='word_1_545' title='bbox 1605 5491 1656 5544; x_wconf 86' lang='lat' dir='ltr'><strong>in</strong></span> <span class='ocrx_word' id='word_1_546' title='bbox 1686 5501 1895 5561; x_wconf 85' lang='lat' dir='ltr'><strong>puteum</strong></span> 
     </span>
    </p>
   </div>
   <div class='ocr_carea' id='block_1_73' title="bbox 307 5572 1897 5639">
    <p class='ocr_par' dir='ltr' id='par_1_73' title="bbox 307 5572 1897 5639">
     <span class='ocr_line' id='line_1_73' title="bbox 307 5572 1897 5639; baseline 0.009 -15"><span class='ocrx_word' id='word_1_547' title='bbox 307 5572 467 5638; x_wconf 82' lang='lat' dir='ltr'><strong>cadit,</strong></span> <span class='ocrx_word' id='word_1_548' title='bbox 509 5583 556 5628; x_wconf 90' lang='lat' dir='ltr'><strong>et</strong></span> <span class='ocrx_word' id='word_1_549' title='bbox 588 5592 687 5632; x_wconf 90' lang='lat' dir='ltr'><strong>non</strong></span> <span class='ocrx_word' id='word_1_550' title='bbox 715 5578 954 5633; x_wconf 84' lang='lat' dir='ltr'><strong>continuo</strong></span> <span class='ocrx_word' id='word_1_551' title='bbox 977 5580 1205 5634; x_wconf 76' lang='lat' dir='ltr'><strong>extrahet</strong></span> <span class='ocrx_word' id='word_1_552' title='bbox 1232 5581 1380 5634; x_wconf 88' lang='lat' dir='ltr'><strong>illum</strong></span> <span class='ocrx_word' id='word_1_553' title='bbox 1402 5582 1485 5635; x_wconf 86' lang='lat' dir='ltr'><strong>die</strong></span> <span class='ocrx_word' id='word_1_554' title='bbox 1511 5584 1706 5636; x_wconf 79' lang='lat' dir='ltr'><strong>sabbati</strong></span> <span class='ocrx_word' id='word_1_555' title='bbox 1730 5584 1755 5638; x_wconf 83' lang='lat'><strong><em>?</em></strong></span> <span class='ocrx_word' id='word_1_556' title='bbox 1803 5583 1897 5639; x_wconf 85' lang='lat' dir='ltr'><strong>His</strong></span> 
     </span>
    </p>
   </div>
   <div class='ocr_carea' id='block_1_74' title="bbox 305 5666 1896 5744">
    <p class='ocr_par' dir='ltr' id='par_1_74' title="bbox 305 5666 1896 5744">
     <span class='ocr_line' id='line_1_74' title="bbox 305 5666 1896 5744; baseline 0.008 -25"><span class='ocrx_word' id='word_1_557' title='bbox 305 5666 491 5722; x_wconf 84' lang='lat' dir='ltr'><strong>verbis</strong></span> <span class='ocrx_word' id='word_1_558' title='bbox 517 5670 596 5723; x_wconf 91' lang='lat' dir='ltr'><strong>sic</strong></span> <span class='ocrx_word' id='word_1_559' title='bbox 626 5669 877 5726; x_wconf 90' lang='lat' dir='ltr'><strong>Dominus</strong></span> <span class='ocrx_word' id='word_1_560' title='bbox 905 5687 965 5728; x_wconf 89' lang='lat' dir='ltr'><strong>se</strong></span> <span class='ocrx_word' id='word_1_561' title='bbox 993 5674 1380 5731; x_wconf 84' lang='lat' dir='ltr'><strong>calumniantes</strong></span> <span class='ocrx_word' id='word_1_562' title='bbox 1411 5676 1673 5744; x_wconf 81' lang='lat' dir='ltr'><strong>coarguit,</strong></span> <span class='ocrx_word' id='word_1_563' title='bbox 1719 5686 1773 5730; x_wconf 90' lang='lat' dir='ltr'><strong>ut</strong></span> <span class='ocrx_word' id='word_1_564' title='bbox 1802 5691 1896 5732; x_wconf 91' lang='lat' dir='ltr'><strong>eos</strong></span> 
     </span>
    </p>
   </div>
   <div class='ocr_carea' id='block_1_75' title="bbox 311 5760 1896 5837">
    <p class='ocr_par' dir='ltr' id='par_1_75' title="bbox 311 5760 1896 5837">
     <span class='ocr_line' id='line_1_75' title="bbox 311 5760 1896 5837; baseline 0.01 -29"><span class='ocrx_word' id='word_1_565' title='bbox 311 5760 552 5813; x_wconf 74' lang='lat' dir='ltr'><strong>avaritia:</strong></span> <span class='ocrx_word' id='word_1_566' title='bbox 581 5761 797 5817; x_wconf 90' lang='lat' dir='ltr'><strong>studere</strong></span> <span class='ocrx_word' id='word_1_567' title='bbox 825 5765 1127 5819; x_wconf 90' lang='lat' dir='ltr'><strong>convincat.</strong></span> <span class='ocrx_word' id='word_1_568' title='bbox 1174 5767 1250 5821; x_wconf 87' lang='lat' dir='ltr'><strong>Ac</strong></span> <span class='ocrx_word' id='word_1_569' title='bbox 1282 5767 1324 5821; x_wconf 82' lang='lat' dir='ltr'><strong>si</strong></span> <span class='ocrx_word' id='word_1_570' title='bbox 1350 5766 1467 5819; x_wconf 83' lang='lat' dir='ltr'><strong>aliis</strong></span> <span class='ocrx_word' id='word_1_571' title='bbox 1503 5769 1674 5822; x_wconf 72' lang='lat' dir='ltr'><strong>verbis</strong></span> <span class='ocrx_word' id='word_1_572' title='bbox 1707 5769 1896 5837; x_wconf 87' lang='lat' dir='ltr'><strong>loque-</strong></span> 
     </span>
    </p>
   </div>
   <div class='ocr_carea' id='block_1_76' title="bbox 311 5853 1892 5928">
    <p class='ocr_par' dir='ltr' id='par_1_76' title="bbox 311 5853 1892 5928">
     <span class='ocr_line' id='line_1_76' title="bbox 311 5853 1892 5928; baseline 0.008 -24"><span class='ocrx_word' id='word_1_573' title='bbox 311 5858 464 5906; x_wconf 89' lang='lat' dir='ltr'><strong>retur</strong></span> <span class='ocrx_word' id='word_1_574' title='bbox 490 5853 577 5908; x_wconf 90' lang='lat' dir='ltr'><strong>:Si</strong></span> <span class='ocrx_word' id='word_1_575' title='bbox 597 5866 712 5924; x_wconf 88' lang='lat' dir='ltr'><strong>vos,</strong></span> <span class='ocrx_word' id='word_1_576' title='bbox 741 5855 1196 5928; x_wconf 86' lang='lat' dir='ltr'><strong>inquiens,vestra</strong></span> <span class='ocrx_word' id='word_1_577' title='bbox 1224 5858 1474 5916; x_wconf 86' lang='lat' dir='ltr'><strong>animalia</strong></span> <span class='ocrx_word' id='word_1_578' title='bbox 1497 5858 1549 5916; x_wconf 92' lang='lat' dir='ltr'><strong>in</strong></span> <span class='ocrx_word' id='word_1_579' title='bbox 1579 5860 1667 5917; x_wconf 88' lang='lat' dir='ltr'><strong>die</strong></span> <span class='ocrx_word' id='word_1_580' title='bbox 1694 5860 1892 5917; x_wconf 86' lang='lat' dir='ltr'><strong>sancti-</strong></span> 
     </span>
    </p>
   </div>
   <div class='ocr_carea' id='block_1_77' title="bbox 1921 4608 1971 4670">
    <p class='ocr_par' dir='ltr' id='par_1_77' title="bbox 1921 4608 1971 4670">
     <span class='ocr_line' id='line_1_77' title="bbox 1921 4608 1971 4670; baseline 0 -3"><span class='ocrx_word' id='word_1_581' title='bbox 1921 4608 1971 4670; x_wconf 92' lang='lat' dir='ltr'><strong>D</strong></span> 
     </span>
    </p>
   </div>
   <div class='ocr_carea' id='block_1_78' title="bbox 1983 1973 3566 2042">
    <p class='ocr_par' dir='ltr' id='par_1_78' title="bbox 1983 1973 3566 2042">
     <span class='ocr_line' id='line_1_78' title="bbox 1983 1973 3566 2042; baseline 0.004 -14"><span class='ocrx_word' id='word_1_582' title='bbox 1983 1973 2241 2042; x_wconf 87' lang='lat' dir='ltr'><strong>proscissa</strong></span> <span class='ocrx_word' id='word_1_583' title='bbox 2288 1985 2427 2028; x_wconf 89' lang='lat' dir='ltr'><strong>terra</strong></span> <span class='ocrx_word' id='word_1_584' title='bbox 2462 1985 2720 2041; x_wconf 87' lang='lat' dir='ltr'><strong>versatur,</strong></span> <span class='ocrx_word' id='word_1_585' title='bbox 2764 1976 3018 2032; x_wconf 87' lang='lat' dir='ltr'><strong>Judaicus</strong></span> <span class='ocrx_word' id='word_1_586' title='bbox 3059 1979 3566 2035; x_wconf 77' lang='lat' dir='ltr'><strong>convenientissima</strong></span> 
     </span>
    </p>
   </div>
   <div class='ocr_carea' id='block_1_79' title="bbox 1981 2067 3571 2139">
    <p class='ocr_par' dir='ltr' id='par_1_79' title="bbox 1981 2067 3571 2139">
     <span class='ocr_line' id='line_1_79' title="bbox 1981 2067 3571 2139; baseline 0.003 -19"><span class='ocrx_word' id='word_1_587' title='bbox 1981 2067 2239 2134; x_wconf 88' lang='lat' dir='ltr'><strong>accipitur</strong></span> <span class='ocrx_word' id='word_1_588' title='bbox 2267 2068 2522 2135; x_wconf 87' lang='lat' dir='ltr'><strong>populus,</strong></span> <span class='ocrx_word' id='word_1_589' title='bbox 2577 2072 2663 2134; x_wconf 87' lang='lat' dir='ltr'><strong>qui</strong></span> <span class='ocrx_word' id='word_1_590' title='bbox 2690 2068 2820 2139; x_wconf 81' lang='lat' dir='ltr'><strong>legis</strong></span> <span class='ocrx_word' id='word_1_591' title='bbox 2865 2069 3050 2138; x_wconf 81' lang='lat' dir='ltr'><strong>jngum</strong></span> <span class='ocrx_word' id='word_1_592' title='bbox 3081 2069 3424 2125; x_wconf 78' lang='lat' dir='ltr'><strong>durissimum</strong></span> <span class='ocrx_word' id='word_1_593' title='bbox 3458 2080 3571 2124; x_wconf 87' lang='lat' dir='ltr'><strong>tra-</strong></span> 
     </span>
    </p>
   </div>
   <div class='ocr_carea' id='block_1_80' title="bbox 1984 2159 3568 2232">
    <p class='ocr_par' dir='ltr' id='par_1_80' title="bbox 1984 2159 3568 2232">
     <span class='ocr_line' id='line_1_80' title="bbox 1984 2159 3568 2232; baseline 0.001 -18"><span class='ocrx_word' id='word_1_594' title='bbox 1984 2169 2173 2227; x_wconf 88' lang='lat' dir='ltr'><strong>xerat;</strong></span> <span class='ocrx_word' id='word_1_595' title='bbox 2203 2160 2355 2228; x_wconf 87' lang='lat' dir='ltr'><strong>cujus</strong></span> <span class='ocrx_word' id='word_1_596' title='bbox 2377 2160 2682 2229; x_wconf 86' lang='lat' dir='ltr'><strong>superbiam</strong></span> <span class='ocrx_word' id='word_1_597' title='bbox 2721 2159 2851 2229; x_wconf 88' lang='lat' dir='ltr'><strong>legis</strong></span> <span class='ocrx_word' id='word_1_598' title='bbox 2881 2162 3083 2230; x_wconf 86' lang='lat' dir='ltr'><strong>pondus</strong></span> <span class='ocrx_word' id='word_1_599' title='bbox 3112 2163 3406 2231; x_wconf 75' lang='lat' dir='ltr'><strong>premebat,</strong></span> <span class='ocrx_word' id='word_1_600' title='bbox 3440 2159 3568 2232; x_wconf 87' lang='lat' dir='ltr'><strong>qui-</strong></span> 
     </span>
    </p>
   </div>
   <div class='ocr_carea' id='block_1_81' title="bbox 1982 2251 3570 2321">
    <p class='ocr_par' dir='ltr' id='par_1_81' title="bbox 1982 2251 3570 2321">
     <span class='ocr_line' id='line_1_81' title="bbox 1982 2251 3570 2321; baseline 0.003 -16"><span class='ocrx_word' id='word_1_601' title='bbox 1982 2267 2087 2321; x_wconf 88' lang='lat' dir='ltr'><strong>que</strong></span> <span class='ocrx_word' id='word_1_602' title='bbox 2138 2251 2208 2306; x_wconf 91' lang='lat' dir='ltr'><strong>ob</strong></span> <span class='ocrx_word' id='word_1_603' title='bbox 2257 2261 2520 2306; x_wconf 89' lang='lat' dir='ltr'><strong>terrenam</strong></span> <span class='ocrx_word' id='word_1_604' title='bbox 2573 2251 2915 2320; x_wconf 79' lang='lat' dir='ltr'><strong>felicitatem,</strong></span> <span class='ocrx_word' id='word_1_605' title='bbox 2968 2263 3019 2307; x_wconf 92' lang='lat' dir='ltr'><strong>et</strong></span> <span class='ocrx_word' id='word_1_606' title='bbox 3066 2270 3242 2308; x_wconf 89' lang='lat' dir='ltr'><strong>rerum</strong></span> <span class='ocrx_word' id='word_1_607' title='bbox 3274 2253 3570 2310; x_wconf 82' lang='lat' dir='ltr'><strong>labentium</strong></span> 
     </span>
    </p>
   </div>
   <div class='ocr_carea' id='block_1_82' title="bbox 1983 2345 3578 2416">
    <p class='ocr_par' dir='ltr' id='par_1_82' title="bbox 1983 2345 3578 2416">
     <span class='ocr_line' id='line_1_82' title="bbox 1983 2345 3578 2416; baseline -0.001 -16"><span class='ocrx_word' id='word_1_608' title='bbox 1983 2345 2189 2414; x_wconf 84' lang='lat' dir='ltr'><strong>cupiam</strong></span> <span class='ocrx_word' id='word_1_609' title='bbox 2218 2386 2233 2410; x_wconf 94' lang='lat'><strong>,</strong></span> <span class='ocrx_word' id='word_1_610' title='bbox 2269 2345 2377 2399; x_wconf 91' lang='lat' dir='ltr'><strong>Deo</strong></span> <span class='ocrx_word' id='word_1_611' title='bbox 2419 2345 2702 2400; x_wconf 89' lang='lat' dir='ltr'><strong>serviebat.</strong></span> <span class='ocrx_word' id='word_1_612' title='bbox 2753 2345 2925 2400; x_wconf 86' lang='lat' dir='ltr'><strong>Grave</strong></span> <span class='ocrx_word' id='word_1_613' title='bbox 2975 2347 3113 2400; x_wconf 89' lang='lat' dir='ltr'><strong>enim</strong></span> <span class='ocrx_word' id='word_1_614' title='bbox 3143 2346 3331 2416; x_wconf 90' lang='lat' dir='ltr'><strong>jugum</strong></span> <span class='ocrx_word' id='word_1_615' title='bbox 3371 2346 3578 2403; x_wconf 31' lang='lat' dir='ltr'><strong>Judzeis.</strong></span> 
     </span>
    </p>
   </div>
   <div class='ocr_carea' id='block_1_83' title="bbox 1985 2438 3575 2503">
    <p class='ocr_par' dir='ltr' id='par_1_83' title="bbox 1985 2438 3575 2503">
     <span class='ocr_line' id='line_1_83' title="bbox 1985 2438 3575 2503; baseline 0 -9"><span class='ocrx_word' id='word_1_616' title='bbox 1985 2439 2084 2495; x_wconf 76' lang='lat' dir='ltr'><strong>luit</strong></span> <span class='ocrx_word' id='word_1_617' title='bbox 2124 2439 2589 2494; x_wconf 89' lang='lat' dir='ltr'><strong>circumcisionem</strong></span> <span class='ocrx_word' id='word_1_618' title='bbox 2637 2440 2893 2503; x_wconf 85' lang='lat' dir='ltr'><strong>sutlerre,</strong></span> <span class='ocrx_word' id='word_1_619' title='bbox 2948 2438 3260 2493; x_wconf 79' lang='lat' dir='ltr'><strong>festivitates</strong></span> <span class='ocrx_word' id='word_1_620' title='bbox 3296 2439 3575 2495; x_wconf 65' lang='lat' dir='ltr'><strong>Taberna-</strong></span> 
     </span>
    </p>
   </div>
   <div class='ocr_carea' id='block_1_84' title="bbox 1983 2531 3574 2601">
    <p class='ocr_par' dir='ltr' id='par_1_84' title="bbox 1983 2531 3574 2601">
     <span class='ocr_line' id='line_1_84' title="bbox 1983 2531 3574 2601; baseline -0.002 -13"><span class='ocrx_word' id='word_1_621' title='bbox 1983 2532 2225 2588; x_wconf 90' lang='lat' dir='ltr'><strong>culorum</strong></span> <span class='ocrx_word' id='word_1_622' title='bbox 2275 2533 2372 2587; x_wconf 90' lang='lat' dir='ltr'><strong>sub</strong></span> <span class='ocrx_word' id='word_1_623' title='bbox 2399 2535 2486 2588; x_wconf 91' lang='lat' dir='ltr'><strong>dio</strong></span> <span class='ocrx_word' id='word_1_624' title='bbox 2507 2577 2522 2601; x_wconf 90' lang='lat'><strong>,</strong></span> <span class='ocrx_word' id='word_1_625' title='bbox 2571 2531 2670 2586; x_wconf 90' lang='lat' dir='ltr'><strong>hoc</strong></span> <span class='ocrx_word' id='word_1_626' title='bbox 2700 2541 2809 2595; x_wconf 89' lang='lat' dir='ltr'><strong>est,</strong></span> <span class='ocrx_word' id='word_1_627' title='bbox 2853 2531 2953 2586; x_wconf 92' lang='lat' dir='ltr'><strong>sub</strong></span> <span class='ocrx_word' id='word_1_628' title='bbox 2983 2532 3269 2600; x_wconf 88' lang='lat' dir='ltr'><strong>asperitate</strong></span> <span class='ocrx_word' id='word_1_629' title='bbox 3297 2531 3574 2598; x_wconf 84' lang='lat' dir='ltr'><strong>imbrium,</strong></span> 
     </span>
    </p>
   </div>
   <div class='ocr_carea' id='block_1_85' title="bbox 1985 2609 3576 2694">
    <p class='ocr_par' dir='ltr' id='par_1_85' title="bbox 1985 2609 3576 2694">
     <span class='ocr_line' id='line_1_85' title="bbox 1985 2609 3576 2694; baseline 0.001 -16"><span class='ocrx_word' id='word_1_630' title='bbox 1985 2634 2145 2694; x_wconf 85' lang='lat' dir='ltr'><strong>atque</strong></span> <span class='ocrx_word' id='word_1_631' title='bbox 2171 2609 2354 2679; x_wconf 45' lang='grc' dir='ltr'><strong>ἣλιοι-θ</strong></span> <span class='ocrx_word' id='word_1_632' title='bbox 2385 2611 2514 2680; x_wconf 75' lang='lat' dir='ltr'><strong>solis</strong></span> <span class='ocrx_word' id='word_1_633' title='bbox 2539 2625 2814 2680; x_wconf 87' lang='lat' dir='ltr'><strong>celebrare</strong></span> <span class='ocrx_word' id='word_1_634' title='bbox 2838 2666 2853 2692; x_wconf 92' lang='lat'><strong>,</strong></span> <span class='ocrx_word' id='word_1_635' title='bbox 2903 2625 3067 2679; x_wconf 90' lang='lat' dir='ltr'><strong>otium</strong></span> <span class='ocrx_word' id='word_1_636' title='bbox 3101 2625 3445 2681; x_wconf 87' lang='lat' dir='ltr'><strong>sabbatorum</strong></span> <span class='ocrx_word' id='word_1_637' title='bbox 3477 2637 3576 2679; x_wconf 88' lang='lat' dir='ltr'><strong>seu</strong></span> 
     </span>
    </p>
   </div>
   <div class='ocr_carea' id='block_1_86' title="bbox 1987 2716 3578 2786">
    <p class='ocr_par' dir='ltr' id='par_1_86' title="bbox 1987 2716 3578 2786">
     <span class='ocr_line' id='line_1_86' title="bbox 1987 2716 3578 2786; baseline 0.001 -16"><span class='ocrx_word' id='word_1_638' title='bbox 1987 2717 2327 2773; x_wconf 79' lang='lat' dir='ltr'><strong>leStivitatent</strong></span> <span class='ocrx_word' id='word_1_639' title='bbox 2359 2718 2631 2772; x_wconf 86' lang='lat' dir='ltr'><strong>custodire</strong></span> <span class='ocrx_word' id='word_1_640' title='bbox 2652 2758 2666 2781; x_wconf 92' lang='lat'><strong>,</strong></span> <span class='ocrx_word' id='word_1_641' title='bbox 2709 2727 2762 2772; x_wconf 91' lang='lat' dir='ltr'><strong>et</strong></span> <span class='ocrx_word' id='word_1_642' title='bbox 2789 2725 2981 2771; x_wconf 60' lang='lat' dir='ltr'><strong>cit-tera</strong></span> <span class='ocrx_word' id='word_1_643' title='bbox 3015 2717 3148 2786; x_wconf 87' lang='lat' dir='ltr'><strong>legis</strong></span> <span class='ocrx_word' id='word_1_644' title='bbox 3181 2734 3345 2772; x_wconf 87' lang='lat' dir='ltr'><strong>onera</strong></span> <span class='ocrx_word' id='word_1_645' title='bbox 3374 2716 3578 2786; x_wconf 85' lang='lat' dir='ltr'><strong>gravis-</strong></span> 
     </span>
    </p>
   </div>
   <div class='ocr_carea' id='block_1_87' title="bbox 1985 2806 3577 2878">
    <p class='ocr_par' dir='ltr' id='par_1_87' title="bbox 1985 2806 3577 2878">
     <span class='ocr_line' id='line_1_87' title="bbox 1985 2806 3577 2878; baseline -0.001 -16"><span class='ocrx_word' id='word_1_646' title='bbox 1985 2808 2117 2862; x_wconf 90' lang='lat' dir='ltr'><strong>sima</strong></span> <span class='ocrx_word' id='word_1_647' title='bbox 2144 2852 2156 2874; x_wconf 94' lang='lat'><strong>,</strong></span> <span class='ocrx_word' id='word_1_648' title='bbox 2206 2808 2481 2878; x_wconf 86' lang='lat' dir='ltr'><strong>in.quibus</strong></span> <span class='ocrx_word' id='word_1_649' title='bbox 2515 2817 2656 2862; x_wconf 85' lang='lat' dir='ltr'><strong>retro</strong></span> <span class='ocrx_word' id='word_1_650' title='bbox 2699 2806 2906 2861; x_wconf 83' lang='lat' dir='ltr'><strong>cunctis</strong></span> <span class='ocrx_word' id='word_1_651' title='bbox 2939 2807 3268 2876; x_wconf 87' lang='lat' dir='ltr'><strong>temporibus</strong></span> <span class='ocrx_word' id='word_1_652' title='bbox 3303 2808 3412 2876; x_wconf 88' lang='lat' dir='ltr'><strong>jam</strong></span> <span class='ocrx_word' id='word_1_653' title='bbox 3454 2821 3577 2862; x_wconf 82' lang='lat' dir='ltr'><strong>ser-</strong></span> 
     </span>
    </p>
   </div>
   <div class='ocr_carea' id='block_1_88' title="bbox 1989 2896 3578 2966">
    <p class='ocr_par' dir='ltr' id='par_1_88' title="bbox 1989 2896 3578 2966">
     <span class='ocr_line' id='line_1_88' title="bbox 1989 2896 3578 2966; baseline -0.001 -10"><span class='ocrx_word' id='word_1_654' title='bbox 1989 2897 2222 2964; x_wconf 82' lang='lat' dir='ltr'><strong>vierunt,</strong></span> <span class='ocrx_word' id='word_1_655' title='bbox 2252 2901 2556 2953; x_wconf 88' lang='lat' dir='ltr'><strong>observare.</strong></span> <span class='ocrx_word' id='word_1_656' title='bbox 2603 2900 2704 2953; x_wconf 80' lang='lat' dir='ltr'><strong>l’er</strong></span> <span class='ocrx_word' id='word_1_657' title='bbox 2736 2903 2943 2954; x_wconf 82' lang='lat' dir='ltr'><strong>asinum</strong></span> <span class='ocrx_word' id='word_1_658' title='bbox 2985 2915 3142 2966; x_wconf 87' lang='lat' dir='ltr'><strong>vero,</strong></span> <span class='ocrx_word' id='word_1_659' title='bbox 3186 2899 3381 2952; x_wconf 90' lang='lat' dir='ltr'><strong>animal</strong></span> <span class='ocrx_word' id='word_1_660' title='bbox 3417 2896 3578 2954; x_wconf 88' lang='lat' dir='ltr'><strong>nimis</strong></span> 
     </span>
    </p>
   </div>
   <div class='ocr_carea' id='block_1_89' title="bbox 1989 2991 3576 3060">
    <p class='ocr_par' dir='ltr' id='par_1_89' title="bbox 1989 2991 3576 3060">
     <span class='ocr_line' id='line_1_89' title="bbox 1989 2991 3576 3060; baseline -0.002 -11"><span class='ocrx_word' id='word_1_661' title='bbox 1989 2995 2319 3060; x_wconf 84' lang='lat' dir='ltr'><strong>irrationale,</strong></span> <span class='ocrx_word' id='word_1_662' title='bbox 2355 3004 2405 3047; x_wconf 88' lang='lat' dir='ltr'><strong>et</strong></span> <span class='ocrx_word' id='word_1_663' title='bbox 2431 3008 2537 3060; x_wconf 71' lang='lat' dir='ltr'><strong>pra:</strong></span> <span class='ocrx_word' id='word_1_664' title='bbox 2560 2994 2772 3046; x_wconf 74' lang='lat' dir='ltr'><strong>czeteris</strong></span> <span class='ocrx_word' id='word_1_665' title='bbox 2804 2993 3162 3046; x_wconf 87' lang='lat' dir='ltr'><strong>animantibus</strong></span> <span class='ocrx_word' id='word_1_666' title='bbox 3197 2991 3364 3060; x_wconf 86' lang='lat' dir='ltr'><strong>magis</strong></span> <span class='ocrx_word' id='word_1_667' title='bbox 3392 2991 3576 3046; x_wconf 87' lang='lat' dir='ltr'><strong>oneri-</strong></span> 
     </span>
    </p>
   </div>
   <div class='ocr_carea' id='block_1_90' title="bbox 1988 3083 3577 3153">
    <p class='ocr_par' dir='ltr' id='par_1_90' title="bbox 1988 3083 3577 3153">
     <span class='ocr_line' id='line_1_90' title="bbox 1988 3083 3577 3153; baseline 0 -14"><span class='ocrx_word' id='word_1_668' title='bbox 1988 3085 2157 3139; x_wconf 74' lang='lat' dir='ltr'><strong>ferum</strong></span> <span class='ocrx_word' id='word_1_669' title='bbox 2187 3127 2200 3149; x_wconf 93' lang='lat'><strong>,</strong></span> <span class='ocrx_word' id='word_1_670' title='bbox 2255 3084 2470 3153; x_wconf 83' lang='lat' dir='ltr'><strong>gentilis</strong></span> <span class='ocrx_word' id='word_1_671' title='bbox 2522 3085 2747 3152; x_wconf 86' lang='lat' dir='ltr'><strong>pepulus</strong></span> <span class='ocrx_word' id='word_1_672' title='bbox 2785 3083 3060 3152; x_wconf 79' lang='lat' dir='ltr'><strong>figuratur,</strong></span> <span class='ocrx_word' id='word_1_673' title='bbox 3104 3085 3191 3152; x_wconf 89' lang='lat' dir='ltr'><strong>qui</strong></span> <span class='ocrx_word' id='word_1_674' title='bbox 3236 3094 3577 3152; x_wconf 86' lang='lat' dir='ltr'><strong>peccatorum</strong></span> 
     </span>
    </p>
   </div>
   <div class='ocr_carea' id='block_1_91' title="bbox 1995 3175 3579 3247">
    <p class='ocr_par' dir='ltr' id='par_1_91' title="bbox 1995 3175 3579 3247">
     <span class='ocr_line' id='line_1_91' title="bbox 1995 3175 3579 3247; baseline -0.001 -17"><span class='ocrx_word' id='word_1_675' title='bbox 1995 3176 2250 3247; x_wconf 86' lang='lat' dir='ltr'><strong>pondere,</strong></span> <span class='ocrx_word' id='word_1_676' title='bbox 2277 3185 2331 3230; x_wconf 87' lang='lat' dir='ltr'><strong>et</strong></span> <span class='ocrx_word' id='word_1_677' title='bbox 2360 3176 2510 3228; x_wconf 68' lang='lat' dir='ltr'><strong>mala:</strong></span> <span class='ocrx_word' id='word_1_678' title='bbox 2536 3175 2709 3230; x_wconf 80' lang='lat' dir='ltr'><strong>insita:</strong></span> <span class='ocrx_word' id='word_1_679' title='bbox 2736 3176 2833 3229; x_wconf 83' lang='lat' dir='ltr'><strong>sibi</strong></span> <span class='ocrx_word' id='word_1_680' title='bbox 2859 3175 3261 3230; x_wconf 86' lang='lat' dir='ltr'><strong>eonsuelttdinis</strong></span> <span class='ocrx_word' id='word_1_681' title='bbox 3286 3175 3424 3229; x_wconf 89' lang='lat' dir='ltr'><strong>mole</strong></span> <span class='ocrx_word' id='word_1_682' title='bbox 3447 3187 3579 3245; x_wconf 63' lang='lat' dir='ltr'><strong>pra-</strong></span> 
     </span>
    </p>
   </div>
   <div class='ocr_carea' id='block_1_92' title="bbox 1916 3239 3582 3340">
    <p class='ocr_par' dir='ltr' id='par_1_92' title="bbox 1916 3239 3582 3340">
     <span class='ocr_line' id='line_1_92' title="bbox 1916 3239 3582 3340; baseline -0.001 -17"><span class='ocrx_word' id='word_1_683' title='bbox 1916 3239 1960 3300; x_wconf 81' lang='lat' dir='ltr'><strong><em>C</em></strong></span> <span class='ocrx_word' id='word_1_684' title='bbox 1995 3239 2198 3340; x_wconf 79' lang='lat' dir='ltr'><strong>pediti,</strong></span> <span class='ocrx_word' id='word_1_685' title='bbox 2233 3239 2562 3337; x_wconf 82' lang='lat' dir='ltr'><strong>nequaquam</strong></span> <span class='ocrx_word' id='word_1_686' title='bbox 2597 3269 2895 3337; x_wconf 86' lang='lat' dir='ltr'><strong>respirare,</strong></span> <span class='ocrx_word' id='word_1_687' title='bbox 2931 3276 3022 3320; x_wconf 89' lang='lat' dir='ltr'><strong>aut</strong></span> <span class='ocrx_word' id='word_1_688' title='bbox 3061 3266 3454 3335; x_wconf 72' lang='lat' dir='ltr'><strong>impatientibus</strong></span> <span class='ocrx_word' id='word_1_689' title='bbox 3493 3279 3582 3322; x_wconf 84' lang='lat' dir='ltr'><strong>re-</strong></span> 
     </span>
    </p>
   </div>
   <div class='ocr_carea' id='block_1_93' title="bbox 1991 3357 3578 3430">
    <p class='ocr_par' dir='ltr' id='par_1_93' title="bbox 1991 3357 3578 3430">
     <span class='ocr_line' id='line_1_93' title="bbox 1991 3357 3578 3430; baseline 0 -16"><span class='ocrx_word' id='word_1_690' title='bbox 1991 3363 2184 3416; x_wconf 74' lang='lat' dir='ltr'><strong>sistere</strong></span> <span class='ocrx_word' id='word_1_691' title='bbox 2210 3364 2489 3430; x_wconf 88' lang='lat' dir='ltr'><strong>valebant,</strong></span> <span class='ocrx_word' id='word_1_692' title='bbox 2520 3364 2585 3417; x_wconf 87' lang='lat' dir='ltr'><strong>ad</strong></span> <span class='ocrx_word' id='word_1_693' title='bbox 2616 3362 2904 3416; x_wconf 87' lang='lat' dir='ltr'><strong>simulacra</strong></span> <span class='ocrx_word' id='word_1_694' title='bbox 2931 3371 3076 3415; x_wconf 87' lang='lat' dir='ltr'><strong>mula</strong></span> <span class='ocrx_word' id='word_1_695' title='bbox 3122 3369 3278 3428; x_wconf 88' lang='lat' dir='ltr'><strong>prout</strong></span> <span class='ocrx_word' id='word_1_696' title='bbox 3307 3357 3578 3414; x_wconf 73' lang='lat' dir='ltr'><strong>duceban-</strong></span> 
     </span>
    </p>
   </div>
   <div class='ocr_carea' id='block_1_94' title="bbox 1992 3454 3582 3526">
    <p class='ocr_par' dir='ltr' id='par_1_94' title="bbox 1992 3454 3582 3526">
     <span class='ocr_line' id='line_1_94' title="bbox 1992 3454 3582 3526; baseline -0.002 -16"><span class='ocrx_word' id='word_1_697' title='bbox 1992 3467 2098 3522; x_wconf 89' lang='lat' dir='ltr'><strong>tur,</strong></span> <span class='ocrx_word' id='word_1_698' title='bbox 2129 3457 2463 3513; x_wconf 84' lang='lat' dir='ltr'><strong>incedentes.</strong></span> <span class='ocrx_word' id='word_1_699' title='bbox 2509 3457 2740 3512; x_wconf 87' lang='lat' dir='ltr'><strong>Possunt</strong></span> <span class='ocrx_word' id='word_1_700' title='bbox 2765 3471 2977 3526; x_wconf 91' lang='lat' dir='ltr'><strong>quoque</strong></span> <span class='ocrx_word' id='word_1_701' title='bbox 3012 3455 3126 3510; x_wconf 55' lang='lat' dir='ltr'><strong>haec</strong></span> <span class='ocrx_word' id='word_1_702' title='bbox 3161 3454 3441 3521; x_wconf 87' lang='lat' dir='ltr'><strong>animalia,</strong></span> <span class='ocrx_word' id='word_1_703' title='bbox 3470 3454 3582 3508; x_wconf 89' lang='lat' dir='ltr'><strong>duo</strong></span> 
     </span>
    </p>
   </div>
   <div class='ocr_carea' id='block_1_95' title="bbox 1993 3541 3579 3620">
    <p class='ocr_par' dir='ltr' id='par_1_95' title="bbox 1993 3541 3579 3620">
     <span class='ocr_line' id='line_1_95' title="bbox 1993 3541 3579 3620; baseline 0 -20"><span class='ocrx_word' id='word_1_704' title='bbox 1993 3547 2267 3603; x_wconf 88' lang='lat' dir='ltr'><strong>hominum</strong></span> <span class='ocrx_word' id='word_1_705' title='bbox 2298 3565 2495 3618; x_wconf 81' lang='lat' dir='ltr'><strong>genera</strong></span> <span class='ocrx_word' id='word_1_706' title='bbox 2525 3549 2833 3620; x_wconf 81' lang='lat' dir='ltr'><strong>designare.</strong></span> <span class='ocrx_word' id='word_1_707' title='bbox 2877 3547 2980 3602; x_wconf 80' lang='lat' dir='ltr'><strong>Bos</strong></span> <span class='ocrx_word' id='word_1_708' title='bbox 3012 3547 3150 3602; x_wconf 90' lang='lat' dir='ltr'><strong>enim</strong></span> <span class='ocrx_word' id='word_1_709' title='bbox 3181 3545 3268 3615; x_wconf 89' lang='lat' dir='ltr'><strong>qui</strong></span> <span class='ocrx_word' id='word_1_710' title='bbox 3297 3541 3579 3615; x_wconf 69' lang='lat' dir='ltr'><strong>proventu!</strong></span> 
     </span>
    </p>
   </div>
   <div class='ocr_carea' id='block_1_96' title="bbox 1994 3639 3578 3709">
    <p class='ocr_par' dir='ltr' id='par_1_96' title="bbox 1994 3639 3578 3709">
     <span class='ocr_line' id='line_1_96' title="bbox 1994 3639 3578 3709; baseline 0.001 -17"><span class='ocrx_word' id='word_1_711' title='bbox 1994 3639 2202 3709; x_wconf 85' lang='lat' dir='ltr'><strong>frugum</strong></span> <span class='ocrx_word' id='word_1_712' title='bbox 2254 3641 2465 3695; x_wconf 89' lang='lat' dir='ltr'><strong>insudat</strong></span> <span class='ocrx_word' id='word_1_713' title='bbox 2493 3681 2507 3706; x_wconf 93' lang='lat'><strong>,</strong></span> <span class='ocrx_word' id='word_1_714' title='bbox 2555 3641 2828 3709; x_wconf 88' lang='lat' dir='ltr'><strong>sapientes</strong></span> <span class='ocrx_word' id='word_1_715' title='bbox 2872 3641 3144 3708; x_wconf 85' lang='lat' dir='ltr'><strong>exprimit.</strong></span> <span class='ocrx_word' id='word_1_716' title='bbox 3179 3640 3378 3696; x_wconf 83' lang='lat' dir='ltr'><strong>Asinus</strong></span> <span class='ocrx_word' id='word_1_717' title='bbox 3423 3651 3578 3705; x_wconf 89' lang='lat' dir='ltr'><strong>vero,</strong></span> 
     </span>
    </p>
   </div>
   <div class='ocr_carea' id='block_1_97' title="bbox 1992 3728 3579 3804">
    <p class='ocr_par' dir='ltr' id='par_1_97' title="bbox 1992 3728 3579 3804">
     <span class='ocr_line' id='line_1_97' title="bbox 1992 3728 3579 3804; baseline -0.001 -18"><span class='ocrx_word' id='word_1_718' title='bbox 1992 3733 2224 3804; x_wconf 85' lang='lat' dir='ltr'><strong>ignobile</strong></span> <span class='ocrx_word' id='word_1_719' title='bbox 2245 3735 2440 3788; x_wconf 90' lang='lat' dir='ltr'><strong>animal</strong></span> <span class='ocrx_word' id='word_1_720' title='bbox 2465 3743 2517 3789; x_wconf 90' lang='lat' dir='ltr'><strong>et</strong></span> <span class='ocrx_word' id='word_1_721' title='bbox 2543 3733 2851 3802; x_wconf 85' lang='lat' dir='ltr'><strong>insipiduin,</strong></span> <span class='ocrx_word' id='word_1_722' title='bbox 2879 3731 3072 3786; x_wconf 90' lang='lat' dir='ltr'><strong>stultos</strong></span> <span class='ocrx_word' id='word_1_723' title='bbox 3093 3746 3334 3801; x_wconf 85' lang='lat' dir='ltr'><strong>quosque</strong></span> <span class='ocrx_word' id='word_1_724' title='bbox 3355 3738 3409 3786; x_wconf 91' lang='lat' dir='ltr'><strong>et</strong></span> <span class='ocrx_word' id='word_1_725' title='bbox 3429 3728 3579 3785; x_wconf 85' lang='lat' dir='ltr'><strong>verbi</strong></span> 
     </span>
    </p>
   </div>
   <div class='ocr_carea' id='block_1_98' title="bbox 1994 3822 3585 3894">
    <p class='ocr_par' dir='ltr' id='par_1_98' title="bbox 1994 3822 3585 3894">
     <span class='ocr_line' id='line_1_98' title="bbox 1994 3822 3585 3894; baseline -0.003 -15"><span class='ocrx_word' id='word_1_726' title='bbox 1994 3828 2203 3880; x_wconf 89' lang='lat' dir='ltr'><strong>ratione</strong></span> <span class='ocrx_word' id='word_1_727' title='bbox 2234 3835 2510 3894; x_wconf 86' lang='lat' dir='ltr'><strong>carentes,</strong></span> <span class='ocrx_word' id='word_1_728' title='bbox 2565 3841 2658 3894; x_wconf 90' lang='lat' dir='ltr'><strong>per</strong></span> <span class='ocrx_word' id='word_1_729' title='bbox 2695 3835 2876 3894; x_wconf 88' lang='lat' dir='ltr'><strong>typum</strong></span> <span class='ocrx_word' id='word_1_730' title='bbox 2927 3824 3180 3878; x_wconf 89' lang='lat' dir='ltr'><strong>ostendit.</strong></span> <span class='ocrx_word' id='word_1_731' title='bbox 3226 3825 3392 3878; x_wconf 75' lang='lat' dir='ltr'><strong>llecte</strong></span> <span class='ocrx_word' id='word_1_732' title='bbox 3420 3822 3585 3891; x_wconf 86' lang='lat' dir='ltr'><strong>igitur</strong></span> 
     </span>
    </p>
   </div>
   <div class='ocr_carea' id='block_1_99' title="bbox 1994 3914 3582 3984">
    <p class='ocr_par' dir='ltr' id='par_1_99' title="bbox 1994 3914 3582 3984">
     <span class='ocr_line' id='line_1_99' title="bbox 1994 3914 3582 3984; baseline -0.001 -14"><span class='ocrx_word' id='word_1_733' title='bbox 1994 3916 2253 3976; x_wconf 74' lang='lat' dir='ltr'><strong>Dominus</strong></span> <span class='ocrx_word' id='word_1_734' title='bbox 2285 3920 2337 3972; x_wconf 90' lang='lat' dir='ltr'><strong>in</strong></span> <span class='ocrx_word' id='word_1_735' title='bbox 2359 3928 2584 3984; x_wconf 86' lang='lat' dir='ltr'><strong>utroque</strong></span> <span class='ocrx_word' id='word_1_736' title='bbox 2611 3917 2726 3970; x_wconf 89' lang='lat' dir='ltr'><strong>loco</strong></span> <span class='ocrx_word' id='word_1_737' title='bbox 2743 3916 2930 3970; x_wconf 88' lang='lat' dir='ltr'><strong>bovem</strong></span> <span class='ocrx_word' id='word_1_738' title='bbox 2961 3924 3016 3970; x_wconf 91' lang='lat' dir='ltr'><strong>et</strong></span> <span class='ocrx_word' id='word_1_739' title='bbox 3036 3916 3242 3968; x_wconf 89' lang='lat' dir='ltr'><strong>asinum</strong></span> <span class='ocrx_word' id='word_1_740' title='bbox 3276 3914 3328 3968; x_wconf 90' lang='lat' dir='ltr'><strong>in</strong></span> <span class='ocrx_word' id='word_1_741' title='bbox 3361 3922 3582 3982; x_wconf 86' lang='lat' dir='ltr'><strong>puteum</strong></span> 
     </span>
    </p>
   </div>
   <div class='ocr_carea' id='block_1_100' title="bbox 1995 4002 3582 4078">
    <p class='ocr_par' dir='ltr' id='par_1_100' title="bbox 1995 4002 3582 4078">
     <span class='ocr_line' id='line_1_100' title="bbox 1995 4002 3582 4078; baseline -0.002 -17"><span class='ocrx_word' id='word_1_742' title='bbox 1995 4007 2268 4076; x_wconf 89' lang='lat' dir='ltr'><strong>labentes,</strong></span> <span class='ocrx_word' id='word_1_743' title='bbox 2318 4007 2400 4062; x_wconf 89' lang='lat' dir='ltr'><strong>vel</strong></span> <span class='ocrx_word' id='word_1_744' title='bbox 2445 4022 2476 4061; x_wconf 90' lang='lat' dir='ltr'><strong>a</strong></span> <span class='ocrx_word' id='word_1_745' title='bbox 2515 4009 2774 4078; x_wconf 58' lang='lat' dir='ltr'><strong>praesepio</strong></span> <span class='ocrx_word' id='word_1_746' title='bbox 2801 4006 3028 4072; x_wconf 85' lang='lat' dir='ltr'><strong>solutos,</strong></span> <span class='ocrx_word' id='word_1_747' title='bbox 3059 4007 3160 4059; x_wconf 89' lang='lat' dir='ltr'><strong>sub</strong></span> <span class='ocrx_word' id='word_1_748' title='bbox 3191 4002 3582 4074; x_wconf 76' lang='lat' dir='ltr'><strong>significatione</strong></span> 
     </span>
    </p>
   </div>
   <div class='ocr_carea' id='block_1_101' title="bbox 1992 4100 3581 4174">
    <p class='ocr_par' dir='ltr' id='par_1_101' title="bbox 1992 4100 3581 4174">
     <span class='ocr_line' id='line_1_101' title="bbox 1992 4100 3581 4174; baseline -0.003 -14"><span class='ocrx_word' id='word_1_749' title='bbox 1992 4104 2200 4160; x_wconf 81' lang='lat' dir='ltr'><strong>Judaici</strong></span> <span class='ocrx_word' id='word_1_750' title='bbox 2249 4103 2426 4174; x_wconf 88' lang='lat' dir='ltr'><strong>pepuli</strong></span> <span class='ocrx_word' id='word_1_751' title='bbox 2465 4113 2622 4174; x_wconf 90' lang='lat' dir='ltr'><strong>atque</strong></span> <span class='ocrx_word' id='word_1_752' title='bbox 2661 4104 2874 4173; x_wconf 83' lang='lat' dir='ltr'><strong>gentilis</strong></span> <span class='ocrx_word' id='word_1_753' title='bbox 2906 4104 3104 4173; x_wconf 90' lang='lat' dir='ltr'><strong>posuit,</strong></span> <span class='ocrx_word' id='word_1_754' title='bbox 3135 4103 3257 4171; x_wconf 88' lang='lat' dir='ltr'><strong>quia</strong></span> <span class='ocrx_word' id='word_1_755' title='bbox 3286 4100 3581 4155; x_wconf 81' lang='lat' dir='ltr'><strong>adveniens</strong></span> 
     </span>
    </p>
   </div>
   <div class='ocr_carea' id='block_1_102' title="bbox 1995 4191 3580 4264">
    <p class='ocr_par' dir='ltr' id='par_1_102' title="bbox 1995 4191 3580 4264">
     <span class='ocr_line' id='line_1_102' title="bbox 1995 4191 3580 4264; baseline -0.002 -16"><span class='ocrx_word' id='word_1_756' title='bbox 1995 4195 2107 4264; x_wconf 89' lang='lat' dir='ltr'><strong>ipse</strong></span> <span class='ocrx_word' id='word_1_757' title='bbox 2155 4194 2419 4249; x_wconf 88' lang='lat' dir='ltr'><strong>mediator</strong></span> <span class='ocrx_word' id='word_1_758' title='bbox 2461 4194 2552 4248; x_wconf 85' lang='lat' dir='ltr'><strong>Dei</strong></span> <span class='ocrx_word' id='word_1_759' title='bbox 2608 4203 2661 4248; x_wconf 88' lang='lat' dir='ltr'><strong>et</strong></span> <span class='ocrx_word' id='word_1_760' title='bbox 2711 4193 2982 4247; x_wconf 88' lang='lat' dir='ltr'><strong>hominum</strong></span> <span class='ocrx_word' id='word_1_761' title='bbox 3031 4193 3082 4245; x_wconf 86' lang='lat' dir='ltr'><strong>in</strong></span> <span class='ocrx_word' id='word_1_762' title='bbox 3128 4195 3264 4246; x_wconf 92' lang='lat' dir='ltr'><strong>hunc</strong></span> <span class='ocrx_word' id='word_1_763' title='bbox 3295 4191 3580 4259; x_wconf 88' lang='lat' dir='ltr'><strong>mundum,</strong></span> 
     </span>
    </p>
   </div>
   <div class='ocr_carea' id='block_1_103' title="bbox 1994 4282 3584 4354">
    <p class='ocr_par' dir='ltr' id='par_1_103' title="bbox 1994 4282 3584 4354">
     <span class='ocr_line' id='line_1_103' title="bbox 1994 4282 3584 4354; baseline -0.004 -12"><span class='ocrx_word' id='word_1_764' title='bbox 1994 4300 2178 4342; x_wconf 89' lang='lat' dir='ltr'><strong>omnes</strong></span> <span class='ocrx_word' id='word_1_765' title='bbox 2206 4287 2320 4341; x_wconf 90' lang='lat' dir='ltr'><strong>sive</strong></span> <span class='ocrx_word' id='word_1_766' title='bbox 2345 4285 2558 4340; x_wconf 84' lang='lat' dir='ltr'><strong>Judaeos</strong></span> <span class='ocrx_word' id='word_1_767' title='bbox 2587 4287 2698 4340; x_wconf 92' lang='lat' dir='ltr'><strong>sive</strong></span> <span class='ocrx_word' id='word_1_768' title='bbox 2735 4286 2990 4354; x_wconf 81' lang='lat' dir='ltr'><strong>gentiles,</strong></span> <span class='ocrx_word' id='word_1_769' title='bbox 3034 4298 3128 4338; x_wconf 91' lang='lat' dir='ltr'><strong>seu</strong></span> <span class='ocrx_word' id='word_1_770' title='bbox 3169 4283 3441 4351; x_wconf 77' lang='lat' dir='ltr'><strong>sapientes</strong></span> <span class='ocrx_word' id='word_1_771' title='bbox 3469 4282 3584 4335; x_wconf 89' lang='lat' dir='ltr'><strong>sive</strong></span> 
     </span>
    </p>
   </div>
   <div class='ocr_carea' id='block_1_104' title="bbox 1998 4373 3580 4444">
    <p class='ocr_par' dir='ltr' id='par_1_104' title="bbox 1998 4373 3580 4444">
     <span class='ocr_line' id='line_1_104' title="bbox 1998 4373 3580 4444; baseline -0.004 -15"><span class='ocrx_word' id='word_1_772' title='bbox 1998 4377 2262 4442; x_wconf 86' lang='lat' dir='ltr'><strong>hebetes,</strong></span> <span class='ocrx_word' id='word_1_773' title='bbox 2317 4373 2616 4430; x_wconf 86' lang='lat' dir='ltr'><strong>durissimis</strong></span> <span class='ocrx_word' id='word_1_774' title='bbox 2679 4385 3017 4444; x_wconf 76' lang='lat' dir='ltr'><strong>peccatorum</strong></span> <span class='ocrx_word' id='word_1_775' title='bbox 3078 4374 3302 4426; x_wconf 88' lang='lat' dir='ltr'><strong>vinculis</strong></span> <span class='ocrx_word' id='word_1_776' title='bbox 3346 4373 3580 4426; x_wconf 85' lang='lat' dir='ltr'><strong>irretitus</strong></span> 
     </span>
    </p>
   </div>
   <div class='ocr_carea' id='block_1_105' title="bbox 1996 4462 3576 4537">
    <p class='ocr_par' dir='ltr' id='par_1_105' title="bbox 1996 4462 3576 4537">
     <span class='ocr_line' id='line_1_105' title="bbox 1996 4462 3576 4537; baseline -0.002 -16"><span class='ocrx_word' id='word_1_777' title='bbox 1996 4467 2236 4537; x_wconf 90' lang='lat' dir='ltr'><strong>invenit,</strong></span> <span class='ocrx_word' id='word_1_778' title='bbox 2269 4479 2426 4537; x_wconf 85' lang='lat' dir='ltr'><strong>atque</strong></span> <span class='ocrx_word' id='word_1_779' title='bbox 2469 4469 2518 4521; x_wconf 93' lang='lat' dir='ltr'><strong>iu</strong></span> <span class='ocrx_word' id='word_1_780' title='bbox 2571 4467 2680 4522; x_wconf 89' lang='lat' dir='ltr'><strong>imo</strong></span> <span class='ocrx_word' id='word_1_781' title='bbox 2727 4466 3012 4534; x_wconf 74' lang='grc' dir='ltr'>γυιυμιιιιῐε</span> <span class='ocrx_word' id='word_1_782' title='bbox 3042 4472 3094 4520; x_wconf 91' lang='lat' dir='ltr'><strong>et</strong></span> <span class='ocrx_word' id='word_1_783' title='bbox 3123 4462 3576 4532; x_wconf 68' lang='lat' dir='ltr'><strong>concupiscentia:</strong></span> 
     </span>
    </p>
   </div>
   <div class='ocr_carea' id='block_1_106' title="bbox 1997 4554 3580 4628">
    <p class='ocr_par' dir='ltr' id='par_1_106' title="bbox 1997 4554 3580 4628">
     <span class='ocr_line' id='line_1_106' title="bbox 1997 4554 3580 4628; baseline -0.001 -16"><span class='ocrx_word' id='word_1_784' title='bbox 1997 4559 2268 4626; x_wconf 88' lang='lat' dir='ltr'><strong>carnalis,</strong></span> <span class='ocrx_word' id='word_1_785' title='bbox 2326 4571 2575 4628; x_wconf 88' lang='lat' dir='ltr'><strong>tanquam</strong></span> <span class='ocrx_word' id='word_1_786' title='bbox 2620 4557 2672 4612; x_wconf 90' lang='lat' dir='ltr'><strong>in</strong></span> <span class='ocrx_word' id='word_1_787' title='bbox 2723 4557 3084 4627; x_wconf 84' lang='lat' dir='ltr'><strong>proluttditate</strong></span> <span class='ocrx_word' id='word_1_788' title='bbox 3129 4557 3272 4625; x_wconf 81' lang='lat' dir='ltr'><strong>pulei</strong></span> <span class='ocrx_word' id='word_1_789' title='bbox 3303 4554 3580 4611; x_wconf 79' lang='lat' dir='ltr'><strong>demersos</strong></span> 
     </span>
    </p>
   </div>
   <div class='ocr_carea' id='block_1_107' title="bbox 2000 4649 3582 4720">
    <p class='ocr_par' dir='ltr' id='par_1_107' title="bbox 2000 4649 3582 4720">
     <span class='ocr_line' id='line_1_107' title="bbox 2000 4649 3582 4720; baseline -0.003 -14"><span class='ocrx_word' id='word_1_790' title='bbox 2000 4653 2218 4720; x_wconf 86' lang='lat' dir='ltr'><strong>reperit.</strong></span> <span class='ocrx_word' id='word_1_791' title='bbox 2263 4652 2530 4720; x_wconf 76' lang='lat' dir='ltr'><strong>Scriptum</strong></span> <span class='ocrx_word' id='word_1_792' title='bbox 2567 4667 2796 4720; x_wconf 91' lang='lat' dir='ltr'><strong>namque</strong></span> <span class='ocrx_word' id='word_1_793' title='bbox 2828 4660 2908 4705; x_wconf 90' lang='lat' dir='ltr'><strong>est</strong></span> <span class='ocrx_word' id='word_1_794' title='bbox 2946 4668 2957 4702; x_wconf 91' lang='lat'><strong>:</strong></span> <span class='ocrx_word' id='word_1_795' title='bbox 3002 4649 3232 4704; x_wconf 80' lang='lat' dir='ltr'><strong>Vinculis</strong></span> <span class='ocrx_word' id='word_1_796' title='bbox 3264 4661 3582 4718; x_wconf 84' lang='lat' dir='ltr'><strong>peccatorum</strong></span> 
     </span>
    </p>
   </div>
   <div class='ocr_carea' id='block_1_108' title="bbox 1993 4739 3588 4812">
    <p class='ocr_par' dir='ltr' id='par_1_108' title="bbox 1993 4739 3588 4812">
     <span class='ocr_line' id='line_1_108' title="bbox 1993 4739 3588 4812; baseline -0.001 -15"><span class='ocrx_word' id='word_1_797' title='bbox 1993 4758 2204 4797; x_wconf 88' lang='lat' dir='ltr'><strong>suorum</strong></span> <span class='ocrx_word' id='word_1_798' title='bbox 2231 4744 2572 4812; x_wconf 82' lang='lat' dir='ltr'><strong>unusquisque</strong></span> <span class='ocrx_word' id='word_1_799' title='bbox 2600 4744 2972 4811; x_wconf 86' lang='lat' dir='ltr'><strong>constringitur</strong></span> <span class='ocrx_word' id='word_1_800' title='bbox 3000 4739 3188 4811; x_wconf 83' lang='lat' dir='ltr'><strong>(Prov.</strong></span> <span class='ocrx_word' id='word_1_801' title='bbox 3223 4742 3295 4810; x_wconf 90' lang='lat' dir='ltr'><strong>v).</strong></span> <span class='ocrx_word' id='word_1_802' title='bbox 3344 4741 3411 4796; x_wconf 84' lang='lat' dir='ltr'><strong>Et</strong></span> <span class='ocrx_word' id='word_1_803' title='bbox 3435 4741 3553 4810; x_wconf 85' lang='lat' dir='ltr'><strong>Apo</strong></span> <span class='ocrx_word' id='word_1_804' title='bbox 3579 4772 3588 4785; x_wconf 90' lang='lat'><em>-</em></span> 
     </span>
    </p>
   </div>
   <div class='ocr_carea' id='block_1_109' title="bbox 1997 4830 3583 4904">
    <p class='ocr_par' dir='ltr' id='par_1_109' title="bbox 1997 4830 3583 4904">
     <span class='ocr_line' id='line_1_109' title="bbox 1997 4830 3583 4904; baseline 0.001 -17"><span class='ocrx_word' id='word_1_805' title='bbox 1997 4833 2166 4887; x_wconf 88' lang='lat' dir='ltr'><strong>stulus</strong></span> <span class='ocrx_word' id='word_1_806' title='bbox 2193 4851 2205 4888; x_wconf 93' lang='lat'><strong>:</strong></span> <span class='ocrx_word' id='word_1_807' title='bbox 2239 4830 2429 4889; x_wconf 84' lang='lat' dir='ltr'><strong>Omnes</strong></span> <span class='ocrx_word' id='word_1_808' title='bbox 2462 4845 2816 4903; x_wconf 86' lang='lat' dir='ltr'><strong>peccaverunt,</strong></span> <span class='ocrx_word' id='word_1_809' title='bbox 2842 4845 2888 4888; x_wconf 83' lang='lat' dir='ltr'><strong>et</strong></span> <span class='ocrx_word' id='word_1_810' title='bbox 2909 4844 3052 4904; x_wconf 85' lang='lat' dir='ltr'><strong>egent</strong></span> <span class='ocrx_word' id='word_1_811' title='bbox 3079 4833 3248 4904; x_wconf 87' lang='lat' dir='ltr'><strong>gloria</strong></span> <span class='ocrx_word' id='word_1_812' title='bbox 3277 4833 3374 4886; x_wconf 85' lang='lat' dir='ltr'><strong>Dei</strong></span> <span class='ocrx_word' id='word_1_813' title='bbox 3401 4833 3583 4902; x_wconf 83' lang='lat' dir='ltr'><strong>(Rom.</strong></span> 
     </span>
    </p>
   </div>
   <div class='ocr_carea' id='block_1_110' title="bbox 1999 4927 3585 4999">
    <p class='ocr_par' dir='ltr' id='par_1_110' title="bbox 1999 4927 3585 4999">
     <span class='ocr_line' id='line_1_110' title="bbox 1999 4927 3585 4999; baseline -0.001 -16"><span class='ocrx_word' id='word_1_814' title='bbox 1999 4929 2104 4999; x_wconf 83' lang='lat' dir='ltr'><strong>tu).</strong></span> <span class='ocrx_word' id='word_1_815' title='bbox 2147 4931 2282 4998; x_wconf 85' lang='lat' dir='ltr'><strong>Apte</strong></span> <span class='ocrx_word' id='word_1_816' title='bbox 2313 4945 2440 4984; x_wconf 92' lang='lat' dir='ltr'><strong>vero</strong></span> <span class='ocrx_word' id='word_1_817' title='bbox 2480 4931 2546 4984; x_wconf 91' lang='lat' dir='ltr'><strong>de</strong></span> <span class='ocrx_word' id='word_1_818' title='bbox 2595 4929 3000 4983; x_wconf 87' lang='lat' dir='ltr'><strong>insultatoribus</strong></span> <span class='ocrx_word' id='word_1_819' title='bbox 3054 4927 3258 4982; x_wconf 86' lang='lat' dir='ltr'><strong>Domini</strong></span> <span class='ocrx_word' id='word_1_820' title='bbox 3297 4927 3585 4995; x_wconf 88' lang='lat' dir='ltr'><strong>sequitur:</strong></span> 
     </span>
    </p>
   </div>
   <div class='ocr_carea' id='block_1_111' title="bbox 2004 5019 3584 5093">
    <p class='ocr_par' dir='ltr' id='par_1_111' title="bbox 2004 5019 3584 5093">
     <span class='ocr_line' id='line_1_111' title="bbox 2004 5019 3584 5093; baseline 0.001 -19"><span class='ocrx_word' id='word_1_821' title='bbox 2004 5022 2134 5088; x_wconf 86' lang='lat' dir='ltr'><strong>Quia</strong></span> <span class='ocrx_word' id='word_1_822' title='bbox 2160 5038 2261 5076; x_wconf 88' lang='lat' dir='ltr'><strong>non</strong></span> <span class='ocrx_word' id='word_1_823' title='bbox 2291 5032 2527 5092; x_wconf 84' lang='lat' dir='ltr'><strong>poterant</strong></span> <span class='ocrx_word' id='word_1_824' title='bbox 2556 5022 2621 5076; x_wconf 82' lang='lat' dir='ltr'><strong>ad</strong></span> <span class='ocrx_word' id='word_1_825' title='bbox 2657 5021 2765 5076; x_wconf 63' lang='lat' dir='ltr'><strong>haec</strong></span> <span class='ocrx_word' id='word_1_826' title='bbox 2793 5023 3096 5093; x_wconf 83' lang='lat' dir='ltr'><strong>respondere</strong></span> <span class='ocrx_word' id='word_1_827' title='bbox 3127 5022 3224 5075; x_wconf 85' lang='lat' dir='ltr'><strong>illi.</strong></span> <span class='ocrx_word' id='word_1_828' title='bbox 3255 5019 3584 5090; x_wconf 80' lang='lat' dir='ltr'><strong>Splendidis-</strong></span> 
     </span>
    </p>
   </div>
   <div class='ocr_carea' id='block_1_112' title="bbox 2001 5115 3585 5188">
    <p class='ocr_par' dir='ltr' id='par_1_112' title="bbox 2001 5115 3585 5188">
     <span class='ocr_line' id='line_1_112' title="bbox 2001 5115 3585 5188; baseline -0.001 -17"><span class='ocrx_word' id='word_1_829' title='bbox 2001 5119 2136 5172; x_wconf 90' lang='lat' dir='ltr'><strong>sima</strong></span> <span class='ocrx_word' id='word_1_830' title='bbox 2189 5134 2416 5188; x_wconf 90' lang='lat' dir='ltr'><strong>namque</strong></span> <span class='ocrx_word' id='word_1_831' title='bbox 2486 5118 2608 5173; x_wconf 91' lang='lat' dir='ltr'><strong>luce</strong></span> <span class='ocrx_word' id='word_1_832' title='bbox 2638 5117 2896 5172; x_wconf 79' lang='lat' dir='ltr'><strong>-vcritatis</strong></span> <span class='ocrx_word' id='word_1_833' title='bbox 2950 5130 3273 5172; x_wconf 88' lang='lat' dir='ltr'><strong>evanescere</strong></span> <span class='ocrx_word' id='word_1_834' title='bbox 3333 5115 3585 5170; x_wconf 87' lang='lat' dir='ltr'><strong>videbant</strong></span> 
     </span>
    </p>
   </div>
   <div class='ocr_carea' id='block_1_113' title="bbox 2000 5207 3587 5264">
    <p class='ocr_par' dir='ltr' id='par_1_113' title="bbox 2000 5207 3587 5264">
     <span class='ocr_line' id='line_1_113' title="bbox 2000 5207 3587 5264; baseline 0 -2"><span class='ocrx_word' id='word_1_835' title='bbox 2000 5223 2187 5263; x_wconf 88' lang='lat' dir='ltr'><strong>omnes</strong></span> <span class='ocrx_word' id='word_1_836' title='bbox 2239 5209 2488 5264; x_wconf 86' lang='lat' dir='ltr'><strong>tenebras</strong></span> <span class='ocrx_word' id='word_1_837' title='bbox 2520 5208 2786 5263; x_wconf 80' lang='lat' dir='ltr'><strong>falsitatis.</strong></span> <span class='ocrx_word' id='word_1_838' title='bbox 2851 5207 3043 5263; x_wconf 82' lang='lat' dir='ltr'><strong>Verum</strong></span> <span class='ocrx_word' id='word_1_839' title='bbox 3072 5208 3326 5263; x_wconf 88' lang='lat' dir='ltr'><strong>Dominus</strong></span> <span class='ocrx_word' id='word_1_840' title='bbox 3357 5223 3478 5262; x_wconf 91' lang='lat' dir='ltr'><strong>cum</strong></span> <span class='ocrx_word' id='word_1_841' title='bbox 3506 5207 3587 5262; x_wconf 86' lang='lat' dir='ltr'><strong>vi-</strong></span> 
     </span>
    </p>
   </div>
   <div class='ocr_carea' id='block_1_114' title="bbox 2000 5299 3587 5372">
    <p class='ocr_par' dir='ltr' id='par_1_114' title="bbox 2000 5299 3587 5372">
     <span class='ocr_line' id='line_1_114' title="bbox 2000 5299 3587 5372; baseline 0.003 -16"><span class='ocrx_word' id='word_1_842' title='bbox 2000 5299 2153 5356; x_wconf 88' lang='lat' dir='ltr'><strong>deret</strong></span> <span class='ocrx_word' id='word_1_843' title='bbox 2184 5315 2276 5357; x_wconf 91' lang='lat' dir='ltr'><strong>eos</strong></span> <span class='ocrx_word' id='word_1_844' title='bbox 2304 5300 2626 5369; x_wconf 90' lang='lat' dir='ltr'><strong>respondere</strong></span> <span class='ocrx_word' id='word_1_845' title='bbox 2661 5315 2767 5356; x_wconf 91' lang='lat' dir='ltr'><strong>non</strong></span> <span class='ocrx_word' id='word_1_846' title='bbox 2794 5316 2987 5372; x_wconf 90' lang='lat' dir='ltr'><strong>posse,</strong></span> <span class='ocrx_word' id='word_1_847' title='bbox 3029 5310 3083 5358; x_wconf 91' lang='lat' dir='ltr'><strong>et</strong></span> <span class='ocrx_word' id='word_1_848' title='bbox 3113 5310 3290 5357; x_wconf 89' lang='lat' dir='ltr'><strong>tamen</strong></span> <span class='ocrx_word' id='word_1_849' title='bbox 3319 5317 3348 5356; x_wconf 90' lang='lat' dir='ltr'><strong>a</strong></span> <span class='ocrx_word' id='word_1_850' title='bbox 3381 5302 3587 5361; x_wconf 75' lang='lat' dir='ltr'><strong>malitia</strong></span> 
     </span>
    </p>
   </div>
   <div class='ocr_carea' id='block_1_115' title="bbox 2001 5391 3581 5468">
    <p class='ocr_par' dir='ltr' id='par_1_115' title="bbox 2001 5391 3581 5468">
     <span class='ocr_line' id='line_1_115' title="bbox 2001 5391 3581 5468; baseline 0.003 -20"><span class='ocrx_word' id='word_1_851' title='bbox 2001 5402 2056 5448; x_wconf 88' lang='lat' dir='ltr'><strong>et</strong></span> <span class='ocrx_word' id='word_1_852' title='bbox 2079 5391 2276 5447; x_wconf 87' lang='lat' dir='ltr'><strong>invidia</strong></span> <span class='ocrx_word' id='word_1_853' title='bbox 2307 5393 2450 5448; x_wconf 89' lang='lat' dir='ltr'><strong>nolle</strong></span> <span class='ocrx_word' id='word_1_854' title='bbox 2469 5408 2684 5450; x_wconf 87' lang='lat' dir='ltr'><strong>cessare</strong></span> <span class='ocrx_word' id='word_1_855' title='bbox 2705 5436 2718 5461; x_wconf 91' lang='lat'><strong>,</strong></span> <span class='ocrx_word' id='word_1_856' title='bbox 2751 5394 2818 5450; x_wconf 88' lang='lat' dir='ltr'><strong>ad</strong></span> <span class='ocrx_word' id='word_1_857' title='bbox 2842 5409 3027 5451; x_wconf 90' lang='lat' dir='ltr'><strong>eorum</strong></span> <span class='ocrx_word' id='word_1_858' title='bbox 3055 5395 3146 5466; x_wconf 93' lang='lat' dir='ltr'><strong>qui</strong></span> <span class='ocrx_word' id='word_1_859' title='bbox 3168 5397 3377 5453; x_wconf 86' lang='lat' dir='ltr'><strong>invitati</strong></span> <span class='ocrx_word' id='word_1_860' title='bbox 3407 5406 3581 5468; x_wconf 83' lang='lat' dir='ltr'><strong>erant,</strong></span> 
     </span>
    </p>
   </div>
   <div class='ocr_carea' id='block_1_116' title="bbox 2001 5484 3587 5561">
    <p class='ocr_par' dir='ltr' id='par_1_116' title="bbox 2001 5484 3587 5561">
     <span class='ocr_line' id='line_1_116' title="bbox 2001 5484 3587 5561; baseline 0.003 -19"><span class='ocrx_word' id='word_1_861' title='bbox 2001 5484 2472 5557; x_wconf 88' lang='lat' dir='ltr'><strong>exhortationem,</strong></span> <span class='ocrx_word' id='word_1_862' title='bbox 2520 5487 2610 5556; x_wconf 90' lang='lat' dir='ltr'><strong>qui</strong></span> <span class='ocrx_word' id='word_1_863' title='bbox 2637 5487 2878 5544; x_wconf 77' lang='lat' dir='ltr'><strong>fortassis</strong></span> <span class='ocrx_word' id='word_1_864' title='bbox 2925 5503 2991 5544; x_wconf 89' lang='lat' dir='ltr'><strong>ex</strong></span> <span class='ocrx_word' id='word_1_865' title='bbox 3041 5490 3156 5559; x_wconf 88' lang='lat' dir='ltr'><strong>ejus</strong></span> <span class='ocrx_word' id='word_1_866' title='bbox 3207 5490 3587 5561; x_wconf 62' lang='lat' dir='ltr'><strong>praedicatione</strong></span> 
     </span>
    </p>
   </div>
   <div class='ocr_carea' id='block_1_117' title="bbox 2001 5576 3581 5645">
    <p class='ocr_par' dir='ltr' id='par_1_117' title="bbox 2001 5576 3581 5645">
     <span class='ocr_line' id='line_1_117' title="bbox 2001 5576 3581 5645; baseline 0.003 -15"><span class='ocrx_word' id='word_1_867' title='bbox 2001 5576 2259 5645; x_wconf 89' lang='lat' dir='ltr'><strong>prolicere</strong></span> <span class='ocrx_word' id='word_1_868' title='bbox 2287 5583 2562 5644; x_wconf 91' lang='lat' dir='ltr'><strong>poterant,</strong></span> <span class='ocrx_word' id='word_1_869' title='bbox 2589 5590 2894 5634; x_wconf 88' lang='lat' dir='ltr'><strong>sermonem</strong></span> <span class='ocrx_word' id='word_1_870' title='bbox 2924 5581 3210 5636; x_wconf 88' lang='lat' dir='ltr'><strong>convertit.</strong></span> <span class='ocrx_word' id='word_1_871' title='bbox 3265 5579 3581 5636; x_wconf 86' lang='lat' dir='ltr'><strong>lntendebat</strong></span> 
     </span>
    </p>
   </div>
   <div class='ocr_carea' id='block_1_118' title="bbox 2000 5667 3586 5738">
    <p class='ocr_par' dir='ltr' id='par_1_118' title="bbox 2000 5667 3586 5738">
     <span class='ocr_line' id='line_1_118' title="bbox 2000 5667 3586 5738; baseline 0.004 -17"><span class='ocrx_word' id='word_1_872' title='bbox 2000 5669 2139 5722; x_wconf 91' lang='lat' dir='ltr'><strong>enim</strong></span> <span class='ocrx_word' id='word_1_873' title='bbox 2175 5683 2278 5722; x_wconf 93' lang='lat' dir='ltr'><strong>non</strong></span> <span class='ocrx_word' id='word_1_874' title='bbox 2312 5668 2478 5737; x_wconf 91' lang='lat' dir='ltr'><strong>probo</strong></span> <span class='ocrx_word' id='word_1_875' title='bbox 2503 5682 2600 5724; x_wconf 79' lang='lat' dir='ltr'><strong>eos</strong></span> <span class='ocrx_word' id='word_1_876' title='bbox 2623 5667 2802 5725; x_wconf 89' lang='lat' dir='ltr'><strong>studio</strong></span> <span class='ocrx_word' id='word_1_877' title='bbox 2833 5671 3335 5738; x_wconf 86' lang='lat' dir='ltr'><strong>primos-accubitus</strong></span> <span class='ocrx_word' id='word_1_878' title='bbox 3367 5672 3586 5728; x_wconf 72' lang='lat' dir='ltr'><strong>allecta-</strong></span> 
     </span>
    </p>
   </div>
   <div class='ocr_carea' id='block_1_119' title="bbox 2001 5762 3588 5838">
    <p class='ocr_par' dir='ltr' id='par_1_119' title="bbox 2001 5762 3588 5838">
     <span class='ocr_line' id='line_1_119' title="bbox 2001 5762 3588 5838; baseline 0.005 -21"><span class='ocrx_word' id='word_1_879' title='bbox 2001 5779 2075 5817; x_wconf 90' lang='lat' dir='ltr'><strong>re.</strong></span> <span class='ocrx_word' id='word_1_880' title='bbox 2107 5762 2313 5818; x_wconf 88' lang='lat' dir='ltr'><strong>Dicebat</strong></span> <span class='ocrx_word' id='word_1_881' title='bbox 2344 5772 2516 5817; x_wconf 87' lang='lat' dir='ltr'><strong>autem</strong></span> <span class='ocrx_word' id='word_1_882' title='bbox 2546 5773 2592 5818; x_wconf 92' lang='lat' dir='ltr'><strong>et</strong></span> <span class='ocrx_word' id='word_1_883' title='bbox 2617 5765 2684 5818; x_wconf 87' lang='lat' dir='ltr'><strong>ad</strong></span> <span class='ocrx_word' id='word_1_884' title='bbox 2714 5766 2952 5820; x_wconf 86' lang='lat' dir='ltr'><strong>invitatos</strong></span> <span class='ocrx_word' id='word_1_885' title='bbox 2974 5768 3293 5838; x_wconf 86' lang='lat' dir='ltr'><strong>parabolant,</strong></span> <span class='ocrx_word' id='word_1_886' title='bbox 3318 5769 3588 5825; x_wconf 83' lang='lat' dir='ltr'><strong>intendens</strong></span> 
     </span>
    </p>
   </div>
   <div class='ocr_carea' id='block_1_120' title="bbox 1999 5856 3586 5936">
    <p class='ocr_par' dir='ltr' id='par_1_120' title="bbox 1999 5856 3586 5936">
     <span class='ocr_line' id='line_1_120' title="bbox 1999 5856 3586 5936; baseline 0.004 -24"><span class='ocrx_word' id='word_1_887' title='bbox 1999 5856 2249 5930; x_wconf 83' lang='lat' dir='ltr'><strong>quomodo</strong></span> <span class='ocrx_word' id='word_1_888' title='bbox 2295 5858 2487 5930; x_wconf 80' lang='lat' dir='ltr'><strong>primos</strong></span> <span class='ocrx_word' id='word_1_889' title='bbox 2516 5857 2772 5916; x_wconf 78' lang='lat' dir='ltr'><strong>accubitus</strong></span> <span class='ocrx_word' id='word_1_890' title='bbox 2812 5860 3096 5935; x_wconf 79' lang='lat' dir='ltr'><strong>eligerent,</strong></span> <span class='ocrx_word' id='word_1_891' title='bbox 3149 5863 3321 5918; x_wconf 85' lang='lat' dir='ltr'><strong>dicens</strong></span> <span class='ocrx_word' id='word_1_892' title='bbox 3366 5865 3433 5918; x_wconf 81' lang='lat' dir='ltr'><strong>ad</strong></span> <span class='ocrx_word' id='word_1_893' title='bbox 3459 5872 3586 5936; x_wconf 69' lang='lat' dir='ltr'><strong>eos:</strong></span> 
     </span>
    </p>
   </div>
  </div>
