4096 6346
567 339 704 399 1427

1421 338 1625 396 PAULI
1664 336 1933 397 DIACONI
1973 336 2131 411 OPP._
2173 336 2349 394 PARS
2386 337 2450 392 ll.
2490 363 2562 380 -ο
2598 338 2951 405 ΑΒἮΊΟΑ.

3606 306 3621 319 ε

563 453 690 510 Cum
715 463 919 509 vocatus
944 456 1102 527 {ueris
1136 456 1202 511 ad
1227 458 1460 527 nuptias,
1514 475 1616 511 non
1636 456 1924 511 discumbas
1949 457 2001 509 in
2030 455 2137 524 pri-
2169 455 2212 511 Δ
2237 452 2390 524 juxta
2415 456 2555 525 quod
2580 458 2837 527 scriptum
2864 467 2948 535 est
2978 474 2991 513 :
3025 458 3231 527 Quanto
3257 418 3473 533 magnus
3496 478 3581 533 es,
3610 464 3837 526 haud“.

565 563 646 602 mo
680 548 809 603 loco.
854 547 977 604 Haec
1003 550 1293 605 admonitio
1323 551 1613 607 Salvatoris
1638 550 1704 605 ad
1726 549 1958 605 litteram
1989 546 2133 602 utili-

567 649 649 694 ter
682 630 950 695 intellecta
971 681 988 707 ,
1026 634 1361 697 salutiferum
1408 641 1613 697 cunctis
1641 642 2016 697 documentum
2046 654 2141 695 ex-

561 724 747 800 hibet,
794 731 1148 789 humilitatem
1199 735 1464 803 praecipue
1504 736 1906 799 commendans,
1953 743 2009 790 et
2036 748 2140 789 non

512 824 517 829 ’
556 822 734 881 solum
757 824 897 895 apud
927 823 1132 891 Deum,
1178 840 1361 882 verum
1385 826 1542 881 etiam
1574 826 1712 894 apud
1758 824 2003 881 homines
2022 824 2140 880 lau-

512 990 517 993 _
562 913 795 972 dabilem
826 929 946 973 esse
974 915 1234 973 declarat.
1274 917 1377 973 Sed
1406 933 1510 974 non
1533 917 1601 971 ab
1631 932 1723 986 re,
1754 918 1895 987 quod
1924 926 2142 972 sanctus

564 1010 892 1082 evangelista
924 1010 1062 1067 hanc
1083 1008 1445 1081 evangelicam
1486 1012 1767 1067 lectionem
1789 1050 1804 1077 ,
1830 1009 2138 1081 parabolam

564 1099 731 1158 voluit
753 1116 1082 1173 nuncupare.
1142 1100 1398 1157 Parabola
1430 1102 1570 1157 enim
1599 1103 1815 1165 Graece.
1849 1102 2034 1158 Latine
2062 1102 2141 1156 si-

565 1194 817 1250 militudo
840 1195 1054 1251 dicitur.
1098 1195 1155 1251 ltt
1180 1196 1531 1250 similitudine
1557 1211 1684 1248 vero
1720 1195 1860 1248 aliud
1889 1203 1969 1248 est
1994 1193 2138 1263 quod

563 1286 915 1358 prietenditur
955 1303 1050 1355 per
1100 1288 1360 1359 liguram,
1410 1287 1556 1342 aliud
1597 1288 1738 1354 quod
1786 1288 2018 1341 innuitur
2050 1301 2141 1354 per

563 1380 867 1434 veritatem.
908 1379 1060 1447 Quod
1092 1394 1185 1449 per
1216 1381 1424 1449 nuptias
1465 1379 1771 1447 conjunctio
1815 1377 2008 1433 Christi
2042 1380 2142 1433 Ec-

564 1471 850 1542 clesiaeque
876 1475 1134 1543 signetur,
1162 1472 1400 1543 pluribus
1430 1488 1494 1528 ex
1520 1472 1649 1526 locis
1674 1472 1842 1526 sancti
1868 1471 2141 1541 Evangelii

565 1563 757 1633 conjici
781 1564 957 1619 datur.
985 1563 1074 1619 Ait
1091 1566 1232 1620 enim
1258 1581 1273 1620 :
1303 1563 1553 1633 Nunquid
1574 1574 1785 1635 possunt
1812 1565 1907 1633 ﬁlii
1934 1565 2140 1634 nuptia-

565 1671 680 1709 rum
696 1657 940 1727 jejunare
965 1657 1192 1724 quandiu
1212 1672 1328 1709 cum
1357 1656 1460 1709 illis
1490 1666 1563 1710 est
1586 1671 1803 1724 sponsus
1829 1653 2021 1724 (Marc.
2041 1653 2143 1723 tt)?

568 1747 712 1803 Alibi
737 1761 950 1818 quoque
978 1747 1279 1816 parabolice
1302 1747 1527 1818 loquens
1569 1764 1581 1799 :
1616 1747 1800 1803 Simile
1828 1756 1925 1811 est,
1950 1747 2142 1814 inquit,

524 1860 780 1921 Oregnum
819 1845 1061 1900 caelorum
1110 1844 1306 1899 homini
1353 1844 1460 1913 regi
1507 1843 1595 1912 qui
1638 1844 1753 1912 fecit
1798 1842 2003 1911 nuptias
2034 1840 2143 1908 [ilio

530 2000 533 2005 ν
566 1952 662 1990 suo
692 1933 905 2005 (Matth.
938 1934 1093 2004 χχιι).
1127 1935 1264 1990 Deus
1292 1934 1434 1991 enim
1467 1935 1619 1989 Pater
1645 1933 1780 1994 Filio
1808 1945 1906 1987 suo
1935 1933 2144 1999 nuptias

563 2026 692 2084 fecit
720 2068 735 2095 ,
781 2030 995 2100 quando
1024 2044 1116 2098 per
1152 2027 1532 2083 incarnationis
1563 2026 1874 2097 mysterium
1904 2033 2143 2080 sanctam

528 2196 529 2199 η
565 2121 617 2179 ei
649 2121 945 2179 Ecclesiam
976 2123 1098 2177 ﬁdei
1148 2132 1201 2176 et
1247 2122 1549 2177 dilectionis
1597 2121 1720 2176 dote
1749 2118 2045 2187 conjunxit.
2088 2116 2142 2172 ln

565 2214 764 2284 nuptiis
791 2228 1018 2284 namque
1045 2227 1276 2283 sponsus
1309 2227 1520 2282 sponsae
1557 2210 1918 2281 conjungitur.
1966 2219 2021 2261 ut
2049 2206 2144 2261 lilii

560 2307 832 2376 procreari
863 2304 1089 2374 possint.
1138 2304 1213 2361 lta
1243 2303 1548 2372 ttnigenitus
1579 2301 1671 2355 Dei
1699 2300 1861 2354 Filius
1894 2311 2142 2365 sponsam

528 2386 666 2451 sibi
712 2395 782 2451 de
823 2395 1071 2464 gentibus
1108 2402 1345 2448 sanctam
1387 2393 1679 2447 Ecclesiam
1725 2389 2044 2460 conjunxit,
2089 2396 2144 2445 et

525 2469 533 2478 ’
563 2484 763 2541 multos
795 2484 934 2540 ﬁlios
961 2484 1063 2540 sibi
1103 2483 1410 2553 spirituales
1442 2498 1534 2551 per
1572 2480 1911 2548 adoptionem
1944 2478 2137 2533 eﬁ‘ecit.

562 2573 730 2646 Cujus
773 2576 957 2646 sponsi
988 2574 1253 2630 thalamus
1280 2616 1295 2640 ,
1350 2585 1530 2628 uterus
1559 2572 1776 2639 virginis
1813 2571 1984 2624 .‘llarize
2023 2569 2141 2635 luit,

560 2665 617 2724 in
643 2684 749 2739 quo
771 2667 1101 2724 divinitatem
1132 2682 1284 2723 suam
1315 2666 1632 2722 humanitati
1659 2673 1855 2719 nostrae
1878 2680 1971 2736 per
1991 2679 2140 2717 suam

559 2758 984 2815 incarnationem
1031 2758 1311 2829 dignanter
1358 2758 1601 2813 sociavit.
1668 2756 1745 2810 Ad
1793 2756 1886 2808 has
1934 2756 2142 2823 nuptias

560 2866 750 2908 omnes
800 2850 1007 2906 invitati
1072 2866 1256 2905 sumus
1288 2889 1302 2916 ,
1372 2849 1675 2919 quicunque
1722 2846 2138 2901 Christianitatis

559 2944 716 3000 titulo
749 2943 1083 3014 insignimur,
1113 2942 1417 3011 quicunque
1440 2941 1612 2995 crucis
1634 2938 1881 3007 stigmate
1907 2952 2138 3005 prterun-

558 3033 761 3091 nimur.
809 3034 1064 3103 Quisquis
1115 3046 1243 3102 ergo
1293 3031 1388 3086 has
1434 3030 1644 3100 nuptias
1682 3038 1899 3082 vocatus
1928 3026 2136 3092 adierit,

2240 554 2286 598 te
2316 547 2366 600 in
2395 548 2622 603 omnibus
2648 548 2820 620 (Eccl.
2855 551 2963 623 ιιι).
3002 551 3072 607 Et
3098 552 3209 608 noli
3237 554 3306 609 de
3334 555 3440 611 tuis
3464 558 3697 626 gloriari
3724 562 3838 620 νὴ·

2242 636 2462 705 tutihus,
2476 640 2570 695 sed
2584 656 2770 695 omnes
2794 640 2885 696 tibi
2905 643 3107 699 aestima
3128 645 3457 715 superiores,
3476 648 3758 708 minimum
3779 660 3839 711 te

2242 728 2506 797 omnium,
2564 732 2869 790 inferiorem
2933 738 3141 791 cunctis
3194 739 3409 807 dettuta.
3473 742 3651 799 Tanto
3687 749 3837 804 enim

2241 816 2346 871 eris
2363 820 2413 871 in
2442 817 2534 872 Dei
2559 819 2729 874 oculis
2755 823 3059 889 pretiosior,
3082 836 3284 894 quanto
3311 826 3481 884 lueris
3500 826 3557 885 in
3578 831 3836 889 utiam-

2241 902 2305 961 lis
2326 909 2647 978 despectior,
2678 924 2985 983 quantoque
3010 917 3239 988 amplius
3268 920 3362 976 tibi
3393 923 3646 992 vilueris,
3682 934 3839 991 tanto

2204 1002 2209 1011 ‘
2242 1000 2409 1067 magis
2440 996 2547 1053 Deo
2592 1001 2847 1071 placebis.
2892 1004 2957 1059 Ut
2989 1023 3102 1061 cum
3150 1012 3339 1065 venerit
3377 1013 3467 1079 qui
3495 1022 3543 1067 te
3570 1015 3833 1084 invitavit,

2242 1089 2379 1143 dicat
2408 1092 2496 1144 tibi
2521 1109 2534 1145 :
2584 1096 2757 1150 Amice
2780 1137 2796 1163 ,
2845 1100 3059 1154 ascende
3092 1105 3351 1173 superius.
3404 1104 3579 1170 Quam
3610 1119 3839 1167 senten-

2245 1180 2367 1235 tiam
2399 1182 2560 1236 etiam
2588 1182 2639 1237 in
2668 1189 2915 1252 praesenti
2936 1200 3146 1245 constat
3171 1192 3405 1261 impleri.
3424 1195 3833 1261 Quotidith

2246 1272 2502 1328 Dominus
2545 1278 2847 1343 nuptiarum
2900 1285 3115 1350 nuptias
3174 1283 3431 1340 Ecclesiae
3486 1287 3833 1356 ingredimt“

2243 1356 2493 1431 habitus,
2539 1381 2823 1423 consessus
2873 1387 3155 1441 moresque
3211 1375 3469 1445 dijudicat
3528 1381 3838 1441 convivan-

2247 1454 2373 1508 tium
2401 1475 2412 1509 :
2448 1467 2503 1511 et
2530 1473 2650 1512 eum
2679 1475 2836 1528 quem
2881 1462 2932 1516 in
2967 1464 3262 1521 humilitate
3292 1468 3499 1524 invenit
3526 1469 3835 1541 fundatum,

2245 1546 2399 1599 amici
2454 1547 2670 1603 nemine
2717 1542 3059 1609 sublimatum
3120 1554 3421 1622 beatilicat,
3474 1560 3659 1617 dicens
3704 1562 3835 1617 illi:

2190 1634 2204 1651 '
2245 1637 2418 1691 Amice
2444 1682 2456 1703 ,
2507 1644 2723 1697 ascende
2762 1648 3017 1715 superius.
3076 1647 3146 1703 Et
3191 1665 3349 1719 quem
3374 1652 3525 1709 locus
3553 1655 3839 1713 videbatur

2247 1730 2446 1787 habere
2502 1733 2743 1802 inferior,
2797 1738 2864 1793 ad
2908 1754 3172 1796 summam
3208 1744 3556 1815 ecclesiastici
3582 1749 3839 1807 culminis

2176 1811 2219 1869 Β
2248 1836 2526 1895 promovet
2579 1829 2891 1900 dignitatem
2916 1875 2932 1900 ,
2981 1843 3042 1890 ut
3069 1836 3230 1891 simul
3273 1811 3702 1906 discumbentes,
3730 1841 3838 1900 hoc

2244 1928 2365 1981 est,
2420 1918 2471 1973 in
2520 1918 2621 1974 ﬁde
2673 1922 3041 1994 quiescentes,
3090 1942 3281 1997 magna
3314 1929 3456 1985 hunc
3475 1931 3836 1993 admiratione

2244 2006 2565 2076 gloriﬁcent,
2594 2022 2647 2066 et
2676 2024 2953 2083 stupentes
2981 2032 3102 2071 cum
3128 2017 3411 2075 Psalmista
3436 2021 3621 2077 dicant
3645 2041 3658 2075 :
3700 2021 3835 2078 lih’

2247 2110 2411 2154 autem
2462 2104 2614 2159 nimis
2658 2105 2895 2161 honorati
2941 2119 3058 2164 sunt
3104 2112 3257 2166 amici
3306 2114 3420 2179 tui,
3473 2115 3611 2171 Deus
3666 2115 3832 2185 (Psd.

2220 2194 2536 2265 'cxxxvm).
2562 2194 2795 2253 Veniens
2826 2215 2952 2270 ergo
2985 2202 3238 2258 Dominus
3286 2204 3444 2261 Jesus
3486 2206 3734 2263 Christus
3767 2209 3835 2264 ad

2182 2290 2187 2295 '
2242 2286 2520 2355 judicium,
2552 2302 2925 2361 qturrucunqne
2958 2293 3211 2349 humilem
3238 2295 3525 2362 invenerit,
3556 2299 3834 2367 gloriﬁca-

2244 2376 2321 2434 bit
2352 2388 2404 2434 et
2435 2380 2682 2436 exaltabit
2709 2424 2722 2447 ,
2772 2393 2931 2451 atque
2960 2386 3026 2439 ad
3052 2390 3327 2457 superiora
3363 2390 3657 2446 ascendere
3686 2406 3834 2461 pre-

2246 2476 2428 2546 cipiet,
2461 2478 2583 2548 quia
2608 2480 2818 2535 scilicet
2849 2482 2970 2537 illos
3010 2483 3318 2539 sublimabit
3347 2487 3397 2541 in
3429 2495 3629 2543 mterna
3655 2486 3833 2543 beati-

2246 2570 2428 2624 tudine
2456 2611 2470 2635 ,
2511 2586 2647 2640 quos
2696 2572 2746 2626 in
2781 2571 2879 2628 hac
2907 2575 3015 2629 vita
3046 2576 3115 2631 de
3154 2576 3268 2632 suis
3295 2577 3589 2633 virtutibus
3617 2578 3834 2635 Immitis

2243 2665 2443 2716 sentire
2476 2666 2777 2733 perspexit,
2821 2666 2970 2734 juxta
2994 2667 3138 2738 quod
3177 2671 3451 2738 apostolus
3487 2668 3685 2726 Petrus
3712 2684 3835 2726 suos

2244 2755 2518 2811 auditores
2560 2758 2890 2824 exhortatur,
2932 2760 3119 2815 dicens
3160 2779 3174 2814 :
3227 2761 3714 2817 Humiliaminisstb
3741 2778 3834 2832 ρο-

2245 2847 2367 2900 tenti
2398 2863 2552 2900 manu
2598 2844 2713 2912 Dei,
2749 2858 2803 2902 ut
2846 2866 2929 2903 vos
2974 2850 3163 2905 exultet
3204 2852 3258 2904 in
3301 2852 3384 2904 die
3426 2852 3733 2907 uisitationis
3778 2849 3828 2922 (1

2245 2935 2365 2991 Pet.
2399 2934 2476 3007 v).
2524 2937 2673 2994 Unde
2694 2946 2749 2992 et
2772 2939 2909 2994 bene
2940 2940 3225 2996 subditur:
3262 2941 3403 2996 Tunc
3425 2944 3522 2997 erit
3544 2944 3640 2995 tibi
3662 2942 3835 3013 gloria

2242 3044 2418 3082 coram
2463 3030 2614 3083 simul
2662 3030 3106 3084 discumbentibus.
3166 3031 3348 3097 Tunc,
3398 3033 3450 3086 id
3501 3042 3584 3087 est
3632 3032 3684 3087 in
3727 3033 3836 3088 tiae

530 3106 661 3181 iboc
686 3133 788 3192 est,
822 3127 1127 3195 quicunque
1154 3139 1247 3194 per
1275 3122 1501 3192 gratiam
1528 3119 1669 3187 lidei,
1697 3117 1950 3175 Ecclesiae
1973 3132 2140 3172 mem-
2166 3160 2216 3228 c
2245 3119 2452 3185 mundi,
2480 3121 2582 3175 erit
2608 3120 2698 3175 tibi
2728 3118 2920 3191 gloria.
2944 3120 3294 3193 Verumquia
3324 3138 3431 3179 non
3455 3121 3522 3179 de
3555 3122 3831 3193 praesenti,

528 3207 671 3274 'bris
712 3234 771 3273 se
820 3218 1197 3287 conjunxerit,
1242 3231 1347 3271 non
1376 3214 1677 3269 discumbat
1708 3211 1760 3266 in
1802 3211 1975 3281 primo
1998 3212 2135 3273 loco,

528 3299 664 3369 ’boc
690 3317 792 3377 est,
825 3308 892 3365 de
922 3310 1034 3364 suis
1057 3304 1262 3363 meritis
1288 3306 1586 3377 gloriando,
1617 3304 1765 3374 quasi
1788 3303 1855 3359 de
1883 3302 2138 3373 singulari

534 3388 840 3472 ‘privilegio
867 3403 1183 3455 meritorum
1214 3399 1427 3452 caeteris
1458 3395 1793 3467 prazleratur,
1817 3396 1909 3451 sed
1930 3408 2141 3462 semper

532 3480 779 3552 ',humilia
827 3488 895 3546 de
940 3505 999 3545 se
1048 3488 1249 3545 sentire
1294 3486 1523 3545 studeat.
1565 3484 1745 3542 Nescit
1778 3487 1911 3540 enim
1939 3487 1981 3540 si
2009 3485 2139 3556 forte

538 3576 860 3639 ‘honoratior
890 3583 949 3637 ab
978 3582 1070 3637 illo
1111 3582 1175 3637 sit
1203 3581 1462 3645 invitatus,
1513 3580 1594 3635 cui
1638 3582 1807 3633 locum
1844 3579 1966 3632 dare
1989 3593 2142 3648 coga-

538 3674 670 3730 "lur.
703 3670 1048 3729 Honoratiori
1077 3678 1195 3743 post
1221 3687 1281 3728 se
1311 3671 1532 3727 invitato
1559 3670 1733 3726 locum
1766 3669 1857 3724 dat
1886 3668 2004 3737 ille,
2053 3666 2140 3737 qui

560 3773 785 3820 securus
812 3763 877 3821 de
904 3763 1228 3820 conﬁdentia
1274 3762 1516 3834 pristina:
1546 3776 1655 3817 sua:
1685 3758 2136 3826 conversationis,

534 3839 705 3911 'vldet
747 3864 807 3912 se
835 3854 1012 3926 praeiri
1054 3854 1107 3910 in
1149 3854 1294 3912 bono
1320 3868 1485 3925 opere
1518 3855 1625 3910 cita
1664 3851 1900 3923 agilitate
1939 3850 2005 3907 ah
2036 3850 2141 3907 illis

495 3954 504 3963 '
540 3936 653 4018 "Qui
683 3956 804 4018 post
849 3964 909 4005 se
951 3949 1130 4005 vocati
1172 3957 1317 4006 sunt.
1382 3944 1544 4005 Verbi
1577 3947 1744 4019 gratia
1768 3990 1781 4013 ,
1806 3947 1897 4016 qui
1927 3946 1993 4001 ab
2015 3926 2143 4016 ipsis

540 4032 734 4095 iactatis
756 4046 956 4097 tenera
986 4038 1332 4097 incrementis
1352 4038 1417 4094 ad
1446 4038 1683 4094 divinum
1706 4032 1986 4094 servitium
2016 4051 2143 4092 con-

555 4134 809 4201 vertitur,
833 4134 981 4190 illum
1012 4135 1325 4205 plerumque
1366 4132 1419 4188 in
1451 4132 1609 4188 bonis
1645 4128 1900 4202 operibus
1933 4144 2145 4201 praece-

542 4222 715 4291 dunt,
743 4226 831 4299 qui
862 4226 1074 4284 noviter
1103 4228 1170 4283 de
1198 4224 1378 4283 saeculi
1411 4226 1658 4281 aetatibus
1684 4230 2016 4281 revertentes
2041 4263 2057 4289 ,
2091 4220 2144 4277 in

540 4306 762 4378 sanctis
805 4316 1103 4377 actionibus
1150 4316 1316 4377 fortes
1364 4319 1729 4375 inveniuntur.
1796 4313 1865 4371 Hi
1912 4328 2041 4384 ergo
2090 4322 2145 4370 et

543 4392 684 4482 ipost
726 4409 1042 4477 invitantur,
1094 4416 1149 4465 et
1196 4409 1351 4480 primi
1391 4408 1732 4474 accumbunt,
1779 4406 1903 4475 quia
1944 4405 2045 4461 etsi
2076 4404 2143 4459 ad

2245 3208 2338 3266 sed
2364 3210 2432 3265 de
2463 3211 2635 3264 futuro
2664 3210 2859 3265 dicitur
2880 3253 2897 3278 ,
2946 3221 3067 3265 tunc
3096 3214 3193 3267 erit
3224 3213 3289 3267 ad
3321 3213 3464 3266 illam
3492 3227 3617 3280 qua
3648 3212 3705 3267 in
3732 3213 3833 3269 ﬁne

2244 3303 2429 3358 mundi
2478 3303 2724 3357 omnibus
2765 3303 2977 3359 dabitur
3023 3303 3211 3360 electis
3264 3292 3656 3360 beatitudinem
3698 3302 3831 3361 rde-

2242 3397 2471 3453 rendum
2502 3405 2603 3463 est,
2638 3397 2851 3468 quando
2875 3396 3042 3452 Deum
3070 3395 3296 3467 quisque
3319 3397 3522 3453 videbit
3548 3398 3825 3454 sicutisst.

2244 3488 2387 3546 Bene
2440 3501 2620 3545 autem
2650 3490 2840 3545 dicitur
2883 3499 3026 3557 tunc,
3076 3505 3143 3545 ne
3180 3489 3422 3546 videlicet
3465 3489 3512 3545 si
3551 3490 3679 3559 quid
3710 3488 3829 3544 boni

2244 3582 2471 3652 agimus,
2498 3582 2707 3637 laudem
2756 3584 2824 3639 ab
2856 3582 3160 3640 hominibus
3208 3588 3263 3640 in
3305 3586 3564 3655 praesenti
3593 3583 3832 3651 requira-

2245 3688 2382 3740 mus,
2414 3673 2508 3729 sed
2543 3681 2684 3741 tunc,
2717 3673 2768 3728 id
2796 3683 2899 3738 est.
2929 3674 2983 3730 in
3010 3674 3188 3730 futura
3216 3675 3346 3744 vita,
3379 3689 3411 3729 a
3433 3673 3547 3730 Deo
3575 3687 3828 3730 mutine-

2246 3766 2513 3821 rationem
2544 3775 2943 3834 exspectemus.
2993 3766 3259 3837 Scriptum
3289 3780 3521 3837 namque
3547 3775 3670 3823 est:
3705 3765 3830 3821 Ησ-

2243 3858 2433 3913 reditas
2462 3858 2531 3911 ad
2557 3872 2711 3928 quam
2752 3858 3022 3926 festinatur
3066 3860 3121 3912 in
3157 3858 3436 3928 principio,
3472 3858 3527 3912 in
3554 3858 3825 3912 missicio

2245 3949 2585 4006 benedictione
2609 3950 2797 4005 carebit
2820 3948 3003 4023 (Prov.
3031 3950 3147 4022 xx).
3204 3950 3455 4018 Quisquis
3485 3952 3631 4005 enim
3659 3949 3826 4019 gloria

2244 4043 2368 4100 vita:
2397 4044 2676 4113 praesentis
2701 4041 2861 4099 fuerit
2887 4042 3181 4099 delectatus
3205 4080 3220 4107 ,
3267 4050 3323 4097 et
3350 4055 3622 4097 summam
3646 4039 3832 4109 glori:

2244 4150 2365 4206 qua:
2401 4134 2455 4190 in
2477 4134 2709 4190 futurum
2741 4133 2994 4202 debetur,
3026 4134 3077 4188 in
3105 4133 3357 4202 praesenti
3381 4131 3666 4202 possidere
3695 4129 3831 4185 deri.

2244 4220 2544 4301 deraverit,
2585 4226 2673 4283 ille
2700 4228 2902 4298 absque
2930 4226 3095 4282 dubio
3128 4234 3327 4280 aeterna
3360 4222 3706 4279 beatitudine
3748 4235 3831 4275 ea.

2240 4320 2403 4391 rebit,
2430 4336 2551 4392 qua:
2576 4321 2761 4377 electis
2785 4322 2852 4376 ad
2892 4332 3177 4391 supernam
3225 4316 3459 4385 patriam
3488 4312 3831 4371 tendentibus

2240 4406 2571 4470 reservatur.
2615 4412 2744 4480 Quae
2790 4411 3056 4467 sententia
3105 4407 3410 4479 evangelica
3456 4412 3634 4476 potest
3680 4411 3737 4458 et
3782 4403 3833 4457 in

555 4499 837 4568 religionis
866 4498 1182 4557 exercitium
1222 4517 1345 4559 sero
1385 4500 1634 4567 veniunt,
1666 4498 1855 4555 lortius
1880 4508 2060 4553 tamen
2082 4510 2141 4553 se
2170 4514 2225 4578 Ι)
2249 4506 2349 4563 hac
2387 4506 2492 4561 vita
2520 4508 2671 4577 juxta
2697 4506 2929 4561 litteram
2961 4501 3225 4558 veraciter
3253 4496 3500 4567 intelligi.
3552 4493 3655 4564 Qui
3690 4494 3831 4550 eui-

558 4588 780 4662 ]t‘tstitite
807 4601 863 4647 et
892 4594 1189 4651 sanctitatis
1234 4594 1386 4651 lance
1412 4594 1671 4660 edocent,
1718 4601 1772 4647 et
1792 4588 1934 4661 quod
1964 4588 2142 4645 minus

506 4756 507 4763 γ
560 4672 763 4738 habent
787 4697 854 4738 ex
878 4692 1115 4753 tempore
1147 4684 1379 4760 [parte],
1404 4702 1469 4741 ex
1499 4683 1661 4741 studii
1690 4681 1972 4761 vivacitate
1995 4695 2141 4736 com-

560 4778 809 4845 pensant.
868 4772 937 4830 Et
971 4789 1094 4831 cum
1127 4776 1319 4833 robore
1353 4776 1701 4833 novissimum
1743 4775 1920 4831 locum
1960 4783 2142 4829 tenere

550 4862 768 4937 incipit,
796 4866 915 4923 cum
933 4867 1001 4924 de
1022 4868 1140 4924 aliis
1167 4884 1327 4939 quam
1347 4869 1414 4925 de
1447 4884 1505 4923 se
1536 4868 1761 4924 meliora
1782 4879 2139 4937 cognoscens,

547 4956 816 5030 'quidquid
844 4959 992 5031 prius
1036 4958 1090 5015 itt
1132 4975 1227 5016 sua
1260 4960 1469 5015 actione
1499 4975 1749 5029 magnum
1779 4956 2019 5028 putabat,
2077 4969 2143 5011 ex

557 5052 963 5122 comparatione
989 5050 1149 5109 alieni
1178 5052 1355 5109 meriti
1372 5050 1646 5108 inﬁrmum
1673 5048 2145 5119 humillimumque

554 5140 783 5215 iudicat,
808 5158 927 5200 cum
951 5143 1213 5215 Propheta
1240 5143 1425 5201 dicens
1449 5164 1462 5199 :
1496 5143 1706 5213 Pauper
1735 5159 1849 5195 sunt
1878 5158 1989 5212 ego,
2018 5150 2065 5194 et
2092 5140 2146 5197 in

550 5234 819 5291 laboribus
844 5237 1162 5308 ajuuentute
1191 5251 1301 5291 mea
1325 5236 1619 5292 :‘exaltatus
1656 5244 1857 5300 autem,
1898 5233 2119 5288 humilia

556 5326 644 5381 Ius
667 5338 780 5381 sum
804 5334 854 5383 et
880 5329 1125 5398 confusus
1149 5320 1320 5399 (Psal.
1354 5325 1615 5400 Lxx'xvn).
1648 5326 1786 5394 Quid
1823 5342 1951 5383 vero
1992 5324 2145 5382 nobis

557 5414 946 5489 agendum‘sit,
978 5419 1206 5491 qualiter
1242 5420 1294 5477 in
1324 5418 1565 5479 Ecclesia
1593 5420 2020 5480 conversandum
2047 5418 2142 5488 sit,

552 5511 863 5585 praeceptor
898 5508 1195 5585 disciplina:
1233 5516 1471 5573 cmlestis
1501 5532 1624 5573 mox
1670 5516 1880 5587 aperire
1911 5516 2142 5583 curavit,

561 5616 701 5671 cum,
729 5605 997 5677 inquiens,
1030 5616 1235 5663 uocatus
1264 5608 1421 5681 fueris
1450 5610 1518 5665 ad
1541 5613 1777 5683 nuptias,
1807 5611 1858 5665 id
1886 5621 1991 5677 est,
2025 5626 2144 5666 cum

556 5697 772 5754 Veneris
801 5698 857 5755 in
895 5700 1205 5758 societatem
1250 5714 1447 5760 sanctae
1499 5702 1787 5773 Ecclesiae,
1836 5706 2066 5784 resumite
2094 5707 2146 5758 in

560 5787 833 5882 novissimo
862 5790 995 5862 loco,
1040 5790 1093 5850 id
1142 5803 1262 5862 est,
1307 5794 1527 5857 humilia
1570 5799 1638 5857 de
1686 5808 1737 5857 te
1766 5802 1968 5857 sentire
1999 5815 2142 5863 cura.

2245 4597 2303 4655 in
2351 4598 2646 4654 novissimo
2698 4598 2814 4652 loco
2860 4593 3179 4651 recumbens
3235 4587 3526 4653 invenitur,
3585 4584 3834 4639 veniente

2243 4686 2626 4765 patrefatuilias
2650 4688 2810 4743 altius
2841 4685 3178 4749 sublimatur,
3213 4682 3338 4752 quia
3370 4676 3616 4750 quotidie
3663 4675 3837 4730 Domi-

2242 4802 2342 4843 nus
2373 4786 2424 4840 in
2470 4780 2744 4840 consortio
2794 4779 3088 4836 electorum
3134 4772 3489 4844 spiritualiter
3509 4778 3677 4839 atque
3706 4766 3838 4821 invi-

2242 4864 2469 4932 sibiliter
2494 4872 2718 4928 veniens
2750 4912 2765 4939 ,
2797 4882 2923 4926 suas
2950 4867 3161 4936 nuptias
3192 4864 3389 4930 intrat,
3422 4860 3545 4931 quia
3573 4856 3834 4929 quotidie,

2246 4979 2304 5024 ut
2329 4962 2601 5035 diximus,
2648 4962 2863 5017 habitus
2911 4971 3195 5028 moresque
3225 4954 3459 5010 ﬁdelium
3506 4948 3837 5013 considerat,

2242 5052 2298 5116 et
2324 5057 2570 5128 superbis
2598 5054 2879 5118 resistens,
2910 5066 3005 5107 eos
3030 5063 3165 5120 quos
3198 5044 3433 5102 humiles
3461 5038 3714 5106 invenit,
3744 5051 3838 5092 ste-

2242 5136 2311 5223 pe
2358 5150 2478 5205 aliis
2520 5146 2768 5219 praefert,
2836 5159 2900 5199 ac
2943 5140 3109 5197 tantis
3157 5134 3471 5223 muneribus
3521 5129 3839 5200 specialium

2217 5222 2502 5299 .donorum
2550 5238 2851 5310 gloriﬁcat,
2901 5243 2959 5290 ut
3009 5233 3143 5289 tales
3175 5222 3251 5285 illi
3279 5229 3369 5299 qui
3401 5223 3560 5283 simul
3597 5223 3834 5310 discum-

2246 5324 2395 5401 hunt,
2433 5334 2533 5387 hoc
2554 5308 2657 5398 est,
2684 5330 2775 5398 qui
2806 5328 2859 5383 in
2886 5325 3077 5405 eadem
3108 5322 3212 5377 ﬁde
3232 5320 3549 5391 quiescunt,
3582 5308 3838 5369 concordi

2246 5422 2604 5484 admiratione
2632 5410 2889 5487 eﬂerant,
2919 5404 3313 5489 proclamantes
3342 5425 3467 5466 cum
3503 5404 3794 5462 Psalmista
3822 5418 3836 5456 :

2247 5520 2393 5576 Beati
2456 5534 2582 5589 quos
2638 5510 2869 5586 elegisti,
2926 5520 2975 5566 et
3042 5502 3385 5578 assumpsisti,
3421 5500 3676 5561 Domine,
3736 5504 3837 5551 etc.

2246 5610 2418 5686 (Psal.
2453 5607 2624 5682 Lstv).
2662 5608 2797 5676 Quia
2817 5603 2982 5661 omnis
3012 5596 3096 5672 qui
3124 5618 3176 5656 se
3210 5597 3434 5686 exultat,
3454 5589 3832 5686 humiliabitur,

2248 5676 2293 5758 et
2320 5705 2403 5773 qui
2433 5719 2486 5757 se
2514 5676 2753 5754 humiliat
2778 5739 2793 5763 ,
2823 5692 3148 5750 exaltabitur.
3206 5688 3331 5744 llaec
3359 5682 3602 5753 subjecta
3634 5676 3819 5735 cont-lu

2253 5796 2335 5852 sio
2364 5793 2684 5865 evangelica:
2717 5783 2985 5854 lectionis,
3020 5784 3177 5842 docet
3200 5778 3593 5863 prmcedentem
3622 5780 3829 5845 quoque
