4096 6346
499 411 627 468 HM

498 528 612 595 plus
640 519 878 590 corporis
906 529 1066 587 quam
1105 512 1299 568 anima:
1352 508 1605 566 tendebat
1655 506 1724 562 ad
1775 517 1980 567 curam,

499 617 820 688 temporales
849 623 1116 668 aerumnas
1164 605 1387 661 resoluti
1438 601 1686 672 corporis
1711 600 1790 656 sic
1820 595 2076 657 deﬂebat,

498 687 804 770 utaiternas
828 719 1016 777 poenas
1059 698 1393 757 resolutioris
1442 695 1637 750 animae
1681 706 1790 748 non
1831 687 2074 751 defieret,

501 806 791 878 gratiorem
811 789 926 856 sibi
952 803 1270 867 praesentem
1295 791 1458 844 vitam
1477 785 1724 857 judicans
1751 795 1911 853 quam
1939 778 2079 834 futu-

500 873 634 960 ram.
663 901 853 957 Merito
879 910 1008 966 ergo
1035 891 1282 949 Christus
1337 884 1677 942 offerentium
1725 880 1883 935 fidem
1917 873 2083 942 respi-

500 1001 594 1066 cit,
617 1005 672 1052 et
698 992 1003 1055 vecordiam
1033 987 1110 1042 sic
1129 981 1357 1054 jacentis
1384 978 1623 1047 reSpicit,
1656 984 1711 1030 ut
1739 970 1863 1028 fidei
1888 970 2083 1025 alienas

500 1088 770 1158 suffragio,
794 1079 1068 1156 paralytici
1101 1077 1280 1133 anima
1306 1082 1430 1129 ante
1460 1077 1741 1127 curaretur
1765 1079 1927 1134 quam
1955 1075 2081 1118 cor-

503 1197 624 1252 pus.
646 1152 963 1246 Respiciens,
997 1170 1190 1241 inquit,
1221 1168 1373 1236 ﬁdem
1393 1165 1624 1220 illorum.
1653 1158 1868 1215 Cernite
1897 1155 1950 1210 in
1982 1152 2083 1207 hoc

504 1275 644 1337 loco,
677 1271 891 1336 fratres,
924 1264 1210 1320 Dominum
1267 1274 1374 1314 non
1423 1267 1666 1326 quaerere
1712 1246 2082 1318 insipientium

502 1367 826 1428 voluntates,
881 1373 989 1413 non
1036 1349 1351 1423 exspectare
1377 1333 1735 1428 ignorantium
1761 1339 1946 1403 fidem,
1977 1348 2086 1389 non

505 1456 702 1514 infirmi
729 1423 890 1508 stulta
919 1448 1191 1506 desideria
1223 1439 1569 1514 perscrutari,
1591 1423 1693 1491 sed
1715 1431 1938 1487 alterius
1962 1427 2086 1483 fidei

505 1546 813 1604 subvenire.
851 1542 919 1598 Et
949 1553 1157 1602 revera,
1211 1535 1425 1598 fratres,
1455 1526 1668 1598 quando
1700 1521 1941 1578 medicus
1971 1521 2086 1573 lan-

505 1639 780 1711 guentium
811 1642 902 1688 aut
939 1629 1131 1702 quierit
1182 1634 1273 1681 aut
1322 1621 1540 1694 respicit
1595 1617 1924 1678 voluntates,
1965 1626 2087 1666 cum

505 1705 720 1802 semper
737 1725 1007 1784 contraria
1031 1721 1302 1778 desideret
1319 1726 1375 1773 et
1399 1713 1638 1784 requirat
1659 1706 1927 1780 aegrotus?
1956 1705 2090 1760 Hinc

509 1833 591 1879 est
622 1821 764 1892 quod
793 1833 933 1874 nunc
966 1817 1187 1879 ferrum,
1223 1823 1365 1897 nunc
1386 1809 1585 1878 ignem,
1610 1817 1751 1858 nunc
1781 1813 1960 1854 amara
1995 1811 2087 1864 po-

508 1888 854 1983 culaingerit
901 1917 957 1963 et
1008 1904 1229 1976 apponit
1277 1888 1476 1966 invitis,
1509 1905 1566 1951 ut
1594 1908 1776 1950 curam
1808 1888 1922 1945 sani
1970 1902 2091 1943 sen-

512 2005 663 2067 tiant,
693 1977 850 2069 quam
883 1997 1084 2053 sentire
1135 2008 1240 2049 non
1279 1995 1524 2060 poterant
1565 1991 1913 2056 azgrotantes.
1956 1979 2023 2032 Et
2048 1977 2092 2032 si

511 2095 672 2148 homo
695 2091 918 2161 injurias
945 2087 1192 2158 despicit,
1225 2084 1508 2139 maledicta
1535 2077 1858 2142 contemnit,
1888 2084 1946 2130 ut
1972 2087 2095 2128 sau-

511 2186 664 2241 ciatis
711 2185 956 2240 manibus
1014 2190 1204 2250 sponte
1259 2180 1422 2232 vitam
1476 2174 1719 2230 conferat
1759 2180 1814 2226 et
1840 2169 2094 2230 salutem,

515 2288 715 2346 quanto
745 2276 914 2343 magis
937 2273 1185 2328 Christus
1214 2269 1454 2324 medicus
1475 2267 1713 2321 bonitate
1734 2260 1911 2316 divina
1947 2273 2095 2313 mor-

516 2371 598 2425 bis
628 2370 838 2424 saucios
870 2375 1234 2435 peccatorum,
1269 2372 1323 2416 et
1350 2358 1600 2430 phrenesi
1631 2355 1916 2410 criminum
1949 2350 2099 2405 labo-

516 2470 724 2523 rantes,
772 2459 839 2511 ad
893 2456 1119 2510 salutem
1166 2452 1325 2506 etiam
1354 2450 1548 2504 invitos
1575 2443 1794 2501 attrahit
1827 2450 1882 2497 et
1911 2440 2098 2496 nolen-

519 2549 635 2603 tes?
665 2548 710 2603 Ο
736 2547 780 2602 si
812 2545 1060 2608 velimus,
1083 2543 1293 2605 fratres,
1314 2554 1346 2594 o
1369 2539 1414 2594 si
1435 2537 1661 2593 velimus
1686 2531 1878 2588 mentis
1905 2538 2102 2587 nostra:

521 2654 710 2694 omnes
745 2638 1018 2708 paralyses
1049 2648 1263 2702 semper
1288 2632 1495 2698 videre,
1522 2637 1582 2684 ut
1600 2627 1834 2682 animam
1865 2633 2102 2679 nostram

520 2729 810 2784 virtutibus
841 2727 1174 2792 destitutam,
1225 2725 1406 2793 jacere
1456 2723 1508 2777 in
1550 2721 1803 2775 vitiorum
1849 2714 2104 2772 stratibus

520 2834 889 2887 cerneremus,
917 2820 1118 2874 luceret
1168 2818 1322 2872 nobis
1353 2813 1803 2886 quemadmodum
1835 2807 2104 2873 Christus,

523 2916 616 2983 qui
648 2923 859 2970 nostras
881 2912 1121 2982 quotidie
1143 2911 1331 2966 noxias
1359 2907 1584 2977 despicit
1606 2906 1932 2969 voluntates,
1958 2909 2013 2955 et
2038 2899 2107 2954 ad

523 3006 777 3062 salutaria
833 3020 933 3061 nos
987 3003 1226 3059 remedia
1259 3000 1541 3072 pertrahit,
1573 3006 1630 3052 ut
1669 3004 1860 3066 purget
1889 2992 2106 3049 invitos.

524 3093 656 3161 Fili,
685 3095 874 3164 inquit,
906 3094 1234 3148 remittuntur
1263 3089 1352 3143 tibi
1379 3096 1587 3159 peccata
1615 3094 1722 3139 tua.
1740 3084 1863 3139 Hec
1894 3083 2104 3147 dicens,

524 3185 693 3252 Deum
741 3199 800 3241 se
846 3183 1059 3240 volebat
1090 3181 1340 3252 intelligi,
1370 3180 1459 3249 qui
1488 3192 1582 3249 per
1631 3174 1903 3232 hominem
1931 3172 2104 3230 oculis

1349 395 1553 455 PAULI
1590 391 1865 453 DIACONI
1901 383 2057 446 OPP.
2097 377 2274 437 PARS
2310 376 2373 433 II.
2411 405 2481 420 --
2518 369 2874 433 ASCBTICA:

2018 505 2075 554 et
2100 493 2158 553 Α
2178 492 2299 547 vivo
2327 489 2590 546 cadavere
2620 488 2729 557 jam
2755 484 3014 554 sepultos.
3057 475 3207 558 Tolle
3239 475 3420 531 lectum
3465 479 3638 538 tuum,
3668 473 3773 526 hoc

2178 591 2281 649 est,
2307 590 2455 651 porta
2487 586 2806 650 portantem,
2835 571 3020 630 oneris
3050 580 3198 624 muta
3219 569 3390 634 vices,
3429 574 3486 619 ut
3513 563 3656 633 quod
3676 563 3776 619 fuit

3621 360 3646 414 ‘I
3657 357 3764 412 452

2181 674 2512 736 inﬁrmitatis
2558 669 2947 734 testimonium,
2997 665 3067 719 sit
3115 661 3360 734 probatio
3405 658 3677 723 sanitatis,
3715 664 3775 713 ut
3843 673 3850 678 ·

2181 771 2353 826 lectus
2381 767 2582 824 doloris
2616 764 2711 832 tui,
2763 763 2836 820 sit
2877 775 3013 818 mea:
3061 756 3354 814 curationis
3395 752 3676 818 indicium,
3718 757 3778 806 ut

2186 871 2417 932 receptae
2447 857 2772 916 fortitudinis
2797 853 3242 924 magnitudinem,
3287 846 3538 918 ponderis
3570 849 3779 900 asserat
3865 869 3868 872 -

2185 950 2514 1021 magnitudo.
2552 948 2720 1015 Vade,
2753 943 2946 1016 inquit,
2979 944 3033 998 in
3083 944 3290 996 domum
3323 949 3488 1003 tuam,
3521 951 3590 992 ne
3615 936 3780 991 Chri-

2185 1045 2355 1100 stiana
2387 1042 2491 1097 fide
2518 1051 2754 1104 curatus,
2785 1037 2838 1094 in
2860 1037 2960 1092 viis
2982 1032 3216 1090 Judaicte
3239 1029 3480 1102 perﬁdia
3518 1027 3631 1098 jam
3662 1039 3784 1083 mo-

2187 1139 2345 1194 reris.
2378 1135 2459 1190 Tu
2488 1144 2690 1189 autem:

2650 1219 2928 1280 IIOMILIA
2951 1215 3310 1276 CLXXXVII.

2689 1333 2755 1371 DE
2784 1330 2962 1370 EADEI
2995 1326 3270 1368 DOIINICA.

2263 1411 2328 1466 In
2353 1411 2446 1466 illo
2467 1422 2688 1480 tempore
2717 1407 2996 1462 ascendens
3020 1402 3054 1457 J
3062 1420 3173 1457 esus
3201 1403 3255 1455 in
3301 1399 3592 1454 naviculam
3615 1406 3788 1452 trans-

2191 1507 2414 1578 fretavit,
2438 1514 2482 1559 et
2510 1504 2642 1558 venit
2670 1502 2722 1556 in
2753 1500 3002 1554 civitatem
3025 1510 3196 1561 suam,
3226 1503 3328 1549 etc.
3365 1491 3582 1563 (Matth.
3609 1491 3717 1561 lx.)
3782 1530 3793 1548 .

2260 1601 2485 1654 Creator
2547 1611 2726 1652 rerum
2798 1593 3056 1647 Dominus
3110 1588 3306 1651 Jesus,
3347 1593 3627 1654 postquam
3687 1597 3788 1650 se,

2193 1702 2410 1765 propter
2439 1707 2557 1759 nos,
2577 1701 2757 1746 nostra
2785 1685 3091 1758 angustsvit
3116 1686 3167 1740 in
3191 1697 3373 1750 carne,
3393 1679 3559 1749 cmpit
3587 1675 3789 1730 habere

2198 1785 2453 1856 patriam,
2486 1784 2647 1852 etrapit
2677 1795 2796 1837 esse
2848 1779 2981 1834 civis
3036 1775 3273 1832 Judaicte
3331 1769 3584 1834 civitatis,
3613 1777 3671 1821 ut
3697 1778 3792 1821 eos

2123 1859 2172 1919 Β
2202 1880 2269 1934 de
2300 1878 2491 1948 quibus
2523 1875 2908 1931 humanitatem
2960 1876 3350 1936 assumpserat,
3374 1864 3440 1918 ad
3462 1859 3794 1918 credendum

2199 1972 2302 2027 sibi
2344 1971 2619 2030 invitaret,
2649 1980 2834 2020 amore
2863 1972 2916 2019 et
2946 1961 3210 2016 charitate
3252 1956 3526 2018 suaderet,
3576 1961 3632 2007 et
3665 1951 3796 2006 affe-

2199 2075 2382 2121 ctuosa
2417 2061 2749 2117 humanitate
2771 2056 3088 2113 attraheret.
3122 2054 3370 2122 Loquens
3399 2063 3529 2117 ergo
3579 2053 3799 2100 sanctus

2200 2154 2525 2225 evangelista
2575 2151 2855 2207 Matthaeus
2907 2149 2974 2202 de
3021 2145 3250 2201 Domino
3291 2142 3440 2206 Jesu,
3475 2139 3610 2193 dicit
3643 2155 3657 2190 :
3695 2134 3800 2202 Qui

2201 2250 2481 2305 ascendens
2508 2250 2560 2301 in
2587 2246 2758 2300 navim
2793 2241 3158 2312 transfretavit,
3185 2237 3286 2292 hoc
3308 2243 3412 2296 est,
3431 2242 3579 2288 trans
3604 2231 3802 2285 fretum

2205 2343 2355 2398 abiit.
2393 2341 2608 2395 Fretum
2640 2336 2836 2391 dicitur
2865 2341 3152 2403 angustum
3184 2341 3352 2392 mare,
3381 2339 3410 2380 a
3459 2323 3676 2379 fervore
3697 2319 3803 2373 sci-

2211 2435 2331 2490 licet
2360 2442 2414 2489 et
2439 2433 2777 2495 ebullitione,
2795 2429 3048 2500 quoniam
3079 2442 3227 2482 mare
3254 2426 3323 2481 ibi
3346 2422 3580 2492 amplius
3602 2419 3798 2479 fervet.

2206 2527 2295 2580 ubi
2326 2527 2601 2602 angustius
2633 2525 2879 2578 habetur.
2911 2521 3122 2576 Fretum
3145 2527 3323 2574 autem
3353 2518 3458 2570 hoc
3503 2513 3625 2567 loco
3653 2522 3806 2564 mare

2208 2616 2442 2672 Galilaeaa
2464 2617 2720 2671 debemus
2749 2609 3228 2681 intelligere,'quod
3253 2606 3513 2663 Dominus
3540 2603 3799 2672 frequen-

2207 2719 2290 2766 ter
2312 2709 2758 2779 transnavigabat,
2809 2716 2863 2762 ut
2905 2703 3300 2761 multitudinem
3353 2699 3653 2755 incolarum
3685 2693 3793 2749 cir-

2211 2817 2545 2872 cumquaque
2589 2798 2942 2872 habitantium
2997 2812 3096 2853 sua
3151 2792 3366 2850 assidua
3423 2787 3804 2859 praedicatione

2212 2895 2279 2950 ad
2309 2895 2537 2949 salutem
2568 2893 2845 2946 invitaret.
2887 2888 3088 2944 Civitas
3144 2892 3323 2940 autem
3368 2880 3586 2936 Domini
3614 2891 3806 2932 secun-

2214 2987 2342 3043 dum
2396 3001 2612 3042 carnem
2665 2982 2929 3040 Nazareth
2980 2980 3144 3035 fuisse
3199 2976 3412 3040 dicitur,
3450 2969 3804 3038 conceptione

2214 3079 2415 3148 pariter
2463 3086 2517 3133 et
2565 3076 2890 3131 nutrimento
2939 3071 3058 3139 ejus
3095 3069 3366 3125 decorata.
3400 3064 3643 3132 Quaestio
3672 3071 3806 3114 sane

2214 3172 2357 3228 inter
2386 3172 2626 3226 Marcum
2659 3176 2714 3223 et
2753 3168 3064 3224 Matthaium
3110 3161 3373 3226 oboritur,
3427 3157 3551 3225 quia
3597 3155 3810 3210 Marcus

524 3247 700 3332 adhuc
749 3274 947 3330 latebat
992 3223 1587 3328 humanisfiiiiutibhs
1629 3267 1830 3324 etenim
1862 3223 2185 3334 et
2373 3223 2673 3333 hoc—ipsum
2703 3223 3020 3315 miraculum
3045 3253 3322 3325 paralytici
3351 3223 3405 3306 in
3421 3223 3812 3318 Capharnaum

524 3366 938 3436 comparabatur
968 3363 1265 3434 prophetis,
1289 3363 1412 3432 quia
1461 3374 1558 3430 per
1583 3358 1760 3428 ipsum
1793 3357 2030 3411 fecerant
2055 3361 2112 3408 et

526 3455 631 3527 ipsi
654 3455 903 3510 virtutes.
923 3453 1185 3521 Peccatis,
1204 3463 1381 3508 autem
1403 3452 1534 3505 dare
1556 3445 1928 3515 veniam,quia
1947 3457 2111 3514 penes

529 3547 802 3602 hominem
834 3561 938 3602 non
963 3555 1064 3610 est,
1109 3553 1164 3600 et
1205 3551 1288 3599 est
1339 3540 1609 3610 singulare
1639 3536 1853 3593 deitatis
1879 3535 2108 3604 insigne,

531 3637 702 3694 Deum
745 3637 896 3692 illum
948 3635 1252 3706 pectoribus
1303 3632 1575 3687 inserebat
1620 3629 1889 3684 humanis.
1914 3626 2115 3682 Probat

530 3729 636 3784 hoc
661 3727 993 3799 pharisaicus
1024 3727 1195 3792 livor;
1227 3740 1350 3780 nam
1372 3739 1494 3778 cum
1525 3724 1766 3787 dixisset,
1784 3721 2114 3774 remittuntur

530 3823 624 3878 tibi
644 3829 852 3892 peccata
873 3833 983 3887 tua,
1014 3820 1408 3887 responderunt
1429 3813 1683 3871 Pharisaei
1709 3829 1723 3868 :
1753 3811 1856 3866 Hic
1879 3810 2117 3880 blasphe-

531 3922 660 3966 mat.
693 3911 822 3980 Quis
850 3911 983 3966 enim
1035 3917 1196 3978 potest
1253 3915 1456 3975 peccata
1505 3905 1776 3967 dimittere,
1829 3901 1929 3954 nisi
1977 3898 2118 3952 solus

533 4001 706 4057 Deus?
727 4003 1020 4070 Pharisme,
1037 4001 1125 4070 qui
1147 3998 1364 4054 sciendo
1389 3997 1581 4059 nescis,
1601 3992 1907 4049 conﬁtendo
1929 4005 2116 4059 negas,

533 4106 659 4147 cum
691 4092 904 4147 testaris
936 4091 1236 4159 impugnas.
1269 4088 1324 4142 Si
1353 4087 1497 4142 Deus
1518 4093 1600 4141 est
1624 4084 1714 4154 qui
1742 4081 1966 4139 remittit
1990 4094 2116 4150 pec—

535 4193 677 4253 cata,
709 4201 805 4241 cur
827 4186 920 4241 tibi
949 4185 1195 4241 Christus
1244 4178 1384 4237 D’eus
1413 4196 1518 4237 non
1549 4189 1650 4247 est,
1681 4178 1772 4250 qui
1821 4177 1873 4233 in
1906 4191 2010 4232 uno
2029 4175 2116 4231 in-

539 4277 830 4346 dulgentia:
861 4293 971 4333 sure
992 4291 1234 4341 munere,
1253 4276 1414 4331 totius
1441 4273 1620 4328 mundi
1654 4272 1911 4342 probatur
1936 4271 2119 4324 abstu-

537 4369 664 4422 lisse
692 4369 949 4438 peccata?
984 4368 1138 4432 Ecce,
1165 4368 1357 4438 inquit,
1381 4368 1558 4437 Agnus
1586 4363 1704 4428 Dei,
1731 4379 1845 4418 ecce
1873 4361 1960 4431 qui
1985 4361 2120 4416 tollit

539 4470 746 4527 peccata
767 4459 944 4513 mundi
974 4458 1152 4530 (Joan.
1185 4460 1249 4527 ι).
1275 4457 1345 4515 Ut
1387 4466 1562 4513 autem
1604 4454 1775 4525 possis
1803 4453 2006 4524 majora
2032 4467 2119 4507 ca-

539 4563 668 4618 pere
698 4549 998 4603 divinitatis
1029 4549 1145 4617 ejus
1177 4550 1423 4618 insignia,
1457 4548 1579 4602 audi
1616 4561 1737 4602 eum
1790 4543 2021 4615 pectoris
2045 4544 2121 4599 tul

539 4648 847 4709 penetrasse
891 4648 1180 4694 secretum.
1230 4641 1421 4708 ASpice
1466 4655 1587 4695 eum
1638 4639 1705 4692 ad
1741 4637 2121 4708 cogitationum

540 4740 749 4786 tuarum
778 4729 1011 4786 latebras
1039 4731 1369 4800 pervenisse,
1398 4731 1638 4800 intellige
1689 4745 1809 4786 eum
1834 4731 2012 4785 cordis
2043 4733 2128 4787 tui

540 4822 746 4878 nudare
766 4822 1070 4880 consilium.
1094 4821 1164 4876 Et
1185 4839 1301 4876 cum
1322 4824 1552 4892 vidisset,
1586 4821 1781 4892 inquit,
1809 4820 1962 4876 Jesus
1986 4823 2127 4892 cogi.

541 4918 756 4974 lationes
782 4934 980 4983 eorum,
1013 4918 1144 4972 dixit
1181 4933 1198 4971 :
1225 4918 1364 4983 Quid
1385 4917 1620 4987 cogitatis
1648 4915 1783 4968 mala
1805 4915 1859 4968 in
1887 4914 2130 4969 cordibus

541 5011 755 5066 vestris?
781 5011 920 5077 Quid
937 5021 1010 5066 est
1038 5010 1244 5080 facilius
1266 5011 1458 5075 dicere,
1504 5009 1830 5062 remittuntur
1866 5005 1956 5059 tibi
2004 5021 2127 5077 pec-

544 5114 660 5156 cata
682 5112 793 5168 tua,
819 5120 886 5157 an
907 5103 1095 5169 dicere,
1118 5120 1270 5174 surge
1294 5111 1342 5157 et
1367 5101 1616 5155 ambula?
1647 5098 1716 5154 Ut
1740 5098 1918 5151 sciatis
1962 5106 2137 5152 autem

544 5195 665 5266 quia
688 5194 859 5250 Filius
889 5196 1106 5248 hominis
1135 5202 1431 5262 potestatem
1479 5191 1628 5246 habet
1672 5188 1959 5243 dimittendi
2005 5205 2128 5259 pec-

544 5295 684 5354 cata,
710 5285 1152 5355 dixitparalytico
1183 5299 1204 5338 :
1249 5283 1439 5351 Surge,
1489 5279 1606 5336 tolle
1650 5279 1833 5333 lectum
1873 5285 2040 5348 tuum,
2078 5282 2138 5333 et

545 5379 674 5435 uade
699 5378 756 5434 in
778 5379 988 5432 domum
1016 5386 1177 5430 tuam.
1209 5373 1278 5426 Et
1317 5373 1538 5427 surrexit
1557 5379 1617 5434 .et
1654 5370 1778 5424 abiit
1821 5369 1875 5424 in
1919 5371 2134 5424 domum

547 5489 720 5532 suam.
744 5472 1023 5530 Scrutator
1048 5469 1351 5525 animorum
1371 5468 1628 5537 praevenit
1651 5465 1908 5521 mentium
1931 5479 2129 5536 magna

550 5569 872 5636 consilia,et
886 5564 1101 5621 deitatis
1130 5577 1244 5619 suae
1270 5563 1558 5633 potentiam
1576 5557 1755 5631 operis
1783 5560 2132 5615 attestatione

554 5661 890 5727 monstravit,
920 5658 1045 5715 dum
1075 5655 1316 5727 dissipati
1361 5656 1597 5725 corporis
1646 5654 1887 5710 membra
1912 5667 2135 5722 compo-

556 5757 653 5822 nit,
707 5771 901 5814 nervos
950 5758 1188 5828 stringit,
1237 5752 1410 5826 jungit
1459 5768 1602 5819 ossa,
1638 5751 1870 5820 complet
1897 5751 2132 5816 viscera,

560 5847 732 5906 firmat
763 5852 1034 5920 virtutem,
1074 5861 1353 5918 regressus
1403 5846 1468 5904 ad
1527 5857 1743 5905 cursum
1790 5839 2016 5899 suscitat
2048 5843 2139 5925 .in

2035 5933 2052 5978 i

2215 3355 2412 3411 factum
2463 3352 2658 3426 (Marc.
2712 3352 2795 3421 ll),
2827 3348 3107 3405 Mattheus
3136 3359 3267 3401 vero
3294 3345 3368 3398 ita
3407 3348 3622 3403 narrat,
3654 3334 3805 3426 quasi

2218 3425 2480 3501 veniente
2501 3441 2727 3498 Domino
2755 3440 2809 3494 in
2831 3437 3101 3495 civitatem
3131 3449 3306 3498 suam,
3328 3446 3487 3502 quam
3532 3425 3806 3485 Nazareth

2225 3538 2470 3602 iiximus,
2523 3534 2838 3590 obtulerunt
2871 3531 2919 3587 ei
2973 3528 3346 3600 paralyticum,
3375 3537 3532 3594 quem
3565 3532 3623 3577 et
3648 3533 3812 3575 cura-

2236 3631 2313 3685 'it.
2346 3631 2475 3696 Quae
2504 3625 2730 3698 quaestio
2749 3620 3021 3678 difficilius
3068 3619 3388 3681 solveretur,
3442 3616 3487 3670 si
3520 3613 3807 3668 Matthzeos

2237 3738 2270 3776 n
2301 3721 2404 3775 hoc
2429 3720 2548 3774 loco
2569 3719 2726 3773 etiam
2754 3711 3016 3769 Nazareth
3046 3710 3395 3766 nominasset.
3426 3705 3535 3761 Sed
3558 3704 3676 3773 quia
3698 3701 3806 3754 Na-

2227 3812 2405 3868 tareth
2444 3820 2498 3867 et
2524 3807 2896 3876 Capharnaum
2933 3803 3176 3860 civitates
3204 3811 3446 3868 utraeque
3486 3795 3542 3850 in
3587 3793 3806 3847 Galilsea

2224 3904 2494 3975 provincia
2538 3901 2819 3964 habemur,
2854 3897 3075 3952 veniens
3105 3892 3362 3947 Dominus
3396 3887 3449 3943 in
3479 3886 3802 3952 Galilaeam,

2224 3997 2524 4054 rectissime
2577 3996 2629 4049 in
2681 3994 2948 4049 civitatem
3007 4003 3158 4044 suam
3212 3986 3422 4042 venisse
3479 3983 3699 4048 dicitur,
3749 3982 3800 4035 in

2225 4101 2540 4158 quocunque
2604 4085 2799 4154 oppido
2849 4080 3083 4138 Galilazte
3127 4079 3358 4134 fuisset.-
3398 4075 3529 4131 Nam
3588 4084 3643 4131 et
3696 4074 3806 4143 ipsa

2225 4180 2441 4238 Galilaea
2470 4220 2485 4246 ,
2518 4188 2622 4233 tota
2653 4176 2901 4233 videlicet
2929 4174 3200 4245 provincia
3222 4212 3237 4237 ,
3270 4178 3443 4239 potest
3472 4169 3581 4224 dici
3610 4169 3799 4224 civitas

2226 4273 2422 4330 Christi
2454 4315 2469 4340 ,
2505 4272 2762 4340 siquidem
2794 4278 2847 4324 et
2877 4266 3005 4322 illud
3034 4279 3254 4336 regnum
3283 4262 3593 4318 Judaeorum
3627 4273 3813 4313 nume-

2226 4367 2367 4423 rosis
2393 4365 2696 4421 civitatibus
2725 4359 2994 4434 quondam
3025 4358 3412 4427 amplissimum
3434 4396 3449 4418 ,
3483 4369 3588 4408 una
3617 4353 3810 4406 domus

2225 4455 2390 4513 Israel
2421 4456 2633 4519 dicitur,
2669 4453 2864 4508 nedum
2892 4451 3054 4506 etiam
3082 4463 3189 4503 una
3232 4447 3419 4502 civitas
3465 4445 3696 4499 dicatur.
3744 4443 3809 4497 Et

2230 4549 2333 4605 hoc
2361 4545 2485 4618 quid
2515 4559 2734 4600 necesse
2759 4551 2842 4599 est
2882 4541 3089 4610 longius
3119 4536 3474 4608 protraheret
3499 4536 3618 4603 Ipsa
3647 4535 3809 4589 etiam

2230 4641 2430 4700 Christi
2459 4639 2723 4703 Ecclesia,
2753 4650 2874 4707 quae
2912 4649 3006 4704 per
3050 4640 3218 4688 totum
3249 4630 3436 4685 orbem
3469 4628 3662 4683 diffusa
3717 4637 3820 4685 est.

2233 4736 2421 4792 civitas
2467 4730 2782 4800 appellatur.
2833 4726 2970 4781 Dicit
3011 4723 3154 4780 enim
3203 4720 3370 4777 Psal.:
3401 4718 3642 4775 Gloriosa
3688 4720 3817 4773 dicta

2236 4837 2356 4883 sunt
2396 4828 2459 4882 de
2487 4835 2534 4880 te
2562 4825 2734 4879 civitas
2767 4822 2862 4877 Dei
2889 4823 2906 4890 (
2929 4819 3075 4876 Psai.
3102 4817 3358 4888 Lxxxvt).
3389 4815 3523 4872 Cum
3557 4830 3689 4884 ergo
3717 4814 3817 4868 Do-

2239 4921 2415 4975 minus
2445 4918 2546 4971 hoc
2576 4917 2783 4985 signum
2805 4956 2820 4978 ,
2851 4914 2989 4966 sicut
3017 4911 3225 4966 Marcus
3266 4909 3432 4973 dicit,
3475 4909 3529 4962 in
3575 4905 3818 4974 Caphar-

2239 5026 2398 5067 naum
2442 5009 2607 5074 fecit,
2655 5021 2760 5062 non
2803 5014 2886 5060 est
2927 5004 3145 5058 dubium
3185 5001 3324 5072 quod
3371 5000 3422 5054 in
3467 5013 3562 5053 sua
3607 4997 3820 5052 civitate

2241 5105 2343 5159 hoc
2383 5102 2607 5167 fecerit,
2639 5097 2941 5170 praesertim
2972 5095 3095 5166 quia
3125 5102 3180 5148 et
3218 5093 3330 5163 ipsa
3361 5091 3737 5161 Capharnaum
3769 5088 3821 5142 in

2239 5197 2455 5255 Galiltea
2473 5234 2489 5262 ,
2523 5209 2641 5265 quia
2666 5201 2786 5248 erat
2811 5189 3083 5260 provincia
3113 5186 3353 5257 Domini,
3383 5186 3458 5240 ita
3485 5181 3819 5247 excellebat,

2239 5298 2299 5346 ut
2321 5299 2571 5358 tanquam
2602 5282 2911 5352 metropolis
2940 5280 3249 5336 haberetur.
3280 5277 3398 5332 Alio
3423 5289 3638 5346 quoque
3664 5271 3823 5328 modo

2241 5383 2356 5436 hac
2403 5378 2628 5448 quaestio
2668 5390 2697 5428 a
2747 5371 3058 5429 doctoribus
3107 5368 3353 5434 solvitur,
3401 5374 3459 5420 ut
3506 5363 3648 5435 quod
3700 5363 3823 5417 dicit

2239 5472 2520 5530 Matthqu
2563 5465 2926 5537 evangelista,
2976 5461 3346 5518 transfretasse
3393 5455 3721 5519 Dominum,
3773 5461 3823 5509 et

2239 5564 2451 5619 venisse
2499 5560 2552 5615 in
2595 5558 2866 5613 civitatem
2908 5569 3091 5622 suam,
3140 5548 3545 5622 praetermiserit
3586 5546 3716 5616 quid
3752 5540 3821 5598 ibi

2243 5655 2430 5711 fecerit
2471 5650 2767 5714 Dominus,
2801 5655 2857 5702 et
2902 5644 3171 5700 transierit
3213 5643 3280 5697 ad
3319 5654 3553 5709 sequens
3593 5638 3822 5692 miracu-

2245 5745 2390 5811 lum,
2423 5739 2563 5812 quod
2597 5739 2797 5793 factum
2829 5743 2910 5790 est
2933 5735 2999 5789 de
3028 5733 3318 5805 paralytico
3346 5733 3398 5786 in
3423 5728 3820 5798 Capharnaum.

2249 5834 2456 5890 Marcus
2495 5831 2638 5888 enim
2687 5837 2856 5885 totum
2899 5840 2963 5882 ex
3003 5824 3192 5881 ordine
3229 5821 3497 5894 quomodo
3520 5814 3824 5891 gestumsit
