4096 6346
359 409 498 467 H35

1317 408 1776 466 HOMILIARIUS.
1817 439 1886 454 --
1925 407 2088 466 HOM.
2133 409 2217 465 DE
2253 411 2602 468 TEMI‘ORE.

3452 405 3596 467 ΠΜ

356 533 557 583 narrat.
601 521 697 580 Vel
739 531 888 579 certe
932 523 1054 578 ideo
1092 522 1462 591 Capharnaum
1502 527 1688 580 civitas
1720 528 1927 582 Domini
1956 528 2004 588 Α
2032 527 2271 582 cordibus
2299 528 2477 582 vestris
2500 529 2523 580 ?
2550 527 2685 593 Quid
2703 533 2878 582 autem
2911 534 3161 580 vocarent
3179 524 3597 596 blasphemiam,

357 621 574 684 dicitur,
605 617 726 687 quia
755 615 807 671 in
838 633 901 672 ea
930 617 1011 672 vel
1057 619 1109 672 in
1156 618 1349 673 ﬁnibus
1391 619 1506 689 ejus
1547 621 1758 675 assidue
1798 636 1932 688 prae-

357 712 633 777 dicaverit,
657 720 711 765 et
734 711 961 764 maxima
983 710 1237 765 miracula
1263 723 1514 780 operatus
1539 713 1629 777 sit,
1655 713 1792 767 sicut
1819 714 1931 782 ipse

358 804 613 859 Dominus
644 803 768 855 alibi
798 818 890 871 per
917 802 1264 870 semetipsum
1298 802 1376 856 illi
1408 803 1807 872 improperans,
1843 804 1928 858 di-

357 898 427 951 cit
456 916 466 948 :
504 896 597 949 Vw
622 897 712 950 tibi
741 897 1098 964 Capharnaum
1117 938 1131 962 ,
1160 912 1274 967 qua:
1301 911 1456 966 usque
1483 897 1551 949 ad
1581 897 1757 950 ctelttm
1788 896 1929 949 exal-

357 997 462 1040 tata
489 1004 542 1040 es
574 985 791 1056 (Matth.
825 987 936 1058 ιι),
981 988 1364 1042 clariﬁeatione
1403 989 1607 1043 scilicet
1648 987 1931 1042 miraculo-

357 1093 473 1133 rum
517 1093 796 1144 meorum,
842 1094 998 1144 usque
1039 1079 1106 1130 ad
1151 1079 1406 1149 infernum
1448 1079 1747 1132 detraheris.
1793 1079 1927 1145 Quia

356 1168 400 1221 si
442 1168 495 1220 in
539 1166 673 1238 Tyro
717 1177 762 1221 et
806 1168 999 1222 Sidone
1045 1171 1181 1236 facta
1224 1169 1434 1236 fuissent
1475 1185 1587 1237 qua:
1623 1170 1673 1222 in
1720 1178 1765 1221 te
1793 1173 1929 1238 facta

358 1267 510 1322 sunt,
544 1257 667 1311 olim
694 1257 746 1310 in
773 1258 939 1312 cinere
966 1268 1012 1311 et
1037 1258 1205 1312 cilicio
1235 1261 1577 1330 pmnitentiam
1606 1270 1829 1330 agerent.
1860 1259 1927 1315 Et

357 1363 471 1403 ecce
500 1347 777 1415 efferebant
803 1350 850 1403 ei
874 1351 1213 1420 paralyticum
1229 1354 1488 1422 jacentem
1515 1352 1566 1404 in
1594 1352 1741 1406 lecto.
1775 1351 1929 1406 Para-

360 1438 501 1509 lysin
533 1438 703 1492 Graeci
734 1438 917 1494 dicunt
945 1439 1350 1495 dissolutionem
1398 1443 1760 1496 membrorum
1783 1485 1796 1505 ,
1840 1441 1928 1510 qui

355 1530 578 1584 morbus
609 1541 812 1598 partem
843 1533 1084 1600 Corporis
1132 1549 1290 1602 quam
1336 1536 1705 1602 occupaverit.
1735 1535 1929 1590 ofﬁciis

355 1624 621 1678 universis
665 1624 899 1678 funditus
939 1625 1208 1690 destituit,
1257 1627 1566 1696 plerumque
1603 1642 1729 1682 vero
1760 1636 1814 1682 et
1845 1637 1926 1682 to-

354 1722 464 1769 tum
497 1731 690 1784 corpus
721 1717 942 1770 invadit.
977 1716 1041 1770 Et
1084 1719 1259 1773 videns
1297 1717 1449 1772 Jesus
1491 1720 1643 1787 ﬁdem
1683 1719 1923 1786 illorum,

354 1805 479 1858 dixit
511 1808 791 1875 paralytiso
821 1824 837 1860 :
869 1806 1112 1876 Con/ide,
1157 1809 1270 1877 ﬁli,
1318 1811 1643 1864 dimittuntur
1689 1812 1779 1864 tibi
1819 1828 1929 1880 pec-

2031 618 2237 673 Marcus
2301 619 2634 673 manifestius
2685 617 2943 684 exponit.,
2984 616 3214 671 dicens:
3272 614 3339 668 Et
3405 615 3598 685 cogita-

2029 711 2186 777 bant,
2234 712 2432 780 inquit,
2475 711 2680 780 quidam
2726 710 2789 762 de
2831 709 3026 764 Scribis
3067 710 3121 761 in
3165 708 3403 762 cordibus
3450 708 3596 771 suis,

2029 804 2251 857 dicentes
2279 818 2298 856 :
2355 803 2478 869 Quis
2526 811 2685 870 potest
2731 809 2936 870 peccata
2979 801 3268 865 dimittere,
3311 799 3410 851 nisi
3456 797 3598 851 solus

2029 895 2166 950 Deus
2215 901 2236 963 (
2267 896 2436 951 Marc.
2467 910 2504 948 II
2529 895 2592 963 )‘t
2635 894 2898 962 Legerant
2938 892 3200 961 siquidem
3246 892 3502 960 scriptum
3546 889 3600 945 in
3641 947 3656 956 ,

2030 989 2352 1058 prOphetis,
2405 987 2623 1042 dicente
2676 987 2942 1040 Domino:
2997 983 3110 1054 Ego
3160 999 3271 1037 sum
3318 983 3406 1051 qui
3457 981 3602 1034 deleo

2028 1081 2325 1148 iniquitates
2374 1089 2490 1133 tuas
2540 1077 2708 1150 (Isai.
2734 1075 2918 1148 XLIII).
2968 1077 3138 1130 Etiam
3191 1074 3604 1143 indignabantur

2031 1171 2174 1238 quod
2229 1169 2514 1238 Christus,
2564 1184 2719 1237 quem
2775 1183 2961 1236 purum
3012 1167 3277 1222 hominem
3327 1164 3602 1219 existima-

2035 1260 2209 1327 bant,
2269 1259 2565 1329 paralytico
2619 1268 2957 1326 peccatorum
3011 1257 3219 1311 veniam
3275 1255 3605 1325 promisisset

2030 1362 2278 1420 tanquam
2337 1351 2498 1406 Deus.
2553 1350 2807 1417 Quamvis
2856 1362 2983 1418 ergo
3037 1348 3372 1411 nescientes,
3420 1357 3604 1400 verum

2029 1444 2217 1498 dicunt
2259 1443 2462 1498 Scriba:
2503 1453 2557 1496 et
2588 1441 2872 1504 Pharisaei,
2904 1440 3024 1508 quia
3068 1452 3225 1493 nemo
3263 1445 3439 1506 potest
3484 1448 3607 1504 pec-

2029 1546 2145 1588 cata
2203 1535 2476 1589 dimittere
2517 1534 2616 1588 nisi
2662 1533 2806 1586 solus
2848 1531 3016 1597 Deus,
3065 1529 3152 1597 qui
3213 1543 3306 1597 per
3352 1543 3444 1581 eos
3482 1540 3608 1596 quo-

2029 1641 2131 1693 que
2159 1625 2375 1679 dimittit
2402 1623 2592 1694 quibus
2624 1631 2933 1692 potestatem
2965 1619 3267 1675 dimittendI
3300 1618 3502 1674 tribuil.
3537 1618 3605 1673 Et

2033 1719 2151 1773 ideo
2180 1719 2422 1774 Christus
2465 1732 2620 1773 verus
2663 1717 2799 1770 Deus
2838 1729 2959 1770 esse
2998 1714 3270 1782 probatur,
3314 1710 3435 1780 quia
3482 1721 3606 1778 pec-

2032 1823 2149 1866 cata
2194 1812 2386 1882 quibus
2431 1812 2579 1875 vult,
2623 1809 2895 1864 dimittere
2939 1808 3097 1861 valet.
3146 1804 3210 1858 Et
3251 1819 3366 1856 cum
3402 1801 3607 1855 vidisset

354 1907 467 1950 cata
500 1907 606 1950 tua.
637 1898 762 1953 llaec
791 1899 973 1953 dicens
1001 1899 1164 1953 Deum
1196 1915 1256 1956 se
1285 1902 1496 1956 volebat
1521 1902 1773 1971 intelligi,
1805 1903 1924 1971 quia
1960 1882 2004 1939 Β
2033 1902 2183 1957 Iesus
2216 1904 2549 1973 cogitationes
2579 1919 2774 1956 eorum.
2805 1899 3082 1956 Scrutator
3112 1897 3409 1950 animorum
3443 1893 3601 1958 Deus,

353 1988 528 2043 adhuc
570 2005 663 2059 per
703 1991 1084 2047 humanitatem
1130 1993 1328 2048 latebat
1371 1993 1652 2059 homines,
1685 2004 1740 2048 ut
1784 1995 1927 2050 video

354 2080 477 2134 licet
507 2095 603 2149 per
636 2082 736 2136 hoc
767 2083 906 2150 quod
941 2093 1154 2152 peccata
1201 2083 1475 2139 dimittere
1521 2094 1762 2153 poterat,
1793 2086 1931 2155 quod

354 2174 690 2228 solummodo
737 2176 826 2230 Dei
873 2191 993 2233 esse
1033 2187 1275 2245 constat,
1321 2188 1376 2233 et
1415 2193 1519 2232 non
1565 2177 1823 2243 hominis,
1867 2179 1932 2233 ad

357 2264 727 2320 credulitatem
761 2264 884 2320 ﬁdei
913 2268 1167 2323 accedere
1201 2283 1307 2323 non
1348 2269 1674 2325 dubitarent.
1719 2271 1931 2326 Intuen-

357 2356 482 2410 dum
515 2367 692 2412 autem
725 2368 982 2428 quantum
1017 2361 1304 2428 impetrare
1345 2361 1517 2416 valeat
1560 2363 1692 2416 ﬁdes
1735 2364 1934 2416 unius-

356 2455 612 2520 cujusque
659 2454 872 2522 propria
900 2495 915 2519 ,
961 2454 1005 2507 si
1053 2463 1256 2508 tantum
1302 2455 1476 2509 aliena
1525 2456 1715 2519 valuit,
1749 2465 1806 2508 ut
1834 2469 1932 2510 suo

357 2551 664 2597 Interventu
696 2543 849 2598 alteri
878 2543 1100 2598 salutem
1136 2546 1329 2599 mentis
1368 2555 1420 2601 et
1465 2548 1706 2615 corporis
1756 2547 1932 2602 subito

358 2631 653 2700 promereri
697 2633 946 2701 potuerit.
979 2631 1095 2687 Non
1126 2635 1265 2688 enim
1297 2633 1369 2688 ait
1396 2637 1720 2704 evangelista
1755 2636 1934 2690 Domi-

354 2739 480 2778 num
513 2725 709 2780 vidisse
743 2726 904 2779 ﬁdem
937 2727 1080 2780 illius
1110 2729 1197 2794 qui
1243 2730 1572 2796 portabatur,
1606 2729 1700 2782 sed
1745 2744 1929 2783 eorum

353 2818 530 2884 potius
573 2818 665 2886 qui
709 2817 848 2872 hunc
891 2818 1208 2872 offerebant.
1253 2820 1366 2886 Qua
1412 2821 1462 2874 in
1505 2835 1561 2874 re
1601 2834 1788 2887 magna
1818 2820 1932 2888 qui-

354 2906 477 2961 dem
508 2917 560 2962 et
592 2908 738 2962 utilis
769 2908 920 2961 nobis
948 2910 1352 2964 commendatur
1380 2911 1670 2977 humilitas,
1705 2923 1762 2967 ut
1787 2929 1932 2968 vera-

353 3001 488 3054 citer
529 2999 809 3054 credamus
872 3015 970 3070 per
1017 3017 1198 3056 eorum
1248 3004 1335 3071 qui
1389 3003 1496 3059 Deo
1544 3006 1747 3072 accepti
1809 3016 1931 3061 sunt

355 3091 796 3147 intercessionem
850 3093 1089 3162 adjuvari
1137 3109 1231 3149 eos
1279 3096 1367 3164 qui
1417 3103 1509 3150 aut
1559 3097 1735 3151 minus
1787 3097 1930 3166 digni

355 3193 479 3236 sunt
509 3197 603 3251 per
631 3197 688 3238 se
717 3182 987 3247 exaudiri,
1022 3195 1113 3239 aut
1141 3185 1306 3240 etiam
1337 3186 1566 3255 propriae
1605 3188 1928 3242 inlirmitatis

360 3273 596 3335 conscii,
649 3275 911 3328 bonorum
955 3274 1225 3328 hominum
1267 3289 1325 3330 se
1370 3274 1741 3331 intercessioni
1790 3292 1931 3332 eom-

358 3364 646 3430 mendant,
683 3374 739 3418 ut
764 3379 948 3419 eorum
981 3380 1143 3432 opere
1171 3374 1224 3420 et
1255 3367 1548 3436 temporale
1577 3376 1631 3422 et
1659 3368 1934 3435 spirituale

355 3467 384 3507 a
417 3453 527 3508 Deo
561 3455 816 3508 auxilium
863 3463 1276 3524 consequantur.
1321 3455 1565 3524 Con/ide,
1611 3454 1781 3526 inquit
1823 3459 1931 3514 Do-

354 3544 554 3607 minus,
588 3545 685 3614 ﬁli.
731 3545 966 3600 Miranda
998 3555 1080 3600 est
1111 3545 1328 3601 humilis
1358 3546 1411 3601 in
1443 3546 1803 3617 Redemptore
1835 3565 1933 3604 no-

356 3645 468 3692 stro
512 3636 779 3706 dignatio,
813 3637 901 3706 qui
946 3637 1215 3693 hominem
1256 3639 1580 3708 invalidum,
1626 3649 1680 3695 et
1721 3640 1773 3695 in
1824 3649 1934 3696 toto

357 3743 584 3798 corpore
626 3729 980 3796 tabefactum,
1027 3731 1188 3786 ﬁlium
1234 3745 1426 3786 vocare
1464 3731 1731 3802 dignatur,
1775 3747 1934 3801 quem

356 3819 566 3872 Scriba:
596 3828 650 3872 et
681 3819 933 3874 Pharisaei
969 3833 1066 3875 nec
1093 3821 1445 3892 dignabantur
1471 3825 1749 3893 attingere.
1782 3823 1932 3890 Quod

357 3910 402 3960 si
434 3908 500 3962 ad
531 3923 665 3977 opus
711 3910 949 3964 divinum
980 3913 1117 3980 quod
1160 3914 1213 3966 in
1255 3914 1471 3968 homine
1512 3914 1816 3983 gerebatur,
1861 3923 1934 3968 at-

356 4003 664 4068 tendimus,
722 4005 916 4058 merito
973 4005 1137 4060 ﬁlium
1194 4014 1349 4062 vocat
1401 4021 1559 4075 quem
1615 4021 1643 4059 a
1698 4007 1932 4075 peccatis

356 4091 605 4146 absolvit.
658 4093 712 4147 In
762 4095 861 4148 hoc
909 4096 1107 4160 etiam,
1154 4097 1297 4166 quod
1337 4107 1618 4151 curaturus
1659 4112 1688 4150 a
1729 4113 1821 4151 sua
1861 4096 1934 4151 in-

359 4183 607 4237 ﬁrmitate
650 4185 918 4239 hominem
944 4225 960 4250 ,
1003 4187 1149 4255 prius
1181 4196 1398 4256 peccata
1427 4188 1502 4242 illi
1532 4188 1782 4255 dimittit,
1810 4188 1931 4258 qui-

356 4276 452 4330 bus
481 4274 726 4329 eamdem
758 4276 1120 4332 infirmitatem
1151 4281 1451 4348 contraxit,
1493 4290 1546 4336 et
1587 4289 1768 4349 postea
1810 4296 1932 4336 eum

355 4365 566 4420 sanitati
608 4366 872 4434 restituit,
919 4370 1154 4424 ostendit
1193 4385 1315 4426 eum
1359 4373 1428 4426 ob
1468 4374 1716 4427 meritum
1747 4375 1930 4443 culpa-

355 4471 472 4511 rum
518 4458 832 4512 damnatum
879 4456 1048 4516 fuisse
1088 4461 1362 4517 debilitate
1403 4464 1763 4520 membrorum
1788 4507 1802 4531 ,
1835 4480 1933 4520 nec

2035 1999 2365 2066 prmveniens
2412 1996 2667 2050 mentium
2713 1994 2849 2048 mala
2895 1991 3152 2054 consilia,
3197 1987 3428 2042 ostendit
3472 1983 3607 2039 Scri-

2034 2088 2115 2144 bis
2173 2084 2667 2156 blaspliemantibus
2723 2099 2782 2138 se
2846 2084 3008 2138 Deum
3067 2096 3230 2145 esse,
3285 2079 3374 2148 qui
3433 2081 3609 2146 potest

2033 2180 2192 2233 etiam
2240 2179 2446 2233 occulta
2495 2180 2671 2232 cordis
2715 2191 2900 2230 eorum
2953 2174 3231 2228 evidenter
3276 2183 3606 2240 agnoscere,

2033 2279 2088 2324 et
2138 2271 2288 2338 quasi
2342 2280 2520 2324 Iacens
2575 2270 2846 2337 loquitur:
2898 2266 2964 2321 Ut
3010 2263 3342 2334 cognoscatis
3390 2277 3474 2316 me
3519 2275 3610 2315 ve-

2034 2367 2228 2416 raclter
2271 2361 2436 2415 Deum
2479 2375 2631 2424 esse,
2675 2353 3013 2413 manifestuin
3054 2355 3205 2410 vobis
3244 2355 3344 2418 sit,
3379 2353 3608 2408 latebras

2033 2457 2203 2512 etiam
2255 2456 2632 2525 cogitationum
2685 2466 2979 2507 vestrarum
3026 2467 3112 2508 me
3155 2450 3488 2520 apertissime
3529 2463 3610 2504 co-

2033 2563 2316 2618 gnoscere.
2370 2549 2440 2600 Ea
2485 2562 2615 2615 ergo
2661 2553 2924 2613 potestate
2975 2545 3216 2607 deitatis,
3262 2557 3364 2612 qua
3415 2539 3611 2610 cogita-

2035 2641 2206 2693 tiones
2253 2648 2458 2693 vestras
2504 2640 2696 2693 intueri
2740 2639 2922 2704 valeo,
2967 2636 3272 2705 cognoscite
3315 2633 3473 2689 etiam
3514 2633 3611 2686 ho-

2033 2729 2264 2783 minibus
2311 2738 2524 2797 peccata
2577 2743 2661 2781 me
2711 2741 2866 2794 posse
2912 2725 3206 2780 dimittere.
3239 2723 3376 2789 Quid
3403 2723 3609 2792 [acilius

2032 2835 2105 2878 est
2151 2825 2342 2890 dicere,
2388 2823 2710 2874 dimittuntur
2753 2820 2844 2873 tibi
2887 2828 3094 2888 peccata
3136 2829 3260 2886 tua,
3290 2833 3357 2869 an
3399 2815 3606 2882 dicere,

2031 2933 2182 2985 surge
2211 2924 2256 2969 et
2284 2915 2540 2968 ambula?
2581 2913 2766 2969 Utrum
2817 2911 3111 2981 paralytico
3153 2916 3372 2978 peccata
3416 2906 3612 2962 fuerint

2033 3008 2287 3071 dimissa,
2335 3006 2482 3059 solus
2529 3005 2772 3059 Christus
2821 3011 3082 3068 noverat,
3137 3001 3226 3070 qui
3278 2997 3604 3055 dimittebat.

2034 3097 2347 3166 Surgentem
2379 3105 2554 3151 autem
2583 3105 2638 3149 et
2671 3094 3027 3149 ambulantem
3072 3093 3218 3147 illum
3240 3134 3255 3157 ,
3305 3105 3490 3146 omnes
3518 3087 3608 3160 qui

2035 3191 2358 3244 assistebant
2411 3189 2528 3242 visu
2570 3188 2867 3255 approbare
2914 3193 3180 3253 poterant.
3231 3183 3297 3237 Et
3334 3182 3456 3238 ideo
3501 3180 3609 3234 Do-

2036 3280 2214 3335 minus
2262 3280 2478 3334 carnale
2524 3278 2737 3348 signum
2788 3276 3038 3331 sanitatis
3091 3275 3425 3332 extrinsecus
3469 3287 3611 3340 ope-

2035 3381 2182 3426 ratus
2228 3381 2340 3436 est,
2390 3380 2444 3424 ut
2490 3369 2764 3439 spirituale
2809 3369 3055 3439 signum,
3104 3366 3205 3420 hoc
3246 3374 3358 3429 est,
3401 3363 3608 3419 veniam

2037 3471 2379 3532 peccatorum
2402 3503 2416 3528 ,
2449 3462 2771 3517 intrinsecus
2795 3462 3112 3531 probaretur
3139 3459 3346 3515 fecisse.
3391 3457 3456 3514 Ut
3485 3458 3612 3512 scia-

2035 3560 2098 3612 tis
2130 3570 2326 3624 autem,
2375 3562 2495 3628 quia
2541 3556 2716 3612 Filius
2763 3559 2981 3612 hominis
3023 3558 3170 3612 habet
3216 3565 3515 3628 potestatem
3558 3553 3612 3608 in

2036 3661 2171 3702 terra
2217 3650 2506 3704 dimittendi
2551 3659 2790 3720 peccata,
2826 3660 2943 3702 tunc
2981 3650 3052 3701 ait
3086 3649 3368 3718 paralytico
3391 3662 3412 3702 :
3439 3663 3610 3716 surge.

2035 3742 2186 3796 Patet
2216 3743 2335 3809 quia
2368 3751 2420 3796 et
2442 3744 2484 3796 si
2513 3744 2666 3808 Deus,
2701 3743 2789 3812 qui
2820 3752 3076 3812 quantum
3107 3756 3327 3797 occasus
3354 3743 3516 3796 distat
3543 3739 3610 3796 ab

2033 3837 2244 3891 oriente
2267 3877 2280 3900 ,
2327 3836 2482 3904 longe
2522 3836 2650 3891 fecit
2693 3851 2720 3888 a
2765 3837 2918 3890 nobis
2950 3836 3254 3904 iniquitates
3286 3845 3528 3902 nostras,
3559 3842 3614 3892 et

2033 3926 2204 3983 Filius
2236 3928 2466 3982 hominis
2499 3927 2655 3982 habet
2689 3935 3001 3996 potestatem
3031 3926 3331 3982 dimittendi
3362 3937 3608 3996 peccata,

2034 4033 2164 4090 ergo
2195 4019 2336 4074 idem
2369 4018 2482 4089 ipse
2513 4029 2594 4074 est
2621 4017 2869 4074 Christus
2899 4027 2953 4074 et
2984 4020 3120 4075 Deus
3147 4027 3202 4074 et
3239 4017 3405 4073 Filius
3436 4019 3610 4073 homi-

2034 4111 2160 4163 nis:
2214 4108 2388 4172 Deus,
2440 4109 2528 4177 qui
2577 4123 2670 4176 per
2717 4108 3044 4163 divinitatem
3093 4117 3305 4176 peccata
3353 4106 3610 4174 dimittit;

2033 4199 2198 4256 Filius
2243 4200 2502 4266 hominis,
2541 4201 2630 4269 qui
2680 4218 2772 4268 per
2814 4201 3197 4255 humanitatem
3230 4214 3326 4268 pro
3358 4209 3612 4272 peccato-

2033 4291 2178 4344 ribus
2214 4291 2348 4344 mori
2378 4290 2566 4359 potuit.
2597 4290 2746 4357 Quod
2774 4299 2948 4344 autem
2989 4289 3153 4354 dicit,
3195 4299 3314 4342 tunc
3345 4289 3418 4341 ait
3442 4303 3610 4356 para-

2037 4379 2227 4450 !ytico,
2276 4379 2434 4435 verba
2479 4386 2604 4434 sunt
2647 4379 3007 4446 evangelista.
3054 4377 3238 4443 Tolle,
3289 4379 3394 4444 ait,
3426 4376 3611 4429 lectum

2033 4481 2212 4534 tuum,
2267 4471 2367 4526 hoc
2415 4479 2497 4525 est
2543 4481 2690 4539 porta
2741 4478 3041 4538 portantem
3097 4478 3181 4534 te,
3218 4477 3275 4523 ut
3323 4468 3463 4537 quod
3514 4466 3611 4520 fuit

354 4549 515 4604 aliter
569 4564 724 4619 posse
779 4551 1013 4606 evadere
1067 4552 1435 4620 :egritudinem
1489 4557 1772 4624 corporis,
1829 4558 1930 4612 nisi
1963 4561 2391 4654 Dtestimonium
2433 4561 2787 4626 infirmitatis,
2829 4561 2896 4615 sit
2940 4560 3181 4628 probatio
3224 4561 3490 4615 sanitatis.
3543 4557 3612 4614 Et

356 4642 507 4709 prius
547 4641 865 4696 liberaretur
906 4641 974 4696 ab
1019 4642 1326 4699 inﬁrmitate
1366 4645 1700 4700 incommoda
1732 4647 1926 4702 cordis.

360 4732 721 4802 Dimittuntur,
757 4735 947 4805 inquit,
976 4739 1068 4792 tibi
1093 4751 1319 4807 peccata.
1351 4741 1583 4797 Audiens
1610 4742 1932 4813 paralyticos

355 4833 562 4886 veniam
612 4831 925 4886 delictorum
971 4833 1069 4887 sibi
1114 4850 1140 4887 a
1187 4835 1414 4891 Domino
1450 4837 1779 4906 repromitti,
1825 4850 1928 4890 non

354 4924 550 4993 aliquid
592 4922 810 4980 Christo
858 4927 1185 4994 respondet,
1222 4943 1320 4982 nec
1351 4930 1576 4997 gratiam
1605 4929 1690 4983 vel
1723 4927 1928 4982 laudem

356 5012 428 5066 illi
456 5013 732 5082 rependit,
764 5016 883 5083 quia
913 5017 1120 5070 scilicet
1147 5017 1264 5085 plus
1292 5018 1532 5088 corporis
1559 5033 1715 5088 quam
1741 5017 1933 5072 anima:

353 5103 696 5158 desiderabat.
737 5106 1000 5173 salutem,
1047 5117 1101 5161 et
1144 5109 1430 5175 gratiorem
1473 5111 1572 5164 sibi
1615 5121 1934 5178 praesentem

353 5195 517 5249 vitam
555 5196 856 5266 judicabat,
897 5214 1059 5268 quam
1103 5200 1354 5256 futuram.
1399 5201 1506 5257 Sed
1547 5199 1792 5255 Christus
1831 5217 1936 5257 non

353 5287 661 5342 vecordiam
688 5287 919 5357 jacentis
949 5290 1201 5357 respicit,
1249 5292 1355 5345 imo
1398 5292 1557 5347 ﬁdem
1599 5291 1934 5347 offerentium

354 5375 672 5444 intendens,
727 5378 934 5448 ingrato
977 5391 1195 5447 peccata
1236 5380 1474 5437 dimittit.
1525 5382 1593 5436 Et
1631 5383 1755 5450 quia
1798 5397 1939 5436 sem-

355 5484 451 5538 per
497 5470 783 5526 virtutibus
831 5471 1033 5526 invidia
1086 5488 1267 5529 comes
1311 5482 1430 5542 est,
1478 5476 1756 5530 audiamus
1804 5476 1931 5546 quid

353 5561 612 5630 sequitur.
665 5563 768 5617 Hic
812 5563 1155 5634 blaspltemat.
1208 5565 1320 5619 Non
1378 5581 1510 5622 voce
1553 5568 1662 5622 oris
1710 5569 1810 5623 hoc
1851 5568 1933 5621 di-

353 5660 586 5719 xerunt,
643 5655 736 5709 sed
791 5654 843 5708 in
893 5665 1105 5711 secreto
1159 5657 1362 5712 cordis.
1420 5659 1572 5724 Quod
1629 5658 1932 5713 manifestat

354 5744 680 5813 evangelista
703 5785 719 5808 ,
763 5759 886 5800 cum
929 5744 1060 5801 dicit
1089 5764 1103 5800 :
1138 5743 1203 5799 Et
1231 5763 1346 5801 cum
1375 5748 1576 5802 vidisset
1605 5748 1758 5803 Iesus
1792 5750 1930 5820 cogi-

356 5834 575 5891 tationes
622 5851 796 5893 eorum
821 5881 838 5904 ,
890 5838 1068 5894 dixit:
1123 5838 1190 5895 Ut
1233 5840 1358 5908 quid
1405 5841 1639 5910 cogitatis
1693 5844 1831 5897 mala
1877 5842 1930 5898 in

2039 4652 2300 4716 surrexit,
2356 4661 2405 4705 et
2457 4652 2580 4704 abiit
2633 4653 2685 4705 in
2746 4651 2948 4705 domum
2999 4669 3161 4705 suam.
3219 4650 3362 4706 lnter
3412 4651 3610 4706 dictum

2040 4742 2248 4796 Domini
2301 4752 2354 4796 et
2406 4742 2636 4810 factum,
2685 4743 2825 4796 nulla
2873 4741 3116 4796 distantia
3165 4752 3268 4798 est.
3301 4740 3419 4811 Ipse
3444 4743 3610 4813 dixit,

2039 4842 2084 4887 et
2129 4836 2264 4901 facta
2307 4842 2456 4896 sunt,
2499 4835 2606 4902 ipse
2642 4834 2938 4899 mandavit,
2979 4843 3029 4886 et
3069 4843 3239 4887 creata
3279 4843 3393 4885 sunt
3427 4834 3443 4899 (
3465 4831 3608 4885 Psal.

2040 4925 2308 4993 CLXVIII).
2359 4923 2426 4976 Et
2473 4925 2644 4978 omnia
2691 4940 3003 4994 quacunque
3049 4923 3240 4989 voluit,
3287 4923 3423 4992 fecit.
3473 4922 3614 4978 lnter

2041 5014 2219 5068 dicere
2265 5023 2444 5069 autem
2491 5025 2731 5068 nostrum
2773 5024 2826 5069 et
2871 5014 3076 5082 facere,
3112 5013 3332 5082 plurima
3362 5013 3611 5068 distantia

2015 5110 2150 5176 est,
2181 5104 2301 5173 quia
2351 5105 2506 5159 facile
2553 5106 2766 5172 quidem
2815 5105 2952 5173 loqui
2994 5118 3311 5174 possumus,
3359 5105 3450 5157 sed
3491 5119 3610 5159 cum

2038 5196 2219 5250 labore
2261 5212 2563 5264 operamur.
2617 5196 2810 5250 Christi
2861 5210 2986 5248 vero
3033 5197 3232 5250 dictum
3282 5211 3402 5250 mox
3451 5210 3613 5264 opera

2038 5290 2386 5352 comitantur,
2432 5289 2680 5358 quoniam
2727 5287 2841 5354 ipse
2889 5287 3057 5353 dixit,
3091 5297 3141 5343 et
3176 5288 3311 5342 facta
3349 5299 3492 5341 sunt.
3526 5287 3615 5343 Ait

2038 5395 2166 5449 ergo
2195 5397 2208 5434 :
2257 5381 2403 5444 Quid
2441 5391 2515 5434 est
2557 5381 2765 5446 facilius
2795 5382 2988 5447 dicere,
3024 5381 3352 5434 dimittuntur
3381 5380 3470 5433 tibi
3498 5395 3615 5450 pet:-

2037 5481 2171 5536 cata,
2215 5472 2509 5535 an-dicere,
2561 5487 2711 5542 surge
2739 5483 2786 5525 et
2815 5470 3069 5526 ambula?
3106 5474 3182 5526 Ac
3211 5469 3252 5525 si
3285 5471 3462 5523 dicat:
3495 5469 3616 5524 Sic-

2038 5568 2097 5614 ut
2144 5560 2300 5615 facile
2364 5570 2446 5616 est
2489 5560 2648 5627 mihi,
2698 5560 2880 5616 dicere
2928 5562 3220 5631 paralytlco
3264 5577 3278 5615 :
3323 5577 3513 5630 surge,
3559 5565 3615 5615 et

2036 5654 2286 5708 continuo
2330 5654 2533 5722 surg-it,
2583 5654 2662 5707 sic
2710 5652 2867 5706 facile
2913 5634 2997 5706 est
3043 5652 3250 5717 dicere,
3284 5653 3616 5704 dimittuntur

2037 5748 2123 5802 tibi
2154 5757 2358 5817 peccata
2379 5788 2394 5813 ,
2426 5757 2477 5801 et
2505 5747 2756 5802 continuo
2799 5746 3158 5799 dimittuntur.
3193 5743 3451 5800 Videntes
3494 5754 3610 5800 tur-

2037 5840 2150 5908 bai,
2185 5839 2237 5896 id
2270 5848 2352 5896 est
2383 5839 2595 5910 populi,
2631 5836 3014 5909 signum.quod
3057 5835 3289 5904 fecerat,
3325 5837 3616 5899 timuerunt
