4096 6346
475 258 612 312 1435

1322 254 1520 312 PAULI
1559 254 1826 312 DlACONi
1864 254 2014 312 OPP.
2058 252 2231 309 PARS
2269 249 2333 307 il.
2378 279 2443 292 —
2481 251 2835 312 ASCETICA.

3573 262 3597 317 1
3612 261 3711 327 456

470 368 638 428 Deum
664 414 679 437 ,
710 378 764 427 et
800 370 1227 440 gloriﬁcaverunt
1257 386 1377 426 eum
1408 370 1497 440 qui
1537 366 1681 426 dedit
1723 372 2032 439 potestatem
2064 364 2113 438 Ᾱ
2140 377 2223 424 tur
2264 379 2442 425 sancta
2490 366 2748 437 Ecclesia,
2785 372 2884 425 hoc
2930 381 3014 427 est
3064 371 3349 429 multitudo
3387 375 3709 453 electorum,

467 465 625 520 metu
665 456 998 527 hominibus,
1040 462 1251 517 scilicet
1294 472 1353 517 ut
1398 464 1559 517 homo
1604 465 1744 518 inter
1792 463 2039 519 homines

468 556 712 623 positus,
773 561 955 622 posset
1006 553 1286 609 sanitatem
1340 558 1635 624 cuicunque
1685 556 1884 622 vellet,
1938 548 2038 610 tri-

470 648 654 700 buere.
684 645 983 701 Coniuratis
1013 646 1172 715 igitur
1199 640 1307 700 illis
1345 646 1433 713 qui
1471 640 1755 701 Dominum
1794 646 2041 715 blasphe-

468 734 590 793 miae
620 740 905 807 arguebam
925 781 939 804 ,
969 740 1167 795 merito
1196 746 1472 805 stupentes
1504 738 1673 792 turba:
1695 779 1708 803 ,
1744 738 1795 791 in
1826 737 2040 792 tandem

468 827 736 884 Creatoris
766 830 1064 900 prosiliunt.
1100 829 1177 883 Ad
1206 830 1356 897 cuius
1384 829 1663 898 intperlnm
1691 826 1836 883 nulla
1868 830 2037 883 inter.

470 922 717 977 Veniente
760 931 941 988 mora,
987 922 1180 977 festina
1224 923 1365 976 salus
1409 930 1579 976 totum
1627 918 2035 977 hominem’ro-

470 1022 631 1087 pente
677 1019 935 1091 possedit.
988 1019 1064 1074 Ex
1116 1018 1391 1073 cmatione
1438 1022 1615 1071 autem
1663 1017 1817 1072 istius
1870 1026 2032 1085 para-

469 1115 647 1185 iytici,
677 1112 832 1169 datur
857 1112 1007 1167 nobis
1048 1108 1272 1180 intelligi
1315 1112 1593 1180 plerasque
1631 1108 2044 1163 incommodita-

470 1212 552 1266 tes
592 1208 898 1263 hominibus
935 1217 1151 1277 propter
1179 1208 1394 1273 peccata
1427 1202 1752 1263 contingere.
1788 1200 2033 1267 Quinque

471 1299 726 1368 Siquidem
755 1296 1064 1355 differentiae
1092 1306 1366 1353 causarum
1398 1295 1697 1359 traduntur,
1724 1307 1821 1361 pro
1850 1291 2038 1361 quibus

470 1392 783 1462 corporibus
829 1393 1075 1447 humanis
1121 1384 1443 1457 temporales
1482 1388 1747 1443 molestius
1792 1388 2041 1446 divinitus

468 1484 785 1542 inferuntur.
836 1480 939 1538 Aut
984 1484 1127 1537 enim
1181 1481 1245 1537 ad
1299 1480 1537 1553 augenda
1582 1478 1764 1536 merita
1809 1496 1903 1550 per
1946 1490 2039 1552 pa-

472 1560 710 1635 tientiam
749 1576 903 1633 electi
943 1574 996 1630 in
1036 1570 1345 1631 infirmitate
1373 1574 1612 1646 corporis
1642 1580 1950 1646 gravantur,
1983 1582 2045 1631 ut

472 1668 633 1731 beato
662 1670 761 1730 Job
790 1681 844 1727 et
872 1664 1054 1726 Tobiae
1083 1668 1341 1740 contigit;
1376 1677 1465 1725 aut
1503 1668 1568 1725 ad
1611 1668 1905 1727 cusmdiam
1937 1672 2044 1724 vir-

474 1774 644 1827 tutum
664 1814 677 1836 ,
709 1785 776 1823 ne
806 1764 1053 1831 Superbia
1082 1774 1320 1822 tentante
1349 1762 1687 1833 dejiciantur,
1731 1762 1872 1819 sicut
1916 1778 2044 1830 apo-

476 1862 613 1919 Stoio
645 1862 809 1918 Paulo
839 1858 997 1915 datus
1029 1866 1111 1913 est
1150 1858 1398 1913 stimulus
1433 1854 1609 1913 carnis
1631 1899 1646 1922 ,
1680 1870 1747 1911 ne
1780 1854 2045 1922 magnitu-

474 1946 600 2014 dine
648 1952 1034 2010 revelationum
1076 1952 1418 2007 extollerctur
1461 1947 1566 2020 (11
1596 1946 1715 2004 Cor.
1748 1962 1828 2003 xu
1853 1947 1914 2019 );
1960 1950 2049 2004 aut

475 2046 541 2103 ad
586 2044 928 2113 intelligenda
995 2054 1045 2100 et
1086 2038 1399 2111 corrigenda
1449 2050 1698 2111 peccata,
1759 2040 1892 2096 sicut
1933 2036 2045 2093 Ma-

474 2141 553 2196 ria
611 2152 766 2195 soror
816 2140 991 2195 Aaron
1047 2144 1264 2207 propter
1324 2135 1638 2190 temeritatis
1688 2133 1850 2189 verba
1903 2131 2049 2201 lcpra

477 2252 727 2307 percussa
766 2244 850 2291 est
878 2232 1065 2307 (Num.
1090 2226 1221 2302 xu),
1262 2228 1399 2286 sicut
1442 2228 1600 2284 etiam
1641 2226 1960 2297 paralyticos
1987 2222 2053 2281 de

476 2347 583 2403 quo
622 2328 847 2399 agimus.
899 2325 987 2395 qui
1039 2332 1095 2379 ut
1142 2321 1404 2391 potuisset
1454 2321 1652 2384 curari,
1692 2318 2055 2403 primumrre-

479 2422 735 2477 missione
780 2427 1115 2487 peccatorum
1147 2412 1393 2483 indiguit.
1453 2412 1557 2468 Aut
1584 2411 1648 2467 ad
1688 2412 1907 2483 gloriam
1931 2402 2052 2475 Dei,

478 2517 613 2573 sicut
642 2511 922 2569 infirmitas
954 2508 1135 2562 Lazari
1165 2524 1268 2563 non
1298 2506 1364 2562 ad
1403 2514 1627 2561 mortem
1648 2546 1663 2570 ,
1693 2504 1784 2559 sed
1818 2518 1913 2574 pro
1942 2503 2057 2573 glo-

368 2625 379 2636 '
478 2610 555 2667 ria
585 2608 675 2662 Dei
701 2602 797 2661 fuit
822 2600 999 2672 (Joan.
1030 2604 1130 2671 χι).
1170 2601 1274 2655 Aut
1311 2600 1375 2655 ad
1408 2596 1809 2654 inchoationem
1840 2608 2056 2651 teternte

480 2698 855 2759 damnationis,
910 2692 1048 2762 quod
1102 2693 1319 2763 proprie
1368 2691 1720 2760 reproborum
1769 2696 1869 2755 est,
1922 2688 2060 2744 sicut

2139 468 2276 533 quae,
2307 479 2373 516 ne
2402 462 2586 519 ﬂorem
2631 456 2753 518 ﬁdei
2782 470 2872 520 aut
2908 454 3036 520 lieni
3070 464 3244 535 operis
3294 464 3521 527 fructum
3556 468 3716 531 amit-

2138 558 2235 618 tat,
2285 555 2451 623 gratia
2508 552 2600 610 Del
2656 546 2943 613 mandatur
2986 568 3013 613 a
3062 554 3308 617 sordibus
3354 558 3606 621 vitiorum
3663 562 3717 626 et

2138 648 2437 703 custodiun-
2465 648 2531 703 ab
2552 642 2766 703 incursu
2796 642 3166 707 insidiantium
3198 652 3526 712 daemonum.
3563 652 3715 728 Quod

2140 750 2268 810 ergo
2297 736 2550 796 Dominus
2582 748 2858 812 postquam
2889 743 2941 798 in
2972 738 3102 800 mari
3135 746 3408 814 dormivit,
3439 748 3720 818 regionem

2142 824 2530 889 Gerazenorum
2576 826 2707 888 adiit
2735 840 2895 906 atque
2925 830 3051 893 inde
3096 844 3375 896 revertens
3400 838 3457 897 in
3490 845 3723 913 patriam

2141 932 2288 981 suam
2329 925 2583 981 remeavit
2610 968 2623 989 ,
2671 922 2935 997 signiﬁcat
2981 928 3110 1001 quia
3156 934 3441 1003 resurgens
3471 945 3500 987 a
3530 950 3726 994 somno

2143 1017 2328 1071 mortis
2356 1014 2421 1071 ad
2450 1012 2699 1087 populum
2744 1014 3004 1087 gentium,
3036 1016 3102 1075 ab
3148 1016 3364 1077 incursu
3413 1016 3722 1080 dremonum

2143 1106 2433 1161 curandum
2487 1120 2581 1176 per
2622 1104 2923 1177 aposmlos,
2954 1106 3221 1169 transivit.
3273 1112 3376 1170 Sed
3407 1126 3528 1169 cum
3559 1116 3727 1170 intra-

2143 1203 2281 1256 verit
2323 1196 2594 1272 plenitudo
2627 1204 2883 1274 gentium,
2916 1204 3044 1262 mox
3081 1207 3144 1261 ad
3180 1208 3324 1263 cives
3354 1224 3479 1265 suos
3505 1198 3727 1267 Judaeos

2145 1298 2242 1365 per
2264 1290 2406 1349 illius
2437 1295 2693 1364 temporis
2738 1292 3117 1366 pradiCatores
3158 1309 3479 1355 revertetur.
3526 1294 3605 1356 lbi
3633 1317 3728 1357 cu-

2145 1387 2279 1441 ravit
2334 1387 2719 1459 paralytictmi,
2769 1388 3024 1458 pupulum
3082 1388 3286 1446 scilicet
3337 1388 3651 1447 intimorum
3696 1409 3728 1447 a

2146 1476 2397 1548 peccatis,
2432 1486 2537 1532 tam
2570 1478 2915 1549 originaiibus
2962 1496 3120 1551 quam
3173 1476 3494 1547 actualibus,
3526 1498 3725 1538 emun-

2148 1562 2323 1625 dando
2347 1584 2532 1625 omnes
2552 1571 2641 1641 qui
2664 1572 3002 1641 praeordinati
3026 1582 3148 1628 sunt
3170 1570 3232 1628 ad
3258 1570 3418 1629 vitam
3443 1583 3719 1630 aeternam.

2150 1662 2341 1718 lterum
2396 1663 2501 1718 alio
2550 1660 3067 1722 modo:Ascendens
3124 1665 3386 1723 Dominus
3440 1668 3497 1723 in
3533 1669 3723 1737 navim,

2148 1758 2490 1828 transfretavit
2532 1764 2577 1813 et
2609 1754 2741 1814 venit
2770 1760 2823 1815 in
2851 1758 3102 1816 civitatem
3148 1778 3316 1816 suam.
3364 1762 3501 1829 Quia
3543 1778 3731 1819 ascen-

2149 1846 2281 1902 dens
2318 1849 2371 1903 in
2414 1858 2649 1917 crucem,
2692 1866 2811 1935 quze
2854 1848 3166 1922 designatur
3206 1869 3303 1924 per
3347 1854 3556 1924 navim,
3611 1861 3731 1924 post

2150 1935 2392 1995 devictos
2439 1949 2491 1995 et
2543 1940 2777 1997 caicatos
2827 1940 3019 1999 lluctus
3071 1944 3529 2014 perturbationum
3582 1945 3734 2004 istius

2150 2032 2352 2097 Bchull,
2391 2034 2536 2089 venit
2581 2035 2632 2089 in
2678 2030 2945 2091 civitatem
2997 2050 3166 2103 suam,
3200 2038 3251 2093 id
3296 2048 3377 2094 est
3414 2028 3732 2107 Ecclesium,

2151 2134 2271 2193 qua:
2300 2132 2528 2182 testante
2552 2126 2831 2183 Psalmista
2858 2126 3050 2185 civitas
3079 2126 3173 2185 Dei
3201 2140 3422 2187 vocatur
3457 2151 3469 2186 :
3494 2129 3737 2188 Gloriosa

2153 2210 2367 2284 (inquit)
2404 2216 2537 2271 dicta
2584 2227 2703 2273 sunt
2750 2216 2813 2275 de
2850 2230 2914 2288 te,
2948 2222 3123 2276 civitas
3153 2218 3251 2278 Dei
3279 2222 3452 2297 (Psal.
3485 2226 3730 2295 LXXXVI).

2152 2306 2210 2364 in
2242 2321 2347 2378 quo
2373 2310 2491 2366 loco
2534 2308 2750 2369 nomine
2779 2312 3011 2370 civitatis
3043 2310 3306 2383 Ecclesia,
3349 2317 3455 2373 hoc
3481 2326 3560 2373 est
3591 2318 3726 2373 mul-

2154 2399 2325 2455 titudo
2368 2400 2697 2471 significatur
2725 2398 3039 2461 electorum.
3090 2404 3242 2462 Tunc
3266 2417 3445 2464 autem
3475 2402 3734 2467 Dominus

2156 2490 2209 2547 in
2235 2492 2508 2550 civitatem
2538 2508 2707 2563 suam,
2742 2495 2795 2553 id
2824 2509 2907 2554 est
2936 2494 3253 2568 Ecclesiam,
3286 2504 3453 2573 venit,
3484 2518 3610 2558 cum
3640 2518 3735 2573 per

2159 2589 2585 2659 prtedicationem
2636 2596 2999 2664 apostolorum
3042 2598 3099 2654 in
3139 2599 3390 2656 cordibus
3440 2601 3735 2657 electorum

2157 2686 2416 2741 ascendit.
2464 2685 2595 2742 Cum
2643 2688 2783 2744 enim
2824 2691 2995 2746 sancti
3036 2692 3262 2759 apostoli
3309 2678 3585 2750 auditores
3610 2709 3737 2752 suos

480 2786 775 2851 Antiochus
800 2800 853 2847 ct
891 2786 1127 2845 Herodes
1150 2831 1162 2852 ,
1196 2786 1285 2857 qui
1318 2784 1458 2855 quod
1486 2784 1541 2841 in
1573 2785 1811 2853 gehenna
1845 2776 2058 2852 passuri
2160 2774 2225 2834 ad
2276 2780 2411 2834 hanc
2468 2780 2623 2836 ﬁdem
2677 2797 2770 2837 sua
2824 2784 3211 2853 praedicatione
3257 2787 3643 2855 perducebant,
3676 2797 3735 2842 ut

480 2884 633 2939 erant
670 2880 919 2950 praesenti
953 2878 1164 2933 miseria
1207 2877 1411 2933 cunctis
1456 2872 1826 2940 ostendebant,
1861 2870 2060 2942 quibus
2162 2868 2440 2929 crederent
2488 2872 2814 2929 divinitatem
2871 2874 2988 2930 Filii
3044 2876 3140 2932 Dei
3197 2878 3247 2931 in
3298 2887 3452 2933 utero
3506 2877 3735 2947 Virginis

482 2974 611 3032 illud
666 2972 913 3030 convenit
961 2970 1362 3040 propheticum:
1392 2964 1458 3020 Et
1508 2964 1704 3035 duplici
1756 2964 2062 3019 contritione
2161 2964 2406 3021 humanae
2451 2965 2741 3021 infirmitati
2798 2967 3075 3034 sociatam,
3121 2979 3173 3024 et
3226 2970 3279 3024 in
3333 2971 3525 3026 eadem
3577 2987 3741 3028 carus

484 3078 683 3124 contere
724 3056 1046 3134 εοειμρνργη.
1078 3059 1233 3127 xvu).
1292 3052 1443 3115 Unde
1473 3058 1719 3129 quoniam
1762 3070 1864 3127 qua
1898 3070 2059 3112 causa
2086 3088 2133 3150 ρ
2164 3068 2368 3125 natum,
2395 3060 2703 3115 cruciﬁxum
2750 3066 2910 3128 atque
2953 3061 3240 3129 sepultum.
3272 3071 3327 3118 et
3353 3065 3507 3118 tertia
3538 3064 3629 3119 die
3659 3081 3743 3121 τεο

485 3146 809 3233 ilageiiemur
847 3144 995 3213 scire
1037 3172 1140 3212 non
1184 3168 1489 3225 possumus,
1526 3168 1748 3209 necesse
1778 3164 1859 3211 est
1904 3164 1961 3208 ut
2007 3152 2061 3210 il

488 3258 734 3314 omnibus
779 3252 1016 3307 adversis
1046 3266 1163 3320 quae
1194 3248 1561 3317 temporaiiter
1605 3246 1854 3314 patimur,
1882 3234 2063 3303 humi-

488 3351 609 3405 liter
632 3347 859 3403 Domino
903 3343 1099 3413 gratias
1128 3355 1366 3411 agamus.
1414 3340 1478 3395 Et
1514 3339 1764 3409 quidquid
1800 3356 1898 3396 nos
1937 3356 2065 3409 pec-

486 3424 644 3496 casse
668 3434 1199 3508 deprehenderimus,
1232 3430 1416 3488 humili
1464 3430 1829 3488 satisfactione
1874 3449 2068 3503 purge-

494 3546 634 3594 mus,
659 3537 716 3585 ut
753 3526 1069 3598 quandoque
1113 3524 1180 3582 de
1229 3520 1496 3582 attributis
1541 3524 1734 3580 divina:
1764 3522 1945 3594 pietati
1977 3523 2068 3579 be-

488 3620 699 3680 hcliciis
728 3615 959 3687 periocte
996 3618 1340 3687 gratulemur.
1372 3612 1499 3673 Hrec
1531 3616 1736 3673 curatio
1767 3615 2065 3687 paralytici,

495 3726 525 3768 ι
556 3712 829 3768 Saivatorc
876 3708 1187 3765 mirabiliter
1229 3716 1464 3778 patrata,
1489 3704 1638 3779 juxta
1678 3702 1907 3762 litteram
1950 3722 2066 3761 ma-

496 3804 689 3861 niibsta
735 3806 837 3860 est.
890 3798 997 3860 Sed
1046 3802 1167 3873 quia
1219 3800 1272 3858 in
1331 3803 1576 3858 humanis
1626 3800 1831 3859 aetibus
1872 3798 2067 3857 Christi

494 3897 670 3953 divina
716 3908 926 3966 semper
958 3894 1123 3951 latent
1166 3895 1445 3967 mysteria,
1467 3894 1913 3950 considerandum
1942 3886 2067 3963 quid

499 3988 855 4043 transiretatio
900 3980 1108 4042 Domini
1158 3986 1213 4042 in
1261 4002 1409 4042 suam
1465 3988 1731 4043 civitatem
1784 3984 2069 4056 allegorice

496 4080 777 4150 Bignilicet.
828 4080 915 4136 Ait
944 4082 1086 4136 enim
1131 4080 1452 4151 evangelista
1484 4100 1494 4133 :
1520 4082 1807 4136 Ascendens
1837 4076 1988 4138 Iesus
2015 4083 2069 4136 in

496 4171 780 4225 naviculam
825 4170 1189 4238 transfretavit,
1220 4176 1269 4224 et
1320 4171 1451 4224 venit
1495 4170 1546 4224 in
1595 4170 1847 4227 civitatem
1895 4188 2064 4227 suam.

494 4252 748 4329 Superius
797 4270 1010 4317 sanctus
1051 4258 1329 4316 Matthaeus
1383 4260 1617 4317 narravit
1659 4263 1780 4330 quia
1813 4262 2070 4319 Dominus

495 4367 771 4426 postquam
801 4348 853 4409 in
894 4353 1028 4409 mari
1060 4351 1346 4419 dormivit,
1390 4362 1550 4422 atque
1578 4356 1838 4410 excitatus
1868 4361 2071 4425 tempe-

2165 3155 2483 3223 surrexisse,
2516 3170 2577 3208 ac
2617 3154 2753 3209 idem
2799 3169 2993 3225 corpus
3022 3155 3088 3210 ad
3118 3155 3314 3211 corium
3361 3158 3743 3223 assumpsisse,

2164 3256 2219 3304 et
2248 3250 2297 3302 in
2330 3262 2393 3302 eo
2418 3247 2481 3301 ad
2512 3246 2781 3302 dexteram
2814 3247 2986 3302 Patris
3014 3228 3066 3302 in
3098 3247 3406 3304 caelestibus
3436 3250 3740 3314 considere.

2165 3349 2319 3411 atque
2366 3341 2418 3395 in
2464 3356 2529 3396 eo
2569 3341 2859 3396 rediturum
2890 3342 2943 3395 in
2989 3341 3093 3395 line
3121 3342 3303 3397 stecuii
3331 3341 3395 3395 ad
3420 3343 3743 3410 iudicandos

2166 3435 2315 3490 vivos
2347 3443 2400 3489 et
2424 3444 2702 3489 mortuos:
2731 3433 2871 3489 idem
2903 3431 3148 3489 Christus
3178 3434 3231 3489 in
3259 3442 3443 3489 sancta
3473 3434 3740 3496 Ecclesia.

2167 3528 2267 3583 hoc
2296 3538 2377 3583 est
2406 3528 2456 3582 in
2499 3527 2747 3582 cordibus
2794 3526 3123 3582 credentium
3154 3543 3247 3597 per
3277 3527 3435 3581 tidem
3481 3529 3738 3584 ascendit.

2168 3622 2236 3677 Et
2264 3638 2375 3677 ecce
2405 3621 2683 3689 o/ferebant
2705 3621 2753 3675 ei
2782 3622 3148 3690 paralytieam.
3204 3620 3537 3689 Psratyticns
3557 3622 3655 3676 iste
3678 3622 3733 3675 in

2167 3716 2306 3773 lecto
2349 3716 2529 3784 iacens
2560 3715 2836 3770 moraliter
2877 3715 3140 3783 signiﬁcat
3183 3716 3415 3770 animam
3448 3715 3738 3779 inretitum,

2167 3821 2285 3877 quae
2316 3806 2367 3860 in
2397 3802 2750 3862 delectatione
2776 3808 2981 3875 peccati
3007 3814 3256 3873 unquam
3288 3808 3345 3861 in
3375 3807 3577 3863 lectulo
3602 3818 3739 3877 quo.

2166 3899 2289 3956 dam
2316 3899 2685 3955 miserabiliter
2712 3901 3016 3969 requiescit.
3043 3898 3208 3969 Cujus
3225 3901 3502 3970 paralytici
3532 3902 3744 3959 curatio

2168 3988 2411 4061 designat
2452 3989 2777 4045 curationem
2806 4004 2873 4047 ac
2914 3990 3306 4058 reparationem
3355 3992 3600 4061 ejusdem
3628 3994 3745 4048 lan-

2168 4084 2375 4151 guentis
2402 4082 2617 4149 animm,
2653 4098 2793 4150 cum,
2823 4093 2942 4153 post
2989 4084 3203 4154 longum
3231 4094 3473 4142 errorem
3502 4091 3740 4145 eorum

2168 4172 2490 4240 voluptatis.
2527 4172 2593 4226 ad
2641 4172 2948 4229 Creatorem
2998 4189 3153 4230 suum
3196 4177 3397 4232 reverti
3442 4176 3739 4234 desiderat.

2169 4264 2271 4322 Sed
2301 4274 2352 4321 et
2384 4264 2555 4320 anima
2584 4273 2640 4319 ut
2667 4265 2857 4322 salvari
2882 4277 3041 4334 micat
3068 4269 3297 4336 prepriis
3319 4269 3519 4339 indiget
3543 4274 3727 4337 pars.»

2171 4359 2391 4421 toribus,
2427 4358 2525 4412 hoc
2554 4367 2637 4413 est
2664 4357 2820 4413 bonis
2860 4357 3188 4423 doctoribus,
3214 4362 3308 4428 qui
3350 4376 3451 4415 ιιι
3497 4363 3741 4417 «ἥκω-επ

494 4444 661 4502 States
688 4442 916 4511 sedavit,
954 4443 1100 4500 venit
1127 4444 1181 4499 in
1213 4445 1483 4514 regionem
1529 4440 1946 4515 Gerazenorum,
1976 4448 2064 4502 ubi
2093 4440 2143 4499 D
2169 4465 2315 4521 spem
2347 4450 2527 4505 salutis
2555 4450 2603 4505 ei
2626 4448 3047 4513 subministrant,
3072 4457 3125 4503 et
3144 4462 3240 4505 sua
3260 4452 3551 4507 sanctitate
3583 4466 3739 4515 opem

496 4534 763 4595 hominem
807 4536 1011 4593 curavit
1056 4554 1209 4607 quem
1256 4536 1393 4609 legio
1433 4538 1732 4595 daemonum
1778 4541 2065 4610 invaserat,

495 4648 741 4703 moxque,
766 4620 902 4690 sicut
940 4647 1175 4701 prtesens
1212 4635 1377 4689 lectio
1425 4643 1625 4698 narrat,
1654 4634 1893 4703 adiungit
1945 4621 2121 4721 quisi

492 4722 710 4781 ascensa
750 4729 872 4782 navi
913 4728 1256 4795 transfretavit
1286 4734 1331 4782 et
1360 4727 1493 4783 venit
1522 4730 1572 4782 in
1612 4730 1865 4783 civitatem
1896 4745 2065 4785 suam.

491 4810 787 4888 Aliegorice
829 4833 925 4888 per
972 4818 1270 4874 naviculam
1313 4835 1471 4891 quam
1519 4820 1781 4875 Dominus
1826 4820 2069 4876 ascendit

490 4911 813 4980 signiﬁcatur
855 4925 983 4967 crux
1024 4909 1315 4965 Dominicte
1345 4910 1637 4979 passionis.
1672 4912 1725 4965 in
1756 4926 1914 4979 quam
1963 4911 2067 4966 Dou

490 5002 666 5059 minus
701 5003 815 5071 ipse
854 4994 1128 5057 ascendit:
1153 5000 1239 5057 vel
1283 5002 1456 5069 ipsum
1493 5014 1687 5069 corpus
1716 5000 2063 5058 Dominicum

489 5094 627 5163 quod
659 5093 713 5149 in
750 5082 813 5150 ea
855 5092 1249 5164 pependit:vei
1302 5091 1605 5160 specialiter
1649 5091 1828 5147 anima
1879 5093 2064 5149 unius-

490 5172 745 5255 cujusque
805 5185 1012 5254 ﬂdeiis,
1049 5187 1161 5244 sive
1199 5186 1519 5258 generaliter
1574 5189 1820 5241 universa
1877 5195 2065 5244 sancta

491 5260 748 5349 Ecclesia.
778 5276 881 5336 Per
909 5293 1058 5334 mare
1082 5286 1256 5335 autem
1290 5278 1428 5348 quod
1453 5278 1711 5333 Dominus
1741 5268 2059 5335 transfreta-

489 5368 565 5441 _vit
596 5368 901 5439 designatur
929 5385 1165 5440 praesens
1212 5370 1486 5436 sacculum,
1516 5370 1654 5442 quod
1690 5370 2058 5440 frequentissi-

491 5461 591 5515 mis
636 5460 1025 5517 tribulationum
1075 5460 1333 5531 angustiis
1371 5462 1521 5531 quasi
1560 5462 1878 5531 quibusdam
1934 5479 2058 5534 pro-

2170 4541 2563 4597 intercessiouis
2601 4555 2780 4595 coram
2830 4538 3051 4601 Domino
3080 4540 3409 4609 impendant.
3452 4541 3741 4609 Quibene,

2170 4641 2227 4689 ut
2272 4633 2477 4689 Marcus
2522 4631 2750 4686 ostendit
2784 4630 2936 4700 (Cap.
2969 4630 3053 4699 tt),
3084 4640 3313 4699 quatuor
3362 4630 3531 4687 fuisse
3576 4644 3743 4701 repe-

2127 4729 2135 4739 '
2168 4725 2393 4792 riuntur,
2424 4732 2638 4792 propter
2668 4730 2892 4789 quatuor
2921 4721 3168 4777 videlicet
3214 4723 3381 4779 libros
3422 4724 3744 4791 Evangelia-

2169 4829 2308 4880 rum,
2340 4814 2527 4884 quibus
2560 4820 2765 4867 constat
2794 4810 3194 4868 fundamentum
3244 4814 3407 4869 totius
3448 4816 3739 4883 doctrina.

2167 4906 2278 4961 sive
2330 4913 2544 4975 propter
2588 4913 2833 4974 quatuor.
2865 4903 3188 4974 principales
3236 4905 3487 4972 virtutes,
3536 4909 3734 4976 quib.

2167 4995 2365 5053 sanitas
2410 4993 2823 5064 uniuscujusque
2871 5001 3084 5049 constat
3133 4996 3346 5062 anima,
3395 4997 3735 5066 prudentiam

2166 5090 2384 5151 scilicet,
2411 5087 2797 5154 fortitudinem,
2824 5089 3227 5158 temperantiam
3257 5098 3418 5157 atque
3446 5089 3739 5156 justitiam.

2164 5198 2283 5253 qua:
2323 5182 2390 5236 ab
2417 5182 2539 5236 aliis
2590 5183 2933 5237 nominantur
2963 5181 3246 5248 sobrietas,
3276 5182 3565 5251 sapientia.
3586 5183 3741 5241 forti-

2166 5274 2291 5328 tudo
2338 5282 2493 5343 atque
2534 5271 2760 5341 iustitia,
2788 5271 2981 5341 quibus
3023 5270 3204 5327 utilius
3251 5272 3385 5328 nihil
3413 5280 3499 5329 est
3540 5273 3598 5328 in
3628 5274 3736 5329 vita

2164 5364 2412 5421 humana.
2444 5364 2786 5434 Quaecunque
2826 5365 2970 5421 enim
3010 5365 3187 5420 anima
3214 5364 3459 5422 doctrina
3505 5376 3738 5436 quatuor

2163 5460 2565 5530 Evangeliorum
2608 5458 2769 5514 fuerit
2800 5458 3027 5525 imbuta,
3054 5468 3112 5515 et
3141 5460 3226 5517 his
3264 5468 3497 5528 quatuor
3522 5460 3736 5514 virtuti-

491 5550 636 5607 cellis
682 5564 1063 5611 commovetur.
1091 5553 1193 5611 Per
1220 5552 1480 5609 Nazareth
1510 5571 1635 5611 vero
1676 5558 1974 5626 civitatem,
2000 5560 2054 5615 in
2091 5621 2095 5625 _
2159 5553 2258 5609 bus
2297 5551 2507 5609 sull'uita
2534 5584 2550 5618 .
2579 5552 2920 5607 merebilura
2946 5551 3176 5608 Domino
3221 5553 3479 5622 intcgrsm
3527 5552 3733 5606 sanita-

492 5656 593 5714 qua
638 5643 887 5702 Dominus
922 5654 1209 5715 conceptus
1233 5654 1289 5701 et
1316 5645 1543 5703 nutritus
1588 5649 1706 5716 luit,
1738 5667 1857 5723 quae
1890 5653 2055 5708 inter-

494 5739 740 5819 pretatur,
767 5734 867 5795 tios
892 5736 1007 5797 sive
1032 5735 1317 5806 custodita,
1344 5752 1451 5796 non
1492 5738 1757 5825 immerito
1788 5743 1984 5815 design
1995 5760 2052 5800 a-

2155 5654 2264 5702 tem
2297 5645 2550 5714 recipere.
2584 5644 2719 5701 adeo
2749 5653 2807 5700 ut
2830 5653 3034 5716 surgat,
3059 5645 3257 5701 lectum
3285 5658 3441 5701 suum
3468 5643 3643 5704 tottot.
3676 5651 3735 5697 et

2156 5738 2221 5807 ad
2267 5739 2484 5809 domum
2527 5738 2727 5819 redeat.
2758 5737 2912 5817 Uade
2960 5744 3017 5801 et
3054 5737 3312 5807 subditur
3342 5756 3357 5792 ε
3384 5734 3732 5813 δυαδικῆς
