4096 6346
285 430 289 435 ,
337 368 471 438 1457

1289 363 1747 423 HOMIUARIUS.
1790 394 1857 407 -—
1898 363 2061 421 ΗΘΜ.
2096 366 2193 423 .DE
2232 367 2580 433 TEMPORE.

3447 374 3581 430 1458

334 478 513 532 lectum
535 484 695 539 tuum,
725 481 769 527 et
798 473 924 529 uade
952 476 1005 528 in
1032 474 1236 529 domum
1262 484 1419 530 tuam.
1456 477 1554 529 Per
1577 477 1772 533 lectum
1807 478 1900 555 de-
1930 476 1978 537 A
2006 477 2111 548 ipse
2154 481 2349 536 salvum
2399 483 2525 550 facit
2568 481 2820 554 populum
2861 500 3011 539 suum
3050 502 3082 540 a
3128 489 3348 556 peccatis
3404 505 3582 544 eorum

335 568 569 638 signatur
598 574 789 635 corpus
817 562 1107 636 cujuslibet
1132 566 1383 621 hominis.
1432 562 1522 623 Sic
1552 568 1693 622 enim
1725 568 1901 624 anima

332 670 382 716 tu
422 672 649 727 corpore
676 652 1123 727 quemadmodum
1166 656 1422 713 in.stratu
1454 673 1551 713 suo
1591 656 1903 728 requiescit.

334 751 425 808 Vel
455 756 605 807 certe
646 760 741 820 per
788 746 986 806 lectum
1040 751 1309 819 proximus
1360 760 1541 805 noster
1572 748 1905 821 intelligitur,

333 836 395 897 Id
420 852 578 911 quem
610 848 851 909 tempore
900 834 1256 895 tribulationis
1285 848 1339 895 et
1369 838 1625 909 angustiae
1656 847 1906 908 tanquam

334 932 396 989 Id
436 932 827 1000 repensandum
881 930 1059 987 securi
1108 928 1450 988 recurrimus.
1486 924 1555 984 Et
1590 934 1831 997 surrexit,
1861 942 1909 987 et

329 1024 455 1079 abiit
476 1025 530 1077 in
552 1024 757 1077 domum
786 1032 931 1078 suam
962 1018 1301 1093 magniﬁcans
1334 1022 1517 1077 Deum.
1550 1020 1699 1079 Fecit
1730 1020 1910 1078 Domi—

329 1133 430 1173 nus
458 1120 668 1189 signum
701 1116 801 1171 hoc
831 1125 954 1171 tunc
986 1115 1037 1171 in
1075 1112 1366 1186 paralytico
1388 1110 1759 1182 carporaliter,
1788 1108 1911 1169 facit

292 1228 305 1231 τ
331 1218 383 1264 et
408 1208 510 1262 hoc
535 1206 774 1277 quotidie
798 1208 851 1261 in
880 1218 1068 1263 sancta
1096 1205 1331 1260 Ecclesia
1357 1202 1729 1274 Spiritualiter.
1758 1204 1913 1260 Sicut

326 1302 469 1357 enim
527 1300 777 1370 praecepit
828 1298 1124 1369 paralytico
1166 1306 1226 1351 ut
1268 1305 1515 1367 surgeret
1561 1305 1615 1351 ct
1671 1306 1912 1367 portaret

330 1393 524 1447 lectum
548 1402 726 1457 suum,
755 1404 783 1443 a
814 1400 921 1459 quo
946 1394 1181 1457 portatus
1222 1387 1411 1453 fuerat,
1446 1388 1513 1440 ita
1547 1387 1787 1455 quotidie
1818 1398 1912 1442 no-

330 1485 409 1539 bis
465 1485 519 1538 in
575 1482 718 1538 vitiis
768 1481 1071 1537 carnalibus
1125 1491 1377 1549 tanquam
1434 1474 1830 1535 delectabiliter
1860 1476 1912 1534 in

330 1576 472 1631 lecto
523 1574 824 1644 iacentibus
875 1573 1028 1646 jubet
1078 1570 1333 1628 divinitus
1389 1582 1444 1626 ut
1499 1586 1802 1642 surgamus.
1848 1568 1916 1627 Et

328 1680 608 1738 postquam
634 1684 665 1722 a
692 1670 927 1737 peccatis
953 1667 1283 1723 surreximus
1304 1709 1317 1732 ,
1350 1665 1578 1734 imperat
1602 1676 1658 1720 ut
1687 1665 1916 1721 infirmi-

331 1768 467 1814 tates
516 1772 730 1829 quoque
777 1758 1025 1825 aliorum,
1056 1760 1169 1814 sive
1214 1768 1521 1828 corporum,
1552 1758 1664 1813 sive
1708 1773 1915 1813 morum

2005 558 2215 636 (Matth.
2252 569 2315 643 ι).
2365 570 2463 638 Qui
2494 566 2625 628 vivit
2650 582 2704 628 ct
2740 581 2928 644 regnat
2951 588 3075 632 cum
3104 575 3261 633 Patre
3292 586 3347 634 et
3383 578 3583 649 Spiritu

2006 669 2210 729 sancto,
2242 670 2355 718 etc.

2460 746 2739 810 IIOMILIA
2778 744 3151 814 CLXXXVIII.

2259 860 2310 900 ll
2348 860 2598 903 DOIHNICA
2639 865 2727 903 XXI
2766 863 2893 906 POST
2933 864 3334 909 PENTECOSTEN.

2186 932 2287 1007 (Ex
2335 936 2471 1009 Opp.
2518 940 2656 996 beati
2700 941 2939 1013 Gregorii
2992 943 3165 1013 Magni
3214 943 3412 1015 νίψω.)

2080 1018 2145 1079 In
2193 1018 2283 1081 illo
2333 1038 2555 1097 tetttpore
2613 1032 2811 1088 dicebat
2870 1032 3022 1088 Jesus
3077 1036 3238 1088 turbis
3287 1034 3584 1105 parttbolam

2012 1115 2142 1170 hanc
2164 1136 2183 1172 :
2206 1119 2389 1174 Simile
2416 1123 2609 1192 factum
2634 1136 2703 1178 est
2733 1142 2946 1196 regnum
2972 1127 3208 1179 caelorum
3230 1126 3424 1181 homini
3454 1128 3586 1197 regi,

2011 1211 2097 1278 qui
2126 1210 2243 1281 fecit
2270 1215 2475 1282 nuptias
2501 1214 2611 1282 ﬁlio
2637 1232 2753 1281 suo,
2782 1227 2887 1271 etc.
2921 1208 3136 1289 (Matth.
3159 1218 3323 1285 χχιι.)

2083 1302 2353 1358 Lectionis
2382 1307 2700 1374 evangelicae
2735 1316 2934 1361 textum
2956 1348 2971 1372 ,
3018 1307 3208 1362 fratres
3248 1306 3549 1362 citarissimi
3572 1345 3590 1373 ,

2015 1403 2117 1449 etc.
2169 1392 2383 1465 Reliqua
2429 1395 2542 1449 vide
2589 1397 2728 1465 apud
2779 1398 2977 1451 beatum
3017 1396 3323 1467 Gregorium
3370 1414 3591 1470 papam,

2018 1482 2241 1540 Ovorum
2271 1488 2379 1559 ejus
2406 1496 2543 1542 tomo
2571 1482 2655 1554 ΙΙ,
2686 1484 2995 1560 Patrologiw
3018 1480 3275 1557 LXXVI,
3307 1489 3386 1544 col
3429 1474 3590 1553 4282.

2483 1598 2761 1652 HOMILIA
2800 1597 3133 1653 CLXXXIX.

2249 1683 2300 1723 IN
2340 1683 2591 1725 DOMINICA
2630 1686 2737 1723 XXII
2777 1686 2901 1724 Ptlb'T
2941 1684 3341 1724 PENTECOSTEN.

2624 1754 2989 1831 (Excedam)

331 1857 546 1919 portare
590 1856 840 1905 curemus
865 1892 878 1914 ,
928 1846 1374 1919 quemadmodum
1424 1857 1480 1904 et
1532 1860 1628 1903 nos
1674 1854 1915 1919 tempore
1945 1844 1990 1904 Β
2089 1844 2153 1904 In
2182 1846 2273 1904 illo
2302 1858 2523 1923 tempore
2552 1861 2657 1906 erat
2686 1851 2893 1921 quidam
2921 1853 3147 1922 regulus,
3174 1857 3323 1920 cujus
3348 1850 3484 1920 [ilius
3513 1850 3592 1905 in.-

244 1948 247 1949 '
330 1949 532 1996 nostrte
560 1942 934 1998 inﬁrmitatiSa
965 1940 1216 1997 fratribus
1243 1938 1438 2011 portati
1464 1950 1667 1995 sumus.
1698 1934 1763 1995 Et
1785 1955 1915 2011 quo-

332 2032 478 2087 niam
510 2044 606 2102 per
648 2024 844 2087 lectum
892 2044 1110 2088 carnem
1141 2033 1300 2087 etiam
1339 2032 1625 2101 signiﬁcari
1658 2032 1912 2099 diximus,

332 2122 562 2193 imperat
592 2123 750 2178 etiam
774 2123 1119 2194 surgentibus
1150 2128 1209 2179 ut
1236 2122 1490 2178 lectulum
1522 2132 1761 2178 nostrum
1787 2134 1916 2193 por-

300 2220 528 2282 .temus,
552 2213 654 2267 hoc
680 2220 780 2279 est,
816 2218 875 2267 ut
914 2224 1136 2270 carnem
1169 2222 1429 2283 nostram,
1461 2224 1576 2283 quae
1610 2226 1708 2267 nos
1738 2222 1918 2283 porta-

331 2306 409 2361 vit
452 2305 519 2359 ad
566 2305 714 2371 vitia,
753 2314 854 2360 nes
902 2314 1178 2373 reportare
1223 2306 1527 2361 studeamus
1571 2304 1635 2361 ad
1665 2308 1917 2360 virtutem

328 2394 696 2465 continentim,
726 2405 783 2452 ut
826 2407 946 2468 qua
985 2406 1083 2451 nos
1126 2396 1246 2451 laeta
1292 2397 1452 2451 traxit
1481 2394 1544 2450 ad
1576 2398 1808 2464 culpam,
1840 2394 1919 2448 af—

308 2488 476 2549 .lieta
524 2493 745 2547 redueat
771 2490 836 2545 ad
868 2492 1098 2546 veniam.
1147 2490 1375 2559 imperat
1405 2500 1581 2544 autem
1632 2488 1732 2547 hoc
1762 2488 1917 2546 nobis

314 2586 594 2644 Dominus
623 2586 860 2659 quotidie
899 2598 991 2656 per
1020 2588 1390 2656 semetipsum,
1426 2586 1527 2641 hoc
1559 2592 1660 2652 est,
1698 2600 1789 2651 per
1821 2598 1917 2639 an-

303 2677 720 2735 ‘ltuntiatit‘mem
768 2678 1064 2747 Evangelii,
1113 2689 1209 2745 per
1252 2676 1388 2731 diota
1442 2676 1822 2745 prophetarum
1869 2686 1921 2731 et

308 2782 433 2839 «νει-
459 2772 604 2826 varia
634 2780 700 2825 ac
743 2770 957 2825 diversa
997 2776 1306 2823 sanctorum
1338 2766 1607 2835 exeunpla.
1662 2768 1750 2822 Ait
1794 2780 1920 2838 ergo
2000 2776 2015 2779 "

312 2863 592 2919 Dominus
627 2861 917 2932 paralytico
944 2878 957 2916 :
986 2860 1176 2931 Surge,
1227 2859 1349 2915 tolle
1390 2858 1578 2913 lectum
1636 2865 1801 2912 tuum.
1847 2858 1921 2913 Ac

334 2958 381 3012 si
409 2956 605 3011 enim
648 2956 790 3011 dicat
819 2956 872 3010 in
902 2955 1138 3024 peccatis
1183 2954 1381 3023 iacenti
1409 2971 1421 3007 :
1446 2954 1616 3022 Surge
1657 2952 1725 3008 de
1755 2952 1917 3017 vitiis,

314 3048 543 3104 scilicet
559 3049 735 3103 carnis
765 3050 831 3103 ad
855 3048 1082 3103 virtutes
1106 3046 1442 3116 spirituales;
1469 3054 1522 3101 et
1544 3054 1693 3115 porta
1725 3046 1920 3100 lectutn

336 3147 509 3205 tm,
542 3139 645 3195 hoc
671 3148 777 3206 est,
803 3152 1021 3195 carnem
1050 3138 1294 3208 carperis
1323 3136 1397 3193 tui
1419 3180 1434 3203 ,
1467 3148 1583 3207 quae
1612 3146 1663 3193 te
1693 3134 1923 3206 portavit

335 3228 404 3284 ad
457 3237 731 3298 peccatum
778 3237 832 3282 et
877 3228 1087 3297 culpem
1115 3207 1372 3297 ,reporta
1404 3225 1471 3280 ad
1504 3226 1739 3282 veniam.
1798 3222 1915 3290 Vel,
1950 3207 1995 3270 (ἶ

328 3326 488 3388 parte
522 3319 710 3372 tantum
744 3325 908 3383 tuum,
940 3317 991 3371 id
1020 3329 1103 3371 est
1128 3316 1351 3372 fratrem
1387 3322 1555 3382 tuum,
1591 3330 1621 3369 a
1651 3328 1757 3385 quo
1787 3324 1839 3372 et
1868 3324 1922 3371 tu

318 3416 578 3479 portatus
600 3424 662 3464 es
682 3424 700 3463 ς
723 3416 771 3463 rt
794 3410 923 3463 vade
948 3409 1005 3462 in
1044 3408 1254 3461 domum
1300 3414 1460 3472 tuam,
1492 3406 1545 3460 id
1577 3412 1682 3475 est,
1710 3406 1803 3476 qui
1832 3417 1927 3477 per

316 3499 548 3557 diversa
579 3503 826 3557 vitiorum
868 3500 1067 3569 ﬂagitia
1100 3498 1361 3555 aberrasti
1388 3541 1402 3565 ,
1436 3504 1711 3556 revertere
1740 3499 1806 3553 ad
1834 3508 1927 3556 cu-

316 3594 569 3651 .etodiatn
597 3595 693 3648 tui.
725 3594 951 3649 Domum
977 3593 1171 3664 quippe
1190 3593 1369 3648 redire
1390 3602 1471 3647 est
1492 3602 1927 3663 unumquemque

316 3697 607 3744 errantem
653 3687 718 3741 ad
764 3686 1058 3742 custodiam
1102 3687 1185 3743 sui
1228 3685 1445 3750 reverti,
1479 3696 1534 3741 et
1578 3686 1925 3753 semetipsum

339 3774 398 3833 in
450 3776 716 3832 mandatis
766 3778 846 3830 sui
896 3775 1168 3830 Creatoris
1227 3774 1628 3845 constringere,
1675 3786 1737 3830 ut
1787 3782 1928 3830 totus

340 3866 526 3930 homo,
555 3865 780 3920 interior
805 3864 1054 3921 videlicet
1082 3874 1138 3920 et
1164 3868 1418 3930 exterior,
1458 3864 1567 3921 Deo
1608 3867 1777 3936 possit
1805 3866 1921 3937 pla-

336 3973 489 4017 cere.
531 3958 731 4015 Domus
768 3961 929 4015 etiam
980 3967 1163 4014 nostra
1213 3959 1525 4030 intelligitur
1568 3959 1868 4031 paradisus,
1898 3975 1927 4015 a

325 4064 451 4121 quo
472 4050 596 4122 quia
636 4063 735 4119 per
763 4051 1204 4107 incontinentiam
1248 4051 1562 4116 cecidimus,
1596 4060 1817 4108 necesse
1847 4062 1929 4108 est

345 4151 403 4199 It
428 4157 526 4214 per
549 4144 932 4198 continentiam
966 4144 1270 4201 redeamus.
1301 4145 1407 4201 Sed
1437 4146 1559 4200 dum
1594 4146 1715 4201 talis
1746 4146 1928 4201 anima

336 4248 462 4305 quae
505 4238 740 4304 peccatis
780 4237 1079 4304 tanguerst,
1105 4238 1335 4291 recurrit
1367 4235 1431 4291 ad
1463 4235 1693 4303 veniam,
1727 4238 1786 4292 iit
1819 4239 1929 4308 ple-

338 4334 570 4398 rumque
602 4336 663 4383 et
703 4327 808 4383 hoc
849 4328 1002 4383 multi
1045 4329 1310 4395 videntes,
1335 4331 1388 4385 in
1418 4328 1512 4385 Dei
1562 4329 1719 4387 laude
1773 4344 1926 4386 exar-

332 4422 586 4477 deseant.
639 4418 793 4476 Unde
819 4430 875 4476 et
900 4421 987 4475 hic
1016 4418 1298 4477 subditur:
1334 4422 1465 4488 Quia
1499 4421 1720 4476 videntes
1744 4422 1925 4491 (urbm,

336 4511 621 4565 civitatum
661 4518 709 4563 et
746 4511 1161 4579 gloriﬁcaverunt
1201 4509 1385 4575 Deum,
1412 4512 1500 4581 qui
1529 4511 1669 4565 dedit
1705 4518 1928 4579 potesta-

336 4607 443 4654 tem
465 4600 621 4654 talem
643 4600 954 4654 hominibus.
1002 4599 1321 4654 Hominibus
1347 4600 1497 4668 dicit,
1526 4601 1611 4657 vel
1638 4600 1928 4675 paralytico

338 4691 574 4754 scilicet,
602 4692 695 4761 qui
726 4691 1003 4745 debilitate
1031 4692 1275 4761 corporis
1314 4693 1610 4763 contectus,
1644 4692 1708 4749 ad
1730 4694 1931 4766 jussio-

340 4797 470 4838 netu
493 4781 697 4838 Christi
726 4784 907 4837 statim
952 4794 1239 4853 resurgere
1268 4784 1463 4854 putuit,
1493 4794 1549 4842 et
1583 4784 1780 4842 lectum
1813 4802 1934 4858 por-

347 4882 501 4931 tare:
539 4873 625 4929 vel
675 4874 852 4943 petitis
902 4874 1131 4931 Domino
1179 4887 1368 4933 nostro
1408 4876 1538 4935 Jesu
1580 4876 1812 4950 Christo,
1846 4884 1933 4954 qui

342 4966 494 5021 solus
534 4979 787 5021 sermone
835 4968 1120 5022 sanitatem
1162 4968 1354 5024 animae
1400 4969 1559 5025 simul
1609 4980 1661 5027 et
1694 4972 1936 5043 corporis

343 5059 556 5115 homini
597 5058 851 5113 membris
895 5057 1158 5115 dissolute
1206 5064 1493 5120 restituere
1531 5065 1717 5121 valuit.
1765 5066 1934 5123 Simili

347 5149 512 5215 modo
555 5158 611 5207 et
656 5149 710 5204 in
756 5148 935 5206 enim
964 5150 1195 5208 heminis
1240 5154 1548 5225 tonguentis
1589 5155 1935 5225 spiritualiter

348 5244 433 5311 tit.
474 5242 607 5298 Nam
652 5242 779 5299 dtnn
811 5249 861 5301 is
890 5246 981 5315 qui
1009 5239 1213 5301 diutius
1235 5249 1472 5315 iacuerat
1501 5247 1567 5303 ad
1597 5249 1807 5304 veniam
1850 5262 1933 5305 re-

349 5348 570 5392 wrrere
631 5338 998 5409 conspicitur,
1045 5338 1209 5393 inulti
1277 5339 1571 5395 inﬁdelium
1635 5338 1935 5410 gloriﬁcent

350 5424 545 5496 Deum,
572 5429 659 5499 qui
695 5429 789 5484 dat
825 5437 1123 5501 potestatem
1167 5430 1321 5485 talem
1364 5431 1670 5497 hominibus,
1704 5439 1760 5486 ut
1810 5439 1928 5502 post

350 5521 565 5593 longam
588 5524 844 5580 vitiorum
888 5516 1251 5579 calamitatem
1298 5532 1581 5593 resurgere
1618 5524 1833 5579 valeant
1861 5522 1927 5580 ad

353 5614 584 5670 nitatem
609 5614 926 5673 animarum.
957 5614 1089 5669 Nam
1110 5614 1537 5685 quandocunque
1567 5615 1787 5685 sanitas,
1818 5616 1932 5672 sive

353 5705 411 5763 in
437 5720 660 5776 corpore
703 5707 818 5763 sive
856 5707 912 5762 in
940 5708 1119 5761 animo
1166 5707 1381 5775 accidit,
1412 5706 1481 5763 ab
1510 5707 1627 5777 ipso
1658 5706 1930 5763 tribuitur.

357 5796 515 5859 Unde
535 5807 592 5858 et
618 5799 732 5871 ipse
748 5799 930 5869 ictus,
957 5800 1048 5873 qui
1074 5808 1130 5859 et
1146 5798 1393 5859 Salvator
1420 5808 1661 5870 vocatur,
1677 5800 1932 5875 quoniam

360 5914 441 5961 1.t’_
500 5913 523 5923 “

2017 1938 2318 2010 ﬁrmabatur
2358 1940 2742 2008 Capharnaunt.
2778 1941 2880 1994 llic
2909 1959 3021 1995 cum
3047 1943 3269 1996 audisset
3295 1940 3415 2010 quia
3444 1940 3595 1995 Jcsus

2016 2037 2203 2090 veniret
2246 2052 2277 2088 tt
2320 2034 2502 2089 Iudaea
2534 2034 2585 2088 in
2614 2034 2887 2089 Galila’am
2907 2079 2921 2102 ,
2952 2036 3070 2088 abiit
3101 2036 3169 2089 ad
3200 2052 3343 2105 eum,
3370 2045 3414 2089 et
3444 2051 3596 2107 roga-

2018 2125 2098 2180 bat
2148 2143 2262 2179 eum
2308 2135 2362 2182 ut
2393 2126 2710 2182 descenderet
2755 2138 2801 2181 ct
2847 2138 3049 2183 sanaret
3097 2129 3262 2198 ﬁlium
3305 2130 3438 2200 ejus.
3474 2120 3590 2184 Eic.

2016 2214 2368 2289 (Joan.tv.)

2089 2308 2270 2365 Lectio
2300 2313 2468 2367 sancti
2497 2306 2788 2381 evangelii,
2818 2326 2977 2382 quam
3007 2306 3165 2365 modo
3184 2350 3201 2377 ,
3236 2302 3427 2366 fratres
3448 2350 3465 2381 ,
3495 2324 3593 2365 au-

2018 2400 2198 2468 dislis,
2246 2402 2580 2473 expositione
2627 2417 2732 2457 non
2799 2398 3017 2471 indiget,
3062 2410 3166 2457 etc.
3218 2398 3434 2472 Reliqua
3478 2394 3592 2456 vide

2020 2492 2160 2565 apud
2204 2493 2465 2562 eumdem,
2512 2501 2645 2547 (omo
2690 2501 2746 2545 ut
2789 2508 2975 2561 supra,
3013 2493 3113 2545 col.
3148 2486 3301 2549 1211.

2562 2580 2726 2639 HOMl
2735 2582 2839 2639 [ΛΔ
2888 2578 3046 2639 CXC.

2521 2688 2573 2731 IN
2619 2690 2794 2730 BADEM
2838 2688 3110 2730 DOMINICA.

2236 2762 2341 2833 (Bx
2366 2758 2557 2819 lierico
2588 2766 2850 2819 monacho
2889 2756 3385 2834 Antissiodorensi.)

2094 2858 2160 2913 In
2200 2859 2288 2912 illo
2329 2868 2552 2926 tempore
2590 2868 2692 2910 erat
2734 2857 2939 2925 quidam
2981 2857 3222 2927 regulus,
3267 2854 3414 2920 cuius
3459 2852 3596 2926 ﬁlius

2020 2953 2380 3022 tnﬁrmabalur
2410 2950 2800 3021 Capharuattm,
2832 2958 2936 3004 etc.
2970 2943 3158 3020 (Joan.
3186 2965 3259 3007 tv.
3284 2942 3303 3020 )
3456 2944 3459 2945 ν

2092 3042 2279 3101 Divina
2299 3044 2495 3115 judicia
2519 3056 2676 3114 quam
2705 3044 2806 3098 sint
2832 3040 3388 3111 incomprehensibilia
3415 3057 3604 3113 quam-

2023 3148 2126 3205 que
2157 3133 2553 3202 inscrutabilia,
2586 3142 2945 3203 quantumque
2993 3135 3059 3186 ab
3100 3126 3349 3187 humanis
3389 3128 3606 3201 iudiciis

2025 3226 2183 3297 longe
2221 3224 2504 3289 distantia,
2532 3234 2652 3279 cum
2704 3223 2755 3278 in
2798 3224 3045 3278 omnibus
3084 3220 3276 3277 divina:
3312 3222 3604 3291 Scriptura:

2026 3319 2158 3374 locis
2179 3359 2194 3382 ,
2226 3324 2336 3373 tum
2371 3317 2450 3372 vel
2492 3316 2723 3373 maxime
2754 3316 2804 3371 in
2834 3315 3078 3387 prmscnti
3123 3316 3295 3371 sancti
3339 3310 3602 3383 evangelii

2024 3410 2257 3466 lectione
2279 3408 2517 3463 valemus
2544 3408 2844 3464 advertere.
2878 3408 3015 3463 Erce
3043 3411 3183 3463 enim
3207 3451 3220 3473 ,
3251 3409 3389 3462 sicut
3418 3407 3606 3461 subse-

2024 3508 2190 3571 quens
2214 3510 2393 3555 sermo
2417 3497 2571 3570 itujus
2596 3500 2839 3555 lectionis
2862 3496 3085 3566 indicat,
3113 3506 3330 3570 rogatus
3352 3494 3607 3553 Demittus

2014 3600 2078 3651 et
2108 3592 2439 3663 Redemptor
2468 3602 2525 3648 ut
2555 3588 2619 3646 ad
2663 3590 2833 3662 reguli
2880 3586 3043 3647 filium
3090 3590 3335 3661 pergeret
3374 3586 3609 3646 invisen—

2016 3684 2147 3744 dum
2166 3729 2181 3754 ,
2206 3686 2284 3742 ire
2310 3685 2509 3754 noluit,
2538 3696 2655 3739 cum
2686 3692 2860 3739 tamen
2889 3680 3013 3738 alibi
3044 3684 3107 3737 ad
3136 3679 3460 3739 centurionis
3489 3696 3603 3737 ser-

2026 3788 2147 3834 an
2167 3822 2182 3844 ,
2212 3779 2369 3835 etiam
2400 3776 2488 3833 illo
2515 3774 2775 3832 renitente
2801 3784 2853 3830 et
2872 3774 3147 3847 indignum
3177 3784 3233 3830 se
3261 3770 3602 3841 reclamante,

2026 3880 2305 3928 ventorum
2331 3885 2389 3925 se
2415 3870 2724 3937 promittere
2747 3866 2989 3938 dignatus
3011 3862 3244 3932 sit.Quis
3267 3874 3440 3920 autem
3463 3862 3609 3935 igno-

2027 3971 2111 4016 rat
2140 3961 2381 4030 regulum
2414 3958 2634 4029 majoris
2664 3970 2784 4014 csso
2822 3959 3103 4031 potestatis
3136 3968 3295 4028 quam
3326 3956 3599 4012 centurio-

2018 4052 2196 4108 nem?
2228 4050 2335 4107 Sed
2366 4049 2507 4122 apud
2536 4051 2952 4119 omnipotentem
2982 4046 3151 4105 Deum
3184 4046 3203 4118 ζ
3230 4046 3383 4117 cujus
3408 4044 3605 4117 judicia

2028 4144 2316 4211 aliquando
2363 4144 2572 4199 occulta
2617 4150 2773 4210 sunt,
2818 4150 3035 4213 semper
3078 4150 3252 4196 autem
3286 4140 3452 4207 vera)
3496 4134 3609 4205 plus

2028 4235 2167 4291 ﬁdes
2206 4237 2537 4292 centurionis
2582 4235 2748 4290 valuit
2792 4244 2949 4306 quam
2998 4246 3233 4306 purpura
3282 4231 3471 4303 reguli.
3518 4230 3607 4287 Sic

2029 4330 2300 4398 quondam
2335 4329 2503 4384 David
2538 4339 2668 4397 puer
2694 4324 2988 4396 majoribus
3015 4337 3098 4396 et,
3129 4334 3384 4396 quantum
3415 4325 3481 4380 ad
3512 4320 3606 4379 bo-

2026 4420 2233 4475 minum
2260 4419 2458 4491 judicia
2487 4422 2719 4489 pertinet
2741 4459 2756 4485 ,
2789 4416 3219 4488 prudentioribus
3247 4412 3499 4471 fratribus
3526 4429 3610 4469 re-

2028 4512 2309 4580 probatis,
2340 4510 2407 4565 ad
2439 4522 2660 4581 regnum
2692 4508 2907 4581 eligitur
2935 4522 2947 4564 ε
2982 4518 3036 4565 et
3064 4502 3117 4564 in
3152 4509 3259 4565 line
3290 4507 3467 4564 saeculi
3501 4522 3607 4563 non

2026 4612 2278 4658 oratores
2306 4612 2359 4659 et
2390 4604 2633 4671 nobiles,
2663 4600 2757 4659 sed
2793 4606 3087 4674 piscatores
3119 4602 3384 4674 ignobiles
3430 4616 3459 4655 a
3502 4596 3610 4655 Do-

2027 4694 2177 4747 mino
2204 4692 2271 4746 ad
2301 4693 2653 4762 apostoratum
2687 4700 2966 4749 vocantur.
3014 4688 3163 4750 Hanc
3194 4691 3497 4749 divinOrurn
3525 4690 3606 4760 jn-

2026 4781 2295 4840 diciorum
2322 4786 2668 4841 subtilitatem
2699 4784 2977 4842 Psalmista
3010 4785 3356 4843 considerans
3386 4780 3563 4838 aiebat
3592 4824 3604 4835 .

2030 4873 2241 4931 ktl-icio
2272 4886 2379 4941 ml,
2414 4872 2664 4942 Domine,
2700 4878 2913 4949 abyssus
2936 4879 3095 4933 multa
3122 4873 3292 4951 (Ptol.
3323 4877 3511 4945 XXXV).
3549 4874 3611 4930 Et

2032 4967 2229 5023 iterum
2259 4983 2275 5023 :
2302 4966 2514 5022 Jtrdicia
2548 4968 2755 5023 Domini
2781 4982 2901 5025 vera
2931 4968 3223 5043 iustiﬁcata
3258 4960 3311 5021 in
3344 4967 3611 5037 semetipsa

2036 5056 2224 5129 (Prol.
2256 5059 2452 5127 xvnr).
2502 5058 2567 5112 Et
2608 5059 2771 5114 Isaias
2811 5058 2880 5115 de
2916 5058 3131 5115 Christo
3170 5056 3452 5129 precinit:
3489 5054 3613 5111 Non

2037 5155 2316 5207 secundum
2344 5153 2583 5207 uisionem
2613 5153 2876 5206 oculorum
2908 5150 3201 5221 iudicabit,
3234 5164 3394 5220 neque
3433 5164 3607 5202 secun-

2036 5246 2159 5298 dum
2200 5245 2432 5298 αηάίθυηι
2476 5244 2679 5297 aurium
2710 5250 2886 5314 arguet
2916 5236 3061 5310 (ha.
3090 5239 3199 5313 ιι).
3236 5236 3339 5298 Sed
3370 5241 3485 5294 inec
3514 5248 3610 5293 suo

2037 5336 2091 5389 in
2124 5337 2242 5389 loco
2271 5326 2465 5389 melius
2506 5331 2846 5398 videbuntur,
2892 5336 3011 5403 quiti
3054 5338 3150 5388 nes
3192 5326 3425 5387 breviter
3471 5344 3608 5399 prte-

2038 5425 2233 5481 Iihasse
2291 5434 2394 5479 non
2448 5424 2642 5495 piguit,
2699 5432 2841 5479 nunc
2894 5424 2958 5479 ad
3014 5419 3383 5494 exponendam
3438 5416 3608 5477 sancti

2036 5519 2298 5587 evangelii
2338 5518 2623 5574 lectionem
2666 5516 3001 5574 accedamus.
3045 5514 3175 5573 Erat
3216 5517 3425 5587 quidam
3462 5531 3613 5587 regu-

2039 5608 2155 5679 lus,
2196 5608 2343 5681 cuius
2384 5611 2521 5675 [ilius
2559 5612 2914 5678 inﬁrmabatur
2954 5611 3333 5681 Caphamtaum.
3379 5607 3613 5680 Reguius

2038 5718 2137 5776 per
2169 5704 2583 5762 diminutionem
2625 5705 2886 5775 nominis,
2921 5704 3068 5777 ,quod
3110 5714 3194 5763 est
3234 5721 3327 5763 rex
3349 5750 3362 5774 ,
3396 5706 3609 5775 dicito",

2036 5810 2239 5873 parvus
2264 5797 2517 5859 videlicet
2540 5810 2636 5859 rex
2655 5840 2670 5871 ,
2701 5813 2803 5859 nec
2830 5812 3023 5875 magna
3050 5807 3321 5874 potestate
3345 5798 3613 5859 sublimis.
