4096 6346
520 351 650 408 H59

1327 342 1532 401 PAULI
1571 339 1838 400 DIACONI
1876 339 2032 397 OPP.
2074 335 2250 395 PARS
2286 333 2353 392 Π.
2391 366 2462 377 -
2499 333 2857 392 ASCE'I‘ICA.

3640 337 3780 396 1440

516 467 661 537 Quod
708 476 903 519 nomen
945 461 1083 518 bene
1125 460 1214 516 isti
1253 462 1534 532 congruit,
1577 461 1664 530 qui
1707 460 1819 516 ﬁlio
1859 459 2088 515 salutem
2114 457 2166 517 Δ
2193 454 2534 524 despicienda
2564 464 2720 521 sunt,
2750 463 2804 510 et
2831 469 2950 524 qute
2979 452 3228 525 despecta
3258 453 3564 514 hominibus
3592 459 3780 517 viden-

513 557 784 628 poposcit,
815 556 938 626 quia
976 553 1224 609 videlicet
1255 568 1360 608 non
1394 554 1603 622 plenam
1644 553 1738 609 sed
1778 551 2093 607 diminutam

517 653 675 708 ﬁdem
710 649 961 706 habuisse
991 647 1264 718 probatur.
1299 644 1670 715 Capharnaum
1703 654 1879 699 autem
1908 645 2094 700 civitas

513 757 589 803 est
610 745 843 800 Galilazm
867 742 1176 813 provinciae,
1192 742 1244 795 in
1267 756 1365 810 qua
1381 738 1638 794 Dominus
1659 738 1824 793 multa
1841 737 2092 792 miracula

515 837 784 903 ostendit,
820 836 872 890 in
907 850 1008 905 qua
1039 834 1199 889 etiam
1232 833 1474 887 infirmus
1502 831 1713 900 jacebat
1745 831 1898 886 istius
1926 831 2095 900 reguli

518 932 676 984 ﬁlius.
711 929 808 985 Hic
838 943 968 998 ergo
998 928 1223 983 audiens
1255 927 1538 981 Dominum
1567 925 1820 980 advenire
1847 940 1876 979 a
1906 923 2092 979 Judata

513 1021 564 1077 in
610 1021 919 1086 Galilaaam,
953 1020 1045 1075 ubi
1089 1035 1258 1088 nuper
1288 1033 1476 1088 aquam
1510 1018 1563 1072 in
1596 1021 1774 1071 vinum
1807 1026 2094 1071 converte-

514 1123 634 1179 rat,
665 1112 795 1168 abiit
825 1112 890 1166 ad
921 1126 1042 1167 eum
1063 1153 1078 1178 ,
1119 1124 1402 1182 regaturus
1434 1126 1527 1181 pro
1567 1111 1795 1165 sanitate
1839 1110 1932 1165 ﬁlii
1980 1125 2094 1166 mo-

513 1205 722 1258 rientis.
772 1204 1026 1270 Quamvis
1069 1203 1210 1259 enim
1259 1205 1433 1260 omnis
1480 1213 1622 1258 terra
1667 1203 1946 1258 duodecim
1994 1202 2093 1257 tri-

513 1297 706 1363 buum,
737 1296 789 1351 in
818 1313 918 1366 qua
959 1297 1127 1352 Judaei
1172 1297 1499 1362 habitabant,
1546 1295 1726 1350 Jttdaea
1767 1294 2097 1363 generaliter

515 1389 900 1458 appellaretur,
963 1391 1231 1458 praecipue
1281 1398 1456 1443 tamen
1509 1403 1570 1441 ac
1615 1386 1956 1457 singulariter
2008 1385 2092 1440 illa

516 1493 641 1548 pars
672 1478 818 1549 regni
857 1478 1161 1534 Iudaeorum
1207 1481 1258 1532 in
1306 1495 1408 1550 qua
1453 1480 1571 1532 duae
1617 1479 1784 1532 tribus
1826 1479 2090 1533 consiste—

516 1572 666 1638 bant,
695 1571 845 1627 .ludae
888 1573 1090 1629 scilicet
1121 1582 1175 1628 et
1207 1573 1478 1642 Benjamin
1499 1613 1512 1637 ,
1549 1572 1731 1626 Judaea
1778 1573 2091 1628 vocabatur.

516 1665 556 1716 A
592 1678 693 1732 qua
727 1672 876 1732 parte
906 1665 1153 1719 veniente
1185 1665 1406 1718 Domino
1427 1705 1442 1729 ,
1474 1666 1700 1720 accessit
1731 1664 1795 1716 ad
1827 1680 1948 1719 eum
1993 1663 2095 1719 iste

518 1753 767 1820 regulus,
819 1768 1013 1822 rogans
1062 1763 1121 1807 ut
1166 1753 1517 1809 descenderet
1564 1761 1618 1807 et
1666 1763 1881 1808 sanaret
1926 1754 2093 1808 filium

2199 560 2306 619 tur,
2338 552 2541 606 sanctis
2569 551 2914 621 despicienda
2943 567 3048 608 non
3081 563 3244 618 sunt,
3275 554 3340 608 ad
3388 554 3556 611 ﬁlium
3602 559 3778 629 reguli

2199 644 2367 700 noluit
2396 645 2473 699 ire
2506 663 2517 697 :
2553 645 2618 698 ad
2648 660 2863 700 servum
2895 660 3025 700 vero
3054 646 3382 703 centurionis
3424 659 3641 716 paratus
3684 653 3780 710 fuit

2196 741 2292 794 ire.
2318 738 2542 794 Credidit
2564 740 2714 794 homo
2740 741 2963 794 sermoni
2983 757 3132 810 quem
3156 741 3288 796 dixit
3313 743 3357 796 ei
3377 740 3554 810 Iesus,
3577 755 3627 801 et
3651 747 3774 802 ibat.

2198 833 2273 888 Ex
2298 833 2399 888 hoc
2421 835 2524 903 iam
2548 843 2771 902 apparet
2793 843 3051 903 quantum
3076 833 3359 902 profecerit
3389 838 3490 894 iste
3510 855 3576 896 ex
3601 841 3782 899 incre-

2202 926 2418 992 patione
2451 925 2765 980 Salvatoris.
2811 926 2942 992 Quia
2973 925 3115 980 enim
3158 927 3419 983 Dominus
3449 931 3662 986 dixerat
3692 935 3780 990 ei:

2199 1012 2320 1068 Nisi
2349 1016 2498 1085 signa
2527 1025 2572 1069 et
2612 1017 2849 1086 prodigia
2881 1017 3144 1083 videritis,
3175 1035 3276 1072 non
3309 1023 3518 1077 creditis
3539 1065 3556 1089 ,
3602 1025 3784 1081 statim

2198 1115 2256 1160 ut
2284 1104 2490 1159 audivit
2519 1121 2548 1159 a
2586 1106 2808 1161 Domino
2827 1152 2841 1173 ,
2881 1106 3024 1163 Vade
3051 1151 3068 1176 ,
3101 1109 3242 1176 [ilius
3270 1120 3384 1165 tuus
3415 1114 3537 1166 uiuit
3560 1155 3577 1179 ,
3611 1115 3785 1169 conti-

2198 1215 2304 1254 nuo
2327 1200 2552 1256 credens
2582 1201 2712 1256 ibat.
2739 1203 2859 1256 lam
2885 1213 3054 1258 autem
3085 1222 3142 1259 eo
3169 1206 3525 1268 descendente,
3578 1209 3710 1260 servi
3737 1208 3785 1260 ei

2198 1302 2546 1360 occurrerunt,
2603 1303 2649 1347 et
2703 1297 3085 1362 nuntiaverunt,
3141 1299 3364 1353 dicentes
3395 1315 3414 1353 :
3463 1300 3587 1368 quia
3641 1301 3782 1367 ﬁlius

2198 1384 2306 1453 ejus
2350 1383 2553 1437 viveret.
2607 1382 2944 1456 Interrogavit
2990 1403 3111 1459 ergo
3154 1387 3333 1441 horam
3375 1391 3438 1443 ab
3482 1391 3554 1444 eis
3593 1392 3646 1444 in
3685 1409 3786 1460 qua

2201 1473 2377 1526 melius
2409 1472 2670 1541 habuerat,
2705 1487 2751 1528 et
2778 1477 3014 1531 dixerunt
3044 1479 3110 1544 ei,
3134 1479 3255 1548 quia
3278 1481 3387 1534 lteri
3417 1483 3541 1535 hora
3561 1484 3784 1551 septima

2197 1565 2397 1633 reliquit
2429 1581 2541 1618 eum
2571 1566 2745 1636 febris.
2795 1568 2910 1622 Non
2961 1577 3044 1624 est
3088 1585 3308 1626 vacuum
3357 1589 3386 1626 a
3435 1590 3624 1644 magno
3668 1591 3788 1648 my-

2199 1659 2383 1724 sterio,
2413 1659 2552 1727 quod
2587 1658 2754 1713 ﬁlium
2780 1661 2945 1729 reguli
2975 1662 3302 1731 evangelista
3333 1674 3515 1719 narrat
3554 1667 3783 1736 septima

2201 1747 2328 1801 hora
2357 1747 2425 1801 ab
2450 1747 2756 1804 inﬁrmitate
2803 1749 3102 1805 dimissum.
3144 1751 3260 1807 Non
3290 1752 3460 1808 solum
3505 1756 3652 1810 enim
3685 1759 3787 1811 mi-

515 1841 653 1911 ejus.
685 1843 904 1910 Quare?
937 1844 1228 1913 lncipiehat
1259 1845 1400 1899 enim
1434 1845 1604 1909 mori,
1642 1845 1689 1898 id
1722 1853 1838 1914 est,
1872 1845 2093 1914 urgebat
2127 1827 2173 1885 Β
2205 1841 2384 1896 racula
2415 1842 2615 1898 Christi
2641 1858 2759 1912 quas
2789 1843 3140 1914 corporaliter
3167 1845 3334 1915 gessit
3358 1848 3614 1902 miracula
3636 1850 3788 1905 nobis

512 1951 632 1991 eum
683 1938 854 1994 vicina
901 1953 1067 1995 mors.
1119 1939 1253 1993 Dicit
1296 1957 1415 2012 ergo
1459 1938 1610 1994 Jcsus
1655 1941 1722 1992 ad
1768 1955 1925 1994 eum:
1975 1940 2094 1993 Nisi

511 2027 658 2098 signa
703 2037 748 2083 et
790 2029 1027 2100 prodigia
1070 2031 1332 2097 uideritis,
1383 2049 1482 2086 non
1530 2031 1760 2085 creditis.
1802 2031 1961 2101 Signa
2006 2030 2093 2084 di-

513 2130 708 2176 cuntur
751 2136 818 2177 eo
864 2126 1006 2193 quod
1057 2125 1358 2193 signiﬁcent
1398 2125 1638 2196 aliquid:
1688 2125 1929 2196 prodigia
1969 2139 2095 2180 vero

515 2215 671 2284 quasi
701 2217 1003 2284 porrodicia
1025 2261 1040 2284 ,
1073 2233 1136 2273 eo
1165 2219 1305 2288 quod
1341 2235 1527 2287 porro,
1557 2219 1607 2274 id
1639 2229 1746 2284 est,
1779 2221 1934 2287 longe
1962 2235 2095 2288 pra:-

511 2309 730 2364 tendant
773 2311 991 2379 aliquid.
1032 2310 1251 2368 Constat
1294 2314 1532 2380 profecto
1571 2313 1783 2368 .lud:eos
1826 2313 1977 2381 quasi
2026 2329 2093 2370 ex

517 2414 709 2458 natura
759 2405 968 2458 insitam
1022 2405 1160 2460 hanc
1213 2407 1654 2463 consuetudinem
1709 2408 1989 2473 habuisse,
2038 2416 2097 2463 ut

511 2494 916 2564 quibuscunque
948 2495 1140 2563 rebus,
1191 2497 1315 2552 licet
1357 2498 1582 2564 divinis,
1632 2500 1788 2553 fidem
1836 2514 1941 2554 non
1990 2500 2094 2554 nisi

513 2599 609 2654 per
638 2586 786 2656 signa
817 2589 1242 2646 commodarent.
1288 2589 1437 2645 Unde
1480 2601 1536 2646 et
1576 2592 1852 2659 apostolus
1897 2591 2096 2646 Paulus

520 2677 730 2733 dicebat
756 2697 768 2732 :
802 2679 977 2734 Judai
1003 2683 1149 2753 signa
1176 2692 1349 2750 petunt
1382 2682 1432 2754 (I
1462 2683 1578 2737 Cor.
1609 2684 1683 2754 I).
1713 2684 1818 2740 Sed
1849 2699 2096 2753 queren-

514 2766 641 2822 dum
694 2769 904 2825 videtur
943 2786 1040 2825 cur
1083 2773 1339 2827 Dominus
1386 2773 1507 2828 huic
1547 2775 1728 2844 regulo
1767 2775 1940 2839 dicat,
1975 2774 2096 2830 Nisi

513 2862 661 2931 signa
689 2874 736 2917 et
763 2865 1278 2934 prodigia_videritis,
1310 2884 1409 2921 non
1441 2869 1668 2932 creditis,
1698 2884 1817 2923 cum
1852 2867 1940 2923 ille
1969 2878 2094 2924 ante

513 2958 803 3014 crediderit
831 2975 988 3030 quam
1033 2962 1240 3032 signum
1273 2962 1498 3018 videret.
1536 2964 1816 3031 Quomodo
1847 2980 1952 3019 non
1983 2979 2096 3020 cre-

511 3051 662 3106 deret
687 3053 776 3120 qui
805 3053 1033 3107 salutem
1069 3054 1177 3108 ﬁlio
1207 3056 1489 3122 peposcit?
1523 3056 1626 3111 Sed
1669 3056 1713 3111 si
1757 3059 2094 3112 attendamus

511 3144 638 3212 quid
684 3143 876 3213 petiit,
925 3157 1112 3214 aperte
1159 3148 1531 3216 cognoscimus
1579 3151 1702 3219 quia
1769 3166 1872 3205 non
1919 3151 2092 3220 plenae

517 3237 638 3292 ﬁdei
693 3239 810 3293 fuit.
859 3238 1110 3308 Poposcit
1157 3255 1384 3308 namque
1427 3240 1711 3295 Dominum
1761 3250 1818 3294 ut
1861 3241 2089 3296 descen-

516 3328 668 3382 deret
696 3341 751 3384 et
781 3338 998 3383 sanaret
1029 3329 1191 3384 lilium
1223 3333 1370 3400 ejus,
1413 3343 1466 3386 et
1494 3334 1572 3387 sic
1603 3334 1945 3402 prmsentiam
1972 3349 2095 3390 cor-

513 3418 753 3489 poralem
785 3422 1036 3490 expetiit,
1065 3423 1214 3492 quasi
1247 3424 1470 3478 salutem
1505 3425 1559 3476 in
1591 3424 1699 3476 ﬁlio
1729 3425 1942 3493 operari
1987 3441 2093 3480 non

513 3520 722 3580 posset,
759 3511 858 3566 nisi
892 3527 1125 3581 presens
1155 3529 1380 3583 corpore
1429 3512 1634 3567 fuisset.
1679 3514 1780 3580 Qui
1821 3515 1867 3569 si
1911 3514 2092 3584 perfe-

514 3609 601 3656 cte
631 3601 977 3668 credidisset,
1012 3603 1193 3672 procul
1224 3605 1386 3659 dubio
1427 3605 1589 3660 sciret
1620 3621 1724 3659 non
1758 3620 1880 3660 esse
1918 3607 2092 3662 locum

516 3691 608 3748 ubi
639 3709 744 3748 non
775 3703 916 3750 esset
946 3694 1106 3751 Deus.
1139 3696 1326 3765 Arguit
1366 3698 1543 3766 itaque
1584 3696 1854 3751 hominem
1895 3697 1947 3751 in
1991 3698 2094 3754 ﬁde

519 3790 824 3854 torpentem
847 3826 862 3850 ,
892 3795 945 3841 et
975 3796 1181 3842 tentare
1212 3788 1514 3856 cupientem
1544 3787 1597 3842 in
1627 3790 1854 3843 sanitate
1885 3787 1978 3843 ﬁlii
2010 3789 2094 3844 sui

510 3878 630 3948 quis
672 3890 846 3949 esset,
882 3891 973 3937 aut
1003 3894 1258 3954 quantum
1305 3895 1504 3952 posset.
1553 3883 1689 3938 Dicit
1733 3886 1800 3937 ad
1851 3902 1967 3938 eum
2013 3902 2094 3939 re-

508 3970 659 4040 gulus
691 3988 704 4025 :
738 3968 990 4036 Domine,
1025 3975 1272 4029 descende
1317 3976 1616 4045 priusquam
1662 3979 1911 4030 moriatur
1951 3977 2093 4045 ﬁlius

513 4080 672 4117 meus.
709 4063 944 4135 Urgebat
971 4082 1092 4122 eum
1123 4067 1407 4123 inﬁrmitas
1440 4070 1531 4122 filii
1556 4111 1568 4131 ,
1615 4083 1668 4123 et
1714 4069 1834 4124 ideo
1877 4070 1929 4124 in
1974 4087 2096 4140 pre-

512 4156 664 4210 cibus
695 4171 1048 4224 perseverans
1081 4159 1316 4229 postulat
1345 4159 1420 4214 illi
1451 4161 1699 4216 salutem.
1750 4161 1888 4215 Dicit
1929 4164 1976 4216 ei
2003 4163 2094 4219 le-

509 4264 638 4302 sus:
669 4247 854 4314 Vade,
902 4251 1042 4318 ﬁlius
1090 4260 1206 4304 tuus
1253 4253 1389 4306 vivit.
1443 4254 1592 4310 Sicut
1644 4257 1750 4311 alio
1805 4259 2092 4330 Evangelio

513 4351 764 4398 narrante
795 4343 1104 4411 didicimus,
1135 4347 1378 4400 centurio
1404 4348 1470 4402 ad
1497 4350 1778 4406 Dominum
1804 4355 1983 4419 venit,
2013 4354 2095 4409 di-

507 4446 638 4486 cens
665 4450 678 4486 :
715 4433 961 4499 Domine,
994 4451 1121 4505 puer
1147 4454 1288 4492 mens
1311 4441 1449 4510 jacet
1481 4444 1799 4513 paralyticus
1828 4447 1882 4499 in
1913 4448 2088 4514 domo,

2196 1936 2456 2001 existunt,
2489 1937 2581 1992 sed
2631 1940 2794 1993 etiam
2843 1939 2894 1994 in
2949 1940 3079 2009 ipsis
3125 1941 3376 2008 Operibus
3424 1942 3540 1995 suis
3580 1952 3785 1997 secreta

2197 2038 2320 2083 sunt
2373 2029 2624 2100 mysteria
2670 2030 3074 2087 consideranda.
3138 2031 3483 2099 Septenarius
3529 2048 3788 2089 numerus

2196 2132 2434 2174 sacratus
2465 2130 2548 2176 est
2603 2121 2758 2177 donis
2805 2121 3034 2192 Spiritus
3079 2125 3271 2190 sancti,
3303 2124 3557 2195 quoniam
3609 2126 3788 2180 omnia

2196 2214 2336 2267 dona
2384 2214 2674 2282 Spiritualia
2717 2229 2837 2284 qua:
2883 2231 2912 2268 a
2963 2215 3074 2272 Deo
3125 2217 3332 2274 cunctis
3375 2218 3627 2273 fidelibus
3683 2221 3788 2274 lar-

2196 2305 2428 2373 giuntur,
2451 2320 2638 2361 eooem
2664 2316 2968 2377 septenario
2989 2321 3217 2364 numero
3233 2310 3778 2379 comprehenduntur.

2196 2398 2410 2467 Septem
2437 2401 2579 2453 enim
2631 2409 2754 2455 sunt
2802 2402 3024 2457 virtutes
3081 2402 3444 2472 spiritualium
3495 2403 3783 2472 donorum,

2196 2490 2387 2558 quibus
2415 2499 2468 2542 et
2497 2498 2668 2546 status
2699 2491 2975 2548 hominum
3012 2493 3066 2548 in
3110 2495 3360 2563 praesenti
3385 2497 3491 2548 vita
3520 2494 3790 2551 decentis-

2196 2581 2333 2636 sime
2366 2594 2612 2650 ornatur,
2661 2584 2921 2653 sapientia
2976 2584 3241 2653 videlicet,
3290 2587 3621 2656 intellectus,
3661 2602 3788 2643 cou-

2197 2672 2372 2725 silium
2399 2683 2452 2728 et
2483 2673 2758 2743 fortitudo,
2789 2677 3036 2742 scientia,
3067 2679 3256 2746 pietas,
3283 2693 3347 2734 ac
3371 2678 3532 2733 timor
3555 2679 3786 2735 Domini.

2195 2766 2320 2819 Sine
2347 2767 2513 2835 gratia
2556 2768 2697 2824 enim
2744 2768 2838 2824 Dei
2887 2785 2984 2825 nec
3013 2774 3225 2841 sapiens
3254 2774 3372 2842 quis
3417 2787 3540 2829 esse
3588 2783 3784 2844 potest,

2199 2873 2296 2912 nec
2328 2858 2652 2930 intelligens,
2683 2877 2781 2917 nec
2802 2863 3158 2930 consiliarius,
3187 2880 3284 2920 nec
3317 2866 3490 2928 fortis,
3530 2883 3628 2920 nec
3652 2883 3780 2922 eru-

2197 2952 2359 3017 ditus,
2381 2967 2477 3006 nec
2503 2953 2639 3022 pius,
2663 2971 2762 3010 nec
2788 2956 2977 3024 plenus
3003 2958 3194 3012 timore
3220 2958 3464 3013 Domini?
3491 2960 3617 3027 Quae
3639 2959 3781 3014 dona

2197 3045 2316 3112 quia
2352 3047 2640 3102 nonaliter
2684 3063 2840 3118 quam
2880 3051 3049 3119 gratia
3096 3050 3320 3120 Spiritus
3369 3054 3539 3128 sancti
3588 3051 3788 3109 homini

2201 3138 2524 3203 tribuuntur,
2559 3141 2753 3194 merito
2781 3139 2944 3194 etiam
2986 3143 3099 3210 ipse
3149 3142 3378 3211 Spiritus
3427 3158 3670 3211 sanctus,
3702 3143 3787 3210 qui

2199 3226 2329 3280 nihil
2360 3227 2501 3281 aliud
2530 3239 2612 3284 est
2639 3245 2796 3299 quam
2829 3246 2986 3286 verus
3032 3231 3194 3297 Deus,
3237 3233 3441 3290 eisdem
3473 3237 3784 3293 nominibus

2198 3327 2551 3386 nuncupatur.
2604 3320 2756 3374 Sicut
2799 3322 2940 3375 enim
2993 3322 3159 3378 Filius
3203 3339 3233 3378 a
3281 3323 3440 3382 Patre
3491 3328 3786 3395 procedens

2197 3418 2411 3464 vocatur
2440 3411 2523 3464 leo
2573 3418 2787 3480 propter
2838 3412 3225 3481 fortitudinem,
3282 3417 3396 3471 ovis
3445 3428 3665 3488 propte:
3707 3419 3786 3473 in-

2197 3501 2519 3567 nocentiam,
2576 3504 2772 3558 ostium
2821 3506 2942 3575 quia
2998 3522 3094 3575 per
3151 3509 3325 3578 ipsum
3379 3510 3665 3567 introimus
3716 3509 3785 3565 ad

2195 3591 2432 3661 Patrem,
2479 3592 2565 3646 lux
2617 3594 2740 3662 quia
2790 3595 3052 3652 illuminat
3098 3612 3310 3655 omnem
3369 3601 3656 3668 hominem,
3691 3615 3781 3657 vo-

2193 3695 2344 3739 catur
2397 3695 2452 3740 et
2510 3686 2707 3741 veritas
2752 3698 2908 3758 atque
2949 3693 3290 3761 resurrectio,
3339 3694 3624 3765 multisque
3663 3692 3782 3749 aliis

2195 3777 2496 3833 nominibus
2528 3778 2822 3835 secundum
2845 3782 3102 3849 quasdam
3127 3784 3478 3853 proprietates
3503 3800 3518 3838 :
3555 3789 3625 3839 ita
3654 3799 3782 3855 quo-

2195 3886 2296 3937 que
2348 3872 2576 3940 Spiritus
2631 3883 2846 3929 sanctus
2894 3878 3188 3945 procedens
3234 3895 3263 3933 a
3317 3879 3477 3935 Patre
3523 3881 3686 3935 simul
3731 3889 3786 3937 et

2195 3959 2351 4025 Filio,
2383 3963 2465 4016 his
2496 3974 2698 4034 septem
2756 3967 3058 4023 nominibus
3085 3969 3298 4039 proprie
3343 3972 3667 4042 appellatur,
3700 3988 3784 4029 sa-

2195 4057 2389 4124 pientia
2439 4060 2684 4127 scilicet,
2739 4061 3079 4131 intellectus,
3142 4066 3444 4134 consilium,
3501 4068 3780 4137 fortitudo,

2193 4149 2434 4214 scientia,
2470 4153 2637 4221 pietas
2675 4170 2735 4210 ac
2762 4157 2936 4210 timor.
2975 4157 3122 4214 Unde
3142 4168 3194 4213 et
3220 4160 3548 4228 septiformis
3600 4165 3781 4232 gratia

2193 4239 2407 4308 dicitur,
2469 4253 2688 4312 propter
2743 4249 3059 4318 mysterium
3113 4251 3405 4319 septenarii
3462 4255 3697 4320 numeri,
3731 4254 3782 4308 in

2194 4349 2298 4400 quo
2326 4349 2530 4389 sunnna
2578 4337 2834 4406 perfectio
2879 4341 3208 4412 intelligitur.
3257 4345 3349 4399 Est
3380 4345 3522 4400 enim
3558 4362 3780 4415 compo-

2194 4427 2328 4481 situs
2356 4442 2421 4480 ex
2453 4429 2684 4483 ternario
2734 4440 2788 4485 et
2835 4441 3191 4501 quaternarto.
3241 4433 3414 4490 liabet
3467 4451 3701 4508 namque
3731 4438 3784 4491 in

508 4534 553 4578 et
584 4525 718 4578 male
749 4535 1006 4594 torquetur
1037 4528 1053 4598 (
1077 4527 1268 4585 Matth.
1296 4532 1449 4601 vut).
1477 4532 1573 4588 Cui
1603 4537 1877 4606 respondit
1906 4538 2092 4595 Domi-
2118 4559 2174 4620 υ
2199 4519 2438 4620 “infmia
2459 4519 2902 4620 sisniffﬁa‘igtfem
2928 4532 3127 4620 539cm
3156 4525 3453 4593 Trinimi‘v
3486 4527 3540 4582 in
3568 4537 3784 4597 quau!"

510 4631 609 4670 nos
635 4636 646 4669 :
683 4616 794 4687 Ego
825 4619 1021 4672 veniam
1051 4631 1096 4674 et
1123 4624 1312 4676 curabo
1340 4641 1453 4678 eum
1484 4626 1695 4698 (Ibid).
1718 4627 1974 4688 Centurio
2006 4642 2093 4690 est
2120 4609 2166 4620 ν
2195 4609 2346 4662 nario
2399 4609 2693 4679 Evangelii'
2751 4614 2878 4668 Sive
2927 4615 3069 4669 enim
3111 4625 3218 4671 "es
3264 4631 3362 4686 per
3410 4626 3662 4686 quum"
3694 4628 3787 4674 ³⁸η

510 4708 600 4778 qui
631 4718 844 4764 centum
880 4710 1136 4767 militibus
1167 4724 1382 4784 praeest.
1425 4715 1556 4772 Cum
1601 4735 1728 4790 ergo
1759 4723 1978 4794 majoris
2009 4725 2091 4780 di-

507 4803 726 4871 gnitalis
750 4806 819 4860 sit
841 4805 1058 4875 regulus
1084 4822 1243 4876 quam
1273 4816 1535 4880 centurio,
1563 4815 1846 4884 vigilanter
1873 4818 2087 4874 intuen-

511 4893 635 4949 dum
681 4906 763 4950 est
812 4912 908 4951 cur
949 4898 1012 4952 ad
1049 4899 1213 4954 ﬁlium
1269 4903 1438 4970 reguli
1470 4917 1687 4976 rogatus
1733 4908 2088 4973 corporaliter

509 4981 587 5038 ire
631 4997 872 5053 recusat,
920 4989 988 5043 ad
1029 5005 1241 5046 servum
1273 5009 1400 5049 vero
1429 4997 1761 5053 centurionis
1787 4998 1946 5054 etiam
1978 5017 2084 5056 non

509 5084 725 5142 rogatus
755 5090 815 5131 se
845 5092 1066 5149 pergere
1097 5083 1397 5148 pollicetur.
1448 5085 1580 5139 Filio
1625 5088 1797 5156 reguli
1849 5103 1953 5143 non
1999 5089 2084 5145 di-

509 5175 703 5234 gnatur
746 5166 967 5234 adesse,
1020 5185 1179 5227 servo
1228 5175 1558 5230 centurionis
1612 5193 1715 5232 non
1766 5177 2087 5247 dedignatur

509 5269 812 5314 occurrere.
847 5258 952 5316 Sed
985 5262 1038 5316 in
1073 5264 1173 5320 hoc
1213 5265 1391 5336 facto,
1439 5267 1553 5323 sola
1595 5268 1927 5341 humilitate,
1967 5288 2084 5342 qua:

507 5349 661 5405 nobis
697 5351 750 5405 in
800 5349 1162 5424 Redemptore
1209 5367 1395 5412 nostro
1441 5358 1692 5413 imitanda
1746 5365 2082 5432 praponitur,

442 5437 456 5450 °
510 5441 758 5508 superbia
790 5452 970 5498 nostra
1003 5446 1309 5514 specialiter
1339 5448 1657 5515 retunditur,
1693 5452 1785 5522 qui
1819 5454 1869 5507 in
1915 5455 2086 5510 homi-

511 5532 667 5585 nibus
720 5548 823 5588 non
875 5545 1153 5605 naturam,
1203 5555 1308 5608 qua
1359 5540 1425 5594 ad
1478 5543 1760 5612 imaginem
1816 5544 1912 5602 Dei
1964 5549 2085 5603 facti

510 5634 662 5688 sunt,
713 5628 805 5682 sed
851 5630 1081 5684 honores
1110 5641 1162 5685 et
1210 5631 1419 5686 divitias
1467 5649 1798 5692 veneramur.
1846 5637 1912 5694 Ut
1941 5640 2087 5694 enim

514 5717 828 5774 ostenderet
851 5721 1174 5792 Redemptor
1199 5733 1380 5778 noster
1407 5728 1528 5796 quia
1558 5743 1674 5800 quae
1708 5731 1811 5785 alta
1836 5739 1963 5786 sunt
1992 5731 2091 5788 ho-

518 5808 782 5877 minibus,
817 5811 915 5868 hoc
951 5823 1031 5870 est
1074 5815 1425 5876 dilectoribus
1472 5819 1629 5892 hujus
1657 5823 1839 5882 saeculi
1860 5866 1878 5888 .
1904 5823 2092 5886 electis

2191 4709 2419 4771 quatuor
2471 4716 2566 4770 per
2613 4710 2721 4755 tres
2775 4703 3214 4772 multipliccntur,
3274 4707 3339 4760 ad
3389 4707 3784 4764 duodenarium

2191 4808 2470 4847 numerum
2503 4795 2800 4865 consurgit,
2829 4813 2988 4865 quem
3019 4799 3179 4854 etiam
3223 4809 3436 4856 constat
3483 4816 3608 4857 esse
3654 4819 3781 4873 per-

2193 4887 2560 4951 fectissimum,
2613 4890 2733 4958 quia
2787 4891 3095 4960 mysterium
3149 4901 3353 4948 sancta:
3401 4893 3680 4950 Trinitatis
3729 4904 3788 4952 et

2191 4980 2432 5035 doctrina
2465 4983 2740 5051 Evangelii
2791 4999 2890 5053 per
2917 4985 3200 5041 duodecim
3248 4988 3521 5057 apostolos
3562 4989 3615 5044 in
3642 5003 3785 5060 qua-

2194 5079 2312 5129 tuor
2339 5074 2521 5128 mundi
2555 5086 2754 5144 partes,
2785 5077 3046 5133 orientem
3089 5078 3300 5134 scilicet
3325 5087 3381 5135 et
3417 5078 3782 5150 occidentem,

2191 5164 2609 5232 septentrionem
2638 5180 2701 5219 ac
2741 5166 3020 5221 meridiem
3059 5169 3301 5224 derivata
3329 5179 3431 5224 est.
3474 5170 3613 5225 Sunt
3638 5185 3783 5238 quo-

2191 5272 2294 5326 que
2324 5267 2549 5326 quatuor
2591 5259 2774 5313 mnndi
2803 5260 3089 5324 elementa,
3137 5271 3192 5318 et
3237 5273 3466 5332 quatuor
3497 5266 3646 5319 orbis
3695 5266 3785 5336 (ut

2191 5349 2390 5404 dictum
2415 5351 2520 5422 est)
2547 5351 2783 5419 climata,
2817 5355 3145 5426 totidemque
3173 5358 3298 5412 anni
3347 5366 3613 5426 tempora,
3643 5370 3786 5425 qua-

2193 5451 2313 5498 tuor
2339 5445 2504 5499 eliam
2534 5445 2723 5514 quibus
2753 5447 2994 5504 Ecclesia
3022 5447 3260 5504 subsistit
3294 5448 3555 5504 habentur
3603 5450 3787 5504 Evan-

2193 5535 2350 5608 gelia.
2406 5537 2699 5592 Possumus
2755 5553 2968 5610 quoque
3024 5541 3311 5595 ternarium
3372 5555 3656 5595 numerum
3709 5540 3783 5595 ad

2203 5629 2506 5688 interiorem
2555 5643 2797 5689 nostrum
2843 5637 3055 5712 referre
3105 5636 3396 5698 hominem,
3448 5635 3550 5689 hoc
3597 5642 3682 5690 est
3711 5633 3782 5688 ad

2193 5725 2450 5793 animam,
2481 5743 2600 5798 quae
2646 5728 2871 5798 triplicis
2897 5739 2977 5786 est
3007 5737 3230 5786 naturae.
3289 5732 3384 5785 Est
3410 5731 3553 5784 enim
3582 5729 3780 5784 irasci-

2192 5819 2344 5893 bilis,
2384 5820 2837 5895 concupiscibilis,
2867 5830 2923 5880 et
2949 5823 3302 5883 rationabilis.
3351 5823 3408 5882 In
3455 5836 3781 5896 unaquaque
