4096 6346
333 357 465 418 MM

1275 340 1750 405 nouiLtAntus.
1788 324 1860 382 '—
1897 337 2064 396 non.
2108 337 2196 394 DE
2235 335 2581 394 TEMPDRE.

3443 335 3583 390 “£9.

332 483 495 529 etiam
541 466 782 523 rationali
813 464 986 520 anima
1020 462 1120 516 tria
1169 461 1371 529 insunt,
1421 470 1702 519 memoria,
1752 453 1907 520 inge-
1934 453 1986 513 Δ
2016 449 2143 504 Cum
2171 451 2427 520 plenitudo
2474 450 2692 519 gentium
2723 449 3006 514 intraverit,
3042 458 3162 502 tunc
3209 449 3367 502 omnis
3415 448 3581 503 Israel

335 566 504 629 nium,
529 572 584 616 et
611 558 930 614 intellectus.
956 556 1211 624 Spiritum
1239 568 1450 623 quoque
1479 561 1720 604 sanctum
1751 559 1910 614 super

335 655 618 710 Dominum
647 649 995 718 corporaliter
1024 648 1410 716 requieturum,
1441 643 1606 698 Isaias
1653 638 1913 711 propheta

335 763 456 803 cum
505 745 571 799 de
611 742 824 798 C‘hristo
865 739 1228 809 pr0phetaret,
1269 736 1550 806 praedixit:
1607 732 1914 803 Egredietur

337 839 480 910 virga
527 837 590 889 de
618 834 790 887 radice
839 831 1006 898 desse,
1061 830 1318 884 Dominus
1369 825 1613 881 videlicet
1645 823 1799 879 Jesus
1850 821 1916 876 de

335 930 502 999 stirpe
528 927 733 982 David:
765 935 812 977 et
861 924 1133 989 requiescet
1181 936 1333 990 super
1365 935 1479 973 eum
1537 918 1745 988 spiritus
1802 912 1912 967 Do-

335 1022 483 1086 mini,
515 1020 723 1086 spiritus
751 1017 1016 1086 sapientiae
1055 1022 1102 1068 et
1141 1015 1444 1076 intellectus,
1477 1009 1688 1078 spiritus
1717 1007 1916 1061 consilii

337 1125 383 1170 et
414 1111 749 1182 fortitudinis,
782 1108 992 1177 spiritus
1037 1107 1258 1161 scientiae
1293 1113 1337 1157 et
1372 1101 1595 1170 pietatis,
1623 1111 1670 1155 et
1708 1098 1916 1168 replebit

338 1220 452 1258 eum
497 1203 704 1272 spiritus
750 1200 945 1252 timoris
1008 1196 1216 1250 Domini
1264 1193 1421 1263 (Isai.
1452 1194 1549 1263 xl).
1603 1192 1720 1261 Ipse
1776 1191 1915 1246 enim

335 1293 555 1362 spiritus
585 1289 847 1359 requievit
890 1302 1050 1356 super
1099 1286 1375 1340 Dominum
1402 1284 1584 1339 Jesum
1621 1280 1912 1348 Christum,

336 1386 457 1456 quia
509 1385 564 1438 in
622 1385 741 1453 ejus
795 1396 1021 1450 corpore
1068 1382 1242 1434 omnis
1300 1377 1571 1449 plenitudo
1626 1376 1919 1432 divinitatis

338 1478 643 1550 plenissime
683 1475 967 1541 habitavit,
1011 1491 1340 1546 nequaquam
1387 1490 1481 1545 per
1527 1485 1722 1543 partes,
1769 1483 1827 1528 ut
1866 1473 1920 1529 in

337 1571 546 1625 caneris
585 1570 805 1634 sanctis,
850 1568 1041 1637 quibus
1071 1567 1190 1621 aliis
1214 1568 1369 1621 datur
1397 1581 1575 1620 sermo
1621 1565 1916 1635 sapientiae,

338 1662 458 1716 aliis
480 1676 659 1715 sermo
689 1660 950 1724 scientiae,
983 1659 1105 1712 aliis
1135 1659 1301 1728 gratia
1330 1658 1603 1724 virtutum,
1629 1667 1682 1712 et
1708 1657 1920 1713 cteteris

339 1751 530 1822 quibus
573 1750 857 1820 unicuique
889 1749 1044 1804 datur
1082 1749 1374 1803 secundum
1419 1763 1722 1804 mensuram
1756 1748 1916 1803 ﬁdei:

339 1846 432 1900 sed
473 1842 710 1912 plenarie
755 1840 1022 1912 requievit
1050 1856 1210 1910 super
1239 1857 1380 1906 cum,
1429 1849 1681 1910 perpetua
1725 1841 1918 1894 mansit
1949 1825 1998 1887 Β

341 1935 688 1992 habitatione.
733 1933 866 1998 Quia
915 1933 1076 2001 igitur
1107 1946 1201 2000 per
1250 1930 1608 2000 septenarium
1641 1944 1919 1983 numerum

340 2029 457 2099 ipse
487 2027 719 2096 Spiritus
765 2035 981 2080 sanctus
1007 2024 1334 2093 designatur,
1366 2039 1393 2074 a
1426 2037 1528 2092 quo
1554 2031 1608 2075 et
1646 2037 1736 2089 per
1765 2036 1920 2092 quem

339 2119 515 2175 omnis
543 2117 768 2181 sanitas,
798 2115 972 2170 omnis
1024 2113 1277 2168 fortitudo
1320 2122 1478 2183 atque
1507 2111 1750 2167 universa
1781 2111 1921 2166 dona

337 2209 634 2280 spiritualia
663 2207 870 2262 cunctis
897 2205 1139 2261 ﬁdelibus
1172 2204 1487 2275 largiuntur,
1524 2214 1670 2260 recte
1697 2207 1920 2274 septima

338 2301 469 2357 hora
508 2299 614 2356 diei
648 2299 785 2354 ﬁlius
841 2297 1005 2369 reguli
1053 2297 1270 2351 sanitati
1321 2297 1562 2352 redditus
1590 2297 1656 2351 ab
1694 2312 1923 2367 evange-

338 2393 459 2447 liSta
486 2392 753 2447 refertur:
797 2389 922 2458 quia
952 2402 1282 2459 quaecunque
1321 2388 1548 2454 sanitas,
1581 2388 1692 2442 sive
1723 2389 1775 2443 in
1805 2404 1924 2443 cor-

338 2499 470 2556 pore
498 2483 610 2538 sive
641 2483 692 2536 in
741 2482 918 2536 anima
966 2479 1143 2546 datur,
1191 2479 1380 2535 eodem
1428 2479 1615 2549 spiritu
1665 2480 1924 2550 largiente

340 2576 597 2632 tribuitur
645 2575 736 2644 qui
782 2587 876 2643 per
923 2572 1171 2627 eumdem
1229 2572 1589 2639 septenarium
1643 2588 1922 2628 numerum

336 2670 668 2739 designatur.
722 2667 866 2720 Bene
918 2678 1046 2733 ergo
1098 2663 1323 2729 septima
1380 2663 1505 2716 hora
1568 2664 1707 2718 ﬁlius
1755 2666 1923 2734 reguli

337 2770 558 2817 sanatus
602 2768 705 2825 cst,
758 2759 879 2828 quia
927 2766 1052 2812 tunc
1108 2755 1399 2824 perfectam
1450 2756 1732 2810 sanitatem
1783 2764 1924 2811 totus

338 2853 502 2908 homo
551 2849 920 2919 consequitur,
971 2862 1091 2903 cum
1121 2857 1365 2902 creatura
1414 2845 1721 2903 Creatorem
1767 2862 1920 2902 suum

341 2945 639 3015 agnoverit,
693 2945 850 3013 eique
901 2957 960 2996 se
1006 2941 1164 3010 digna
1219 2939 1520 2995 humilitate
1569 2955 1632 2994 ac
1670 2941 1924 2998 servitute

339 3035 660 3092 subdiderit.
709 3034 806 3090 llic
833 3034 974 3088 enim
1005 3043 1087 3088 est
1111 3031 1244 3088 ordo
1281 3032 1634 3099 rectissimus,
1669 3039 1727 3086 ut
1747 3033 1922 3088 anima

344 3128 477 3194 Deo,
508 3141 706 3194 corpus
741 3140 867 3180 vero
896 3124 1108 3195 spiritui
1141 3124 1489 3193 mancipetur.
1546 3123 1686 3178 Idem
1714 3140 1924 3195 quoque

338 3217 674 3289 septenarius
719 3232 975 3271 numerus
1002 3215 1159 3271 donis
1198 3215 1522 3283 septiformis
1565 3216 1791 3286 Spiritus
1830 3231 1920 3270 sa-

340 3323 519 3366 cratus
547 3321 652 3376 est,
696 3310 747 3363 in
778 3323 884 3378 quo
914 3317 966 3361 et
998 3322 1093 3376 per
1123 3322 1280 3378 quem
1309 3322 1432 3362 vera
1483 3309 1596 3362 haec
1642 3307 1843 3362 sanitas
1870 3317 1925 3363 et

337 3403 586 3462 remissio
636 3403 878 3456 omnium
933 3409 1276 3470 peccatorum
1345 3400 1612 3456 tribuitur.
1679 3399 1923 3472 Cognovit

339 3512 458 3564 ergo
499 3506 642 3563 pater
667 3493 791 3562 quia
839 3492 934 3545 illa
962 3492 1087 3543 hora
1118 3502 1223 3544 erat
1252 3491 1304 3544 in
1346 3507 1447 3559 qua
1481 3491 1608 3544 dixit
1641 3492 1685 3543 ei
1735 3489 1923 3546 Jesus:

341 3587 516 3642 Filius
547 3597 662 3640 tuus
691 3586 828 3651 vivit,
866 3594 912 3638 et
966 3585 1182 3637 credidit
1210 3586 1336 3652 ipse,
1390 3595 1434 3638 et
1462 3585 1639 3638 domus
1665 3585 1776 3654 ejus
1797 3593 1922 3638 tota.

341 3679 400 3734 In
430 3681 533 3734 hoc
570 3677 760 3732 eodem
819 3677 1143 3745 evangelista
1201 3676 1358 3745 paulo
1409 3677 1651 3743 snperius
1703 3677 1924 3745 legimus

343 3776 487 3846 quod
541 3773 868 3843 praedicante
924 3769 1150 3823 Domino
1201 3769 1253 3822 in
1304 3769 1566 3833 Samaria,
1627 3769 1690 3822 ad
1741 3782 1922 3823 vocem

344 3863 584 3920 mulieris
612 3860 875 3917 dicentis:
911 3859 1092 3913 Venite
1122 3868 1169 3912 et
1203 3859 1366 3912 videte
1400 3860 1652 3912 hominem
1687 3861 1774 3930 qui
1797 3858 1923 3914 mihi

343 3948 511 4010 omnia
528 3953 656 4007 dixit
675 3967 988 4023 quacunque
1014 3950 1112 4022 feci
1135 3949 1312 4021 (Joan.
1341 3949 1436 4018 Iv),
1457 3950 1666 4019 plurimi
1694 3951 1926 4006 Samari-

350 4057 599 4100 tanorum
629 4045 833 4113 absque
863 4044 1020 4096 ullius
1043 4042 1177 4111 signi
1210 4042 1412 4096 visione
1441 4041 1557 4096 solo
1597 4057 1843 4096 sermone
1871 4043 1924 4097 in

343 4137 492 4192 illum
545 4135 905 4190 crediderunt.
953 4132 1034 4188 Ad
1082 4133 1222 4188 istud
1280 4142 1454 4188 autem
1513 4141 1616 4186 tam
1674 4147 1924 4203 magnum

345 4225 662 4282 miraculum
708 4225 762 4278 in
817 4222 998 4277 Judaea
1048 4231 1314 4291 patratum
1360 4223 1503 4279 solus
1547 4223 1762 4293 regulus
1804 4237 1924 4277 cum

343 4321 504 4374 domo
532 4332 627 4372 sua
674 4312 917 4370 credidit.
971 4314 1040 4368 Et
1067 4312 1168 4368 hoc
1194 4323 1275 4368 est
1311 4314 1450 4382 quod
1482 4314 1737 4368 Dominus
1766 4327 1924 4381 supra

343 4413 585 4468 dixerat:
622 4413 741 4468 Nisi
769 4415 915 4486 signa
943 4423 992 4468 et
1031 4413 1268 4484 prodigia
1293 4413 1538 4477 videritis,
1566 4428 1665 4464 non
1697 4413 1920 4466 creditis.

345 4505 404 4559 In
441 4519 546 4574 quo
594 4505 754 4560 etiam
807 4501 1438 4574 facto'praeﬁgurabatur
1488 4501 1630 4571 quod
1686 4502 1922 4570 paucitas

345 4597 650 4652 Judaeorum
699 4606 843 4652 esset
894 4597 947 4651 in
988 4596 1156 4651 Deum
1209 4593 1498 4661 creditura,
1548 4605 1600 4648 et
1640 4595 1924 4650 multitudo

343 4689 578 4760 gentium
637 4689 703 4757 ad
756 4688 915 4742 ﬁdem
968 4696 1215 4742 ventura.
1274 4685 1442 4742 Judaei
1501 4701 1692 4754 nempe
1748 4686 1921 4755 ipsum

344 4783 388 4838 F
394 4783 535 4838 ilium
566 4782 659 4836 Dei
689 4783 840 4849 signa
871 4779 1156 4836 facientem
1182 4779 1452 4842 viderunt,
1486 4780 1756 4848 apostolos
1787 4779 1925 4835 illius

345 4873 727 4943 prmdicatores
755 4879 810 4925 et
831 4871 1114 4941 magistros
1141 4870 1466 4936 habuerunt,
1487 4877 1542 4923 et
1569 4877 1744 4923 tamen
1772 4871 1922 4938 pauci

344 4983 411 5022 ex
447 4965 526 5020 eis
556 4966 677 5019 ﬁdei
715 4964 840 5033 jugo
880 4963 1015 5017 colla
1041 4963 1424 5030 submisernnt,
1454 4962 1660 5017 cmteris
1702 4962 1752 5016 in
1802 4962 1921 5016 inll-

344 5059 564 5112 delitate
595 5055 1016 5127 persistentibus.
1058 5055 1286 5110 Proinde
1333 5055 1436 5109 illis
1476 5055 1756 5109 tormentis
1795 5069 1919 5123 per-

345 5151 524 5222 petuis
553 5153 619 5204 ad
650 5147 1017 5203 inﬁdelitatem
1059 5145 1445 5211 condemnatis,
1491 5144 1661 5211 nobis,
1699 5145 1742 5197 si
1778 5143 1919 5213 quod

342 5241 450 5296 ﬁde
474 5239 762 5302 credimus,
785 5236 1036 5307 operibus
1061 5249 1400 5301 exornemus,
1430 5244 1626 5288 aeterna
1653 5232 1924 5288 beatitudo

344 5332 751 5403 repromittitur,
777 5331 986 5384 dicente
1012 5326 1163 5382 nobis
1188 5326 1460 5381 Salvatore
1484 5343 1498 5379 :
1532 5324 1676 5380 Beati
1706 5326 1792 5395 qui
1822 5340 1923 5378 non

345 5427 598 5492 viderunt,
632 5432 678 5478 et
707 5421 1026 5476 crediderunt
1071 5419 1248 5490 (Joan.
1279 5418 1396 5488 xx).
1429 5417 1670 5473 Perfecta
1701 5431 1926 5485 namque

345 5517 650 5572 Judazorum
703 5511 984 5567 conversio
1031 5509 1170 5566 circa
1222 5510 1376 5565 ﬁnem
1429 5510 1606 5564 steculi
1658 5507 1924 5577 implenda

343 5618 448 5676 est,
480 5605 687 5678 quando
715 5608 779 5659 ad
826 5605 1253 5675 prmdicationem
1306 5602 1439 5656 Eli-ae
1489 5612 1542 5656 et
1575 5602 1757 5656 Enoch
1789 5617 1921 5656 con-

346 5710 621 5758 vertentur
661 5699 817 5754 corda
871 5708 1076 5766 patrum
1120 5700 1173 5750 in
1223 5697 1382 5760 ﬁlios,
1417 5705 1469 5748 et
1494 5695 1652 5749 corda
1695 5692 1922 5746 ﬁliorum

345 5794 412 5851 ad
437 5803 612 5864 patres
637 5806 844 5858 eorum,
866 5803 920 5849 et
940 5788 1318 5860 adimplebitur
1346 5787 1486 5856 quod
1507 5786 1580 5840 ait
1604 5784 1920 5855 Apostolus;

2012 546 2180 598 salvus
2222 543 2315 595 erit
2355 542 2528 612 (llam.
2562 541 2659 610 xi).
2713 541 2777 594 Et
2809 541 3005 595 Isaias:
3054 541 3114 596 Si
3155 541 3306 608 fuerit
3343 556 3580 596 numerus

2015 634 2236 704 ﬁliorum
2269 632 2434 687 Israel
2461 634 2603 702 quasi
2625 649 2779 687 arena
2817 633 2989 698 maris,
3030 633 3255 702 reliquite
3289 634 3442 687 salva:
3461 633 3582 701 fient

2019 724 2175 797 (Isai.
2219 725 2294 793 x).
2367 725 2431 779 Et
2474 724 2664 779 iterum
2700 743 2713 778 :
2766 722 2832 777 In
2879 724 3084 778 veritate
3136 732 3482 778 convertentur
3527 723 3584 780 in

2015 815 2213 873 Christo
2240 815 2386 870 Jesu.
2411 818 2607 872 Amen.

2565 925 2840 982 HOMlLlA
2866 926 3044 982 CXCI.

2268 1036 2318 1076 IN
2350 1035 2594 1075 DOIINICA
2625 1035 2755 1074 ιιιιι
2785 1036 2909 1074 Ροδτ
2939 1033 3334 1076 Ρεκτιζοοετειε.

2407 1133 2506 1202 (Ex
2535 1132 2670 1201 Opp.
2710 1131 2849 1186 beati
2879 1130 3198 1200 Augustini.)

2091 1222 2156 1276 In
2185 1224 2274 1278 illo
2319 1233 2542 1293 tempore
2586 1225 2713 1277 dixit
2761 1221 2911 1278 Iesus
2961 1223 3226 1293 discipulis
3273 1222 3377 1277 suis
3407 1223 3593 1278 simili-

2021 1315 2246 1370 tudinem
2291 1317 2460 1368 hanc:
2511 1315 2696 1370 Simile
2743 1315 2938 1383 factum
2977 1323 3051 1367 est
3096 1330 3308 1384 regnum
3354 1317 3592 1370 caelorum

2020 1406 2214 1461 homini
2238 1409 2367 1479 regi,
2391 1423 2474 1476 qui
2500 1407 2655 1461 voluit
2678 1408 2923 1461 rationem
2952 1422 3138 1478 ponere
3151 1423 3266 1460 cum
3289 1408 3441 1462 servis
3461 1411 3592 1475 suis,

2019 1507 2121 1555 etc.
2154 1497 2368 1570 (Matth.
2400 1497 2570 1568 xvni.)

2095 1593 2359 1648 Hesterna
2384 1593 2471 1647 die
2493 1600 2734 1646 sanctum
2759 1589 3100 1661 Evangeliqu
3125 1588 3329 1645 monuit
3350 1603 3467 1656 nos,
3490 1599 3596 1646 etc.

2028 1684 2239 1756 Reliqua
2269 1685 2380 1738 vide
2407 1684 2543 1754 apud
2575 1694 2808 1737 sanctum
2845 1683 3206 1754 Augustinum,
3240 1682 3462 1753 Operum
3489 1683 3599 1752 ejus

2025 1788 2158 1833 tomo
2191 1776 2260 1847 V,
2290 1776 2601 1847 Patrologite
2624 1759 2966 1843 XXXVIII,
2998 1776 3098 1830 col.
3128 1775 3254 1830 5M.

2024 1892 2176 1966 (Post
2219 1895 2384 1959 verba,
2414 1893 2676 1966 etcteteri
2724 1891 2974 1966 timeant,
3013 1890 3218 1966 explicit
3250 1892 3597 1966 sermo‘apud

2182 1975 2415 2018 sanctum
2443 1963 2803 2032 Augustinum,
2834 1963 2995 2034 pergit
3021 1965 3075 2016 in
3102 1959 3458 2032 Homiliario.)

2097 2080 2291 2135 Redire
2320 2081 2534 2134 dimissa
2571 2088 2781 2146 peccata
2803 2119 2819 2146 ,
2851 2080 2940 2134 ubi
2971 2079 3204 2134 fraterna
3232 2078 3466 2133 cbaritas
3494 2094 3599 2134 non

2024 2182 2128 2240 est,
2162 2171 2420 2226 Dominus
2451 2170 2610 2224 docet
2656 2170 2724 2226 de
2767 2170 2860 2224 illo
2901 2184 3060 2226 servo
3099 2185 3256 2240 quem
3290 2185 3408 2224 cum
3457 2171 3602 2224 inve-

2024 2265 2192 2320 nisset
2232 2263 2534 2318 debitorem
2571 2278 2602 2316 x
2634 2262 2856 2316 millium
2889 2261 3212 2318 talentorum
3235 2303 3250 2328 ,
3294 2261 3602 2331 deprecanti

2023 2369 2200 2415 autem
2233 2357 2414 2414 omnia
2445 2356 2666 2412 dimisit.
2709 2355 2802 2410 llle
2830 2366 3008 2411 autem
3041 2356 3120 2411 sui
3149 2353 3396 2410 conservi
3428 2356 3517 2427 qui
3551 2355 3601 2413 ei

2023 2451 2251 2506 debebat
2283 2465 2310 2504 c
2339 2448 2612 2516 denarios,
2639 2459 2758 2505 cum
2790 2448 3042 2504 misertus
3073 2463 3175 2501 non
3207 2447 3415 2511 fuisset,
3439 2448 3602 2517 jussit

2024 2558 2144 2600 eum
2208 2543 2454 2597 dominus
2496 2541 2723 2596 reddere
2763 2555 2883 2610 quae
2925 2541 2975 2594 ei
3016 2539 3313 2594 dimiserat.
3365 2538 3600 2607 Tempus

2024 2651 2152 2707 ergo
2181 2649 2287 2705 quo
2318 2635 2580 2704 accipitur
2612 2633 2943 2704 indulgentia
2976 2648 3070 2702 per
3098 2632 3455 2702 baptismum,
3486 2640 3604 2687 tan-

2023 2743 2182 2800 quam
2209 2738 2416 2797 tempus
2443 2736 2525 2782 est
2550 2725 2838 2780 reddendae
2865 2724 3112 2788 rationis,
3136 2733 3194 2778 ut
3217 2723 3396 2778 omnia
3419 2723 3600 2780 debita

2023 2835 2143 2890 qua:
2172 2818 2382 2872 inventa
2413 2818 2612 2872 fuerint
2635 2816 2994 2871 dimittantur.
3029 2814 3141 2868 Non
3171 2825 3346 2870 tamen
3371 2814 3464 2869 ille
3487 2828 3605 2870 ser-

2023 2925 2122 2964 vus
2151 2909 2237 2978 qui
2266 2919 2448 2979 postea
2479 2908 2629 2963 dedit
2660 2921 2925 2962 conservo
2963 2920 3061 2960 suo
3097 2915 3392 2961 mutuatam
3437 2921 3601 2974 pecu-

2025 3006 2166 3058 niam
2197 3016 2355 3073 quam
2390 3001 2483 3055 ille
2512 3017 2617 3054 non
2649 3009 2831 3069 posset
2861 2998 3110 3062 reddere,
3142 3011 3248 3052 non
3272 2997 3322 3052 ei
3347 2996 3601 3053 misertus

2025 3106 2126 3163 est,
2159 3096 2252 3151 sed
2284 3097 2443 3149 etiam
2475 3094 2523 3150 ei
2552 3094 2806 3158 debebat,
2833 3103 2886 3148 et
2915 3094 2992 3148 sic
3014 3100 3247 3148 cesserat
3271 3099 3328 3145 ut
3347 3091 3397 3147 ei
3425 3091 3605 3146 dimit-

1947 3185 1996 3248 C
2029 3198 2160 3246 teret
2188 3188 2456 3243 dominus.
2498 3187 2608 3241 lloc
2655 3186 2892 3240 indicant
2920 3186 3081 3242 verba
3109 3182 3381 3252 conservi,
3414 3184 3601 3238 dicen-

2029 3283 2136 3338 tis:
2181 3281 2494 3335 Patieutiam
2525 3279 2651 3335 habe
2692 3281 2742 3332 in
2784 3295 2895 3344 me,
2942 3289 2991 3332 et
3035 3279 3205 3334 omnia
3246 3277 3466 3332 reddam
3497 3277 3606 3332 tibi.

2029 3373 2280 3443 Alioquin
2312 3372 2546 3439 diceret,
2587 3370 2697 3440 jam
2731 3369 2783 3423 in
2812 3369 2912 3422 hoc
2941 3369 3256 3434 dimiseras,
3291 3383 3387 3422 cur
3416 3367 3606 3422 iterum

2026 3467 2267 3537 repetis?
2321 3465 2432 3520 lloc
2480 3473 2534 3520 et
2583 3464 2747 3535 ipsius
2801 3462 3002 3518 Domini
3055 3463 3215 3516 verba
3266 3459 3600 3517 manifestius

2028 3564 2290 3632 aperiunt.
2321 3559 2410 3614 Ait
2429 3560 2568 3613 enim
2594 3575 2607 3611 :
2636 3555 2882 3628 Egressus
2901 3563 3067 3610 autem
3090 3571 3260 3610 servus
3283 3555 3392 3620 ille,
3419 3552 3605 3608 invenit

2026 3671 2187 3710 unum
2233 3657 2293 3709 de
2335 3655 2588 3707 conservis
2631 3650 2777 3716 suis,
2821 3649 2908 3718 qui
2950 3646 3153 3702 debebat
3198 3647 3242 3700 ei
3280 3661 3310 3701 c
3350 3645 3606 3701 denarios.

2027 3749 2142 3804 Non
2173 3747 2324 3813 dixit,
2351 3746 2435 3800 cui
2465 3744 2700 3799 debitum
2740 3738 2850 3811 jain
2882 3757 2911 3795 c
2941 3739 3280 3794 denariorum
3311 3737 3603 3792 dimiserat.

2027 3843 2083 3900 Si
2117 3843 2258 3896 enim
2302 3840 2606 3901 dimiserat,
2639 3849 2743 3889 non
2770 3835 2817 3889 ei
2848 3833 3095 3888 debebat.
3123 3831 3252 3896 Quia
3280 3844 3406 3898 ergo
3431 3828 3603 3884 dixit:

2030 3933 2256 3990 Debebat
2286 3931 2364 3998 ei,
2411 3927 2748 3984 manifestum
2779 3935 2862 3982 est
2892 3925 3012 3994 quia
3045 3938 3150 3978 non
3182 3922 3478 3976 dimiserat.
3534 3921 3604 3976 Et

2029 4026 2219 4082 melius
2251 4023 2465 4096 quidem
2495 4022 2693 4086 fuerat,
2739 4030 2897 4089 atque
2930 4019 3030 4072 hoc
3062 4016 3234 4086 potius
3278 4013 3606 4082 congruebat

2031 4128 2178 4177 tanto
2226 4117 2457 4174 debitori
2508 4113 2752 4171 reddenti
2803 4113 3108 4173 rationem,
3164 4117 3218 4177 e_t
3265 4103 3602 4174 exspectanti

2027 4209 2448 4269 misericordiam
2495 4205 2698 4262 domini
2738 4204 2850 4268 sui,
2897 4210 2954 4258 ut
3001 4199 3143 4271 prius
3183 4173 3299 4265 ipse
3339 4208 3602 4250 conservo
3685 4205 3696 4218 '

2027 4309 2322 4364 dimitteret
2349 4304 2491 4375 quod
2523 4301 2570 4356 ei
2603 4300 2859 4366 debebat,
2893 4305 2950 4352 et
2976 4297 3056 4350 sic
3083 4294 3148 4348 ad
3183 4292 3444 4348 rationem
3475 4289 3602 4344 red-

2028 4403 2256 4459 dendam
2285 4441 2301 4467 ,
2350 4399 2438 4454 ubi
2480 4394 2844 4452 misericordia
2895 4388 3095 4446 domini
3138 4385 3405 4455 implenda
3447 4382 3562 4439 erat
3587 4420 3605 4449 ,

2033 4494 2335 4550 accederet.
2357 4489 2365 4496 ’
2384 4489 2495 4544 Nec
2525 4497 2703 4542 tamen
2733 4483 2861 4538 illud
2892 4479 3034 4550 quod
3075 4477 3310 4534 nondum
3343 4486 3606 4530 conservo

2030 4586 2347 4649 dimiserat,
2402 4577 2677 4649 impedivit
2727 4574 2998 4629 dominum
3047 4571 3162 4641 ejus
3218 4567 3503 4639 quominus
3551 4566 3604 4620 in

2033 4689 2274 4748 tempore
2305 4676 2398 4730 illo
2428 4671 2753 4741 accipienda:
2779 4667 3002 4723 rationis
3028 4665 3324 4720 dimitteret
3351 4660 3399 4716 ei
3429 4659 3606 4715 omnia

2027 4787 2146 4841 qua
2172 4769 2425 4826 debebat.
2483 4766 2587 4822 Sed
2619 4761 2744 4832 quid
2789 4759 3023 4831 profuit,
3072 4757 3283 4827 quando
3310 4755 3523 4824 quidem
3557 4753 3608 4807 in

2027 4872 2186 4932 caput
2225 4861 2342 4931 ejus
2382 4868 2603 4929 propter
2630 4855 2877 4908 odiorum
2924 4848 3376 4920 perseverantiam
3421 4859 3610 4898 rursus

2027 4955 2203 5010 omnia
2232 4953 2490 5008 continuo
2520 4949 2777 5017 replicata
2808 4943 2976 4999 sunt?
3026 4943 3116 4997 Sic
3147 4957 3251 4994 non
3284 4937 3606 5007 impedimur

2024 5063 2052 5103 a
2084 5044 2334 5114 baptismi
2365 5044 2558 5112 gratia,
2580 5040 2864 5108 quominus
2892 5034 3071 5089 omnia
3100 5037 3316 5100 peccata
3345 5028 3601 5094 dimittat,

2026 5137 2189 5195 etiam
2221 5137 2265 5190 si
2295 5135 2474 5188 odium
2521 5131 2815 5184 fraternum
2856 5127 2909 5180 in
2958 5126 3077 5193 ejus
3113 5122 3198 5176 cui
3241 5118 3606 5183 dimittuntur,

2029 5229 2207 5283 animo
2247 5231 2576 5296 perseverat.
2629 5220 2869 5274 Solvitur
2899 5217 3042 5271 enim
3071 5215 3356 5270 hceternus
3384 5210 3522 5275 dies,
3550 5219 3602 5264 et

2027 5317 2280 5389 quidquid
2311 5321 2557 5383 superest
2583 5311 2830 5376 solvitur,
2861 5310 3022 5364 etiam
3052 5309 3164 5376 ipsa
3194 5306 3323 5360 hora
3356 5318 3602 5358 momen-

2030 5424 2248 5482 tumque
2277 5418 2400 5463 ante
2454 5417 2508 5460 et
2553 5407 2604 5459 in
2648 5404 2934 5474 baptismo.
2984 5401 3247 5469 Deinceps
3275 5407 3455 5453 autem
3484 5411 3606 5451 reus

2031 5503 2215 5573 incipit
2242 5502 2495 5556 continuo
2522 5497 2610 5570 (?),
2656 5512 2753 5551 nec
2782 5497 2952 5551 solum
2983 5491 3427 5564 consequentium
3448 5529 3463 5553 ,
3511 5487 3602 5543 sed

2028 5599 2187 5650 etiam
2214 5593 2602 5660 praeteritorum
2625 5589 2853 5651 dierum,
2879 5587 3154 5650 horarum,
3179 5591 3600 5650 momentorum,

2027 5687 2373 5744 redeuntibus
2399 5684 2646 5739 omnibus
2671 5697 2788 5751 qua:
2817 5680 3035 5750 dimissa
3060 5685 3204 5747 sunt.
3238 5675 3307 5738 Et
3333 5688 3478 5744 sape
3502 5673 3601 5729 ista

2031 5776 2427 5850 contingunt'in
2457 5774 2719 5848 Ecclesia.
