4096 6346
474 364 613 425 1443

1007 467 1285 529 HOMILIA
1323 465 1521 522 CXCII.

967 558 1019 599 IN
1060 555 1239 597 EADEI
1276 554 1548 595 DOMINICA.

549 645 614 700 In
640 642 729 698 ilio
756 645 976 709 tempore
1003 636 1132 690 dixit
1153 633 1311 688 Iesus
1332 627 1597 701 discipulis
1623 626 1730 681 suis
1754 621 2057 697 parabolatts

485 739 608 793 iam:
628 751 651 792 :
680 731 863 798 Simile
885 740 956 785 est
978 743 1189 799 regnum
1215 723 1459 779 caelorum
1489 719 1686 773 homini
1712 717 1838 786 regi,
1856 715 1944 787 qui
1966 716 2056 768 vos

480 830 571 886 iuit
590 827 838 880 rationem
859 835 1045 894 ponere
1068 833 1183 872 cum
1205 816 1359 870 servis
1382 814 1504 877 suis‘,
1522 807 1858 877 etc.(Matth.
1876 805 2055 875 xvm.)

550 918 793 974 Salvator
821 921 1024 976 noster,
1053 905 1417 969 dilectissimi,
1442 918 1561 959 cum
1593 898 1897 955 hominibus
1927 911 2056 952 con-

484 1012 837 1068 versationem
870 1006 1097 1069 bobus,
1147 1017 1253 1056 non
1295 1000 1465 1054 solum
1498 1004 1715 1065 peccata
1750 991 1919 1047 vitare
1961 1001 2058 1043 nos

482 1104 693 1166 docuit.
744 1100 839 1156 sed
881 1107 937 1159 et
977 1094 1209 1166 qualiter
1239 1109 1269 1155 ἢ
1301 1101 1455 1149 reatu
1484 1097 1821 1161 piscatorum
1854 1081 2056 1136 absolvi

483 1206 785 1266 W08.
836 1188 924 1257 ιιίο
972 1197 1027 1249 et
1069 1184 1303 1259 quodam
1348 1179 1551 1237 salubri
1582 1171 2061 1266 consilioinos‘in-

484 1262 699 1357 quirere
717 1278 944 1343 curavit.
971 1276 1074 1337 Est
1090 1284 1269 1335 autem
1288 1270 1568 1335 comitium
1591 1267 1707 1341 ejus
1732 1262 2061 1334 hujusmodi,

485 1386 546 1437 ut
570 1377 620 1439 si
642 1373 885 1435 volumus
910 1385 939 1429 a
968 1368 1161 1431 debitis
1189 1373 1527 1437 peccatorum
1555 1369 1858 1419 nostrorum
1879 1367 2062 1411 coram

491 1442 597 1521 Deo
627 1462 855 1527 absolvi,
892 1474 989 1515 nos
1019 1471 1229 1527 quoque
1256 1453 1555 1507 oiiensorcs
1591 1459 1805 1509 nostros
1832 1460 1862 1511 a
1890 1446 2065 1515 culpis

485 1560 683 1635 quibus
712 1570 837 1631 ergo
865 1568 965 1619 nos
994 1552 1074 1615 rei
1112 1556 1383 1613 tenentur.
1415 1544 1773 1635 absolvamus.
1824 1538 1931 1635 Ad-
1952 1538 2065 1593 hac

488 1632 671 1727 intem
698 1662 805 1721 non
830 1646 1009 1715 solum
1034 1640 1303 1717 frequenti
1332 1648 1641 1727 nostrorum
1669 1632 2064 1727 exhortatione,

488 1726 584 1798 se'd
615 1749 669 1795 et
693 1737 877 1808 operis
909 1734 1256 1803 exsecutione
1300 1746 1398 1791 nos
1428 1726 1653 1789 imitare
1680 1726 1928 1797 dignatus
1960 1731 2061 1785 est.

1253 351 1453 409 PAULI
1475 343 1767 405 1DlAC0Nl
1804 338 1961 399 OPP.
2006 337 2179 394 PARS
2226 337 2288 391 ll.
2334 366 2400 379 »ι-
2440 335 2796 393 ASCETlCA.

3586 338 3729 395 MM

1938 511 1979 547 μ
2070 459 2126 520 Α
2148 453 2438 510 debitorem
2467 452 2817 518 absolvenda,
2840 460 2890 507 et
2919 451 3093 523 justus
3124 450 3392 523 ingratum
3420 455 3720 530 puniendo,

2152 549 2401 617 quoniam
2427 558 2481 602 et
2503 545 2749 601 Christus
2781 545 2963 614 homo,
2989 553 3042 601 et
3070 559 3162 601 rex
3188 560 3398 616 regum,
3421 556 3479 604 et
3505 550 3736 615 multum

2151 643 2463 698 misericors
2492 638 2914 696 misericordiam
2949 638 3331 709 quaerentibus,
3364 648 3418 696 et
3439 641 3607 711 judex
3637 643 3736 699 dn-

2151 751 2242 791 rus
2271 734 2512 804 ingratis.
2569 734 2672 803 Qui
2711 733 2869 787 voluit
2911 743 3160 788 rationem
3201 749 3389 803 ponere
3428 749 3545 788 cum
3582 737 3727 794 servi;

2153 826 2278 889 suis.
2311 825 2444 881 Tres
2472 832 2599 881 sunt
2626 825 2764 880 servi
2797 825 2938 895 regis
2969 824 3164 892 nostri,
3195 839 3316 879 cum
3348 823 3543 896 quibus
3572 829 3727 885 ratio.

2158 932 2280 973 nem
2331 931 2527 987 ponere
2572 916 2733 971 habet
2761 916 2829 972 de
2856 916 3052 979 debitis
3095 917 3227 972 suis.
3280 916 3429 974 Unus
3474 927 3597 977 est.
3650 919 3742 991 qui

2158 1022 2427 1079 nunquam
2457 1023 2485 1062 a
2518 1008 2697 1063 debito
2728 1008 2932 1062 absolvi
2963 1008 3045 1063 vel
3087 1008 3319 1077 postulat
3346 1009 3429 1063 vel
3474 1018 3740 1065 meretur.

2159 1102 2328 1168 Alter,
2356 1100 2445 1171 qui
2471 1101 2537 1155 ad
2566 1109 2774 1171 tempus
2800 1099 3015 1170 quidem
3042 1100 3359 1167 absolvitur,
3383 1100 3476 1156 sed
3501 1101 3750 1174 ingratus

2161 1194 2408 1249 efficitur.
2455 1191 2689 1260 Tertius,
2725 1192 2813 1259 qui
2854 1200 2907 1245 et
2951 1189 3262 1259 absolvitur,
3314 1200 3367 1246 et
3405 1201 3588 1259 gratus
3622 1207 3745 1260 per-

2162 1295 2362 1343 manet.
2422 1286 2617 1342 Scrvus
2664 1284 2753 1355 qui
2803 1299 3073 1354 nunquam
3124 1299 3152 1337 a
3206 1284 3387 1339 debito
3426 1284 3749 1350 absolvitur,

2165 1381 2446 1435 universus
2489 1377 2784 1433 infidelium
2815 1388 2899 1432 est
2932 1377 3159 1446 ponulus
3185 1417 3199 1441 ,
3254 1379 3340 1445 qui
3392 1376 3753 1433 inaestimabili

2164 1468 2348 1523 debito
2372 1482 2554 1522 coram
2578 1467 2830 1522 Creatore
2860 1481 2959 1521 suo
2983 1467 3331 1530 constrictus,
3359 1467 3754 1523 absolutionem

2167 1573 2265 1613 nec
2299 1572 2529 1629 unquam
2562 1567 2819 1623 meretur,
2853 1572 2951 1612 nec
2988 1572 3222 1627 unquam
3252 1557 3489 1625 invenit,
3531 1558 3755 1627 jamque

2170 1666 2200 1705 a
2232 1651 2341 1705 Dco
2368 1650 2639 1721 judicatus
2670 1659 2771 1705 est.
2827 1649 2942 1705 Duo
2988 1650 3178 1719 reliqui
3221 1651 3364 1705 servi
3404 1650 3509 1705 duo
3554 1663 3754 1723 genera

2175 1741 2451 1798 hominum
2484 1753 2606 1796 sunt
2634 1742 2700 1796 ad
2738 1740 2895 1795 iidem
2938 1739 3190 1795 Ecclesiae
3219 1740 3575 1796 venientium.
3620 1739 3757 1795 Nam

494 1834 791 1890 Verborum
818 1827 1213 1895 exhortatione,
1238 1840 1357 1883 cum
1385 1825 1492 1879 alii
1530 1820 1799 1885 οίηίὶίῑίιεν
1825 1826 1869 1872 ει
1890 1816 2063 1872 άίηιίί·
2103 1826 2145 1888 Β
2174 1847 2295 1887 cum
2327 1832 2485 1887 electi
2516 1840 2570 1887 et
2600 1832 2813 1901 reprobi
2848 1831 3085 1901 quotldie
3128 1840 3469 1887 sacramenta
3498 1831 3758 1887 ecclesia-

492 1927 669 2001 temini
701 1923 852 1999 (Luc.
883 1922 983 1991 vi).
1033 1920 1103 1983 Et.
1130 1933 1340 1977 rursum
1368 1934 1379 1969 :
1414 1914 1540 1971 Cum
1570 1911 1767 1969 stabilis
1809 1909 1875 1969 ad
1915 1925 2069 1962 oran-

491 2019 653 2084 dum,
705 2014 980 2077 dimittite,
1031 2011 1076 2064 si
1126 2009 1251 2080 quid
1299 2006 1494 2059 habetis
1540 2006 1804 2057 adversum
1849 2002 2071 2071 aliquem

494 2110 684 2182 (Mare.
716 2107 812 2178 ιι).
857 2105 923 2158 Ει
950 2104 1145 2158 iterum
1174 2118 1185 2154 :
1223 2099 1287 2154 Si
1314 2097 1606 2151 dimiseritis
1639 2094 1926 2151 hominibus
1958 2109 2072 2159 pec.

492 2213 608 2267 cata
654 2215 861 2264 eorum,
914 2196 1133 2250 dimittet
1185 2201 1230 2247 et
1279 2191 1417 2245 vobis
1467 2187 1624 2243 Pater
1661 2200 1820 2243 vester
1864 2186 2075 2241 cwlestis

497 2300 717 2377 peccata
747 2300 911 2343 vestra
943 2283 1159 2358 (Matth.
1188 2288 1287 2353 vi).
1346 2283 1412 2345 Et
1442 2296 1562 2335 cum
1601 2279 2019 2347 interrogaretur
2048 2292 2075 2331 a

502 2368 685 2449 Petro,
731 2394 857 2445 num
891 2392 1062 2446 nsque
1092 2375 1290 2443 septies
1321 2370 1692 2427 dimittendum
1720 2378 1862 2423 esset
1892 2368 2077 2431 fratri,

502 2474 611 2543 ait:
646 2470 768 2537 Non
798 2470 914 2523 dico
945 2468 1033 2521 tibi
1060 2458 1263 2538 septies,
1290 2465 1377 2520 sed
1404 2478 1561 2537 usque
1592 2460 1872 2532 septuagies
1896 2460 2081 2527 septies

505 2553 722 2638 (Matth.
752 2561 923 2629 xvm).
959 2558 1147 2630 Operis
1176 2571 1389 2627 quoque
1421 2557 1767 2609 exsecutione
1796 2551 1993 2619 grande
2022 2564 2083 2604 ac

504 2652 853 2723 memorabile
884 2652 1041 2721 hujus
1065 2648 1142 2704 rei
1169 2646 1321 2702 nobis
1349 2645 1563 2715 reliquit
1586 2643 1913 2711 exemplum.
1947 2639 2083 2708 Quid

500 2745 643 2800 enim
678 2743 751 2798 ait
780 2757 900 2797 cum
930 2754 960 2796 a
988 2737 1395 2795 cruciﬂxoribus
1424 2736 1536 2790 suis
1567 2734 1785 2805 myrrha
1815 2741 2086 2802 potaretur

505 2844 561 2894 et
589 2835 732 2902 fcile,
776 2844 829 2889 et
859 2834 1229 2888 sublevaretur
1258 2829 1309 2883 in
1341 2826 1602 2883 crucem?
1656 2822 1835 2893 Pater,
1887 2824 2085 2878 dimitte

502 2929 639 2996 illis,
670 2928 791 3000 quia
818 2927 1046 2981 nesciunt
1076 2923 1200 2992 quid
1231 2924 1429 2994 faciunt
1458 2920 1608 2991 (Luc.
1639 2920 1822 2988 mn).
1855 2920 1953 2985 Ita,
1981 2918 2089 2972 fra-

505 3027 612 3075 tres
631 3059 648 3084 ,
695 3014 950 3073 Dominus
980 3016 1137 3072 Jesus
1164 3014 1410 3070 Christus
1440 3010 1611 3067 factus
1651 3020 1735 3066 est
1769 3011 1928 3066 nobis
1959 3012 2089 3066 sicut

504 3111 681 3184 aquila
711 3126 990 3183 provocans
1026 3109 1097 3163 ad
1134 3108 1411 3163 notandum
1454 3106 1625 3178 pullos
1653 3121 1771 3160 suos
1792 3145 1807 3170 ,
1852 3115 1899 3160 et
1935 3121 2091 3174 super

2172 1928 2302 1980 stica
2329 1925 2652 1995 suscipiunt,
2693 1924 2846 1980 simul
2877 1939 2995 1978 cum
3028 1924 3131 1979 illis
3160 1924 3213 1979 in
3265 1923 3520 1980 Ecclesiae
3551 1926 3759 1996 gremio

2174 2018 2499 2084 nutriuntur,
2556 2017 2652 2073 sed
2699 2017 2973 2072 adversari
3006 2017 3110 2077 illis
3157 2026 3215 2072 et
3261 2017 3538 2072 doloribus
3572 2016 3753 2073 multis

2175 2123 2270 2164 eos
2299 2107 2516 2164 afﬁcere
2549 2124 2652 2164 non
2680 2110 2954 2175 desinunt,
2986 2117 3038 2165 et
3062 2116 3300 2164 coarctat
3332 2109 3472 2164 Esau
3501 2108 3672 2171 Jacob
3703 2111 3757 2166 in

2180 2200 2479 2256 visceribus
2520 2201 2727 2256 matris.
2780 2202 2916 2256 Sunt
2944 2217 3071 2271 ergo
3103 2200 3153 2254 in
3187 2200 3425 2261 Ecclesia
3460 2202 3604 2261 servi
3635 2202 3762 2271 duo,

2183 2291 2357 2346 bonus
2389 2300 2443 2345 et
2473 2294 2677 2361 malus,
2726 2292 2928 2347 electus
2972 2300 3027 2345 et
3067 2292 3353 2361 reprobus.
3410 2290 3543 2345 Nam
3576 2293 3765 2350 tertius

2180 2382 2270 2437 κιο
2311 2382 2376 2436 de
2417 2396 2524 2453 quo
2565 2382 2829 2449 diximus,
2873 2382 3001 2437 foris
3041 2391 3144 2436 est.
3201 2380 3268 2435 Et
3311 2395 3501 2436 omnes
3548 2382 3764 2451 quidem

2181 2468 2329 2531 servi
2352 2486 2475 2530 sunt
2498 2476 2689 2531 summi
2718 2476 2877 2544 regis,
2902 2478 2989 2544 qui
3015 2476 3079 2529 ad
3107 2474 3205 2529 sibi
3234 2474 3581 2529 serviendum
3605 2487 3770 2543 seque

2184 2565 2509 2621 laudandum
2539 2580 2728 2620 omnes
2756 2567 2819 2618 ad
2859 2564 3141 2637 imaginem
3175 2578 3323 2619 suam
3356 2564 3632 2631 condidit,
3678 2563 3772 2619 sed

2184 2672 2214 2711 ε
2246 2657 2465 2713 servitio
2493 2657 2607 2726 ejus
2636 2657 2741 2712 duo
2771 2657 3051 2721 recedunt,
3084 2671 3220 2711 unus
3254 2664 3431 2709 autem
3465 2663 3768 2724 permanet.

2185 2748 2292 2806 Sed
2327 2752 2465 2820 quod
2498 2759 2581 2805 est
2611 2750 2845 2805 debitum
2894 2750 3038 2818 quod
3084 2749 3281 2806 debent
3329 2750 3524 2820 singuli
3557 2749 3774 2806 domino

2196 2842 2335 2896 suo?
2365 2840 2539 2896 Debiti
2568 2842 2784 2896 nomine
2814 2852 3089 2909 peccatum
3116 2838 3167 2894 in
3196 2840 3491 2909 Scripturis
3516 2839 3776 2909 appellari

2190 2947 2256 2990 ex
2306 2932 2408 2988 hoc
2459 2933 2840 3003 perpendimus
2886 2933 3028 3007 quod
3060 2933 3186 2988 du‘m
3215 2932 3494 2989 docuisset
3535 2931 3776 2987 Salvator

2190 3024 2269 3081 sic
2298 3025 2454 3080 nobis
2481 3024 2741 3080 orandum
2772 3037 2893 3079 esse
2919 3042 2931 3077 :
2969 3022 3180 3078 Dimitte
3207 3024 3349 3079 nobis
3380 3024 3550 3078 debita
3579 3032 3780 3091 nostra,

2192 3115 2321 3169 sicut
2354 3123 2400 3169 et
2426 3130 2517 3168 nos
2542 3113 2847 3168 dimittimus
2873 3113 3179 3168 debitoribus
3206 3113 3393 3167 nostris
3415 3112 3644 3184 (Matth.
3670 3112 3744 3181 vi)
3765 3155 3780 3179 ,

506 3177 590 3259 eos
620 3177 839 3258 uolitans
870 3201 1048 3268 (Deut.
1077 3200 1277 3269 xxx").
1306 3177 1496 3253 Parum
1526 3197 1603 3253 illi
1631 3197 1802 3253 visum
1846 3206 1929 3254 est
1958 3197 2086 3251 solis
2111 3177 2162 3243 θ
2192 3208 2368 3263 statim
2415 3216 2535 3277 post
2564 3222 2728 3277 pauca
2768 3205 3031 3276 subjecit:
3068 3190 3129 3262 Si
3168 3207 3305 3261 enim
3344 3177 3448 3259 non
3487 3177 3785 3259 dimiseriiis

507 3294 691 3351 verbis
724 3309 822 3349 nos
857 3304 1179 3363 provocasse
1219 3291 1283 3346 ad
1315 3288 1603 3345 velandum
1647 3302 1817 3357 usque
1862 3286 1928 3342 ad
1970 3301 2087 3342 eam

510 3386 893 3454 perfectionem
941 3397 1044 3455 qua
1094 3383 1389 3454 diliguntur
1438 3381 1643 3436 inimici
1696 3388 1749 3435 et
1796 3379 2091 3449 ignoscitur

512 3475 869 3540 debitoribus,
893 3473 997 3529 nisi
1019 3484 1072 3530 et
1092 3474 1145 3529 in
1169 3474 1348 3544 seipse
1370 3471 1608 3541 ejusdem
1634 3472 1707 3525 rei
1733 3470 1885 3524 nobis
1909 3484 2095 3524 exem-

516 3554 661 3638 plum
688 3545 1050 3635 ostendisset,
1099 3575 1153 3622 et
1197 3567 1346 3636 quasi
1379 3562 1609 3633 quodam
1654 3561 1869 3617 sublimi
1914 3562 2095 3617 volatu

519 3674 620 3715 suo
647 3658 719 3713 ad
744 3656 1060 3713 imitandum
1105 3670 1165 3713 se
1205 3670 1306 3711 nos
1333 3655 1632 3709 invitasset.
1687 3652 1845 3707 Certe
1891 3652 2096 3708 homini

521 3758 741 3806 sensato
770 3759 825 3804 et
856 3747 1123 3817 lapideum
1154 3760 1250 3802 cor
1273 3760 1379 3801 non
1413 3743 1631 3800 babenti
1657 3743 1830 3799 solum
1857 3742 1961 3799 hoc
1985 3742 2097 3799 suf-

521 3842 683 3899 ﬁcere
712 3841 940 3899 debebat
968 3841 1293 3911 exemplum,
1325 3839 1426 3894 etsi
1475 3839 1648 3894 omnis
1672 3836 1764 3892 illa
1813 3838 2097 3894 verborum

521 3932 823 3993 exhortatio
854 3933 1129 4004 praemissa
1172 3947 1281 3987 non
1314 3931 1523 3987 fuisset.
1581 3930 1645 3986 Et
1674 3931 1852 3988 verbis
1883 3931 2096 4001 quidem

524 4029 813 4099 aliquando
846 4026 1019 4098 planis
1051 4035 1103 4081 et
1133 4024 1430 4080 manifestis
1458 4023 1523 4079 ad
1552 4023 1687 4078 hanc
1716 4023 2099 4093 perfectionem

525 4137 625 4178 nos
654 4122 867 4188 invitat,
897 4120 1039 4191 qicut
1071 4118 1123 4173 in
1158 4115 1450 4186 praemissis
1482 4123 1624 4186 patet
1651 4116 1933 4184 exemplis.
1984 4115 2097 4169 Ali-

430 4204 439 4213 ”
523 4216 737 4286 quando
769 4229 897 4268 vero
927 4222 980 4267 et
1010 4210 1352 4281 parabolicis,
1405 4209 1541 4265 sicut
1572 4209 1623 4263 in
1654 4210 1930 4278 evangelio
1960 4208 2102 4279 quod

523 4320 635 4378 prae
668 4304 916 4360 manibus
948 4317 1087 4358 nunc
1114 4302 1395 4357 habemus.
1430 4300 1569 4355 Dicit
1595 4300 1738 4355 enim
1765 4316 1781 4353 :
1818 4298 2001 4355 Simile
2034 4308 2106 4355 est

520 4416 731 4471 regnum
760 4401 1023 4463 caelorum,
1053 4405 1159 4452 etc.
1212 4396 1314 4464 Qui
1353 4404 1478 4450 sunt
1519 4396 1641 4449 enati
1668 4434 1681 4456 ,
1735 4403 1789 4448 et
1832 4394 1985 4463 quod
2022 4404 2108 4449 est

515 4503 747 4560 regnum
770 4491 1057 4554 caelorum,
1083 4490 1223 4555 quod
1248 4484 1597 4539 assimilatum
1621 4492 1703 4537 εει
1727 4481 1932 4538 homini
1959 4485 2105 4554 regi?

524 4580 605 4646 Si,
637 4588 695 4634 ut
723 4580 795 4632 ait
823 4579 1121 4646 Scriptura,
1153 4577 1327 4631 anima
1357 4577 1494 4648 justi
1524 4575 1669 4629 sedes
1701 4585 1771 4629 est
1808 4574 1904 4630 Dei
1944 4576 2102 4646 (Sep.

525 4672 643 4744 vn),
678 4685 1017 4741 consequens
1045 4681 1129 4727 est
1158 4681 1214 4727 ut
1243 4671 1433 4724 animae
1474 4676 1786 4724 sanctorum
1821 4669 1943 4724 caeli
1973 4669 2103 4723 sint.

530 4764 637 4825 Sed
665 4772 719 4820 et
746 4764 974 4834 angelici
1007 4762 1227 4834 spiritus
1257 4762 1378 4817 εωιί
1409 4760 1684 4830 dicuntur,
1731 4776 1867 4830 quos
1896 4759 1962 4814 ad
1994 4760 2108 4813 lau-

529 4857 647 4916 dem
674 4856 768 4912 Dei
798 4857 987 4911 invitat
1013 4855 1313 4923 Psalmista,
1340 4854 1557 4909 dicens:
1586 4853 1821 4907 Laudato
1849 4867 1963 4905 sum
1991 4852 2109 4906 ccli

528 4953 769 5006 culorum
798 4948 969 5022 (Psal.
998 4950 1240 5018 csum).
1294 4947 1539 5019 Regnum
1584 4946 1845 5001 calorum
1871 4982 1887 5009 ,
1933 4941 1987 4996 id
2029 4951 2112 4997 est

530 5043 807 5099 beatorum
836 5042 1105 5111 omnium,
1145 5040 1271 5112 quid
1302 5048 1385 5097 est
1426 5040 1528 5093 nisi
1552 5039 1657 5092 vita
1691 5045 1889 5090 aeterna
1914 5035 1940 5087 ‘?
1987 5033 2106 5089 Vita

532 5142 707 5190 autem
741 5144 937 5188 interna
964 5130 1217 5187 Christus
1244 5141 1359 5197 est,
1397 5128 1485 5199 qui
1524 5128 1635 5181 ait:
1681 5125 1793 5195 Ego
1834 5141 1946 5179 sum
1987 5126 2069 5178 eia
2093 5166 2107 5191 ,

536 5226 715 5286 mites
736 5232 781 5276 et
801 5224 905 5277 vita
920 5221 1105 5296 (form.
1122 5222 1260 5292 κη).
1288 5222 1405 5289 ipse
1430 5221 1610 5288 utique
1636 5224 1775 5271 terra
1796 5215 2106 5283 viventium,

535 5316 819 5374 haereditas
840 5327 1169 5371 sanctorum.
1194 5315 1317 5383 ipse
1333 5312 1606 5382 paradisus
1628 5310 1937 5379 voluptatis,
1963 5308 2111 5363 locus

534 5412 801 5481 spatiosus
840 5411 893 5463 in
935 5414 1051 5476 quo
1079 5407 1331 5461 statuitur
1360 5417 1453 5473 pes
1481 5403 1743 5456 ﬁdelium.
1793 5401 1908 5471 Ipse
1936 5409 1990 5456 et
2016 5408 2112 5456 rex

534 5511 589 5559 et
620 5517 840 5572 regnum
870 5507 1203 5562 sanctorum,
1237 5497 1288 5551 in
1320 5511 1443 5565 quo,
1479 5510 1600 5549 cum
1632 5509 1735 5564 quo
1761 5504 1814 5552 et
1842 5509 1937 5563 per
1958 5508 2117 5563 quem

537 5604 762 5666 regnant
785 5608 971 5649 omnes
994 5591 1170 5649 electi.
1204 5588 1449 5662 Regnum
1480 5589 1655 5659 itaque
1684 5589 1943 5645 caelorum
1964 5588 2117 5643 Citrio

539 5700 652 5745 stus
678 5696 782 5743 est.
834 5684 975 5741 Bene
1013 5693 1190 5740 autem
1220 5682 1325 5738 hoc
1355 5696 1573 5753 regnum
1607 5682 1867 5737 ctclorum
1898 5694 2116 5751 compa-

522 5788 689 5835 .ratur
716 5778 920 5835 homini
958 5778 1107 5849 regi,
1160 5775 1251 5848 qui
1302 5776 1610 5833 misericors
1652 5789 1770 5834 esse
1815 5773 2122 5845 perhibetur

2195 3299 2482 3353 hominibus
2530 3309 2735 3367 peccata
2794 3314 2965 3352 eorum
2988 3341 3002 3364 ,
3054 3315 3144 3352 nec
3182 3296 3341 3352 Pater
3379 3307 3540 3353 uester
3578 3298 3786 3352 caeiestis

2194 3390 2414 3444 dimittet
2435 3390 2588 3444 vobis
2610 3398 2824 3458 peccata
2846 3399 3034 3443 vestra.
3068 3388 3181 3445 Hoc
3204 3400 3381 3445 autem
3406 3388 3593 3445 debito
3616 3390 3789 3443 omnis

2196 3482 2359 3538 homo
2398 3481 2662 3551 obligatus
2702 3492 2784 3537 est
2823 3482 2954 3539 Deo.
3010 3482 3209 3537 Omnes
3249 3484 3395 3539 enim
3449 3485 3503 3537 in
3554 3482 3789 3559 peccatis

2194 3574 2638 3643 concipimur,,et
2674 3576 2724 3629 in
2759 3577 2991 3644 peccatis
3019 3576 3313 3640 nascimur,
3356 3584 3413 3630 et
3455 3575 3509 3631 in
3553 3576 3789 3645 peccatis

2197 3667 2341 3721 omni
2373 3675 2613 3736 tempore
2643 3666 2893 3721 vivimus.
2948 3665 3103 3721 Ponit
3147 3676 3325 3721 autem
3370 3666 3629 3720 rationem
3658 3678 3784 3719 cum

2199 3758 2369 3813 servis
2397 3758 2509 3812 suis
2541 3756 2821 3822 Dominus,
2848 3757 3061 3827 quando
3097 3770 3190 3825 per
3222 3769 3317 3811 ora
3351 3755 3787 3825 prmdlcatorum,

2200 3848 2319 3904 sive
2345 3847 2505 3903 etiam
2537 3862 2635 3917 per
2663 3847 2928 3902 occultam
2960 3846 3399 3917 inspiratlnncm,
3442 3846 3631 3919 culpas
3660 3858 3790 3915 quo-

2200 3941 2454 3997 rumlibet
2481 3940 2904 4010 delinquentium
2938 3938 3246 4008 redarguit,
3278 3947 3331 3993 ct
3359 3936 3783 3993 satisfactionem

2202 4034 2268 4089 de
2299 4036 2532 4102 peccatis
2564 4032 2747 4101 exigit.
2806 4031 2971 4086 Audit
2999 4046 3185 4086 servus
3215 4029 3306 4085 ille
3334 4028 3571 4085 inﬁdelis
3596 4068 3616 4099 ,
3659 4042 3788 4085 con-

2206 4127 2436 4192 temnit,
2492 4126 2772 4181 induratur
2819 4127 2883 4179 ad
2935 4125 3391 4196 increpationem,
3432 4126 3649 4179 veniam
3696 4136 3793 4179 nec

2206 4217 2417 4284 quaerit,
2448 4230 2543 4272 nec
2567 4215 2791 4278 invenit,
2815 4216 2907 4271 sed
2939 4216 3224 4270 damnatur
3248 4216 3301 4271 in
3328 4211 3655 4272 infidelitate
3676 4229 3790 4270 sua.

2210 4306 2373 4361 Audit
2405 4323 2593 4362 servus
2642 4310 2884 4373 electus,
2930 4308 3334 4378 compungitur,
3383 4307 3682 4373 satisfecit,
3730 4304 3793 4360 de

2211 4399 2447 4467 peccatis
2491 4399 2809 4465 absolvitur,
2863 4406 2918 4453 et
2968 4407 3245 4467 permanet
3294 4408 3521 4477 gratus,
3574 4398 3699 4468 quia
3745 4404 3797 4451 et

2210 4491 2643 4560 deiinquentihus
2674 4490 2725 4545 in
2757 4505 2817 4545 se
2843 4491 3123 4545 conservis
3147 4490 3256 4543 suis
3288 4488 3520 4544 libenter
3543 4488 3797 4558 ignoscit.

2211 4584 2349 4653 Quid
2380 4594 2557 4638 autem
2590 4590 2711 4654 agat
2756 4583 2847 4639 ille
2889 4597 3077 4639 servus
3104 4581 3403 4651 reprobus,
3450 4580 3541 4651 qui
3584 4581 3800 4650 quidem

2211 4691 2342 4733 cum
2373 4674 2561 4731 eiectis
2592 4676 2657 4729 ad
2692 4685 2903 4745 tempus
2934 4677 2983 4730 in
3020 4674 3254 4729 Ecclesia
3287 4684 3670 4743 conversatur,
3709 4690 3803 4730 au-

2212 4768 2422 4822 diamus
2455 4783 2520 4821 ex
2550 4766 2727 4821 verbis
2760 4767 3082 4837 evangelicae
3112 4766 3395 4833 lectionis;
3446 4767 3493 4822 is
3535 4769 3683 4822 enim
3728 4777 3807 4822 est

2213 4858 2281 4911 de
2306 4872 2414 4927 quo
2442 4856 2679 4913 dicitur:
2716 4857 2930 4911 Oblatas
2974 4866 3045 4911 est
3086 4873 3220 4910 unus
3262 4859 3350 4928 qui
3392 4855 3606 4911 debebat
3634 4859 3807 4912 decent

2216 4948 2385 5002 millia
2415 4946 2631 5001 talenta.
2662 4947 2883 5001 Debiior
2913 4946 3143 5016 plurium
3174 4948 3496 5002 talentorum
3528 4958 3609 5003 est
3643 4948 3809 5008 homo

2222 5038 2513 5092 multorum
2544 5036 2901 5091 criminaiium
2930 5042 3269 5106 peccatorum
3300 5052 3447 5105 reus,
3472 5038 3654 5107 qualia
3684 5047 3809 5094 sunt

2224 5130 2566 5195 adulterium,
2594 5130 2961 5195 homicidium,
2989 5130 3347 5200 sacrilegium,
3375 5129 3601 5196 furtum,
3626 5131 3811 5201 periu-

2220 5221 2379 5286 rium,
2408 5222 2615 5289 rapina,
2646 5221 2918 5274 autetiam
2949 5219 3237 5274 infidelitas
3265 5228 3321 5275 et
3343 5220 3563 5275 similia.
3595 5218 3813 5276 Tale-nti

2226 5319 2405 5366 autem
2428 5310 2643 5364 nomine
2668 5318 2789 5379 apte
2815 5311 3162 5380 designantur
3182 5326 3301 5381 qua:
3327 5309 3637 5381 huiusmodi
3658 5322 3813 5377 sunt,

2226 5415 2324 5472 pro
2355 5416 2420 5456 eo
2447 5399 2590 5471 quod
2624 5402 2741 5455 iliBC
2770 5403 3085 5470 gravissima
3118 5410 3274 5467 sunt,
3319 5401 3457 5455 sicut
3495 5401 3602 5456 hoc
3642 5415 3816 5470 genus

2223 5494 2476 5563 ponderis
2518 5494 2659 5548 inter
2686 5501 2880 5548 czetera
2912 5494 3149 5563 pondera
3181 5510 3299 5565 qua:
3328 5494 3487 5549 certis
3518 5508 3817 5563 nuncupa-

2224 5585 2455 5641 tionibus
2484 5584 2904 5655 distinguuntur,
2935 5587 3311 5657 gravissimum
3341 5596 3444 5643 est.
3489 5585 3649 5644 Unde
3674 5597 3733 5643 et
3765 5587 3814 5641 in

2224 5677 2475 5733 Zacharia
2510 5678 2770 5748 prottheta
2805 5680 2987 5734 talenti
3031 5680 3247 5735 nomine
3280 5680 3523 5746 impietas
3557 5676 3817 5749 designs~

2227 5778 2333 5843 tur,
2368 5785 2488 5832 cum
2519 5771 2752 5831 dicitur:
2799 5771 2866 5828 Et
2903 5774 3038 5841 vidi,
3083 5780 3130 5829 et
3172 5788 3282 5831 ecce
3323 5772 3575 5829 talentum
3614 5770 3819 5842 plumbi
