4096 6346
538 371 670 429 1447

1391 348 1594 410 psum
1633 342 1904 406 mscoru
1942 341 2092 398 ore.
2130 336 2310 395 rans
2347 335 2417 392 ll.
2453 365 2526 381 —
2562 307 2929 391 ASCETICA.

3641 320 3790 380 1H8

537 501 694 544 unum
719 498 781 539 ea:
798 476 1050 536 conservis
1077 473 1182 529 suis
1212 472 1298 542 qui
1327 469 1532 523 debebat
1552 467 1594 520 ei
1608 472 1806 519 emtum
1835 458 2093 513 denarios.
2123 454 2180 517 Α
2203 449 2390 506 Omnes
2421 449 2639 520 justitite
2681 449 2794 518 ejus
2839 459 2964 514 quas
3005 443 3219 544 fecerat,
3249 452 3351 544 non
3379 432 3793 544 recordabuntur

536 581 706 635 Omne
744 574 976 629 debitum
1019 581 1127 636 quo
1176 567 1335 618 homo
1379 549 1601 613 homini.
1627 554 1849 624 obligari
1899 557 2103 620 potest,

539 669 687 740 parvi
719 662 973 736 ponderis
995 669 1078 715 est
1101 665 1349 724 respectu
1375 653 1490 720 ejus
1517 664 1621 719 quo
1645 662 1767 716 erga
1795 645 1960 699 Deum
1984 655 2107 740 reus

541 734 770 825 tenetur,
793 772 856 812 ac
884 755 931 809 si
957 754 1140 808 decem
1170 747 1404 803 millibus
1429 744 1745 798 talentorum
1774 746 1983 793 centum
2012 734 2108 788 de-

538 851 671 908 narii
697 852 1092 916 comparentur.
1137 840 1198 894 Et
1227 848 1402 891 tenens
1435 833 1716 900 su/focabat
1736 845 1874 893 eum,
1893 827 2066 879 dicens
2087 839 2108 878 :

541 943 718 1000 Redde
743 939 878 1010 quod
909 937 1076 990 debes.
1124 931 1190 984 Et
1229 928 1500 999 procidens
1541 939 1711 978 smus
1752 919 1860 986 ille,
1894 916 2107 987 rogabat

536 1053 674 1100 eum,
705 1009 872 1086 dicens
894 1043 912 1083 :
946 1024 1252 1080 Patientiam
1279 1021 1405 1073 habe
1429 1019 1480 1071 in
1507 1032 1604 1081 me,
1631 1023 1677 1070 et
1703 1013 1873 1067 omnia
1898 1009 2107 1063 reddam

539 1127 649 1182 tibi.
682 1123 784 1178 llic
812 1131 982 1174 autem
1014 1116 1198 1182 noluit,
1229 1114 1317 1167 sed
1347 1111 1518 1164 abiens
1546 1108 1682 1161 misit
1711 1121 1824 1160 eum
1848 1103 1904 1156 in
1930 1115 2108 1155 carce-

538 1235 645 1272 rem
671 1226 930 1282 quousque
956 1208 1186 1262 redderet
1224 1204 1517 1258 universum
1555 1197 1802 1251 debitum.
1858 1193 1915 1247 In
1944 1190 2110 1245 verbo

541 1305 836 1367 sun‘ocaudi
878 1300 1108 1372 superba
1154 1293 1528 1365 et'tyrannica
1570 1287 1736 1343 debiti
1779 1283 1986 1341 exactio
2014 1295 2112 1336 no-

541 1411 707 1464 tatur,
749 1409 868 1468 quae
920 1393 979 1447 fit
1027 1404 1147 1446 cum
1194 1387 1280 1442 vel
1331 1399 1426 1454 per
1466 1384 1574 1436 vlm
1617 1379 1702 1433 vel
1759 1392 1854 1446 per
1897 1388 2113 1443 asperas

540 1490 934 1565 objurgationes
956 1484 1168 1539 debitor
1192 1481 1266 1536 ita
1308 1475 1648 1546 opprimitur,
1678 1480 1730 1526 et
1752 1468 1912 1565 quasi
1931 1477 2112 1565 stran-

540 1558 775 1656 gulatur,
820 1588 877 1634 ut
917 1578 1002 1632 vix
1046 1567 1405 1643 respondendi
1446 1573 1537 1620 aut
1575 1559 1860 1618 excusandi
1892 1558 2115 1612 faculta-

543 1652 649 1734 tem
685 1674 851 1745 possit
893 1671 1109 1725 habere.
1154 1668 1209 1722 In
1251 1675 1523 1719 carcerem
1561 1674 1688 1713 vero
1713 1655 1960 1720 mittitur,
1989 1652 2115 1707 dum

540 1744 721 1826 coram
760 1763 939 1836 judice
979 1760 1248 1820 statuitur,
1294 1770 1356 1810 ac
1397 1768 1494 1823 per
1529 1750 1825 1805 districtam
1849 1744 2114 1816 justitiam

2217 543 2429 613 (Ezech.
2454 542 2624 609 xvm).
2663 539 2718 593 Si
2748 539 2889 593 enim
2930 551 3118 592 omnes
3155 533 3374 603 iustitia:
3417 546 3549 602 quas
3579 524 3793 588 fecit'in

2216 635 2541 690 oblivionem
2586 632 2875 695 ducuntur,
2904 643 3030 699 ergo
3072 636 3125 682 et
3167 626 3478 695 paenitentia
3503 639 3665 694 quam
3694 638 3792 693 pro

2217 726 2452 796 peccatis
2491 723 2731 780 exhibuit
2772 721 2827 776 in
2867 719 3095 773 nihilum
3132 716 3428 786 reputanda
3454 725 3558 770 est.
3606 714 3795 769 Restat

2216 821 2374 888 igitur
2412 819 2478 874 ad
2521 833 2731 889 pmnam
2772 816 3014 872 revocari
3057 822 3271 884 peccata
3316 827 3414 881 pro
3459 811 3650 880 quibus
3681 826 3795 880 pm-

2217 909 2438 964 nitentia
2486 907 2720 963 exhibita
2769 906 2980 971 fuerat,
3038 919 3160 958 cum
3211 903 3340 957 nihil
3383 901 3492 971 jam
3538 901 3610 955 sit
3655 902 3796 971 quod

2217 1000 2303 1054 illa
2327 1006 2571 1067 excuset.
2613 996 2720 1052 Sed
2756 996 2893 1050 forte
2919 995 3109 1064 quaerit
3145 993 3337 1062 aliquis
3371 992 3642 1062 quomodo
3671 1006 3797 1060 pec-

2217 1100 2390 1146 catum
2431 1089 2572 1159 quod
2609 1091 2894 1158 imputatur
2935 1085 3203 1154 peccaturi
3236 1083 3301 1138 ad
3341 1099 3582 1153 poenam,
3605 1085 3798 1138 remis-

2217 1197 2331 1237 sum
2377 1183 2470 1234 fuit
2509 1182 2559 1236 ei
2604 1182 2654 1234 in
2697 1179 2962 1250 baptismo
3003 1179 3067 1233 ad
3110 1177 3505 1246 paenitentiam.
3548 1177 3630 1231 Ad
3657 1175 3800 1245 quod

2218 1273 2445 1328 dicimus
2500 1267 2785 1342 quoniam'
2818 1285 2884 1326 eo
2953 1279 3200 1340 tempore
3256 1268 3312 1324 in
3363 1269 3458 1324 tali
3513 1277 3660 1322 statu
3709 1282 3805 1337 per

2217 1363 2442 1433 gratiam
2485 1361 2695 1417 Domini
2735 1360 3058 1416 constitutus
3098 1358 3293 1425 fuerat,
3338 1359 3391 1414 in
3433 1373 3542 1430 quo
3587 1359 3633 1413 si
3682 1373 3804 1427 per-

2219 1453 2507 1507 mansisset
2547 1464 2884 1520 nequaquam
2912 1451 2959 1506 ei
2989 1450 3258 1519 prmterita
3304 1459 3526 1520 peccata
3554 1449 3804 1503 nocitura

2220 1542 2483 1597 fuissent:
2531 1540 2671 1612 quod
2717 1542 2900 1611 utique
2940 1541 3091 1595 fuit'a
3115 1541 3354 1610 peccatis
3396 1554 3517 1596 esse
3539 1540 3804 1595 solutum.

2221 1634 2356 1699 Quid
2401 1648 2567 1701 ergo,
2615 1631 2845 1699 fratres,
2898 1631 3140 1686 dicemus
3188 1630 3256 1684 ad
3303 1631 3454 1686 hoc?
3518 1631 3803 1686 Horrenda

2223 1727 2380 1796 plane
2417 1734 2473 1782 et
2509 1741 2667 1792 supra
2696 1725 2911 1779 modum
2947 1725 3183 1780 timenda
3223 1733 3307 1778 est
3345 1724 3610 1779 sententia
3637 1737 3801 1792 quam

545 1815 779 1926 undiqut;
820 1861 1142 1916 coarctatur,
1170 1857 1226 1903 ut
1251 1847 1428 1902 nullus
1469 1841 1729 1898 evadendi
1770 1839 1918 1894 locus
1958 1837 2120 1892 relin-

2230 1818 2464 1872 audistis.
2513 1817 2684 1886 Quid,
2731 1817 2977 1883 obsecro,
3023 1817 3267 1887 proderit
3308 1817 3462 1870 nobis
3507 1815 3803 1883 baptizatos

542 1961 756 2020 quatur.
785 1947 1027 2003 Videntes
1047 1952 1216 2002 autem
1242 1938 1469 1995 conservi
1493 1940 1603 2006 ejus
1628 1948 1744 2003 qua:
1769 1933 1979 2001 ﬁebant,
2006 1938 2117 1984 etc.

543 2039 796 2096 Conservi
849 2039 1015 2092 nostri
1063 2035 1150 2102 qui
1207 2031 1594 2087 contristantur
1634 2040 1796 2094 super
1843 2022 2120 2091 iniquitate

545 2141 752 2196 nostra,
796 2136 850 2183 et
880 2126 1103 2181 Domino
1134 2138 1250 2178 eam
1277 2118 1628 2183 annuntiant,
1670 2113 1799 2184 justi
1836 2111 1938 2166 viri
1975 2118 2121 2176 sunt,

552 2223 643 2293 qui
687 2219 802 2274 zelo
837 2215 1057 2285 justitiae
1081 2210 1312 2274 accensi,
1354 2209 1479 2263 dum
1521 2206 1872 2261 enormitates
1913 2207 2122 2255 nostras

550 2311 821 2378 corrigere
860 2321 965 2360 non
1006 2305 1203 2364 valent,
1248 2299 1315 2353 ad
1355 2299 1521 2352 Deum
1566 2293 1863 2362 suspirant,
1909 2299 1964 2345 et
2002 2303 2121 2344 cor-

551 2401 848 2458 rectionem
893 2403 1128 2450 nostram
1172 2392 1247 2445 illi
1290 2387 1655 2444 committunt.
1707 2382 1812 2438 Sed
1857 2390 1912 2437 et
1951 2379 2124 2450 angeli

549 2491 648 2546 Dei
710 2485 954 2544 conservi
1009 2482 1177 2537 nostri
1235 2481 1508 2544 dicuntur,
1551 2475 1642 2545 qui
1687 2487 1902 2543 semper
1940 2472 2126 2526 vident

555 2579 749 2636 faciem
791 2575 993 2640 Patris,
1035 2581 1091 2628 et
1127 2569 1306 2626 omnia
1348 2578 1526 2623 nostra
1567 2567 1857 2631 intuentes,
1900 2577 1952 2616 tn
1997 2576 2125 2616 con-

555 2678 744 2741 spectu
785 2667 878 2722 Dei
911 2665 1118 2735 singula
1166 2661 1503 2716 annuntiant.
1565 2656 1714 2712 Tunc
1762 2656 1956 2710 vocavit
2007 2670 2123 2708 euiss

548 2762 789 2817 dominus
812 2775 957 2822 suus,
991 2766 1101 2812 etc.
1147 2756 1346 2810 Servus
1375 2765 1603 2818 nequam
1639 2749 1707 2806 de
1746 2748 2126 2818 ingratitudine

546 2849 866 2925 iudicandus
905 2865 936 2903 a
981 2847 1206 2903 Domino
1247 2854 1486 2910 vocatur,
1531 2851 1586 2898 et
1629 2839 1919 2896 tortoribus
1961 2838 2124 2893 tradi-

550 2956 659 3012 tur,
700 2957 825 2999 cum
862 2941 929 2996 de
968 2939 1070 2995 hac
1111 2940 1218 2992 vita
1259 2953 1354 3006 per
1394 2944 1623 2989 mortem
1671 2933 1895 3002 rapitur,
1939 2941 1993 2986 et
2033 2945 2127 2999 po-

551 3037 737 3094 testati
766 3034 1125 3106 pessimorum
1149 3031 1430 3100 spirituum
1465 3026 1793 3097 torquendus
1822 3024 2122 3094 subjicitur.

550 3129 818 3194 Tradidit,
859 3127 1060 3195 inquit,
1099 3140 1212 3179 eum
1245 3123 1551 3186 tortoribus,
1591 3135 1856 3190 quousque
1889 3118 2125 3172 redderet

2221 1924 2363 1975 esse,
2408 1911 2614 1963 animas
2656 1918 2866 1964 nostras
2907 1909 3102 1975 saepius
3147 1907 3401 1963 amisisse
3440 1909 3686 1977 jejuniis,
3726 1909 3803 1962 vi-

2219 1999 2357 2070 giliis
2395 2008 2448 2053 ct
2488 1998 2698 2054 caeteris
2739 1999 2990 2067 operibus
3033 2000 3384 2069 poenitentiae,
3428 2000 3807 2068 eleemosynas

2221 2104 2434 2161 quoque
2479 2090 2799 2158 pauperibus
2838 2090 3196 2157 distribuisse,
3226 2100 3285 2145 ut
3310 2090 3689 2146 remissionem
3721 2105 3810 2146 ac-

2226 2187 2527 2256 ciperemus
2567 2194 2905 2256 peccatorum
2932 2225 2948 2249 ,
2993 2185 3038 2238 si
3081 2193 3299 2255 peccata
3340 2193 3524 2239 nostra
3565 2198 3690 2254 qua:
3727 2185 3809 2238 his

2223 2277 2478 2333 remediis
2521 2277 2634 2347 jam
2678 2276 2832 2332 nobis
2879 2291 2909 2329 a
2955 2275 3066 2332 Deo
3107 2274 3327 2330 dimissa
3373 2283 3538 2344 sunt,
3607 2275 3806 2329 iterum

2225 2372 2486 2441 pravitate
2515 2379 2697 2424 nostra
2743 2369 2997 2424 adversus
3039 2369 3399 2438 nosmetipsos
3438 2367 3808 2423 suscitamusr

2224 2465 2361 2534 Quid
2395 2465 2617 2534 prodest
2662 2465 2939 2520 vulnerato
2977 2464 3187 2534 plagam
3228 2479 3469 2528 sanasse,
3516 2464 3562 2517 si
3589 2464 3806 2532 prepria

2226 2557 2547 2627 negligentia
2589 2557 2895 2612 cicatricem
2939 2565 3270 2624 corrumpat,
3303 2569 3365 2609 ac
3400 2554 3580 2609 denuo
3615 2555 3808 2610 vulnus

2228 2647 2551 2716 aperiatur?
2596 2647 2759 2702 Plane
2794 2648 2944 2717 juxta
2987 2660 3289 2701 sermonem
3332 2646 3569 2712 Domini,
3611 2657 3667 2702 et
3711 2646 3810 2702 Pa-

2227 2746 2370 2792 trum
2413 2739 2760 2802 assertiones,
2803 2737 3018 2793 vulnera
3061 2749 3241 2793 nostra
3284 2753 3314 2792 a
3350 2738 3562 2794 caelesti
3603 2740 3813 2794 medico

2230 2830 2339 2898 jam
2381 2841 2566 2884 sanata
2594 2870 2610 2898 ,
2653 2828 2904 2885 videlicet
2944 2839 3162 2899 peccata
3199 2828 3308 2898 jam
3351 2829 3506 2885 nobis
3551 2830 3771 2884 dimissa
3797 2874 3812 2897 ,

2238 2920 2291 2973 in
2336 2929 2570 2975 nostram
2617 2919 2910 2989 perniciem
2955 2921 3294 2986 suscitamus,
3328 2919 3400 2975 ita
3440 2929 3500 2975 ut
3542 2921 3594 2974 in
3635 2921 3813 2974 futuro

2229 3015 2481 3068 examine
2507 3013 2716 3083 singula
2745 3013 3036 3068 cruciatum
3082 3028 3234 3068 suum
3283 3015 3438 3068 nobis
3478 3013 3732 3080 inferant,
3762 3015 3811 3068 si

2229 3106 2407 3160 odium
2454 3121 2578 3175 erga
2625 3105 2896 3161 debitores
2941 3113 3155 3161 nostros
3196 3105 3463 3174 gerimus,
3509 3106 3556 3160 si
3600 3106 3811 3160 veniam

552 3183 842 3277 universum
867 3183 1106 3272 debitum.
1160 3215 1248 3270 Sic
1286 3225 1333 3268 et
1372 3213 1534 3267 Pater
1562 3183 1703 3265 uicus
1733 3183 1948 3263 eruatis
1977 3207 2131 3277 faciet

2235 3196 2552 3251 delictorum
2597 3195 2989 3265 postulantibus
3027 3195 3294 3251 obstinate
3337 3206 3391 3251 et
3432 3197 3818 3252 immisericor-

552 3313 712 3376 satis,
740 3310 784 3364 si
811 3325 912 3363 non
938 3306 1233 3362 remiseritis
1266 3306 1614 3375 unusquisque
1641 3302 1792 3371 fratri
1817 3315 1909 3354 suo
1933 3301 1997 3355 de
2022 3315 2135 3352 cor-

553 3401 705 3455 dibus
731 3401 930 3454 vestris.
973 3395 1329 3451 Formidanda
1367 3395 1591 3449 nimium
1630 3403 1684 3447 et
1723 3392 1950 3445 horrore
1976 3391 2133 3459 plena

555 3493 818 3550 sententia
865 3492 916 3546 in
963 3490 1067 3545 boc
1113 3490 1232 3544 loco
1262 3528 1278 3554 ,
1334 3487 1570 3553 fratres,
1627 3484 1780 3539 nobis
1837 3481 2132 3549 intimatur,

555 3584 801 3640 videlicet
840 3585 978 3654 quod
1025 3584 1069 3637 si
1108 3578 1564 3637 imtnisericordes
1604 3575 1967 3630 exstiterimus
2009 3587 2133 3642 erga

557 3676 828 3732 debitores
871 3684 1105 3745 nostros,
1141 3689 1248 3728 non
1287 3670 1459 3727 solum
1502 3683 1566 3723 ea
1609 3675 1825 3736 peccata
1868 3680 1986 3736 qua:
2014 3672 2136 3734 post

562 3767 930 3822 remissionem
973 3765 1372 3825 commisimus,
1416 3760 1512 3815 sed
1552 3766 1607 3814 et
1650 3773 1714 3813 ea
1757 3771 1876 3828 qua:
1915 3754 2000 3810 vel
2043 3769 2137 3822 per

563 3859 923 3929 baptismum,
987 3859 1102 3914 sive
1158 3873 1255 3928 per
1304 3851 1667 3924 pmnitentiam
1716 3849 1870 3906 nobis
1920 3848 2134 3903 dimissa

559 3959 704 4017 sunt,
745 3952 796 4004 in
835 3949 989 4006 nobis
1022 3961 1143 4004 esse
1177 3943 1466 4015 punienda.
1515 3942 1665 3998 Unde
1702 3940 1915 4010 quidam
1944 3954 2011 3993 ex
2038 3938 2137 3991 Pa-

562 4041 730 4097 tribus
773 4043 886 4096 ait:
918 4061 936 4093 ι
967 4039 1068 4108 Qui
1099 4037 1264 4093 divini
1303 4036 1503 4090 oblitus
1537 4032 1812 4096 beneficii,
1859 4045 1985 4085 suas
2026 4030 2139 4085 vult

564 4132 837 4187 vindicare
877 4130 1132 4200 injurias,
1192 4143 1295 4182 non
1341 4125 1513 4181 solum
1553 4124 1620 4179 de
1664 4121 1858 4177 futuris
1901 4120 2138 4190 peccatis

563 4222 776 4280 veniam
805 4237 912 4278 non
942 4229 1197 4284 meretur,
1243 4217 1338 4273 sed
1371 4215 1533 4272 etiam
1576 4213 1845 4285 praeterita
1885 4225 2006 4280 quae
2034 4210 2137 4265 sibi

562 4315 787 4371 dimissa
837 4313 1128 4377 credebat,
1187 4309 1253 4364 ad
1307 4309 1595 4364 vindictam
1642 4305 2062 4375 replicabuntur.
2111 4320 2131 4355 ι

561 4407 707 4463 Idem
745 4419 931 4460 rursus
971 4403 1081 4459 alt:
1113 4420 1133 4455 ι
1165 4402 1445 4458 Peccatum
1484 4397 1627 4468 quod
1664 4411 1732 4450 ex
1765 4395 1935 4451 Adam
1977 4392 2139 4449 trahi-

563 4497 1063 4566 tur,-temporaliter
1104 4493 1368 4557 redditur,
1403 4490 1526 4560 quia
1564 4501 1756 4543 omnes
1793 4493 2012 4556 propter
2035 4487 2136 4540 hoc

563 4590 887 4654 moriuntur,
930 4602 1034 4642 non
1076 4595 1253 4642 autem
1293 4585 1346 4639 in
1383 4592 1643 4638 reternum
1671 4580 1749 4634 eis
1775 4579 1863 4649 qui
1897 4593 1991 4648 per
2015 4593 2152 4647 graa.

568 4680 697 4734 tiam
744 4687 1114 4743 renascuntur,
1162 4676 1208 4730 si
1254 4675 1307 4729 in
1355 4688 1416 4728 ea
1468 4669 1881 4742 permanserint.
1929 4686 1951 4723 ι
2007 4669 2136 4724 Item

564 4769 740 4826 alius:
775 4787 795 4820 s
827 4769 902 4824 Ex
932 4768 1089 4824 dictis
1118 4765 1389 4835 Evangelii
1426 4770 1638 4819 constat
1671 4760 1794 4832 quia
1832 4762 1877 4816 si
1912 4760 2055 4830 quod
2086 4759 2138 4812 in

565 4878 665 4919 nos
703 4862 1033 4931 delinquitur
1072 4874 1137 4914 ex
1180 4858 1344 4914 corde
1386 4871 1490 4912 non
1531 4854 1869 4916 dimittimus,
1914 4858 1970 4904 et
2012 4849 2140 4902 illud

565 4971 755 5012 rursus
793 4954 1026 5023 exigitur
1064 4951 1204 5023 quod
1244 4948 1355 5020 jam
1402 4963 1500 5018 per
1542 4944 1912 5015 pmnitentiam
1955 4939 2142 4995 dimis-

567 5062 686 5104 sum
729 5045 1110 5115 gaudebamus.
1144 5061 1164 5096 ι
1219 5042 1368 5096 Alius
1409 5053 1622 5110 quoque
1660 5036 1850 5092 eadem
1893 5031 2145 5096 afﬁrmat,

570 5139 793 5194 dicens:
827 5156 847 5189 ι
880 5134 1342 5192 Considerandum
1385 5138 1468 5187 est
1508 5128 1647 5198 quod
1686 5126 1815 5180 dicit
1856 5123 2148 5177 universum

569 5231 815 5296 debitum,
854 5231 980 5300 quia
1025 5243 1131 5284 non
1178 5227 1350 5282 solum
1393 5231 1608 5294 peccata
1648 5234 1767 5288 qua:
1798 5227 1918 5288 post
1946 5217 2146 5285 baptis-

571 5336 718 5377 mum
761 5320 897 5390 gerit
944 5319 1124 5386 homo,
1154 5317 1539 5384 reputabuntur
1575 5312 1623 5366 ei
1666 5310 1728 5364 ad
1770 5324 2002 5379 pmnam,
2048 5307 2144 5362 sed

571 5415 732 5468 etiam
770 5411 1042 5480 originalia
1080 5417 1297 5478 peccata
1335 5422 1452 5475 quae
1477 5405 1528 5458 in
1556 5404 1817 5470 baptismo
1845 5402 1892 5456 ei
1921 5401 2140 5456 dimissa

573 5517 718 5563 sunt.
751 5524 772 5558 ι
840 5504 968 5560 Item
1011 5519 1073 5558 ex
1117 5501 1295 5556 verbis
1339 5502 1612 5570 prophetae
1651 5499 1838 5552 eadem
1885 5495 2146 5550 sententia

577 5597 949 5660 confirmatur,
997 5610 1118 5649 cum
1160 5594 1387 5646 dicitur:
1437 5591 1496 5646 Si
1534 5592 1767 5644 averterit
1811 5604 1862 5642 se
1896 5590 2072 5658 justus
2117 5604 2148 5640 a

575 5689 772 5764 iustitia
815 5705 909 5742 sua
935 5728 952 5754 ,
997 5698 1040 5740 et
1085 5686 1257 5756 fecerit
1295 5683 1611 5753 iniquitatem
1657 5680 1934 5735 secundum
1980 5695 2148 5733 omnes

576 5779 979 5837 abominationes
1003 5796 1132 5851 quas
1154 5777 1355 5849 operari
1375 5775 1497 5831 solet
1519 5775 1721 5852 impius,
1742 5773 1968 5847 nunquid
1989 5772 2153 5828 vivet?

2234 3290 2376 3346 diter
2415 3292 2764 3360 denegamus.
2816 3290 2948 3346 Illud
2996 3305 3208 3360 quoque
3247 3290 3634 3347 attendendum
3678 3291 3812 3361 quod

2235 3395 2344 3435 non
2386 3379 2721 3449 simpliciter,
2765 3382 2808 3435 si
2845 3397 2948 3435 non
2976 3383 3290 3448 dimiseritis,
3322 3383 3415 3438 sed
3460 3386 3508 3437 si
3537 3401 3640 3438 non
3670 3385 3815 3438 dimi-

2233 3471 2425 3535 seritis,
2474 3472 2666 3541 inquit,
2711 3472 2766 3524 in
2811 3472 3050 3526 cordibus
3079 3474 3279 3528 uestris.
3330 3473 3444 3529 Hoc
3483 3475 3683 3544 quippe
3728 3475 3816 3529 ad-

2235 3561 2530 3615 ditamento
2575 3561 2874 3616 simulatam
2895 3564 3390 3619 reconciliationem
3415 3566 3667 3631 exclusit,
3696 3582 3817 3634 qua:

2234 3649 2295 3704 fit
2319 3652 2447 3706 'cum
2487 3651 2606 3720 quis
2652 3653 3051 3721 importunitate
3091 3653 3396 3724 rogantium
3438 3657 3658 3719 evictus,
3691 3654 3817 3709 odio

2236 3743 2288 3796 in
2341 3742 2504 3797 corde
2543 3752 2774 3810 retento,
2807 3759 2990 3813 pacem
3032 3759 3150 3800 cum
3196 3743 3413 3801 inimico
3456 3746 3685 3812 simulat,
3714 3760 3814 3815 op-

2238 3843 2522 3901 portunum
2552 3844 2763 3902 tempus
2789 3836 3043 3890 vindicta;
3070 3846 3408 3904 exspectans.
3457 3837 3642 3892 Restat
3668 3853 3820 3906 ergo,

2236 3923 2558 3991 charissimi,
2601 3935 2658 3979 ut
2697 3926 2894 3993 grande
2937 3926 3066 3980 illud
3107 3928 3400 3982 remedium
3447 3937 3818 3996 peccatorum,

2235 4017 2380 4087 quod
2427 4026 2572 4069 tanta
2617 4017 2887 4086 diligentia
2912 4017 3105 4086 saepius
3128 4033 3157 4072 a
3177 4019 3455 4074 Salvatore
3488 4019 3649 4073 nobis
3682 4034 3823 4073 com-

2238 4108 2542 4162 mendatum
2585 4117 2688 4171 est,
2731 4117 2782 4162 et
2828 4109 2945 4162 sine
2985 4122 3092 4178 quo
3135 4104 3522 4163 infructuosum
3555 4110 3717 4163 nobis
3745 4119 3824 4165 est

2237 4197 2498 4267 quidquid
2526 4212 2624 4266 pro
2646 4197 2936 4253 obtluenda
2959 4212 3140 4253 coram
3184 4198 3294 4254 Deo
3317 4198 3472 4254 venia
3498 4199 3816 4254 delictorum

2237 4290 2468 4358 agimus,
2493 4291 2721 4344 solerter
2744 4304 2962 4346 servare
2985 4304 3253 4344 curemus.
3281 4289 3682 4359 Supportemus
3704 4305 3820 4345 cum

2239 4383 2387 4437 omni
2430 4382 2839 4438 mansuetudine
2881 4381 3104 4450 injurias
3141 4382 3526 4451 proximorum,
3559 4385 3735 4436 simus
3761 4381 3823 4436 ad

2242 4472 2626 4543 ignoscendum
2667 4474 2998 4530 debitoribus
3038 4474 3325 4539 mansueti,
3353 4473 3420 4527 ad
3455 4476 3821 4530 miserandum

2259 4567 2678 4624 misericordiam
2712 4567 3286 4636 quaerentibus'parati,
3319 4574 3379 4620 ut
3409 4575 3466 4620 et
3488 4580 3590 4620 nos
3625 4568 3679 4620 in
3706 4581 3825 4622 con-

2254 4672 2440 4728 spectu
2467 4658 2690 4714 districti
2714 4656 2912 4728 judicis
2941 4657 3107 4713 nostri
3136 4655 3565 4712 misericordiam
3595 4656 3826 4712 invenire

2244 4755 2536 4825 possimus,
2562 4762 2850 4824 praestante
2871 4751 3100 4807 Domino
3122 4760 3304 4806 nostro
3326 4749 3454 4806 Iesu
3474 4749 3718 4818 Christo,
3742 4752 3825 4820 qui

2243 4857 2365 4898 cum
2395 4844 2573 4912 Patre,
2603 4854 2709 4899 etc.

2764 4934 3046 4990 HOMILIA
3082 4932 3307 4989 CXCIII.

2491 5049 2544 5088 IN
2582 5046 2831 5086 DOIIINICA
2867 5047 2990 5086 XXIV
3029 5045 3156 5086 POS'I'
3196 5045 3590 5085 PENTECOSTEN.

2250 5146 2273 5220 (
2290 5146 2367 5201 Ex
2399 5147 2572 5216 Opere
2604 5146 2922 5220 [inperfecto
2951 5148 3002 5201 in
3034 5147 3336 5200 Matthaaum
3359 5147 3548 5220 ,apud
3587 5157 3822 5202 sanctum

2593 5217 3053 5286 Chrysostomum,
3087 5221 3222 5272 inter
3251 5217 3482 5287 spuria.)

2322 5311 2388 5364 In
2429 5311 2518 5364 illo
2547 5319 2788 5378 tempore,
2821 5310 3058 5363 abeuntes
3089 5308 3359 5374 Pharisaei,
3400 5309 3666 5363 consilium
3708 5310 3827 5360 iniec

2247 5413 2368 5457 runt
2389 5413 2442 5456 ut
2469 5412 2704 5473 caperent
2736 5403 2914 5455 Iesum
2943 5402 2996 5454 in
3017 5418 3267 5466 sermone,
3291 5412 3397 5455 etc.
3428 5399 3644 5470 (Matth.
3675 5403 3824 5467 xm.)

2320 5495 2506 5549 Omnis
2545 5495 2747 5548 malitia
2791 5493 3131 5549 confunditur
3168 5493 3380 5562 quidem
3427 5493 3711 5562 aliquoties
3748 5506 3826 5545 ra-

2254 5587 2396 5641 tione
2430 5587 2700 5650 veritatis,
2732 5586 3018 5655 corrigitur
3044 5596 3218 5639 autem
3249 5599 3555 5652 nunquam,
3592 5595 3694 5639 etc.
3729 5582 3822 5635 Re-

2255 5677 2392 5743 liqua
2415 5680 2524 5732 vide
2549 5680 2772 5749 Operam
2793 5680 2956 5733 sancti
2977 5677 3323 5750 Chrysostomi
3348 5680 3398 5730 in
3423 5679 3641 5731 editions
3664 5687 3823 5731 nostra

2256 5780 2392 5824 tomo
2431 5769 2527 5838 Vl,
2561 5770 2660 5824 col.
2691 5771 2816 5826 866.
