4096 6346
307 326 439 383 {uti

821 434 1099 492 HOHILIA
1134 433 1361 490 CXCIV.

721 524 781 565 IN
834 523 1053 563 EADEI!
1108 519 1450 561 DOIINICA.‘

499 602 519 673 (
535 602 609 656 Ex
639 599 832 655 Herico
861 598 1321 654 Antissiodorensi
1347 595 1664 666 monacho.)

366 694 437 751 In
461 694 553 749 illo
579 703 803 761 tempore
823 691 1062 746 abeuntes
1087 689 1340 745 Pharisai
1360 689 1635 743 consilium
1658 686 1883 740 inierunt

305 797 355 842 ut
380 794 612 857 caperent
639 782 817 839 Iesum
844 784 899 837 in
929 799 1188 850 sermone,
1222 790 1327 837 etc.
1359 777 1576 850 (Matth.
1607 775 1774 847 uit).

372 880 511 936 Luca
556 880 824 933 referente
852 877 1176 947 evangelista
1220 874 1557 930 manifestum
1605 878 1689 927 est
1733 869 1882 940 quia,

302 972 416 1042 ipso
441 970 723 1025 Salvatore
748 976 876 1034 nato
896 967 996 1023 sub
1014 967 1224 1023 Caesare
1251 968 1510 1035 Augusto,
1537 963 1589 1017 in
1617 971 1728 1018 toto
1750 961 1882 1016 orbe

306 1064 573 1121 celebrata
606 1071 689 1118 est
718 1062 1024 1129 descriptio,
1056 1070 1111 1117 et
1149 1061 1288 1115 inter
1315 1073 1501 1113 omnes
1530 1057 1772 1112 nationes
1800 1062 1883 1109 to-

306 1155 408 1211 tius
433 1155 577 1209 orbis
614 1168 732 1224 qure
762 1153 1003 1209 Romano
1034 1152 1257 1220 imperio
1283 1150 1536 1218 subjecta:
1574 1158 1751 1215 erant,
1790 1146 1884 1203 Ju-

308 1248 416 1303 daea
444 1262 654 1316 qunque
692 1247 808 1316 ejus
838 1244 1185 1315 stipendiaria
1226 1243 1362 1299 facta
1391 1244 1579 1298 fuerat.
1618 1242 1787 1309 Quam
1817 1239 1887 1295 ob

306 1353 517 1395 causam
552 1322 741 1408 magna
772 1337 966 1392 seditio
1004 1347 1128 1392 tunc
1159 1335 1415 1405 temporis
1450 1335 1502 1390 in
1549 1333 1745 1403 populo
1774 1332 1886 1389 ler-

307 1430 480 1487 vebat.
509 1429 737 1497 Quidam
767 1429 908 1483 enim
939 1428 1158 1498 dignum
1187 1441 1309 1482 esse
1332 1423 1639 1495 judicabant
1682 1433 1739 1479 ut
1766 1424 1887 1495 quia

307 1521 534 1578 Romani
569 1536 664 1591 pro
688 1521 977 1576 securitate
1000 1531 1055 1575 et
1083 1520 1263 1589 quiete
1291 1518 1527 1572 omnium
1558 1513 1771 1571 assidue
1798 1513 1890 1568 mi-

306 1614 559 1678 litabant,
589 1627 808 1668 censum
839 1613 920 1666 eis
957 1612 1215 1666 deberent
1244 1608 1571 1679 persolvere.
1603 1608 1671 1661 At
1700 1615 1890 1661 contra

306 1701 598 1767 Pharisaei,
626 1702 717 1772 qui
742 1700 843 1755 sibi
873 1702 941 1756 de
965 1702 1092 1755 falsa
1121 1700 1323 1770 justitia
1351 1695 1777 1767 applaudebant,
1811 1694 1893 1748 ni-

1228 315 1712 376 ‘HOMILIARIUS.
1752 342 1824 359 —
1875 311 2126 413 ΙΙΟΜΙΙΑι
2148 309 2237 365 DE
2274 304 2623 363 TEMPORE.

1902 434 1953 493 Α
1978 426 2209 483 deditos.
2238 422 2461 491 Quidam
2491 421 2805 475 Latinorum
2844 415 3072 473 ridicule
3101 415 3430 473 Herodianos
3461 431 3563 486 pu-

3422 301 3447 358 1
3458 300 3563 358 450

1984 529 2126 584 tant,
2158 518 2247 589 qui
2291 515 2556 571 Herodem
2600 511 2871 568 Christum
2911 510 3223 577 crederent,
3261 508 3401 579 quod
3444 523 3569 563 nus-

1982 625 2140 679 quam
2168 606 2391 662 omnino
2431 606 2675 675 legimus.
2722 601 3053 657 Herodianos
3096 599 3275 669 itaque
3308 602 3401 670 (ut
3433 598 3569 654 dixi-

1986 701 2143 771 mus)
2178 698 2377 753 milites
2408 696 2635 751 Herodis
2664 694 2928 764 appellat,
2959 692 3048 762 qui
3086 693 3138 746 in
3170 690 3445 762 exigendis
3475 686 3573 745 tri-

1984 792 2130 848 butis
2159 799 2312 845 erant
2342 787 2634 858 praepositi.
2667 786 2859 839 Dicunt
2879 799 3007 852 ergo
3039 799 3053 836 :
3088 781 3360 852 Magister,
3383 782 3569 837 scimus

1985 884 2107 956 quia
2128 897 2282 936 ueras:
2308 896 2383 936 es.
2415 879 2725 950 Magistrum
2747 886 2801 931 et
2830 889 3075 930 veracem
3101 882 3314 937 vocant,
3339 880 3395 926 ut
3417 873 3570 942 quasi

1997 976 2157 1030 homo
2203 988 2388 1030 eorum
2438 971 2743 1026 adulatione
2795 968 3128 1034 delectatus,
3173 977 3438 1022 secretum
3491 963 3577 1019 sui

1988 1067 2166 1123 cordis
2189 1067 2267 1121 eis
2298 1064 2613 1134 simpliciter
2642 1062 2867 1132 aperiat.
2905 1060 3127 1125 Scimus,
3159 1058 3421 1129 inquiunt,
3453 1056 3575 1126 quia

1988 1173 2146 1213 verax
2168 1174 2239 1221 es,
2267 1166 2313 1212 et
2335 1158 2470 1211 vi..m
2501 1155 2617 1223 Dei,
2649 1155 2700 1210 id
2723 1163 2807 1209 est
2837 1154 3003 1221 legem
3028 1150 3141 1215 Dei,
3166 1152 3220 1204 in
3249 1150 3456 1223 veritate
3476 1148 3573 1203 do-

1992 1265 2094 1316 ces,
2122 1260 2169 1303 et
2192 1265 2297 1303 non
2324 1257 2397 1303 est
2423 1248 2514 1302 tibi
2534 1264 2659 1301 cura
2676 1248 2738 1301 de
2759 1247 2953 1313 aliqua,
2977 1244 3026 1299 id
3054 1253 3160 1309 est,
3181 1242 3232 1297 in
3260 1242 3576 1312 proferenda

1992 1341 2261 1406 veritate,
2295 1338 2492 1393 nullius
2522 1338 2604 1392 vel
2636 1337 2922 1392 amicitiam
2949 1374 2966 1401 ,
2998 1336 3082 1389 vel
3117 1332 3447 1388 inimicitiam
3487 1347 3581 1388 cu-

1992 1444 2103 1485 ras.
2136 1430 2311 1497 Quare
2340 1428 2440 1482 hoc
2464 1427 2735 1493 dixerint,
2765 1425 3104 1481 manifestam
3142 1439 3264 1480 cum
3294 1423 3528 1480 subdunt
3562 1442 3576 1477 :

1995 1524 2120 1578 Non
2158 1523 2293 1577 enim
2329 1523 2539 1594 respicis
2581 1536 2847 1592 personam
2893 1519 3184 1584 hominum,
3230 1518 3283 1572 id
3329 1526 3447 1585 est,
3485 1530 3585 1573 nec

1996 1624 2213 1686 propter
2248 1628 2569 1683 pauperem,
2603 1627 2699 1668 nec
2728 1623 2943 1682 propter
2986 1611 3202 1668 divitem
3237 1610 3461 1665 veritate
3491 1623 3582 1664 re-

1996 1706 2125 1762 licta
2168 1707 2503 1760 mendacium
2548 1703 2803 1775 loqueris.
2850 1702 2947 1757 Dic
2982 1717 3101 1772 ergo
3142 1700 3285 1755 nobis
3330 1699 3453 1771 quid
3494 1698 3584 1752 tibi

307 1794 555 1848 tehanzur
582 1806 827 1846 asserere
849 1792 990 1859 quod
1023 1790 1247 1860 populus
1275 1787 1366 1842 Dei
1394 1786 1484 1855 qui
1515 1785 1751 1841 decimas
1778 1782 1888 1839 sol-

2007 1800 2233 1854 n'detur?
2262 1798 2402 1853 Licet
2443 1812 2645 1852 censum
2673 1797 2826 1863 dare,
2868 1812 2935 1850 an
2968 1797 3111 1851 non?
3140 1795 3412 1865 Tanquam
3441 1794 3585 1850 dice-

308 1892 489 1947 veret,
538 1880 805 1950 primitiva
849 1883 1001 1932 daret
1045 1887 1101 1933 et
1137 1887 1331 1932 caetera
1373 1876 1504 1945 legis
1544 1876 1756 1935 decreta
1800 1873 1893 1928 ob-

310 1983 577 2036 servaret,
613 1987 718 2025 non
763 1971 986 2025 deberet
1018 1970 1266 2025 humanis
1304 1970 1509 2040 legibus
1548 1967 1722 2024 subdi.
1762 1967 1891 2034 Qua:

308 2067 503 2123 seditio
528 2067 792 2121 intantum
817 2066 1109 2128 convaluit,
1134 2076 1188 2118 ut
1213 2073 1331 2133 post
1353 2063 1561 2117 Domini
1588 2061 1891 2133 passionem

308 2160 361 2215 in
396 2162 495 2215 hac
525 2160 635 2227 ipsa
675 2159 962 2225 pertinacia
994 2168 1047 2211 et
1073 2158 1362 2212 rt'belltone
1395 2154 1558 2210 Judaei
1602 2155 1894 2224 perduran-

313 2262 425 2316 tes,
463 2251 713 2305 Romanis
743 2249 844 2304 sub
883 2250 982 2303 hac
1022 2251 1304 2305 occasione
1344 2249 1396 2303 in
1436 2248 1722 2302 vindictam
1750 2244 1895 2301 necis

310 2347 605 2401 Salvatoris
637 2346 996 2407 venientibus,
1027 2347 1337 2401 amitterent
1370 2345 1568 2408 locum,
1598 2355 1809 2414 gentem
1840 2349 1897 2397 et

314 2453 533 2508 regnum
552 2478 569 2503 ,
601 2438 761 2490 vitam
791 2439 950 2492 etiam
995 2448 1311 2507 praesentem
1355 2438 1639 2508 perderent
1667 2452 1729 2491 ac
1759 2436 1895 2489 futu-

315 2545 427 2584 ram
458 2547 469 2583 :
500 2529 906 2596 malueruntque
929 2533 1043 2585 haec
1066 2532 1241 2585 omnia
1266 2539 1502 2584 caecante
1526 2526 1744 2582 avaritia
1777 2544 1897 2593 per-

316 2620 459 2688 peti,
494 2634 651 2686 quam
697 2619 888 2673 tributa
936 2620 1189 2673 Romanae
1229 2620 1430 2672 militia:
1473 2619 1724 2687 pendere.
1766 2617 1897 2683 Quia

314 2726 445 2781 ergo
482 2712 749 2779 principes
786 2712 1120 2765 sacerdotum
1168 2710 1361 2764 timore
1405 2710 1582 2779 pupnli
1615 2709 1897 2762 Dominum

316 2804 771 2873 comprehendere
799 2821 903 2857 non
934 2814 1215 2874 poterant,
1247 2804 1437 2857 saltem
1470 2811 1527 2855 ttt
1560 2804 1610 2855 in
1649 2814 1900 2873 sermone

320 2912 441 2953 eum
472 2910 724 2967 caperent
770 2897 1103 2951 laborabant.
1147 2896 1409 2951 Abierunt
1451 2909 1580 2965 ergo
1621 2891 1897 2956 Phariswi,

320 2998 368 3042 et
408 2990 682 3043 consilium
723 2998 1064 3057 acceperunt.
1112 2989 1229 3053 Quo
1276 2984 1561 3040 abierunt?
1605 2983 1799 3053 Utique
1832 2981 1899 3035 ad

320 3080 690 3157 Herodiauos,
720 3081 810 3151 qui
840 3090 993 3135 erant
1020 3080 1216 3135 milites
1244 3079 1501 3141 Herodis,
1533 3091 1595 3131 ac
1622 3074 1899 3146 exigendis

1995 1902 2118 1949 rent
2156 1912 2167 1946 :
2212 1893 2318 1948 Nos
2349 1891 2488 1947 servi
2525 1906 2711 1947 sumus
2757 1890 2949 1945 summi
2981 1888 3163 1959 Regis,
3204 1889 3375 1958 legem
3414 1889 3482 1942 ab
3518 1902 3585 1944 eo

2000 1985 2337 2052 accepimus,
2370 1983 2635 2049 decimas,
2671 1982 2960 2051 primitias,
3001 1981 3299 2036 oblationes
3340 1995 3403 2034 ac
3424 1979 3584 2039 victi-

1998 2091 2134 2143 mas,
2162 2074 2310 2147 juxta
2342 2075 2476 2146 legis
2508 2074 2777 2139 mandata,
2813 2073 2912 2141 ipsi
2949 2070 3243 2137 offerimus,
3274 2082 3327 2143 et
3354 2071 3473 2125 ideo
3496 2070 3583 2126 in-

1993 2166 2195 2237 jnstum
2227 2174 2310 2221 est
2339 2175 2394 2217 ut
2423 2163 2650 2218 terrenis
2680 2162 2894 2233 regibus
2921 2161 3238 2217 serviamus.
3270 2161 3381 2217 Hoc
3408 2168 3586 2215 autem

1998 2258 2197 2314 blanda
2224 2268 2280 2313 et
2308 2257 2645 2323 fraudulenta
2667 2255 3086 2325 interrogatione
3106 2256 3365 2321 dicentes,
3392 2246 3455 2308 ad
3487 2253 3587 2307 hoc

2000 2352 2150 2408 illum
2198 2354 2493 2423 perducere
2544 2350 2859 2406 laborabant
2904 2359 2962 2405 ut
3007 2350 3173 2419 magis
3220 2350 3387 2403 Deum
3432 2362 3590 2416 quam

1998 2444 2267 2503 Caesarem
2301 2445 2515 2512 timens,
2540 2442 2745 2497 diceret
2774 2457 2877 2495 non
2901 2440 3095 2497 debere
3121 2440 3373 2495 Romanis
3398 2440 3593 2494 tributa

2000 2538 2160 2601 solvi,
2188 2551 2453 2607 quatenus
2482 2536 2582 2590 hoc
2607 2534 2883 2588 audientes
2917 2530 3203 2587 Herodiani
3227 2573 3240 2596 ,
3266 2532 3316 2586 id
3345 2540 3426 2586 est
3445 2573 3461 2598 ,
3494 2530 3595 2585 mi-

1965 2685 1968 2688 .
2003 2631 2155 2685 nistri
2211 2629 2450 2698 praesidis
2500 2630 2588 2697 qui
2619 2639 2909 2697 praesentes
2949 2635 3135 2692 erant,
3184 2634 3430 2682 tenerent
3468 2639 3590 2679 eum

2003 2724 2154 2793 quasi
2182 2723 2459 2778 seditionis
2486 2721 2779 2791 principem
2802 2730 2987 2775 contra
3014 2717 3247 2774 Judaos.
3274 2718 3328 2772 Si
3362 2732 3487 2771 vero
3514 2716 3593 2770 di-

2003 2824 2154 2872 ceret
2182 2816 2434 2869 tributum
2466 2828 2587 2869 esse
2615 2811 2981 2878 reddendum,
3014 2822 3260 2879 tanquam
3292 2809 3592 2862 destructo-

2003 2920 2121 2961 rem
2151 2905 2280 2976 legis
2310 2905 2458 2959 illum
2486 2902 2962 2957 calumniarentur.
3001 2899 3216 2969 Cognita
3250 2908 3417 2952 autem
3445 2896 3596 2953 Jesus

2003 2995 2232 3067 nequitia
2262 2996 2491 3062 illorum,
2530 2995 2631 3049 hoc
2652 3006 2756 3059 est,
2786 2992 3135 3048 considerans
3164 2991 3344 3045 dolum
3374 3000 3425 3045 et
3458 2988 3599 3047 frau-

2004 3088 2104 3145 des
2130 3105 2349 3157 eorum,
2375 3088 2510 3143 diiit
2541 3106 2553 3141 :
2589 3087 2726 3155 Quid
2763 3102 2845 3141 me
2872 3087 3106 3153 tentatis,
3142 3084 3461 3154 hypocriten?
3497 3085 3599 3139 At-

322 3179 534 3234 tributis
578 3178 870 3248 praepositi.
917 3177 1048 3232 Nam
1097 3179 1278 3232 Cesar
1320 3176 1591 3244 Augustus
1640 3172 1903 3228 Herodem

2015 3184 2341 3240 tendendum
2364 3184 2486 3253 quia
2504 3197 2613 3237 non
2631 3181 2924 3237 secundum
2945 3194 3223 3235 sermones
3238 3193 3422 3234 eorum
3446 3176 3599 3233 ﬁctos

326 3270 491 3324 lilium
523 3270 826 3340 Antipatri,
868 3269 1220 3339 alienigenam
1249 3277 1304 3324 et
1332 3268 1657 3339 proselytum
1678 3308 1693 3333 ,
1724 3280 1903 3336 regem

323 3361 524 3417 Judaeis
547 3364 920 3429 constituerat,
943 3364 1031 3433 qui
1065 3362 1275 3418 tributis
1302 3372 1556 3430 praeesset
1584 3370 1637 3416 et
1663 3359 1905 3415 Romano

324 3464 536 3523 pareret
568 3456 814 3525 imperio.
848 3456 988 3526 Ergo
1017 3471 1081 3510 ex
1112 3470 1178 3511 eo
1207 3455 1345 3523 quod
1388 3469 1492 3509 non
1522 3453 1651 3508 dicit
1678 3466 1905 3519 evange-

323 3547 465 3612 lista,
495 3549 759 3604 conciliati
786 3557 942 3614 sunt,
972 3550 1066 3604 sed
1096 3548 1365 3604 consilium
1390 3555 1731 3620 acceperunt,
1762 3556 1815 3600 et
1841 3560 1908 3600 ex

324 3655 390 3696 eo
419 3641 560 3710 quod
591 3641 748 3707 dicit,
776 3656 901 3695 cum
945 3641 1259 3696 Herodianis
1290 3642 1490 3709 pariter
1518 3646 1903 3703 convenerunt,

324 3740 546 3800 apparet
571 3730 697 3799 quia
726 3745 848 3785 cum
878 3731 980 3785 illis
1024 3731 1390 3799 hujuscemodi
1437 3727 1909 3785 circumventionis

325 3822 612 3877 consilium
646 3831 1028 3878 tractaverunt.
1053 3821 1369 3892 Cogitabant
1392 3822 1532 3876 enim
1564 3822 1703 3889 apud
1733 3835 1792 3874 se
1817 3834 1907 3873 sa-

326 3915 576 3971 cerdotes
606 3916 845 3971 dicentes
873 3933 888 3969 :
916 3916 970 3972 Si
1008 3929 1105 3970 nos
1146 3916 1246 3970 soli
1274 3926 1463 3971 euntes
1492 3914 1907 3983 interrogaveri-

326 4020 446 4062 mus
476 4005 768 4075 Christum,
795 4011 1038 4076 quamvis
1059 4008 1256 4064 dixerit
1277 4008 1398 4079 quia
1424 4024 1527 4063 non
1558 4008 1681 4063 licet
1707 4004 1910 4061 Caesari

329 4097 459 4152 dare
484 4097 772 4165 tributum,
808 4108 983 4154 tamen
1026 4099 1148 4153 talia
1193 4097 1497 4154 dicentibus
1540 4098 1691 4151 nobis
1727 4105 1913 4152 contra

333 4204 475 4258 eum,
509 4205 668 4245 nemo
696 4190 910 4258 credet,
945 4191 1064 4259 quia
1094 4205 1281 4245 omnes
1306 4190 1413 4260 jam
1442 4189 1619 4245 sciunt
1645 4188 1784 4257 quod
1813 4187 1913 4241 ini-

338 4281 459 4336 mici
490 4281 607 4350 ejus
641 4297 845 4337 sumus.
887 4281 1228 4337 lnim'icorum
1260 4290 1436 4336 autem
1470 4279 1826 4335 testimonium
1860 4279 1912 4333 in

332 4371 560 4444 judicio,
599 4374 699 4429 etsi
736 4388 920 4429 verum
964 4375 1066 4439 sit,
1110 4384 1283 4428 tamen
1312 4373 1460 4441 quasi
1498 4380 1802 4441 suapectum
1833 4383 1917 4424 re-

335 4465 607 4535 probatnr.
643 4465 744 4520 Per
782 4466 990 4532 seipsos
1014 4479 1143 4534 ergo
1176 4463 1356 4519 Jesum
1385 4462 1654 4518 Christum
1685 4462 1917 4516 interro-

2012 3279 2207 3335 blande
2238 3277 2529 3346 respondit,
2558 3277 2651 3331 sed
2678 3274 2830 3345 juxta
2854 3273 3234 3330 conscientiam
3260 3286 3447 3327 eorum
3475 3285 3598 3326 cru-

2009 3371 2184 3427 delem
2221 3384 2410 3439 aspera
2440 3368 2658 3437 objecit,
2683 3366 3095 3435 cogitationibus
3116 3364 3325 3419 illorum
3351 3377 3453 3416 non
3477 3375 3595 3417 ver-

2010 3464 2092 3520 bis
2121 3463 2470 3531 respondens.
2490 3460 2671 3516 Prima
2691 3461 2888 3517 etenim
2920 3459 3087 3513 virtus
3115 3466 3197 3513 est
3226 3455 3595 3525 respondentis

2011 3555 2454 3623 interrogandum
2488 3554 2648 3609 verba
2679 3566 3039 3620 cognoscere,
3071 3560 3123 3603 et
3149 3565 3254 3605 non
3287 3548 3593 3616 discipulos,

2012 3646 2109 3702 sed
2151 3655 2445 3700 lentalores
2487 3658 2698 3698 votare.
2740 3640 3025 3713 Hypocrita
3064 3654 3193 3708 ergo
3243 3648 3459 3691 vat-ator
3508 3638 3601 3705 qui

2013 3737 2159 3791 aliud
2186 3748 2269 3790 est
2293 3746 2345 3789 et
2374 3736 2513 3788 aliud
2546 3736 2796 3797 simulat,
2830 3733 2879 3787 id
2912 3731 3156 3786 estaliud
3189 3747 3352 3799 Opere
3379 3731 3521 3799 agit,
3548 3739 3605 3785 et

2017 3826 2159 3881 aliud
2198 3840 2329 3880 voce
2371 3826 2669 3893 praetendit.
2714 3824 3029 3894 Hypocritas
3067 3831 3241 3875 autem
3276 3822 3476 3876 idcirco
3508 3836 3605 3875 eos

2016 3926 2319 3985 nuncupat,
2352 3926 2408 3971 ut
2435 3917 2710 3971 audientes
2747 3931 2817 3970 ex
2852 3931 2945 3968 ore
2979 3913 3095 3984 ejus
3124 3929 3241 3983 quas
3270 3915 3363 3981 ipsi
3388 3913 3604 3981 Cogita-

2016 4008 2145 4063 bant
2173 4007 2225 4062 in
2251 4009 2441 4072 citrde,
2491 4006 2891 4061 considerarent
2920 4021 3040 4059 eum
3091 4005 3440 4059 humanorum
3486 4017 3603 4057 cor-

2018 4100 2164 4154 dium
2191 4101 2519 4170 cOgnitoreto
2563 4108 2812 4167 tanquam
2858 4097 3277 4166 omnipotentem
3320 4094 3515 4155 Deum,
3551 4102 3607 4148 et

2018 4190 2160 4259 quod
2193 4189 2371 4243 facere
2409 4189 2461 4242 in
2488 4188 2633 4243 illum
2662 4186 2998 4255 cegitabant,
3026 4184 3278 4253 perlicere
3310 4200 3413 4239 non
3445 4185 3608 4238 ande-

2019 4292 2159 4336 rent.
2218 4279 2522 4352 Hypocritae
2572 4289 2748 4334 autem
2803 4279 3073 4331 subaurati
3128 4276 3394 4331 dicuntur.
3447 4275 3606 4346 Hypo

2021 4377 2164 4430 enim
2195 4374 2383 4431 Graece
2411 4375 2531 4438 sub,
2563 4377 2774 4443 chrysos
2799 4387 2984 4426 aurum
3013 4371 3239 4445 dicitur.
3261 4371 3448 4425 Merito
3478 4386 3606 4440 ergo

2020 4477 2315 4523 tentatores
2346 4482 2470 4523 suos
2500 4466 2806 4538 hypocritas
2838 4473 3135 4533 nuncupat,
3167 4466 3252 4532 qui
3295 4466 3436 4519 aliud
3472 4466 3607 4520 nite-

336 4570 461 4625 gare
506 4556 783 4623 nolebant,
823 4556 947 4626 quia
976 4554 1029 4609 in
1058 4570 1246 4625 magna
1286 4554 1592 4631 suspicione
1624 4552 1915 4608 inimicitire
1944 4533 1999 4594 D
2024 4560 2215 4615 bantur
2244 4556 2406 4628 opere
2426 4599 2440 4623 ,
2471 4533 2613 4613 aliud
2645 4558 2969 4612 simulabant
2998 4573 3146 4612 voce.
3194 4557 3455 4612 Ostendite
3484 4559 3611 4612 mihi

337 4648 443 4718 jam
491 4657 646 4702 erant
693 4646 834 4715 apud
883 4646 1188 4713 Christum,
1234 4662 1300 4702 ne
1346 4646 1479 4701 forte
1509 4645 1661 4716 quasi
1686 4644 1919 4713 sustiecti

338 4738 725 4794 circumvenire
762 4754 883 4793 eum
924 4755 1029 4794 non
1074 4748 1308 4808 possent.
1347 4736 1416 4792 Et
1454 4739 1663 4793 mittunt
1690 4738 1737 4791 ei
1766 4737 1921 4793 disci-

340 4830 485 4899 pulos
508 4846 658 4894 suos,
691 4830 804 4900 qui,
836 4845 896 4905 se
936 4829 1111 4900 justus
1136 4833 1466 4899 simulantes,
1508 4832 1695 4886 saltem
1724 4830 1776 4885 in
1806 4847 1922 4887 ser-

344 4938 503 4978 mone
528 4938 649 4979 eum
682 4932 967 4993 caperent,
999 4934 1054 4979 et
1084 4925 1161 4979 sic
1192 4924 1439 4995 poteStati
1473 4924 1716 4995 prmsidis
1749 4924 1924 4980 trade-

342 5024 483 5080 rent,
517 5026 574 5071 ut
604 5017 745 5071 velut
785 5015 883 5085 ipsi
920 5031 948 5070 a
981 5026 1153 5071 morte
1181 5017 1298 5087 ejus
1330 5018 1594 5072 immunes
1625 5031 1745 5073 esse
1774 5018 1925 5073 vide-

343 5122 549 5164 rentur.
581 5109 791 5165 Mittunt
833 5123 961 5179 ergo
991 5106 1283 5176 discipulos
1317 5124 1443 5165 suos
1478 5109 1544 5164 ad
1580 5109 1728 5163 illum
1772 5110 1925 5177 quasi

343 5199 521 5255 adhuc
550 5200 768 5255 minime
802 5196 1111 5269 suspectos,
1154 5207 1333 5254 utaut
1366 5198 1521 5254 facile
1558 5213 1678 5254 eum
1716 5200 1929 5269 decipe-

346 5302 496 5359 rent,
536 5302 626 5348 aut
667 5294 713 5347 si
760 5293 1098 5347 vincerentur
1136 5290 1298 5362 (sicut
1337 5300 1390 5345 et
1419 5292 1696 5361 contigit),
1726 5289 1798 5344 illi
1837 5291 1928 5360 qui

348 5399 441 5441 eos
470 5385 723 5439 miserant
753 5385 927 5439 minus
947 5383 1346 5438 erubescerent.
1374 5382 1505 5436 Nam
1536 5381 1761 5436 consilio
1784 5381 1926 5435 malo

351 5475 687 5543 deprehenso
719 5483 864 5528 tanto
903 5475 1075 5529 minor
1122 5476 1361 5529 nascitur
1406 5472 1684 5543 confusio,
1727 5484 1922 5544 quanto

352 5568 510 5624 fuerit
537 5582 763 5639 persona
790 5566 1042 5623 deterior.
1067 5565 1279 5621 Mittunt
1306 5566 1464 5636 igitur
1487 5565 1738 5620 Pharisaei
1766 5565 1928 5620 disci-

355 5659 501 5729 pulos
546 5675 666 5714 suos
710 5674 827 5713 cum
862 5657 1179 5714 Herodianis
1224 5657 1484 5713 militibus
1526 5656 1790 5724 Herodis,
1836 5670 1933 5713 seu

358 5764 491 5819 quos
533 5750 814 5806 illudentes
853 5749 1103 5804 Pharisaei
1132 5751 1278 5819 (quia
1310 5749 1560 5804 Romanis
1586 5749 1779 5804 tributa
1817 5750 1925 5804 sol-

361 5841 585 5915 vebant)
616 5840 944 5899 Herodianos
972 5842 1273 5911 vocabant,
1312 5853 1365 5899 et
1404 5857 1507 5898 non
1544 5840 1727 5899 divino
1762 5841 1926 5898 cultui

726 5935 996 6023 ΡΑΤιιοι..
1046 5933 1151 5996 XC
1163 5936 1231 6013 γ.

2025 4654 2280 4708 numisma
2327 4670 2528 4708 census.
2579 4653 2850 4721 Sapientia
2900 4667 3111 4721 semper
3156 4652 3266 4720 egit
3318 4654 3609 4717 sapienter,

2024 4757 2084 4801 ut
2124 4760 2251 4802 suos
2293 4754 2583 4801 tentatores
2627 4746 2854 4815 propriis
2886 4746 3095 4800 illorum
3128 4745 3464 4798 sermonibus
3490 4743 3609 4797 vino

2025 4848 2193 4894 ceret.
2228 4837 2513 4905 Ostendite,
2538 4837 2726 4907 inquit,
2750 4836 2877 4889 mihi
2908 4836 3184 4903 numisma,
3209 4835 3260 4887 id
3284 4841 3385 4899 est,
3420 4835 3611 4887 inscri-

2027 4931 2264 5001 ptiOnem
2291 4929 2519 4991 denarii,
2545 4928 2649 4993 vel,
2679 4940 2735 4983 ut
2761 4927 2846 4982 alii
2871 4928 3070 4992 dicunt,
3097 4934 3381 4979 monetam.
3407 4924 3614 4979 Dictum

2032 5033 2210 5078 autem
2243 5032 2325 5076 est
2350 5021 2615 5075 nomisma
2644 5036 2672 5074 a
2704 5021 2918 5074 nomine
2946 5018 3085 5088 quod
3109 5016 3498 5071 inscribebatur
3524 5016 3615 5072 der

2034 5114 2205 5168 nario.
2254 5114 2348 5165 Est
2388 5126 2566 5166 autem
2609 5110 2857 5165 denarius
2894 5124 3061 5179 genus
3103 5110 3301 5161 nummi
3342 5109 3478 5174 quod
3523 5122 3617 5176 pro

2033 5205 2219 5259 decem
2265 5205 2498 5257 nummis
2538 5202 2917 5271 imputabatttr,
2961 5186 3282 5256 ethabebat
3326 5216 3520 5258 nomen
3565 5214 3619 5257 et

2035 5296 2317 5361 imaginem
2347 5293 2595 5347 Ctesaris.
2629 5293 2691 5346 Et
2730 5295 2804 5346 ait
2843 5293 2944 5347 illis
2973 5278 3174 5364 {Cujus
3208 5307 3278 5348 est
3308 5296 3479 5367 imago
3510 5296 3620 5350 haec

2035 5395 2080 5441 et
2101 5383 2502 5451 superscriptio?
2527 5383 2601 5435 Ex
2625 5382 2723 5436 hoc
2754 5383 2870 5437 loco
2890 5382 3159 5452 conjicere
3185 5398 3399 5451 possunt
3424 5387 3618 5440 verita-

2039 5488 2167 5543 tem,
2184 5478 2270 5545 qui
2294 5477 2473 5529 dicunt
2493 5474 2773 5529 Dominum
2796 5475 2975 5531 .lesum
2998 5476 3265 5531 Christum
3288 5490 3447 5530 causa
3471 5477 3619 5548 igno-

2043 5568 2229 5623 rantiae
2254 5565 2540 5635 aliquando
2568 5565 2928 5636 interrogasse
2958 5565 3190 5632 Judaaos,
3224 5575 3277 5620 et
3305 5581 3412 5621 non
3441 5564 3618 5635 ponus

2045 5673 2207 5716 causa
2234 5656 2663 5728 dispensationis.
2692 5658 2988 5730 lnterrogat
3012 5660 3153 5715 enim
3176 5660 3327 5730 cujus
3357 5657 3426 5713 sit
3446 5659 3622 5728 imago

2047 5750 2272 5817 nummi,
2299 5758 2353 5805 et
2381 5750 2763 5821 soperscriptio
2791 5750 2939 5821 ejus,
2968 5766 3071 5807 non
3102 5750 3242 5822 quod
3273 5752 3385 5821 ipse
3417 5751 3624 5810 nesciat

2047 5842 2190 5914 quod
2214 5856 2401 5901 omnes
2439 5843 2578 5901 scire
2614 5852 2858 5915 poterant
2903 5844 2990 5915 qui
3031 5844 3281 5900 videbant
3318 5843 3619 5910 denarium,

2990 5936 3063 5999 ιιΰ
