4096 6346
477 409 607 465 1451

1345 401 1544 461 PAULI
1587 399 1858 457 DIACONI
1905 395 2056 453 OPP.
2099 389 2278 449 PARS
2317 391 2382 445 ll.
2424 417 2492 429 —
2534 383 2893 446 ASCETICA.

3618 379 3762 436 1459.

470 519 563 576 ωδ
595 518 716 575 ideo
745 527 800 572 ιη
830 519 896 573 ad
921 533 1223 574 sermonem
1248 533 1433 574 eorum
1459 522 1822 584 competente.-
1845 525 2067 578 respon-
2096 510 2142 568 Α
2173 503 2444 574 apostolus
2481 501 2792 556 manifestat
2819 515 2938 555 cum
2975 497 3108 554 dicit
3148 513 3165 552 :
3209 495 3540 551 Renovamini
3578 498 3764 565 spiritu

474 611 603 666 dere
627 611 818 665 valeat.
855 609 1044 664 Dicunt
1083 611 1127 664 ei
1159 625 1178 664 :
1209 608 1450 665 Cesaris.
1496 607 1550 660 ln
1590 606 1691 659 hoc
1732 606 1849 659 loco
1888 603 2067 657 Casar

473 717 579 758 non
613 699 875 769 Augustus
895 699 1226 755 Octavianus
1253 696 1633 765 intelligendus
1659 703 1763 759 est,
1787 692 1881 749 sed
1910 691 2069 747 Tibee

445 795 586 850 'rius
615 794 886 864 privignus
920 793 1074 862 ejus,
1113 791 1203 862 qui
1237 797 1573 845 successerat
1603 789 1656 842 iu
1686 787 1940 853 imperio,
1971 784 2071 840 sub

476 901 583 957 quo
614 895 668 941 et
697 901 884 956 passus
912 895 994 940 est
1033 885 1314 938 Dominus.
1361 880 1649 938 Sciendum
1681 893 1811 933 vero
1842 887 1921 932 est
1952 891 2070 930 om-

479 993 574 1032 nes
619 991 774 1046 reges
826 977 1190 1030 Romanorum
1243 976 1484 1030 Caesares
1527 986 1648 1026 esse
1684 969 2010 1039 appellatos,
2043 983 2074 1022 a

395 1073 400 1080 '
476 1067 651 1136 primo
677 1066 806 1121 Caio
835 1065 978 1120 Julio
1001 1066 1233 1119 Caesare.
1265 1063 1364 1131 Qui
1405 1062 1528 1117 ideo
1559 1062 1635 1115 sic
1665 1060 1963 1129 appellatus
1993 1064 2078 1110 est

478 1157 619 1227 quod
651 1157 732 1210 vel
773 1170 915 1209 caeso
956 1164 1111 1210 utero
1155 1159 1344 1209 matris
1377 1156 1427 1208 in
1471 1155 1644 1210 lucem
1685 1153 1960 1218 eruperit,
1993 1152 2078 1205 vel

475 1248 619 1318 quod
651 1263 770 1301 cum
801 1247 1023 1300 caesarie
1063 1247 1376 1315 capillorum
1420 1246 1576 1299 luerit
1605 1251 1783 1297 natus.
1829 1239 1972 1294 Tunc
2005 1240 2080 1292 ait

476 1343 549 1395 eis
580 1357 600 1396 :
631 1338 848 1394 Reddite
886 1356 1002 1412 ergo
1032 1355 1146 1408 qua:
1177 1348 1294 1392 sunt
1337 1339 1589 1402 Cwsaris,
1630 1333 1822 1390 Cwsari
1854 1350 1872 1389 .'
1900 1344 1946 1386 et
1967 1346 2079 1398 qua:

475 1441 590 1485 sunt
625 1429 750 1496 Dei,
787 1429 912 1483 Deo.
952 1427 1170 1483 Reddite
1194 1426 1386 1482 Cwsari
1408 1443 1527 1497 qua:
1558 1426 1675 1494 ejus
1705 1433 1859 1487 sunt,
1892 1423 1941 1477 id
1976 1431 2081 1488 est,

485 1538 764 1577 nummutn
787 1563 802 1588 ,
835 1521 1088 1574 tributum
1127 1533 1176 1575 et
1229 1520 1538 1589 pecuniam;
1578 1529 1626 1572 et
1662 1534 1774 1586 qua?
1815 1513 1910 1569 Dei
1941 1523 2084 1582 sunt,

489 1612 634 1679 Deo,
666 1613 719 1666 id
750 1619 868 1676 est,
900 1611 1136 1665 decimas
1170 1621 1221 1664 et
1255 1610 1545 1678 primitias,
1583 1619 1635 1661 et
1675 1617 1870 1660 cmtcra
1915 1604 2085 1658 dona-

484 1705 584 1770 ria,
615 1717 735 1772 qute
764 1702 896 1772 legis
930 1703 1147 1756 decreto
1177 1700 1515 1754 mandantur.
1543 1696 1694 1763 Quod
1720 1693 1980 1748 Dominus
2010 1692 2086 1744 la-

485 1795 738 1850 ciendum
772 1796 1047 1864 praecepit,
1084 1795 1198 1863 ipse
1226 1809 1437 1861 qu0qtte
1469 1807 1630 1860 opere
1663 1789 1920 1858 implevit.
1953 1786 2083 1839 Nam

2170 597 2351 650 mentis
2383 605 2586 661 vestrm,
2613 604 2660 648 et
2688 593 2888 648 induite
2916 608 3106 650 nouum
3137 591 3396 646 hominem
3413 628 3432 654 ,
3457 589 3549 659 qui
3575 606 3766 643 secun-

2173 690 2296 743 dum
2325 689 2490 744 Deum
2523 697 2723 742 creatus
2750 697 2824 742 est
2854 687 2909 740 in
2927 685 3144 754 jeuttia
3166 694 3220 738 et
3239 684 3510 748 sanctitate
3535 683 3766 738 ueritatis

2175 783 2401 855 (Epim.
2435 782 2548 852 tv).
2577 782 2782 848 Quibus
2807 780 2990 836 verbis
3026 795 3138 836 non
3174 779 3228 834 in
3269 791 3531 847 corpore,
3577 777 3676 832 sed
3714 777 3772 832 in

2179 875 2392 942 spiritu,
2412 873 2478 928 ad
2499 874 2794 941 imaginem,
2807 880 2862 926 et
2881 869 3288 926 similitudinem
3315 868 3408 930 Dei
3436 867 3602 924 homo
3621 881 3774 923 crea-

2180 975 2268 1020 tus
2291 980 2411 1024 esse
2433 965 2756 1020 ostenditur.
2788 962 3018 1020 Greatus
3039 971 3126 1020 est
3151 976 3286 1032 ergo
3307 963 3372 1018 ad
3408 963 3700 1030 imaginem
3720 968 3778 1017 et

2179 1055 2581 1112 similitudinem
2609 1054 2704 1110 Dei
2745 1054 2798 1110 in
2829 1055 3040 1122 anima,
3076 1063 3134 1108 ut
3163 1054 3302 1110 sicut
3337 1063 3422 1108 est
3467 1051 3610 1107 Deus
3649 1068 3778 1106 san-

2181 1158 2295 1204 ctus
2317 1193 2331 1215 ,
2363 1149 2537 1218 justus
2567 1157 2623 1204 et
2651 1162 2846 1210 verus,
2891 1147 3258 1215 discernitque
3299 1147 3443 1210 "mter
3479 1145 3680 1200 bonam
3723 1155 3782 1201 et

2185 1243 2422 1308 malum,
2457 1243 2524 1295 ita
2565 1251 2624 1296 et
2648 1243 2760 1309 ipse
2801 1240 2964 1296 homo
3001 1251 3252 1307 sanctus,
3290 1239 3468 1309 justus
3509 1253 3779 1308 verosque

2186 1347 2432 1401 manens,
2458 1333 2840 1388 discretionem
2863 1347 3013 1401 teque
3039 1331 3176 1388 boui.
3194 1332 3390 1388 malive
3415 1329 3666 1386 retineat.
3700 1329 3780 1385 Ad

2185 1424 2594 1480 similitudinem
2625 1423 2982 1478 nihilominus.
2999 1423 3094 1480 Dei
3121 1422 3304 1480 lactus
3320 1433 3426 1488 est,
3453 1433 3516 1476 ut
3533 1425 3678 1478 sicut
3699 1430 3784 1478 est

2187 1517 2328 1570 Deus
2359 1527 2654 1586 perpetuus
2678 1525 2733 1570 et
2773 1515 3124 1581 immortalis,
3153 1515 3225 1569 ita
3256 1523 3403 1570 esset
3427 1517 3588 1570 etiam
3622 1517 3784 1570 homo

2192 1608 2326 1678 (nisi
2363 1607 2674 1679 peccasset)
2704 1608 3020 1664 immortalis
3063 1620 3227 1676 atque
3273 1617 3525 1664 aeternus.
3581 1608 3782 1662 Taliter

2189 1716 2346 1770 ergo,
2377 1710 2442 1756 ut
2461 1701 2734 1764 diximus,
2762 1703 2826 1756 ad
2857 1701 3256 1756 similitudinem
3290 1711 3345 1755 et
3368 1701 3650 1770 imaginem
3685 1701 3786 1756 Dei-

2167 1801 2273 1870 _est
2302 1793 2468 1847 homo
2501 1795 2780 1860 conditus,
2819 1808 2928 1848 non
2975 1795 3024 1848 in
3055 1809 3304 1863 corpore.
3353 1798 3448 1849 sed
3491 1797 3540 1847 in
3569 1796 3782 1861 spiritu,

488 1902 610 1942 cum
654 1885 889 1942 venisset
927 1883 1303 1954 Capbarnaum
1326 1926 1340 1949 ,
1368 1889 1716 1936 accesserunt
1762 1882 1849 1949 qui
1900 1877 2084 1931 didra-
2119 1874 2168 1934 Β
2193 1901 2256 1939 ea
2283 1886 2627 1942 distinct-imm
2656 1895 2901 1952 sal-vaca,
2935 1895 2991 1940 υι
3030 1887 3210 1956 imago
3249 1888 3541 1955 accipiamr
3580 1890 3633 1942 in
3665 1903 3786 1942 ειη.

488 1977 646 2033 cbma
677 1975 1012 2046 accipiebant
1049 1976 1115 2030 ad
1148 1975 1388 2041 Petrum,
1422 1984 1476 2028 et
1507 1973 1754 2028 dixerunt
1787 1990 1799 2024 :
1837 1969 2087 2042 Magister

488 2078 650 2123 uester
686 2084 786 2122 non
822 2067 971 2122 solvit
1008 2067 1356 2120 didrachma?
1394 2065 1464 2120 At
1507 2066 1597 2120 ille
1635 2065 1705 2118 ait
1737 2079 1756 2118 :
1792 2062 1980 2115 Etiam.
2019 2059 2087 2113 Et

487 2177 603 2214 cum
643 2161 916 2215 introisset
959 2159 1150 2215 Petrus
1184 2160 1422 2226 domum,
1469 2158 1712 2229 prtcvenit
1754 2173 1870 2209 eum
1906 2153 2086 2220 Jesus,

488 2254 659 2307 dicens
691 2269 710 2307 :
743 2253 880 2318 Quid
907 2251 1000 2304 tibi
1029 2253 1245 2318 videtur,
1275 2251 1494 2306 Simon?
1523 2249 1682 2318 Reges
1715 2258 1862 2301 terra:
1901 2265 1930 2301 a
1970 2249 2085 2317 qui-

489 2348 582 2399 bus
608 2346 868 2414 accipiunt
895 2345 1133 2397 tributum
1167 2346 1242 2396 rel
1267 2323 1515 2396 ci'nsnnt?
1546 2362 1574 2393 (ι
1602 2343 1721 2407 ﬁliis
1750 2341 1854 2393 suis
1876 2382 1889 2405 ,
1924 2357 1990 2391 an
2023 2339 2087 2391 ab

491 2437 717 2490 alienis?
746 2438 815 2490 At
841 2435 926 2488 ille
956 2439 1028 2486 ait
1057 2451 1070 2485 :
1105 2435 1177 2486 Ab
1201 2434 1404 2485 alienis.
1439 2431 1582 2484 Dixit
1612 2431 1688 2484 illi
1718 2429 1870 2485 Jesus
1902 2445 1921 2484 .'
1951 2429 2089 2501 Ergo

397 2547 426 2564 -‘
495 2530 642 2584 liberi
684 2537 799 2582 sunt
834 2527 928 2597 ﬁlii
966 2525 1182 2599 (Matth.
1231 2529 1383 2596 xvn).
1422 2525 1499 2579 Ac
1541 2527 1585 2580 si
1629 2525 1834 2578 diceret
1866 2543 1876 2576 :
1910 2523 1962 2578 Si
1995 2523 2091 2578 lilii

495 2633 681 2689 regum
711 2619 863 2673 liberi
899 2625 1020 2672 sunt
1051 2634 1078 2670 a
1113 2617 1309 2672 tributo
1332 2660 1346 2683 ,
1377 2635 1472 2685 ego
1502 2616 1590 2683 qui
1625 2631 1742 2670 sum
1777 2616 1915 2668 lilius
1949 2614 2088 2684 regis

493 2714 720 2780 aeterni,
761 2720 918 2782 atque
960 2713 1028 2768 de
1068 2714 1235 2780 Stirpe
1280 2712 1417 2780 regis
1443 2713 1638 2765 terra-ni
1681 2719 2001 2781 generatus,
2056 2723 2089 2764 a

493 2803 696 2859 tributo
722 2802 860 2857 liber
889 2817 1008 2857 esse
1040 2802 1316 2856 debet-cm.
1349 2799 1414 2855 Ut
1444 2811 1610 2854 autem
1638 2819 1737 2855 non
1769 2802 2088 2864 scandalize-

493 2912 608 2950 mus
634 2912 749 2960 eos,
782 2895 908 2948 vade
939 2895 1008 2948 ad
1044 2911 1216 2960 mare,
1243 2903 1288 2948 et
1321 2896 1460 2948 mitte
1491 2894 1696 2947 hamum
1731 2910 1746 2946 :
1777 2906 1822 2947 et
1863 2911 1976 2948 eum
2010 2895 2089 2962 pi-

493 3003 627 3042 scem
653 2987 742 3056 qui
768 2989 964 3058 primus
988 2988 1294 3050 ascenderit,
1320 2985 1460 3052 tolle,
1486 2995 1532 3038 et
1563 2994 1736 3052 aperto
1767 3001 1852 3038 ore
1875 2986 1988 3054 ejus
2012 2985 2088 3037 in-

495 3079 700 3132 veniens
729 3089 963 3132 staterem
988 3093 1005 3131 :
1038 3079 1186 3131 illum
1209 3095 1437 3146 sumens,
1465 3079 1528 3130 da
1553 3079 1621 3131 eis
1643 3095 1736 3148 pro
1762 3096 1836 3130 me
1859 3088 1902 3130 et
1929 3094 2022 3146 pro
2043 3089 2090 3130 te

497 3167 712 3242 (Ibid.).
745 3169 800 3224 In
842 3185 946 3237 quo
986 3171 1105 3223 loco
1148 3170 1274 3222 dicit
1318 3169 1504 3223 beatus
1549 3170 1900 3240 Hieronymus
1942 3171 2087 3239 igno—

2195 1977 2412 2040 ctitate,
2445 1977 2740 2032 similitudo
2778 1988 2954 2033 autem
3001 1978 3051 2031 in
3103 1979 3420 2032 meruitate'.
3463 1976 3788 2034 Studeamus

2196 2082 2322 2134 ergo
2348 2068 2595 2122 renovari
2625 2070 2814 2138 spiritu
2838 2071 3019 2122 mentis
3047 2078 3256 2134 nostrae,
3288 2081 3336 2122 et
3360 2071 3576 2123 induere
3603 2087 3788 2124 novom

2195 2158 2451 2212 hominem
2479 2159 2567 2229 qui
2594 2161 2874 2214 secundum
2905 2159 3078 2216 Deum
3107 2169 3310 2214 creatus
3357 2170 3460 2226 est,
3494 2173 3550 2214 ut
3581 2176 3790 2216 merca-

2198 2269 2316 2308 mur
2344 2255 2394 2309 ei
2416 2255 2642 2310 reddere
2671 2256 2950 2310 denarium
2993 2271 3148 2310 suum
3167 2299 3182 2320 ,
3215 2255 3317 2310 hoc
3346 2266 3459 2320 est,
3489 2257 3653 2311 vitam
3694 2273 3790 2311 no-

2195 2353 2360 2398 stram
2403 2356 2642 2399 sanctam
2693 2356 2748 2400 et
2799 2346 3218 2402 immaculatam.
3264 2347 3439 2402 Aliter
3488 2347 3790 2405 Pharisees

2197 2445 2252 2490 et
2299 2435 2662 2500 Herodianus,
2710 2425 2909 2507 qni'ad
2962 2439 3273 2494 tentandum
3333 2440 3614 2494 Dominum
3659 2451 3790 2496 sunt

2198 2526 2370 2590 missi,
2401 2526 2625 2581 diversae
2646 2536 2859 2584 constat
2883 2529 3050 2590 fuisse
3075 2530 3388 2586 voluntatis.
3410 2530 3514 2584 Alii
3544 2532 3685 2585 enim
3711 2534 3790 2588 nil

2197 2621 2425 2676 reddere
2449 2621 2669 2688 Caesari,
2702 2624 2790 2678 alii
2819 2639 2950 2679 vero
2971 2635 3176 2678 tantum
3200 2627 3394 2680 Caesari
3411 2667 3426 2692 ,
3450 2627 3630 2681 omnia
3662 2641 3791 2682 cen-

2198 2714 2388 2766 sebant
2416 2727 2537 2768 esse
2568 2713 2864 2770 reddenda.
2893 2716 3122 2770 Proinde
3153 2717 3268 2770 duo
3296 2718 3382 2770 isti
3423 2718 3646 2772 ordines
3679 2729 3792 2773 len-

2201 2812 2431 2858 tatorum
2455 2806 2561 2860 duo
2582 2791 2887 2874 signiﬁcant
2913 2821 3108 2872 genera
3142 2809 3542 2872 haereticorum,
3565 2824 3790 2878 quorum

2199 2898 2426 2953 alterum
2455 2899 2614 2954 docet
2643 2901 3012 2956 tantummodo
3039 2903 3708 2970 corpori-obsequendum,
3737 2913 3792 2957 et

2201 2988 2424 3056 Ctesari,
2455 2991 2506 3045 id
2536 3001 2620 3046 est
2647 2994 2838 3059 ventri,
2869 2994 2957 3061 qui
2983 3001 3038 3046 et
3063 2995 3112 3048 in
3137 2995 3272 3048 libro
3295 2995 3434 3048 beati
3464 2995 3568 3049 Job
3583 3007 3791 3050 metor

2200 3093 2443 3150 vocatur,
2467 3084 2805 3139 solummodo
2830 3085 3184 3140 militandum.
3213 3087 3454 3141 Alterum
3481 3104 3610 3143 vero
3625 3105 3800 3160 genus

2205 3173 2580 3230 haereticorum
2608 3177 2796 3232 suadet
2825 3179 3068 3247 corporis
3095 3193 3281 3234 curam
3308 3179 3530 3248 penitus.
3547 3182 3795 3236 omitten-

497 3277 620 3318 rare
645 3277 706 3317 se
733 3263 858 3332 quid
894 3263 1231 3332 potissimum
1273 3264 1575 3317 mirandum
1608 3264 1708 3328 sit,
1745 3277 1917 3317 utrum
1954 3283 2092 3334 prm-
2120 3236 2167 3300 ο
2199 3267 2354 3334 dam,
2393 3277 2447 3321 et
2487 3268 2682 3324 animm
2723 3236 3096 3326 tantum-modo
3132 3236 3460 3340 proice-tibus
3509 3273 3794 3341 invigilan—

498 3354 720 3410 scientia
748 3353 1038 3408 Salvatoris
1058 3398 1072 3421 ,
1098 3368 1164 3406 an
1196 3354 1504 3422 magnitudo
1531 3355 1646 3422 ejus
1679 3356 1908 3410 virtutis.
1946 3355 2089 3410 Prat-

502 3447 723 3502 scientia
750 3445 985 3514 quidem,
1002 3446 1140 3514 quod
1167 3447 1376 3500 noverit
1401 3447 1597 3515 piscem
1624 3447 1820 3503 habere
1842 3458 2094 3504 slaterem

504 3542 557 3596 in
587 3553 712 3608 ore,
755 3547 808 3594 et
838 3539 978 3608 quod
1024 3541 1248 3608 primum
1294 3541 1410 3608 ipse
1454 3541 1745 3610 capiendus
1781 3549 1942 3596 esset.
1990 3543 2097 3596 llla—

505 3632 732 3703 gnitudo
773 3641 948 3686 autem
996 3632 1241 3699 virtutis,
1286 3634 1331 3688 si
1369 3633 1432 3688 ad
1479 3635 1699 3689 verbum
1738 3635 1877 3690 illius
1917 3637 2095 3691 statim

505 3731 674 3781 stator
703 3727 754 3779 in
784 3740 877 3778 ore
901 3726 1059 3794 piscis
1085 3735 1296 3781 creatus
1318 3736 1419 3790 est,
1445 3737 1499 3782 et
1529 3728 1670 3796 quod
1704 3729 1933 3782 t'uturum
1957 3738 2096 3796 erat,

508 3815 776 3884 loquendo
807 3815 1009 3872 iecerit.
1042 3817 1202 3888 Ergo,
1238 3827 1296 3872 ut
1320 3828 1442 3874 ante
1471 3819 1671 3874 dictum
1707 3829 1810 3884 est,
1844 3820 2099 3876 Dominus

511 3917 696 3964 noster
733 3917 787 3965 et
827 3910 1120 3965 secundum
1145 3901 1376 3966 carnem
1417 3920 1471 3967 et
1517 3911 1810 3966 secundum
1853 3913 2096 3980 spiritum

513 4003 627 4074 ejus
657 4004 796 4057 lilius
827 4003 968 4072 regis
1000 4013 1146 4070 erat,
1176 4005 1257 4058 vel
1290 4020 1352 4057 ex
1387 4004 1549 4056 David
1591 4005 1759 4073 stirpe
1789 4013 2098 4073 generatus,

511 4096 598 4153 vel
625 4096 1004 4166 omnipotentis
1031 4095 1264 4150 Verbum
1305 4095 1494 4150 Patris.
1528 4095 1742 4150 Tributa
1771 4098 1918 4166 quasi
1960 4097 2102 4165 regis

511 4190 654 4246 ﬁlius
699 4206 802 4245 non
849 4191 1105 4256 debebat,
1148 4191 1241 4244 sed
1285 4189 1374 4260 qui
1419 4190 1770 4244 humilitatem
1811 4193 1989 4245 carnis
2017 4205 2103 4246 as-

513 4289 846 4348 sumpserat,
878 4279 1060 4333 debuit
1087 4279 1377 4347 adimplere
1407 4295 1618 4334 omnem
1646 4279 1928 4349 justitiam.
1959 4280 2100 4334 Nos-

513 4387 617 4441 que
648 4373 886 4426 inl‘elices
906 4411 921 4436 ,
951 4371 1040 4439 qui
1073 4369 1270 4424 Christi
1303 4386 1586 4424 censemur
1613 4371 1829 4424 nomine
1851 4412 1864 4436 ,
1890 4382 1942 4424 et
1972 4369 2102 4426 nihil

517 4461 732 4532 dignum
784 4459 1006 4516 facimus
1051 4469 1193 4515 tanta
1238 4461 1537 4530 majestate.
1586 4461 1675 4515 Ille
1729 4475 1824 4530 pro
1861 4461 2012 4515 nobis
2049 4471 2103 4516 et

517 4568 734 4609 crucem
762 4553 1031 4619 sustinuit,
1061 4554 1253 4607 tributa
1287 4570 1390 4606 non
1419 4553 1711 4620 reddimus,
1744 4563 1797 4608 et
1822 4556 1976 4622 quasi
2009 4554 2104 4608 lilii

520 4641 662 4711 regis
690 4657 720 4696 a
752 4643 1094 4712 vectigalibus
1122 4644 1386 4699 immunes
1420 4659 1623 4697 sumus.
1654 4643 1760 4699 Deo
1787 4645 1945 4698 etiam
1980 4646 2101 4699 red-

519 4735 655 4792 didit
684 4734 937 4790 Dominus
959 4733 1116 4790 Jesus
1139 4750 1255 4805 quae
1284 4735 1376 4789 Dei
1401 4743 1544 4799 sunt,
1569 4737 1822 4804 quoniam
1853 4737 1904 4789 iu
1937 4735 2106 4790 omni-

519 4827 618 4883 bus
645 4827 896 4897 operibus
921 4826 1032 4882 suis
1053 4827 1378 4880 voluntatem
1409 4826 1579 4880 Patris
1602 4827 1929 4895 adimplcvit,
1951 4828 2100 4895 juxta

520 4921 663 4991 quod
689 4922 800 4991 ipse
820 4921 1053 4990 loquitur
1079 4941 1090 4973 :
1119 4917 1241 4974 Non
1262 4920 1371 4974 veni
1394 4925 1561 4990 facere
1584 4921 1893 4973 voluntatem
1913 4935 2100 4988 meam,

521 5013 609 5066 sed
649 5013 958 5066 voluntatem
995 5014 1106 5083 ejus
1148 5013 1231 5081 qui
1269 5011 1404 5064 misit
1445 5027 1545 5076 me,
1571 5009 1744 5063 Patris
1779 5009 1958 5082 (Joan.
2000 5012 2099 5080 Vl).

525 5104 895 5172 Spiritualiler,
926 5105 1064 5157 sicut
1091 5100 1268 5156 Caesar
1293 5103 1454 5170 exigit
1483 5103 1758 5155 denarium
1787 5118 1814 5154 a
1846 5103 1957 5155 suis
1981 5105 2108 5157 sub-

519 5195 706 5263 jectis,
739 5195 789 5248 in
821 5209 924 5263 quo
965 5195 1138 5263 imago
1178 5195 1291 5262 ejus
1331 5194 1687 5261 exprimitur,
1735 5193 1805 5245 ita
1845 5192 1983 5248 Deus
2020 5210 2106 5250 re-

526 5284 700 5354 quiret
727 5303 752 5337 a
783 5285 934 5340 nobis
959 5286 1188 5338 anin'tam
1224 5285 1418 5338 lumine
1449 5285 1624 5337 vultus
1662 5284 1742 5337 sui
1783 5286 2109 5354 insignitam.

531 5375 681 5432 Unde
731 5377 1004 5431 PsalmiSIa
1052 5378 1126 5430 ait
1159 5396 1171 5428 :
1203 5375 1474 5454 Signatum
1518 5384 1590 5426 est
1629 5392 1782 5443 super
1823 5395 1911 5432 nos
1941 5382 2110 5438 lumen

527 5465 698 5519 vultus
733 5467 830 5533 tui,
860 5466 1077 5519 Domine
1105 5464 1276 5537 (Pent.
1324 5467 1416 5535 Iv).
1459 5467 1914 5530 Quemadmodum
1965 5474 2106 5526 enim

529 5557 782 5612 denarius
820 5557 1099 5628 insignitur
1135 5557 1277 5627 regis
1319 5558 1576 5626 imagine,
1610 5559 1675 5610 ita
1709 5559 1881 5613 anima
1926 5573 2108 5619 nostra

532 5647 694 5701 divini
724 5649 936 5703 luminis
966 5651 1258 5702 illustratur
1288 5649 1547 5704 claritate.
1579 5650 1748 5706 Homo
1785 5668 2014 5724 namque
2042 5656 2107 5710 ad

534 5739 818 5806 imaginem
857 5751 909 5794 et
949 5741 1346 5797 similitudinem
1380 5743 1467 5798 Dei
1499 5747 1742 5802 conditus
1769 5759 1852 5808 est
1873 5789 1887 5812 ,
1919 5763 2023 5804 non
2056 5751 2107 5804 in

534 5839 788 5896 corpore,
817 5831 910 5885 sed
951 5833 1002 5885 in
1038 5834 1258 5900 Spiritu,
1289 5834 1340 5889 id
1367 5845 1449 5894 est
1482 5840 1678 5895 anima.
1723 5840 1872 5907 Quod
1914 5841 2109 5900 Paulus

2200 3359 2348 3425 dum,
2397 3371 2786 3429 nonnunquam
2827 3359 2990 3418 etiam
3029 3361 3128 3429 ipsi
3170 3361 3382 3429 corpori
3412 3377 3584 3416 causa:
3611 3364 3796 3418 animt!)

2202 3449 2492 3517 perniciem
2533 3449 2888 3514 inferendam.
2935 3453 3038 3506 Sed
3079 3451 3334 3508 Dominus
3378 3463 3668 3521 utrumque
3707 3455 3796 3507 ab-

2202 3558 2376 3599 nuens
2395 3585 2412 3610 ,
2440 3543 2582 3613 regia
2619 3544 2703 3598 via
2735 3543 3047 3600 docet-esse
3074 3546 3464 3614 gradientium,
3494 3557 3550 3601 et
3587 3548 3798 3616 corpori

2203 3632 2418 3701 quidem
2448 3633 2746 3688 subsidium
2773 3649 2880 3690 non
2912 3637 3211 3706 negandum
3245 3654 3259 3690 :
3287 3638 3488 3694 animus
3513 3653 3636 3693 vero
3671 3654 3796 3706 pro-

2206 3724 2365 3780 lectui
2397 3740 2493 3793 pro
2525 3727 2756 3783 utilitate
2783 3737 2838 3783 et
2875 3739 3116 3798 tempore
3144 3731 3383 3786 insinuat
3420 3731 3792 3797 insistendum,

2205 3815 2530 3874 discretione
2563 3819 2616 3874 in
2645 3819 2897 3876 omnibus
2925 3833 3286 3889 conservata,
3305 3834 3576 3894 quatenus
3601 3833 3657 3880 et
3684 3841 3800 3880 cor-

2207 3924 2304 3978 pus
2332 3909 2610 3979 subjacere
2640 3912 2852 3982 valeat,
2885 3923 2938 3969 et
2973 3915 3184 3970 animus
3215 3916 3392 3972 inedia
3420 3921 3670 3986 corporis
3697 3936 3797 3974 non

2209 4001 2464 4058 tabescat.
2501 4001 2627 4056 Item
2673 4003 2778 4058 alio
2822 4019 2984 4060 sensu
3029 4005 3298 4064 Catssrem
3341 4008 3586 4078 intellige
3621 4011 3804 4064 diabo-

2209 4092 2338 4155 lum,
2369 4093 2456 4162 qui
2485 4095 2650 4149 semel
2673 4095 2725 4148 in
2751 4096 3002 4165 paradiso
3023 4097 3224 4154 homini
3251 4101 3412 4156 vilem
3437 4106 3812 4170 persuasionis

2211 4199 2485 4240 nummum
2534 4187 2781 4254 contulit,
2833 4197 2888 4243 et
2929 4191 3170 4258 quotidie
3215 4191 3285 4245 ab
3328 4207 3396 4247 eo
3442 4193 3604 4263 hujus
3639 4196 3802 4250 debiti

2210 4288 2415 4332 reatum
2444 4281 2652 4345 quaerit.
2687 4279 2782 4332 Cui
2816 4288 2944 4334 tunc
2982 4296 3100 4334 non.
3137 4285 3274 4337 sicut
3312 4284 3400 4338 ille
3429 4287 3670 4354 expetit,
3708 4287 3800 4342 sed

2209 4367 2348 4420 sicut
2378 4367 2579 4421 utilitas
2607 4378 2790 4424 nostra
2819 4373 3024 4439 poscit,
3057 4387 3278 4428 censum
3320 4377 3634 4443 reddimus,
3683 4394 3804 4432 cum

2211 4472 2464 4526 perversa
2495 4476 2653 4528 agere
2681 4461 3032 4530 despicimus,
3065 4481 3185 4520 cum
3225 4476 3502 4534 peccatum
3549 4471 3692 4540 quod
3739 4472 3812 4525 ab

2212 4564 2277 4604 eo
2305 4551 2563 4606 suadente
2591 4555 2988 4622 contraximus,
3024 4556 3183 4625 digna
3224 4560 3554 4625 poenitentia:
3592 4565 3814 4616 satist:-

2209 4639 2388 4693 ctione
2425 4657 2745 4712 purgamus,
2781 4658 2904 4698 cum
2935 4647 3062 4701 vitia
3098 4649 3428 4717 deserimus,
3464 4651 3656 4720 eisque
3685 4669 3815 4706 cum

2211 4748 2310 4788 suo
2337 4746 2558 4792 auctore
2585 4737 3063 4808 abrenuntiamns,
3086 4752 3164 4808 ut,
3197 4743 3298 4798 tali.
3328 4745 3533 4798 tributo
3575 4748 3818 4812 reddito,

2211 4826 2364 4882 liberi
2397 4843 2460 4882 ac
2492 4833 2666 4883 securi
2702 4831 2954 4900 deinceps
2995 4835 3254 4890 vivamus.
3290 4834 3396 4889 Sed
3423 4847 3711 4906 postquam
3742 4825 3820 4894 ita

2211 4921 2422 4978 diabolo
2459 4925 2602 4992 quod
2641 4926 2709 4978 ab
2756 4926 2845 4980 illo
2883 4927 3186 4997 accepimus
3231 4929 3538 4993 reddimus,
3581 4946 3822 4988 necesse

2210 5027 2290 5070 est
2315 5026 2372 5070 ut
2402 5016 2512 5072 Deo
2540 5018 2894 5087 omnipotenti
2919 5021 3280 5089 quodvab-illo
3307 5024 3642 5090 sumpsimus
3674 5025 3826 5078 inte—

2212 5116 2474 5162 metatum
2499 5109 2880 5178 restituamus,
2910 5113 3144 5168 animam
3172 5113 3418 5168 videlicet
3445 5124 3690 5172 nostram
3735 5122 3826 5172 lu-

2212 5198 2357 5253 mine
2386 5199 2562 5254 vultus
2600 5203 2717 5269 ejus
2757 5202 3058 5271 insignitam
3089 5214 3143 5259 et
3181 5207 3577 5260 immaculatum
3597 5249 3613 5271 ,
3644 5212 3830 5263 actio-

2215 5290 2369 5344 nibus
2393 5291 2728 5346 adornatam.
2745 5293 2956 5349 Moneta
2973 5297 3120 5350 enim
3147 5295 3241 5352 Dei
3265 5313 3470 5366 sumus,
3495 5313 3528 5352 a
3550 5301 3832 5356 thesauro

2214 5383 2332 5453 ejus
2371 5385 2700 5454 decidimus,
2729 5403 2914 5444 errore
2946 5391 3204 5448 detritum
3244 5402 3336 5449 est
3367 5394 3508 5464 quod
3552 5395 3608 5449 in
3657 5399 3832 5452 nobis

2218 5476 2389 5532 fuerat
2418 5479 2756 5548 impressum.
2795 5484 3052 5549 Quocirca
3091 5488 3320 5542 solerter
3359 5497 3442 5543 est
3480 5489 3830 5547 studendum

2218 5571 2588 5639 ut-imaginem
2635 5575 2725 5628 Dei
2761 5590 2938 5644 quam.
2966 5579 3236 5645 peccando
3275 5579 3342 5634 in=
3373 5581 3530 5635 nobis
3557 5587 3832 5654 corrupi-

2218 5676 2365 5728 mus,
2410 5663 2719 5732 ptenitendo
2747 5676 2803 5720 et
2839 5669 3000 5736 digne
3032 5670 3547 5741 vivendo'repararc
3594 5683 3832 5746 setosa.

2218 5768 2355 5809 mus.
2399 5754 2517 5822 Ipso
2555 5755 2841 5826 adjuvante
2879 5761 2967 5829 qui
3009 5763 3138 5818 vivit
3176 5773 3232 5820 et
3271 5777 3456 5836 regnat
3500 5770 3554 5820 in
3603 5769 3834 5827 unitate

2217 5841 2445 5912 Spiritus
2471 5849 2644 5903 sancti
2668 5848 2832 5918 Deus,
2864 5860 2970 5908 etc.
