4096 6346
390 384 525 443 1455
1343 380 1803 442 HOMILIARIUS.
1842 414 1914 425 —
1949 386 1954 440 l

2056 386 2113 440 li.
2155 386 2241 440 DE
2280 380 2627 443 TEMPORE.
3501 396 3634 451 1451

904 522 1184 578 HOMILIA
1227 521 1425 578 CXCV.

622 628 673 667 IN
719 628 967 667 DOMINICA
1006 627 1114 667 XXV
1153 629 1278 667 POST
1317 627 1709 669 PENTECOSTBN.

387 704 480 774 (Ex
512 702 654 757 beati
682 702 949 756 Ambrosii
980 702 1030 754 in
1067 696 1412 774 Evangelium
1437 703 1726 757 secundum
1760 704 1955 760 Lucam

718 774 1071 840 expositione,
1103 772 1192 825 lib.
1225 787 1296 836 vi,
1331 786 1475 825 num.
1508 775 1621 842 55.)

450 862 516 917 In
546 863 636 918 illa
663 874 889 931 tempore
911 862 1147 933 loquente
1170 861 1295 917 Iesu
1330 865 1397 917 ad
1429 865 1623 931 turbas,
1658 856 1788 919 Ecce
1816 866 1954 932 prin.

382 973 493 1025 ceps
519 974 649 1010 unus
679 958 920 1021 accessit,
949 967 997 1011 et
1021 958 1249 1011 adoravit
1272 974 1386 1011 eum
1406 1004 1419 1025 ,
1461 959 1636 1013 dicens
1667 977 1686 1016 :
1717 960 1953 1023 Domine,

382 1050 485 1119 ﬁlia
523 1064 634 1102 mea
673 1049 824 1102 modo
854 1048 1099 1117 d’efun‘cta
1122 1056 1231 1116 est,
1263 1051 1353 1103 sed
1391 1052 1504 1104 veni
1536 1056 1585 1104 et
1619 1053 1820 1119 impone
1856 1066 1960 1104 ma-

382 1156 496 1193 num
525 1155 675 1208 super
701 1152 834 1205 eam,
868 1149 915 1193 et
944 1142 1088 1205 m‘vet,
1112 1149 1213 1193 etc.
1249 1140 1400 1209 (Luc.
1428 1146 1569 1206 vui).

448 1233 755 1300 Reliquerat
786 1233 836 1285 iu
878 1230 1161 1286 Gerasenis
1193 1246 1513 1303 synagogam
1544 1232 1816 1299 Christus,
1848 1243 1952 1289 etc.

384 1325 590 1395 Reliqua
617 1325 730 1379 vide
762 1326 905 1394 apud
931 1336 1162 1379 sanctum
1195 1327 1548 1393 Ambrosium,
1585 1327 1809 1397 Operam
1844 1330 1955 1399 ejus

377 1428 509 1474 tomo
538 1420 564 1474 Ι
574 1418 627 1488 1,
661 1419 975 1489 l’atrologite
1003 1418 1131 1486 XV,
1154 1423 1254 1473 col.
1286 1419 1449 1475 1682.

888 1530 1163 1587 HOMILIA
1204 1530 1433 1585 CXCVI.

848 1617 901 1657 IN
959 1614 1137 1657 ΕΔΒΕΙΙ
1190 1614 1463 1657 DOMINICA.

376 1694 485 1765 (Ex
515 1709 636 1751 ven.
678 1694 1158 1765 Bedte'presbyteri
1182 1693 1249 1765 in
1290 1692 1630 1765 Evangelium
1661 1694 1952 1748 secundum

743 1764 937 1819 Lucam
968 1762 1318 1832 expositione,
1351 1762 1443 1817 lib.
1475 1764 1582 1832 tu.)

1984 505 2040 563 Α
2066 512 2435 572 remus,quem
2464 502 2530 557 de
2551 505 2712 559 rebus
2729 504 3021 561 visibilibus
3038 507 3375 563 invisibiliter
3391 526 3628 565 noscere-

2066 608 2205 648 mus.
2220 592 2327 650 Nec
2354 605 2529 649 tamen
2560 597 2759 651 sufﬁcit
2786 598 2897 651 haec
2920 598 3112 653 intueri
3135 602 3402 655 miraculis
3416 602 3634 658 Christi.

2064 688 2459 761 lnterrogemus
2490 690 2602 757 ipsa
2642 692 2897 746 miracula
2922 692 3046 762 quid
3077 695 3229 747 nobis
3259 695 3543 764 loquantur
3569 697 3635 752 de

2061 778 2293 833 Christo.
2359 780 2567 835 liabent
2636 782 2812 847 enim,
2868 783 2912 837 si
2969 784 3349 853 intelligantur,
3406 788 3635 855 linguam

2059 888 2233 927 suam.
2258 873 2388 927 Nam
2420 873 2543 943 quia
2574 874 2687 941 ipse
2706 872 2946 929 Christus
2975 875 3203 929 Verbum
3228 876 3319 929 Dei
3349 887 3451 944 est,
3480 883 3638 933 etiam

2063 962 2261 1017 factum
2296 962 2455 1018 Verbi
2498 964 2724 1017 Verbum
2766 963 2920 1018 nobis
2963 976 3064 1019 est.
3101 960 3210 1019 Hoc
3253 976 3380 1034 ergo
3410 968 3638 1022 miracu-

2060 1056 2168 1111 lum
2202 1056 2346 1109 sicut
2388 1050 2688 1109 audivimus
2720 1071 2876 1124 quam
2909 1071 3154 1125 magnum
3208 1057 3295 1122 sit,
3341 1075 3638 1126 quaeramus

2060 1147 2221 1201 etiam
2249 1163 2406 1216 quam
2439 1147 2757 1217 profundum
2789 1149 2876 1203 sit.
2909 1149 3022 1203 Non
3071 1158 3269 1203 tantum
3299 1151 3416 1221 ejus
3446 1168 3635 1221 super-

2060 1234 2183 1296 ﬁcie
2230 1241 2583 1311 delectemur,
2616 1242 2711 1297 sed
2756 1243 2916 1296 etiam
2954 1241 3290 1296 altitudinem
3339 1255 3637 1308 perscruta-

2058 1345 2200 1386 mur.
2235 1329 2407 1386 Habet
2449 1331 2593 1388 enim
2625 1330 2823 1401 aliquid
2860 1333 3001 1387 intus
3048 1333 3149 1387 hoc
3196 1334 3334 1402 quod
3384 1336 3636 1388 miramur

2057 1418 2210 1476 foris.
2264 1420 2547 1487 Vidimus,
2597 1423 3023 1489 exspectavimus
3070 1437 3317 1491 maguum
3359 1424 3634 1491 quiddam,

2058 1514 2377 1583 praeclarum
2410 1513 2664 1579 quiddam
2694 1522 2749 1568 et
2775 1514 2994 1568 omnino
3041 1513 3301 1579 divinum,
3335 1514 3481 1583 quod
3526 1510 3637 1571 ﬁeri

2057 1606 2159 1660 nisi
2206 1620 2233 1659 a
2282 1604 2511 1659 Domino
2562 1619 2667 1657 non
2716 1605 2902 1672 possit,
2937 1603 3265 1659 laudavimus
3296 1606 3363 1660 de
3388 1608 3524 1661 iacto
3557 1602 3631 1662 ἴδε

2058 1710 2289 1755 ctorem.
2324 1700 2430 1754 Sed
2459 1699 2908 1769 quemadmodum
2943 1700 2986 1753 si
3019 1699 3225 1755 litteras
3270 1699 3515 1769 pulchras
3543 1702 3639 1756 ali-

2058 1792 2179 1845 cubi
2236 1790 2663 1859 inSpiceremus,
2728 1806 2833 1844 non
2887 1790 3041 1845 nobis
3100 1784 3370 1846 sufﬁceret
3424 1788 3640 1847 laudare

438 1856 505 1911 In
536 1859 625 1912 mo
655 1867 875 1957 ἐξηνθτθ
898 1855 1271 1957 ίέηυωξωλίδκ
1387 1856 1708 1957 ίυτθαδνεῗεξ
1724 1858 1956 1957 Vince"?
1986 1864 2033 1924 Β
2062 1855 2339 1951 scriptoris
2371 1884 2673 1945 articulum,
2702 1884 2970 1952 quomodo
2998 1897 3087 1937 eas
3132 1884 3346 1950 pariles,
3382 1884 3635 1957 aequales,

371 1966 497 2005 unus
524 1952 769 2015 accessit,
792 1959 838 2003 et
864 1950 1094 2002 adorauit
1118 1964 1255 2014 eum,
1281 1948 1474 2012 dicens,
1497 1957 1602 2003 etc.
1629 1948 1788 2017 (Luc.
1809 1950 1951 2018 vui.)

441 2044 572 2097 Ecce
599 2046 675 2098 uir
699 2046 831 2098 venit
858 2046 940 2098 cui
985 2060 1169 2097 nomen
1207 2053 1313 2097 erat
1341 2041 1552 2109 Jnirus,
1593 2053 1639 2097 et
1671 2045 1778 2113 ipse
1810 2043 1955 2112 prin-

366 2149 480 2201 ceps
509 2152 781 2205 synagoga:
807 2145 933 2189 erat.
949 2136 1116 2190 Priori
1146 2136 1358 2191 lectioni
1382 2152 1539 2203 quam
1561 2137 1629 2190 de
1655 2135 1954 2204 abjectione

366 2228 690 2297 Syuagogaz,
726 2228 938 2297 ﬁdeque
969 2228 1258 2294 Ecclesiae,
1288 2237 1449 2297 atque
1473 2230 1664 2282 iterum
1693 2228 1951 2281 instaura-

369 2324 513 2377 tione
556 2322 853 2392 Syuagogaz
902 2338 1089 2377 sumus
1132 2322 1509 2392 interpretati,
1563 2329 1953 2389 consequenter

365 2416 768 2487 arcliisynagogi
798 2414 904 2470 ﬁlia
935 2419 1173 2471 moriens
1203 2415 1565 2484 subiungitur,
1594 2421 1699 2468 etc.
1731 2411 1953 2480 Reliqua

364 2509 475 2563 vide
524 2510 665 2576 apud
720 2508 1055 2562 venerabilem
1106 2507 1332 2571 Bsdam,
1384 2505 1611 2573 Operam
1657 2503 1769 2569 eius
1817 2511 1951 2556 tanta

366 2599 491 2669 ων
512 2600 829 2671 Ραιτοιορίω
858 2599 1037 2669 XCII,
1069 2602 1167 2654 col.
1196 2601 1321 2655 Ml.

863 2714 1141 2770 HOMILIA
1191 2712 1445 2769 CXCV".

598 2802 655 2841 IN
689 2800 941 2841 DOIINICA
980 2801 1107 2839 XXVI
1147 2800 1275 2839 POST
1318 2796 1727 2839 νεκτεοοετιπδ-

775 2883 879 2953 (Ex
906 2884 1066 2938 beato
1092 2884 1397 2953 Augustino:
1424 2878 1540 2953 [?].)

436 2974 623 3048 lngillo
646 2983 871 3047 tempore
900 2991 1015 3029 cum
1042 2976 1351 3030 sublevasset
1382 2974 1557 3027 oculos
1583 2969 1755 3037 Iesus,
1798 2977 1846 3023 et
1875 2969 1951 3022 vi»-

368 3066 524 3120 diuet
562 3067 686 3136 quia
730 3067 1010 3121 multitudo
1038 3068 1267 3120 maxime
1293 3067 1425 3118 venit
1466 3064 1541 3116 ad.
1565 3079 1697 3126 sum,
1729 3060 1855 3113 dicit
1886 3058 1954 3111 ad

364 3156 673 3231 Philippum
695 3174 715 3213 :
749 3158 899 3213 Unde
931 3174 1157 3213 amemus
1201 3174 1387 3227 panes,
1416 3164 1473 3210 ut
1515 3154 1824 3208 manducent
1874 3150 1953 3212 lii,

364 3248 500 3305 etc?
526 3247 838 3321 (Joamvt).

438 3341 689 3396 Miracula
711 3355 832 3410 quae
859 3339 986 3396 fecit
1024 3340 1282 3395 Dominus
1323 3347 1506 3391 noster
1534 3335 1687 3391 Iesus
1706 3332 1954 3388 Christus

365 3443 493 3490 sunt
515 3435 731 3504 quidem
754 3432 931 3488 divina
956 3446 1145 3501 opera,
1176 3440 1232 3487 et
1251 3430 1317 3485 ad
1344 3426 1749 3497 intelligendum
1783 3424 1953 3479 Deum

365 3526 434 3581 de
449 3525 748 3581 visibilibus
766 3526 1056 3581 admonent
1079 3524 1362 3579 humanam
1390 3533 1642 3575 mentem.
1661 3518 1793 3586 Quia
1813 3519 1952 3571 enim

368 3617 463 3672 ille
496 3632 603 3671 non
640 3626 723 3671 est
745 3616 867 3670 talis
898 3614 1193 3670 substantia
1217 3626 1337 3681 qua
1364 3610 1531 3666 videri
1563 3608 1735 3663 oculis
1764 3608 1951 3675 possit,

367 3718 425 3766 et
454 3709 713 3764 miracula
742 3708 882 3774 eius,
916 3706 1111 3774 quibus
1150 3713 1320 3759 totum
1363 3702 1629 3757 mundum
1671 3698 1807 3767 regit
1837 3696 1955 3750 uni-

371 3816 696 3869 versumque
717 3810 1021 3854 creaturam
1052 3797 1410 3859 administrat,
1442 3792 1759 3847 assiduitate
1784 3790 1955 3843 vilue-

367 3901 517 3957 runt,
548 3892 621 3947 ita
653 3902 719 3946 ut
734 3907 871 3962 pene
899 3906 1055 3946 nemo
1083 3891 1331 3959 dignetur
1362 3886 1637 3941 attendere
1666 3898 1825 3955 opera
1860 3883 1949 3936 Dei

368 3985 506 4037 inira
546 3992 598 4037 et
626 3983 891 4051 stupenda
925 3985 977 4035 in
1007 3982 1247 4051 quolibet
1292 3979 1513 4034 seminis
1543 3991 1731 4048 grano,
1762 3989 1954 4031 secun—

367 4076 495 4131 dum
520 4075 692 4145 ipsam
718 4090 869 4130 suam
891 4073 1315 4129 misericordiam
1339 4070 1572 4125 servavit
1595 4069 1693 4123 sibi
1711 4068 1953 4137 quaedam

367 4183 493 4238 qum
543 4169 747 4223 faceret
792 4174 1095 4237 opportuno
1139 4175 1399 4233 tempore,
1456 4173 1649 4231 praeter
1703 4161 1952 4213 usitatum

375 4260 620 4316 ordinem
647 4273 973 4328 cursumque
1005 4266 1230 4322 naturas,
1260 4272 1365 4310 non
1399 4264 1457 4309 ut
1483 4255 1705 4322 majora,
1738 4251 1831 4306 sed
1878 4252 1956 4303 in-

368 4356 531 4411 solita
561 4354 816 4421 videndo,
868 4361 1171 4422 stuperent,
1202 4351 1392 4419 quibus
1431 4348 1739 4418 quoﬁdiana
1787 4346 1956 4401 vi‘lue-

374 4461 521 4506 rant.
554 4450 725 4521 Maius
769 4451 915 4505 enim
963 4448 1276 4503 miraculum
1324 4455 1408 4500 est
1446 4442 1763 4514 gubernatio
1791 4441 1958 4495 totius

2058 1976 2388 2043 decorasque
2418 1975 2623 2041 iecerit,
2659 1975 2754 2029 nisi
2796 1977 2955 2029 etiam
2986 1977 3283 2045 legeremus
3313 1976 3436 2045 quid
3485 1975 3637 2030 nobis

2059 2084 2153 2137 per
2202 2069 2319 2123 illas
2368 2068 2680 2124 indicaverit
2713 2087 2725 2120 :
2754 2070 2822 2121 ita
2885 2067 3076 2123 factum
3134 2069 3237 2125 hoc
3291 2064 3387 2137 qui
3433 2079 3632 2123 tantum

2055 2161 2267 2226 aspicit,
2306 2160 2604 2215 delectatur
2636 2159 3027 2228 pulchritudine
3057 2158 3204 2225 lacti,
3251 2169 3305 2213 ut
3345 2154 3639 2214 admiretur

2057 2249 2341 2306 artiﬁcem.
2391 2251 2488 2316 Qui
2526 2259 2702 2305 autem
2756 2250 3025 2319 intelligit,
3076 2251 3224 2317 quasi
3272 2250 3417 2320 legit.
3468 2248 3637 2305 Aliter

2057 2342 2198 2395 enim
2231 2341 2441 2394 videtur
2470 2341 2697 2409 pictura.
2739 2341 2895 2394 aliter
2934 2340 3181 2395 videntur
3219 2340 3429 2396 litterie.
3459 2338 3640 2395 Pictu-

2054 2449 2173 2489 ram
2223 2449 2342 2487 cum
2375 2432 2594 2497 videris,
2644 2433 2743 2487 hoc
2782 2441 2884 2495 est,
2918 2440 3082 2486 totum
3116 2433 3337 2498 vidisse,
3366 2434 3641 2500 laudasse;

2056 2524 2261 2578 litteras
2303 2538 2423 2578 cum
2467 2524 2684 2589 videris,
2737 2537 2841 2577 non
2891 2523 3097 2577 esthoc
3141 2531 3334 2589 totum,
3386 2524 3637 2591 quoniam
3693 2543 3705 2557 -

2054 2616 2417 2670 commoneris
2446 2624 2499 2670 et
2527 2616 2724 2684 legere.
2761 2613 2969 2668 Etenim
3000 2616 3135 2669 dicis
3174 2629 3294 2669 cum
3328 2614 3523 2668 videris
3557 2615 3642 2669 lit-

2056 2712 2222 2769 teras,
2254 2706 2299 2758 si
2328 2704 2465 2759 forte
2510 2720 2614 2758 non
2647 2718 2739 2760 eas
2786 2705 2924 2757 nosti
2965 2704 3161 2773 legere.
3213 2704 3348 2771 Quid
3397 2716 3642 2771 putamus

2056 2809 2178 2851 esse
2206 2796 2353 2864 quod
2377 2795 2465 2849 hic
2494 2794 2748 2863 scriptum
2774 2796 2890 2851 est?
2918 2795 3217 2864 interrogas
3249 2794 3485 2864 quidsit,
3514 2808 3634 2849 cum

2052 2885 2162 2956 jam
2192 2887 2372 2941 videas
2401 2882 2623 2956 aliquid.
2670 2885 2823 2939 Aliud
2854 2886 2948 2939 tibi
2988 2886 3455 2940 demonstraturus
3479 2895 3587 2951 est,
3614 2901 3641 2939 a

2057 2992 2162 3045 quo
2189 2979 2387 3047 quaeris
2414 2990 2702 3046 agnoscere
2734 2978 2871 3047 quod
2907 2976 3105 3035 vidisti.
3150 2976 3295 3030 Alios
3334 2977 3425 3032 ille
3454 2976 3637 3032 orulos

2055 3064 2239 3131 habet,
2282 3067 2416 3121 alios
2456 3072 2532 3120 tu.
2577 3065 2764 3121 Nonne
2796 3066 3043 3121 similiter
3068 3064 3248 3136 apices
3278 3065 3507 3122 videtis?
3534 3067 3637 3123 Sed

2060 3172 2167 3212 non
2216 3157 2475 3213 similiter
2510 3159 2658 3228 signa
2705 3158 3046 3227 cognoscitis.
3089 3158 3166 3212 ‘l‘u
3213 3168 3345 3227 ergo
3386 3158 3547 3213 vides'
3586 3165 3643 3213 et

2002 3256 2030 3282 -δ
2061 3250 2266 3318 laudas,
2318 3249 2417 3305 ille‘
2452 3251 2615 3316 videt,
2662 3249 2862 3313 laudat,
2921 3249 3053 3319 leglt'
3091 3250 3452 3320 ist-intelligit.
3501 3250 3637 3317 Quia

2059 3358 2184 3414 ergo
2224 3342 2476 3410 vidimus,
2508 3344 2632 3413 quia
2680 3342 3035 3412 laudavimus,
3084 3345 3319 3413 legamus
3361 3352 3417 3400 et
3442 3344 3637 3400 intelli-

2057 3448 2266 3509 gamus.
2292 3435 2545 3492 Dominus
2577 3440 2630 3492 in
2657 3446 2841 3493 monte.
2873 3436 3039 3492 Multo
3065 3439 3245 3508 magis
3265 3437 3638 3508 intelligamus,

2057 3532 2180 3601 quia
2213 3531 2467 3586 Dominus
2496 3530 2549 3583 in
2576 3540 2766 3596 monte,
2795 3530 3013 3584 verbum
3052 3537 3133 3583 est
3162 3528 3216 3583 in
3254 3530 3380 3583 alto.
3412 3528 3640 3583 Proinde

2057 3638 2162 3678 non
2194 3624 2344 3690 quasi
2375 3620 2805 3691 humiliterjacet
2836 3621 2974 3690 quod
3008 3623 3058 3674 in
3099 3632 3279 3676 monte
3309 3619 3505 3676 factum
3534 3631 3636 3689 est,

2058 3734 2157 3773 uec
2201 3724 2543 3771 transeunter
2575 3718 3023 3784 praetereundum,
3076 3716 3165 3769 sed
3218 3715 3635 3784 suspiciendum.

2055 3807 2262 3861 Turbas
2301 3807 2455 3871 vidit,
2498 3807 2796 3860 esurientes
2842 3805 3076 3874 agnovit,
3102 3805 3517 3860 misericorditer
3548 3820 3638 3875 pa-

2057 3901 2151 3965 vit,
2184 3914 2290 3953 non
2335 3899 2505 3953 solum
2540 3912 2633 3966 pro
2658 3898 2915 3960 bonitate,
2944 3910 3127 3950 verum
3159 3895 3317 3949 etiam
3351 3908 3447 3963 pro
3488 3905 3633 3965 pote—

2056 4001 2214 4046 state.
2246 3990 2383 4056 Quid
2433 3989 2575 4044 euim
2629 3989 2741 4043 sola
2792 3988 3069 4057 prodesset
3104 3988 3335 4052 banitas,
3385 3987 3473 4043 ubi
3528 4000 3635 4041 non

2057 4089 2175 4136 erat
2202 4083 2355 4151 panis
2397 4080 2538 4135 unde
2579 4081 2731 4133 turba
2762 4080 3002 4134 esuriens
3032 4077 3369 4147 pa‘sceretur?
3400 4077 3508 4131 Nisi
3539 4077 3639 4131 bo-

2057 4175 2209 4228 nitati
2239 4174 2454 4229 adesset
2486 4182 2743 4242 potestas,
2775 4170 2955 4241 jejuna
3005 4170 3091 4224 illa
3120 4171 3272 4223 turba
3311 4179 3637 4236 remaneret,

2058 4275 2110 4320 et
2139 4266 2399 4320 esuriens.
2436 4264 2673 4331 Denique
2703 4272 2755 4317 et
2786 4261 3027 4329 discipuli
3060 4263 3145 4331 qui
3186 4267 3339 4315 erant
3382 4272 3501 4316 cum
3536 4259 3641 4315 Do-

2060 4357 2206 4411 mino
2235 4359 2285 4410 in
2315 4358 2477 4423 iame,
2499 4363 2554 4409 et
2580 4356 2678 4423 ipsi
2709 4354 2887 4408 turbas
2912 4352 3161 4408 volebant
3188 4366 3423 4421 pascere,
3450 4361 3509 4406 ut
3529 4366 3637 4407 non

2059 4454 2406 4502 remanerent
2451 4446 2659 4509 inanes,
2690 4443 2782 4499 sed
2830 4445 2970 4498 unde
3018 4451 3296 4512 pascerent
3343 4456 3448 4497 non
3480 4443 3642 4498 habe-

370 4542 557 4596 mundi
588 4555 747 4611 quam
776 4541 1036 4595 saturatio
1066 4540 1301 4608 quinque
1331 4536 1552 4590 millium
1586 4535 1861 4588 hominum
1886 4532 1963 4585 de
1986 4590 2041 4611 ﬂ
2062 4541 2207 4595 bam,
2258 4538 2615 4608 Interrogavit
2664 4537 2917 4591 Dominus
2965 4535 3107 4590 unde
3144 4543 3640 4603 emerenim'panes

365 4634 604 4704 quinque
634 4634 879 4703 panibus,
910 4642 967 4687 et
997 4642 1172 4685 tamen
1207 4632 1320 4685 haec
1361 4644 1519 4684 nemo
1546 4629 1793 4682 miratur.
1821 4626 1953 4679 Illud

367 4725 635 4777 mirantur
662 4724 930 4792 homines,
961 4739 1065 4776 non
1112 4722 1233 4789 quia
1266 4719 1437 4790 majus
1464 4729 1565 4778 est,
1600 4718 1692 4771 sed
1723 4717 1842 4785 quia
1872 4731 1956 4769 ra-

368 4830 490 4871 rum
521 4825 623 4873 est.
655 4817 786 4884 Quis
813 4815 957 4870 enim
1002 4824 1057 4871 et
1082 4830 1222 4869 nunc
1252 4815 1419 4883 pascit
1456 4813 1763 4866 universum
1797 4825 1955 4864 mun-

369 4910 522 4975 dum,
555 4909 659 4964 nisi
692 4907 783 4963 ille
824 4908 914 4977 qui
958 4906 1026 4962 de
1075 4908 1253 4973 paucis
1301 4904 1481 4975 granis
1525 4912 1737 4975 segetes
1774 4901 1955 4957 creat?

367 5001 523 5058 Fecit
557 4986 685 5071 ergo
732 4999 1002 5070 quomodo
1042 4998 1200 5051 Deus.
1253 4996 1407 5053 Unde
1445 4997 1588 5051 enim
1636 4996 1956 5062 multiplicat

367 5096 443 5151 de
468 5095 652 5164 paucis
682 5094 862 5162 granis
889 5100 1119 5161 segetes,
1162 5091 1285 5144 inde
1311 5093 1367 5144 in
1406 5091 1651 5144 manibus
1679 5091 1793 5144 suis
1823 5089 1958 5142 mul—

368 5184 634 5253 tiplicavit
669 5185 904 5254 quinque
933 5196 1119 5250 panes.
1152 5178 1397 5234 Potestas
1432 5181 1572 5233 enim
1596 5190 1731 5233 erat
1762 5180 1813 5232 in
1842 5194 1956 5232 ma-

367 5278 531 5333 nibus
559 5276 765 5332 Christi
801 5290 1008 5344 :panes
1050 5284 1225 5328 autem
1276 5273 1349 5327 illi
1394 5270 1628 5339 quinque
1668 5270 1819 5338 quasi
1870 5283 1958 5323 se-

363 5375 519 5428 mina
549 5380 726 5435 erant,
756 5384 866 5425 non
910 5367 1123 5438 quidem
1168 5375 1325 5421 terrae
1362 5364 1635 5426 mandata,
1667 5358 1764 5416 sed
1794 5361 1862 5414 ab
1891 5376 1958 5415 eo

363 5466 465 5534 qui
494 5472 694 5520 terram
724 5461 847 5518 iecit
872 5459 1239 5528 multiplicata.
1276 5457 1390 5512 Hoc
1413 5470 1545 5526 ergo
1574 5455 1851 5508 admotum
1875 5461 1958 5507 est

363 5558 647 5622 sensibus,
678 5572 785 5625 quo
822 5554 1118 5625 erigeretur
1162 5568 1334 5618 mens,
1366 5560 1421 5606 et
1460 5550 1757 5606 exhibitum
1787 5548 1960 5603 oculis

365 5654 465 5709 dii
495 5663 837 5708 exerceretur
862 5650 1186 5711 intellectus,
1218 5655 1275 5701 ut
1303 5645 1626 5701 invisibilem
1666 5645 1833 5699 Deum
1865 5657 1959 5712 per

364 5746 609 5803 visibilis
626 5758 795 5812 opera
817 5742 1154 5807 miraremur,
1178 5748 1235 5795 et
1257 5740 1421 5794 erecti
1437 5738 1501 5791 ad
1531 5738 1711 5803 ﬁdem,
1740 5745 1797 5791 et
1826 5751 1957 5804 pur-

364 5839 493 5899 uati
516 5854 608 5893 per
637 5835 819 5892 ﬁdem.
836 5835 996 5891 etiam
1020 5832 1195 5904 ipsum
1214 5832 1556 5890 invisibiliter
1585 5832 1763 5887 videre
1787 5845 1950 5898 cupe-

2060 4633 2124 4688 ad
2172 4632 2353 4687 turbas
2402 4630 2717 4698 pascendas.
2750 4630 2813 4683 Et
2853 4629 2926 4684 ait
2972 4630 3286 4698 Scriptura:
3324 4627 3441 4681 Ηοσ
3469 4634 3641 4681 autem

2058 4728 2257 4781 dicebat
2303 4734 2501 4781 tentans
2547 4742 2689 4791 eum,
2729 4725 3049 4795 discipulum
3095 4725 3300 4779 scilicet
3341 4723 3637 4789 Philippum

2057 4832 2217 4888 quem
2246 4819 2684 4887 interrogaverat.
2714 4815 2835 4886 Ipse
2865 4818 2999 4870 enim
3037 4816 3226 4869 sciebat
3255 4814 3375 4882 quid
3401 4823 3527 4867 esset
3559 4816 3645 4882 [a-

2061 4920 2253 4963 cturus.
2288 4910 2394 4963 Cur
2436 4924 2565 4978 ergo
2593 4909 2661 4962 de
2691 4909 2833 4963 bono
2883 4907 3142 4971 tentabat,
3179 4905 3278 4958 uisi
3324 4905 3457 4973 quia
3496 4905 3639 4971 igno-

2059 5003 2285 5056 rantiam
2318 5000 2563 5068 discipuli
2593 4998 3031 5054 demonstrabat?
3055 5006 3109 5051 et
3152 4995 3286 5049 forte
3330 4996 3382 5047 in
3416 4994 3642 5047 demon-

2061 5092 2321 5145 stratione
2376 5090 2693 5157 ignorantiae
2749 5088 2995 5155 discipuli
3052 5084 3253 5153 aliquid
3304 5085 3644 5152 signiﬁcavit.

2063 5181 2351 5250 Apparebit
2380 5195 2510 5249 ergo
2536 5195 2657 5233 cum
2690 5180 2859 5248 ipsmn
2900 5189 3292 5231 sacramentum
3320 5177 3390 5231 de
3410 5178 3646 5247 quinque

2066 5274 2289 5340 panibus
2329 5271 2482 5325 nobis
2511 5271 2739 5339 cmperit
2776 5271 2942 5340 loqui,
2968 5281 3022 5323 et
3063 5270 3197 5339 quid
3222 5267 3487 5339 signiﬁcet
3514 5270 3646 5323 indl-

2062 5378 2205 5419 care.
2236 5363 2309 5416 lbi
2332 5363 2471 5415 enim
2497 5362 2803 5416 videbimus
2822 5377 2991 5431 quare
3018 5362 3276 5416 Dominus
3301 5363 3352 5416 in
3376 5361 3480 5416 hoc
3508 5362 3649 5416 laeto

2064 5453 2414 5523 ignorantiam
2447 5451 2687 5519 discipuli
2721 5453 2887 5507 voluit
2922 5450 3307 5521 interrogando
3337 5452 3477 5519 quod
3506 5450 3645 5504 scio--

2066 5546 2153 5598 bat
2202 5540 2507 5597 ostendere.
2558 5542 2688 5596 Nam
2736 5541 3137 5612 interrogamus
3176 5540 3464 5609 aliquando
3503 5538 3645 5608 quod

2064 5637 2355 5699 nescimus,
2409 5634 2591 5688 audire
2639 5634 2878 5689 Voleules
2922 5643 2981 5689 ut
3026 5634 3313 5688 discamus.
3346 5630 3653 5701 Aliquando

2061 5731 2450 5797 interrogamus
2496 5727 2633 5795 quod
2662 5727 2885 5793 scimus,
2923 5727 3060 5782 scire
3099 5726 3339 5781 volentes
3388 5735 3561 5780 utrum
3591 5735 3641 5780 et

2060 5828 2152 5883 ille
2181 5828 2306 5882 sciat
2342 5842 2497 5895 quem
2529 5825 2936 5893 interrogamus.
2966 5820 3264 5887 Utramque
3298 5821 3399 5875 hoc
3426 5826 3643 5877 noverat
