4096 6346
474 361 618 418 1455

1345 353 1550 412 PAULI
1589 354 1855 417 DlACONl
1893 354 2046 410 OPP.
2089 352 2269 412 PARS
2307 355 2370 409 ll.
2411 381 2481 395 -—
2516 351 2873 411 ASCETiCA.

3602 354 3750 410 “56

470 476 727 533 Dominus
761 492 772 527 :
798 483 852 529 et
871 473 1007 541 quod
1030 472 1387 539 interrogabat
1418 474 1641 537 sciebat,
1670 483 1722 526 et
1752 471 1876 540 quid
1907 479 2052 526 esset
2076 473 2128 534 Δ
2155 473 2403 541 p0pulum
2429 471 2762 541 signiﬁcabat
2790 469 2890 524 sub
2921 468 3038 539 lege
3069 467 3444 524 constitutum.
3469 465 3581 523 Cur
3603 467 3750 526 enim

470 570 706 626 facturus
734 569 844 635 ipse
872 576 1108 625 noverat,
1142 575 1195 618 et
1223 563 1322 618 hoc
1354 564 1562 618 nescire
1588 563 1887 632 Philippum
1918 564 2056 618 scie-

468 663 564 719 bat
608 660 873 715 similiter.
905 662 1079 723 Quare
1131 657 1309 722 itaque
1360 657 1740 725 interrogabat,
1788 655 1887 709 nisi
1935 656 2056 723 quia

469 756 613 812 illius
661 755 1014 825 ignorantiam
1043 752 1478 807 demonstrabat?
1527 753 1591 806 Et
1620 752 1726 806 hoc
1772 768 1934 819 quare
1985 753 2057 807 le-

470 850 628 914 cerit,
661 858 719 902 ut
748 848 878 907 dixi,
911 857 1091 916 pestea
1139 845 1509 913 intelligemus.
1560 844 1787 896 Andreas
1816 843 1887 895 ait
1916 857 1932 894 :
1965 841 2056 894 Est

469 943 554 995 hic
605 956 729 1009 puer
772 940 983 1009 quidam
1022 940 1109 1007 qui
1160 938 1306 991 habet
1352 938 1575 1006 quinque
1627 951 1785 1004 panes
1828 943 1876 988 et
1930 934 2058 988 duos

469 1033 656 1103 pisces.
686 1030 790 1085 Sed
833 1032 941 1083 han:
967 1029 1090 1098 quid
1114 1038 1232 1082 sunt
1270 1030 1401 1081 inter
1431 1028 1637 1081 tantos?
1670 1028 1800 1079 Cum
1836 1025 2059 1080 dixisset

467 1122 745 1190 Philippus
794 1123 1169 1191 interrogatus,
1202 1121 1551 1174 ducentorum
1592 1118 1933 1172 denariorum
1967 1133 2058 1186 pa-

466 1230 566 1270 nes
596 1232 699 1269 non
725 1215 969 1269 sullirere
991 1216 1184 1284 quibus
1214 1224 1357 1267 tanta
1409 1214 1494 1267 illa
1535 1214 1689 1266 turba
1720 1215 2055 1280 reﬁceretur,

390 1354 397 1371 ,
467 1316 585 1361 erat
624 1305 693 1358 ibi
725 1305 940 1375 quidam
992 1321 1125 1373 puer
1174 1315 1394 1373 portans
1442 1302 1677 1371 quinque
1723 1318 1888 1371 panes
1934 1303 2057 1355 hor-

467 1397 695 1455 deaceos
722 1410 775 1452 et
797 1399 931 1451 duos
962 1397 1150 1463 pisces.
1187 1396 1252 1449 Et
1281 1398 1354 1449 ait
1384 1394 1539 1449 Jesus
1564 1411 1580 1448 :
1608 1393 1787 1448 Facite
1822 1397 2056 1449 homines

465 1491 801 1547 discumbere.
833 1489 960 1542 Erat
991 1499 1161 1542 autem
1206 1489 1272 1541 ibi
1296 1489 1514 1540 multum
1546 1489 1738 1557 (unum,
1780 1496 1827 1540 et
1877 1489 2056 1540 discu-

466 1584 681 1637 buerant
721 1584 826 1649 fere
853 1583 1073 1649 quinque
1103 1581 1266 1633 millia
1311 1580 1592 1632 hominum.
1626 1580 1849 1647 Accepit
1876 1590 2055 1633 autem

460 1670 722 1728 Dominus
747 1671 903 1727 Jesus
944 1685 1131 1739 panes,
1159 1670 1357 1738 gratias
1380 1668 1508 1736 egit,
1537 1667 1695 1736 jussit
1725 1668 1915 1735 frangi,
1954 1667 2059 1721 fra-

462 1766 535 1820 cti
566 1774 692 1818 sunt
736 1778 923 1832 panes,
974 1761 1130 1830 positi
1173 1770 1296 1814 ante
1342 1760 1760 1825 discumbentes,
1813 1776 1913 1811 non
1943 1759 2052 1827 jain

2158 566 2391 635 quinque
2422 565 2583 620 millia
2613 574 2789 627 erant,
2821 563 2922 617 nisi
2966 564 3089 632 quia
3134 562 3235 616 sub
3266 563 3381 629 lege
3421 571 3598 619 erant.
3629 578 3751 631 quia

2157 658 2240 714 lex
2267 659 2497 728 quinque
2539 659 2686 713 libris
2732 655 2903 725 Moysi
2937 645 3274 722 explicatur?
3308 653 3456 709 Unde
3488 657 3553 707 de
3584 656 3752 723 quiu-

2157 762 2260 818 que
2293 748 2395 801 illis
2426 748 2715 816 porticibus
2746 746 2979 817 languidi
3030 746 3414 815 prodebantur,
3449 763 3553 800 non
3583 762 3743 801 sana,

2160 840 2375 894 bantur.
2411 841 2503 895 Ille
2548 840 2692 895 enim
2738 839 2808 892 ibi
2857 841 3062 892 curavit
3105 839 3428 907 languidum,
3458 840 3545 905 qui
3576 852 3629 893 et
3661 838 3755 892 hic

2161 932 2344 985 turbas
2366 931 2432 983 de
2458 932 2692 1001 quinque
2716 931 2939 1000 panibus
2962 931 3123 999 pavit.
3152 930 3281 984 Nam
3305 938 3360 982 et
3384 945 3545 995 super
3568 928 3751 983 fenum

2158 1027 2585 1082 discumbebant.
2616 1026 2917 1081 Carnaliter
2961 1041 3091 1097 ergo
3118 1025 3418 1096 sapiebant,
3450 1034 3504 1077 et
3549 1028 3599 1078 in
3630 1040 3753 1080 car-

2158 1118 2368 1175 nalibus
2410 1120 2777 1188 quiescebant.
2815 1119 2995 1173 Omnis
3034 1120 3169 1173 enim
3216 1135 3338 1172 caro
3384 1124 3559 1187 fenum
3610 1117 3748 1179 (Isa.

2163 1212 2278 1282 XL).
2312 1212 2441 1278 Quae
2472 1222 2593 1266 sunt
2621 1223 2796 1266 autem
2829 1212 2914 1266 illa
2942 1209 3263 1282 fragmenta,
3295 1210 3393 1265 nisi
3424 1225 3542 1278 quin
3576 1225 3750 1279 popu-

2160 1306 2242 1361 lus
2267 1322 2372 1362 non
2398 1308 2569 1377 potuit
2592 1307 2947 1360 manducare?
2966 1304 3332 1372 Intelliguiiiur
3348 1319 3478 1372 ergo
3501 1303 3752 1372 quadam

2158 1400 2447 1455 secretiora
2497 1401 2882 1469 intelligentiae,
2928 1415 3046 1469 quae
3088 1398 3372 1452 multitudo
3423 1414 3525 1450 nou
3579 1407 3755 1466 ριιεοει

2159 1507 2371 1561 capere.
2417 1494 2552 1560 Quid
2597 1508 2724 1561 ergo
2755 1502 2940 1557 restat,
2978 1493 3079 1546 nisi
3128 1502 3185 1545 ut
3213 1492 3501 1544 secretiora
3546 1492 3750 1544 intelli-

2159 1585 2373 1654 gentiae,
2407 1598 2526 1651 qua:
2567 1599 2673 1637 non
2707 1592 2882 1653 patest
2918 1599 3110 1652 capere
3161 1582 3470 1644 multitudo,
3503 1583 3602 1635 illi~
3632 1599 3753 1635 t-re-

2163 1677 2361 1731 dantur
2390 1678 2480 1747 qui
2527 1676 2703 1731 idonei
2750 1686 2873 1730 sunt
2920 1689 2970 1731 et
3017 1677 3150 1731 alios
3179 1680 3397 1741 docere,
3429 1689 3563 1729 sncut
3593 1686 3750 1728 erant

2166 1772 2425 1841 apostoli?
2486 1771 2637 1826 Unde
2690 1770 2973 1825 duodecim
3041 1770 3259 1838 c0pbini
3332 1769 3531 1838 impleti
3603 1779 3751 1821 sunt.

464 1857 696 1927 quinque
740 1869 939 1923 ρδηοε.
990 1854 1084 1907 sed
1133 1853 1271 1920 quod
1334 1852 1601 1919 adiecerat
1641 1851 1730 1919 qui
1778 1862 2053 1904 creavi'rat
2089 1842 2134 1901 Β
2169 1865 2392 1918 Factum
2453 1875 2535 1918 est
2604 1863 2706 1918 hoc
2765 1872 2819 1916 et
2886 1862 3230 1927 mirabiliter,
3288 1863 3410 1929 quia
3467 1875 3752 1929 inaguuiu;

460 1947 603 2017 quod
645 1957 861 1999 auctum
893 1955 1007 1999 erat
1038 1960 1051 1996 :
1082 1941 1148 1995 Et
1182 1945 1242 1996 de
1274 1944 1493 2008 piscibus
1535 1952 1787 2012 quantum
1827 1942 2050 2010 sufﬁcie-

462 2039 564 2093 bat.
592 2039 785 2094 Parum
819 2048 902 2093 est
949 2037 1161 2090 tuibani
1205 2036 1351 2089 illam
1385 2035 1549 2088 fuisse
1590 2038 1857 2097 satiatam,
1889 2038 2053 2088 etiam

457 2131 756 2202 fragmenta
810 2131 1147 2194 resederunt,
1198 2143 1251 2186 et
1300 2132 1464 2183 etiam
1516 2132 1626 2196 ipsa
1677 2128 1849 2193 colligi
1903 2125 2051 2194 jussa

457 2236 585 2282 sunt
625 2242 690 2280 ne
737 2227 994 2295 perirent.
1029 2224 1092 2277 Et
1126 2224 1456 2291 impleverunt
1503 2222 1777 2274 duodecim
1809 2221 2053 2290 cophinos

458 2324 889 2394 fragmentorum.
947 2320 1182 2371 llreviter
1235 2329 1291 2371 ut
1340 2331 1637 2378 curramus,
1685 2332 1778 2382 per
1819 2319 2055 2383 quinque

457 2426 624 2483 panes
654 2411 1022 2479 intelliguntur
1047 2411 1279 2477 quinque
1329 2408 1446 2460 libri
1494 2408 1679 2477 Moysi,
1723 2409 1911 2459 merito
1945 2421 2053 2458 non

460 2506 680 2569 triticei,
712 2506 804 2559 sed
848 2505 1152 2568 hordeactsi,
1193 2502 1313 2571 quia
1360 2502 1424 2554 ad
1455 2500 1618 2554 Vetus
1648 2500 2051 2553 Testamentum

455 2601 749 2671 pertinent.
796 2596 974 2650 Nostis
1004 2606 1181 2648 autem
1217 2594 1474 2647 hordeum
1509 2594 1576 2645 ita
1608 2602 1846 2647 ei-eatuiu
1899 2599 1955 2644 nt
1987 2590 2053 2645 ad

460 2692 749 2748 medullam
775 2689 892 2757 ejus
917 2689 1000 2741 vix
1031 2688 1372 2757 perveniatur
1398 2705 1409 2738 :
1432 2687 1656 2739 vestitur
1686 2686 1830 2739 enim
1863 2685 2052 2739 eadem

458 2784 689 2840 medulla
722 2780 956 2851 tegmine
986 2781 1174 2849 palea,
1205 2790 1259 2834 et
1288 2780 1402 2849 ipsa
1436 2778 1587 2848 palea
1621 2789 1777 2832 tenax
1802 2787 1855 2831 et
1882 2776 2052 2831 inhie-

457 2892 606 2939 rens,
632 2884 689 2929 ut
716 2888 837 2928 cum
870 2873 1052 2926 labore
1082 2881 1329 2926 exuatur.
1354 2870 1498 2924 Talis
1516 2879 1599 2924 est
1630 2870 1801 2923 littera
1840 2868 2052 2923 Veteris

463 2966 817 3032 Testamenti,
842 2966 1035 3020 vestita
1070 2961 1389 3031 tegminibus
1413 2961 1703 3015 carnalium
1736 2974 2048 3014 sacramen-

457 3069 654 3115 torum.
690 3056 797 3113 Sed
824 3058 866 3110 si
898 3054 964 3109 ad
1007 3055 1124 3124 ejus
1164 3052 1450 3108 medullam
1484 3054 1845 3122 perveniatur,
1881 3038 2051 3121 pascit

456 3163 511 3208 et
545 3152 725 3208 satiat.
758 3147 988 3205 Ferebat
1028 3162 1154 3215 ergo
1183 3145 1396 3216 quidam
1427 3161 1555 3214 puer
1592 3146 1828 3213 quinque
1882 3158 2049 3214 panes

455 3254 511 3302 et
546 3246 682 3300 dtios
712 3245 908 3313 pisces.
948 3241 1007 3296 Si
1038 3211 1341 3311 quaeramus
1384 3211 1503 3310 quis
1553 3211 1713 3293 fuerit
1743 3211 1900 3309 puer.
1917 3240 2044 3307 iste,
2077 3211 2124 3275 ο

462 3340 598 3391 torte
620 3334 844 3404 populus
870 3332 1030 3388 Israel
1072 3342 1209 3396 erat,
1239 3330 1329 3400 qui
1356 3346 1519 3385 sensu
1563 3331 1753 3400 puerili
1783 3332 2047 3402 portabat,

459 3443 563 3486 nec
619 3427 991 3482 manducabat.
1048 3424 1143 3477 llla
1191 3425 1334 3478 enim
1379 3439 1499 3493 qua:
1551 3425 1815 3490 portabat,
1867 3425 2051 3480 clausa

457 3520 777 3586 onerabant,
824 3526 879 3571 et
925 3526 1107 3585 aperta
1141 3515 1447 3585 pascebant.
1496 3514 1614 3568 Duo
1645 3525 1824 3569 autem
1874 3516 2049 3583 pisces

458 3613 706 3667 videntur
747 3611 901 3665 nobis
930 3608 1232 3680 significare
1266 3607 1381 3661 illas
1406 3607 1538 3661 duas
1566 3609 1615 3660 in
1644 3605 1825 3662 Veteri
1854 3606 2048 3662 Testa-

463 3715 646 3760 mento
670 3702 926 3757 sublimes
957 3716 1233 3769 personas,
1264 3717 1382 3769 qua:
1419 3704 1756 3769 ungebantur
1782 3700 1848 3753 ad
1882 3715 2048 3769 popu-

458 3798 574 3852 lum
604 3796 1011 3852 sacrilicandum
1040 3807 1095 3849 et
1124 3796 1440 3865 regendum,
1464 3795 1768 3848 sacerdotes
1790 3804 1842 3849 et
1870 3810 2044 3863 reges.

456 3889 527 3943 Et
568 3890 683 3958 ipse
727 3890 777 3941 in
827 3888 1081 3958 mysterio
1124 3888 1268 3941 venit
1314 3889 1618 3953 aliquando,
1664 3888 1753 3957 qui
1806 3903 1901 3956 per
1929 3887 2046 3941 illas

455 3976 881 4050 signiﬁcabatur.
929 3977 1087 4032 Venit
1134 3978 1443 4045 aliquando,
1476 3978 1567 4046 qui
1609 3993 1700 4046 per
1755 3977 2042 4031 medullam

457 4074 646 4130 hordei
676 4074 1084 4137 ostendebatur,
1121 4088 1213 4141 per
1245 4074 1451 4141 paleam
1480 4087 1607 4125 vero
1640 4071 1824 4124 hordei
1868 4070 2047 4125 occul-

460 4166 704 4232 tabatur;
732 4167 879 4221 venit
909 4168 1026 4236 ipse
1073 4180 1212 4219 unus
1257 4175 1536 4233 utramque
1582 4179 1863 4233 personam
1909 4166 1960 4216 in
1989 4177 2047 4217 se

458 4270 698 4331 portans,
721 4259 1018 4314 sacerdous
1037 4270 1088 4310 et
1117 4258 1279 4327 regis.
1303 4260 1630 4325 Sacerdotis,
1662 4273 1757 4326 per
1775 4258 2045 4311 victimam

453 4368 613 4423 quam
663 4355 897 4423 seipsum
944 4352 1136 4406 obtulit
1187 4367 1281 4420 pro
1327 4354 1480 4406 nobis
1512 4352 1645 4406 Deo.
1706 4353 1885 4421 llegis,
1918 4354 2043 4418 quia

454 4448 693 4517 regimur
715 4447 785 4499 ab
815 4461 903 4511 eo,
940 4456 994 4498 et
1031 4447 1345 4513 aperiuntur
1367 4461 1485 4513 qua:
1532 4447 1712 4499 clausa
1754 4446 2044 4514 portaban-

408 4552 415 4567 ‘
454 4550 564 4594 tur.
608 4537 820 4591 Gratias
866 4537 940 4591 illi
974 4555 985 4589 :
1015 4538 1256 4604 implevit
1306 4552 1398 4606 per
1449 4553 1509 4592 se
1552 4540 1690 4607 quod
1742 4555 1834 4607 per
1880 4539 2038 4593 Ve.us

455 4630 858 4686 Testamentum
908 4629 1332 4696 promittebatur.
1378 4628 1439 4681 Et
1485 4632 1633 4684 tracti
1676 4640 1800 4686 sunt
1851 4646 2036 4698 panes,

457 4724 753 4795 frangendo
803 4722 1135 4793 multiplicati
1182 4733 1326 4779 sunt.
1378 4723 1519 4777 Nihil
1570 4726 1765 4778 verius.
1797 4728 2041 4792 Quinque

452 4820 596 4876 enim
627 4818 746 4874 libri
779 4818 968 4891 Moysi,
999 4833 1157 4889 quain
1189 4819 1388 4873 mulios
1415 4820 1581 4873 libros
1608 4836 1729 4873 cum
1758 4833 2037 4886 eitponun-

453 4920 539 4968 tur
565 4922 815 4983 tanquam
849 4911 1163 4981 frangendo,
1194 4913 1246 4967 id
1290 4922 1373 4968 est
1418 4914 1748 4978 diSsercudo,
1780 4914 2040 4967 iecerunt.

453 5004 561 5059 Sed
589 5003 711 5073 quia
735 5004 790 5057 in
815 5003 905 5059 illo
936 5003 1137 5059 hordeo
1163 5005 1457 5074 ignorantia
1500 5007 1650 5073 primi
1686 5003 1860 5071 populi
1892 5012 2040 5072 tege-

452 5095 630 5161 batur,
676 5095 743 5149 de
787 5110 892 5164 quo
938 5094 1111 5165 primo
1143 5098 1335 5165 pupula
1381 5097 1580 5150 dictum
1630 5106 1712 5149 est
1745 5112 1755 5147 :
1794 5096 2059 5159 Quandiu

456 5189 639 5262 legitur
668 5187 895 5259 Moyses,
928 5191 1156 5245 velamen
1196 5209 1353 5261 supra
1399 5193 1560 5244 corda
1607 5206 1781 5243 eorum
1814 5192 2036 5260 pasitum

447 5291 520 5338 est
564 5280 648 5353 (Il
699 5283 819 5337 Cor.
850 5282 956 5347 iii).
1008 5284 1252 5338 Nondum
1307 5287 1449 5338 enim
1505 5285 1745 5338 velamen
1801 5287 2033 5341 ablatum

448 5386 586 5444 erat,
619 5376 740 5446 quia
774 5378 1008 5431 nonduin
1040 5388 1259 5432 venerat
1289 5376 1554 5444 Christus,
1589 5378 1820 5433 nondum
1856 5382 2033 5435 velum

448 5472 634 5541 templi
684 5471 854 5526 fuerat
910 5471 1002 5525 illo
1057 5472 1109 5524 in
1156 5486 1316 5526 cruce
1369 5472 1633 5539 pendente
1679 5477 2031 5529 conscissum.

447 5564 582 5632 Quia
620 5578 748 5633 ergo
777 5561 1071 5633 ignorantia
1104 5563 1280 5632 populi
1325 5572 1440 5617 erat
1488 5565 1538 5617 in
1583 5565 1720 5632 lege,
1754 5576 2033 5633 propterea

444 5657 672 5713 teutatio
700 5656 786 5712 illa
811 5656 1025 5711 Domini
1057 5656 1412 5727 ignorantiam
1437 5656 1683 5728 discipuli
1706 5660 2034 5713 demonstra-

443 5748 561 5807 bat.
590 5748 731 5804 Nihil
777 5764 903 5819 ergo
945 5758 1119 5805 vacat.
1151 5750 1338 5805 Omnia
1384 5751 1644 5817 eminent,
1681 5751 1772 5806 sed
1823 5751 2030 5806 intelle-

445 5853 649 5902 οισι-σω
677 5842 975 5914 requirunt.
1007 5843 1139 5900 Nam
1166 5856 1217 5901 et
1245 5846 1359 5916 ipse
1386 5861 1641 5904 numerus
1673 5845 1805 5902 οδειί
1852 5845 2032 5915 populi

2159 1962 2357 2012 tactum
2387 1969 2467 2012 est
2499 1967 2552 2012 et
2588 1958 2804 2021 utiliter,
2833 1960 2953 2025 quia
2975 1956 3342 2034 .spiriiuatiter
3395 1956 3593 2008 factum
3647 1967 3752 2009 est.

2154 2052 2256 2117 Qui
2314 2060 2439 2104 tunc
2485 2050 2752 2115 viderunt,
2787 2049 3030 2102 admirati
3077 2057 3246 2101 sunt:
3280 2062 3377 2100 nos
3425 2046 3567 2099 enim
3613 2061 3755 2100 nunc

2155 2143 2411 2197 miramur
2460 2157 2580 2197 cum
2628 2140 2895 2195 audimus.
2931 2139 3149 2193 Factum
3193 2151 3278 2194 est
3325 2148 3504 2192 autem
3553 2150 3609 2190 ut
3673 2139 3751 2192 illi

2156 2234 2437 2301 viderent,
2494 2236 2748 2303 scriptum
2796 2243 2879 2288 est
2920 2241 3098 2286 autem
3160 2241 3216 2285 ut
3262 2246 3360 2284 nos
3416 2232 3750 2284 audiremus.

2156 2328 2308 2393 Quod
2363 2327 2415 2380 in
2459 2327 2567 2381 illis
2614 2328 2755 2381 ovuli
2791 2327 3093 2392 valueiunt,
3137 2324 3233 2377 hoc
3285 2326 3335 2377 in
3388 2323 3542 2376 nobis
3594 2326 3748 2377 littes.

2156 2420 2439 2474 Cernimus
2474 2422 2674 2488 quippe
2704 2422 2886 2474 animo
2923 2422 3064 2489 quod
3107 2420 3277 2473 oculis
3316 2435 3420 2472 nun
3454 2419 3745 2486 potuimus,

2160 2524 2214 2568 et
2240 2513 2444 2582 pra-lati
2474 2513 2580 2567 illis
2609 2528 2812 2579 sumtis,
2840 2514 3088 2583 quoniam
3123 2516 3189 2567 de
3220 2515 3373 2565 nobis
3405 2520 3609 2566 dictum
3640 2520 3744 2577 est,

2157 2602 2303 2656 Beati
2346 2605 2434 2674 qui
2486 2621 2587 2657 non
2638 2607 2833 2668 vident,
2879 2616 2923 2658 et
2968 2608 3181 2660 credunt
3227 2603 3409 2675 (Joun.
3444 2618 3562 2671 sit).
3598 2605 3748 2658 Addo

2158 2709 2338 2751 autem
2362 2700 2482 2765 quia
2511 2697 2649 2753 forte
2688 2708 2744 2753 et
2774 2697 3132 2752 intelleximus
3162 2698 3302 2767 quod
3332 2698 3421 2751 illa
3451 2698 3607 2751 turba
3642 2713 3746 2750 non

2156 2789 2506 2856 intellexerit,
2539 2801 2593 2844 et
2616 2804 2739 2845 vere
2763 2806 2860 2845 nos
2893 2791 3025 2859 pasti
3055 2804 3263 2855 sumus,
3289 2792 3379 2858 qui
3422 2788 3492 2843 ad
3538 2788 3749 2843 medul-

2155 2882 2261 2936 lam
2304 2883 2487 2936 hordei
2532 2884 2807 2951 pervenire
2854 2884 3141 2953 potuimus.
3198 2882 3441 2952 Denique
3491 2880 3737 2935 homines

2154 2975 2231 3029 illi
2261 2976 2351 3045 qui
2384 2976 2629 3031 viderunt
2674 2977 2796 3043 hoc,
2845 2978 2973 3046 quid
3022 2975 3377 3047 putaverunt?
3408 2973 3523 3041 ltti,
3548 2976 3737 3042 inquit,

2155 3065 2388 3122 homines
2424 3084 2539 3122 cum
2568 3071 2815 3124 vidissent
2842 3069 2980 3139 quod
3013 3070 3200 3137 fecerat
3231 3069 3457 3139 signum,
3489 3066 3744 3130 dicebant,

2153 3162 2277 3233 quia
2306 3162 2389 3214 hic
2416 3172 2488 3215 est
2516 3177 2629 3216 uere
2655 3163 2928 3232 propheta.
2969 3161 3131 3217 Forte
3159 3162 3333 3216 adhuc
3361 3160 3486 3215 ideo
3517 3160 3749 3229 prophe-

2155 3262 2264 3309 tam
2292 3252 2565 3310 Christum
2596 3242 2855 3323 putabant
2881 3254 3002 3324 quia
3048 3269 3208 3320 super
3235 3254 3413 3308 lenum
3439 3253 3747 3308 discumbe-

2154 3346 2306 3402 bant.
2341 3345 2472 3401 Erat
2498 3357 2676 3401 sutem
2719 3347 2807 3401 ille
2838 3348 3094 3401 Dominus
3124 3346 3534 3417 prophetarum,
3563 3348 3744 3416 imple-

2154 3447 2239 3495 tor
2269 3439 2673 3509 prophetarum,
2722 3438 3084 3493 sanctificator
3121 3440 3523 3507 pr0phetarum,
3570 3440 3661 3493 sed
3691 3448 3741 3494 et

2157 3535 2436 3603 propheta.
2478 3531 2610 3586 Nam
2656 3541 2710 3585 et
2759 3532 2928 3602 Moysi
2969 3532 3164 3585 dictum
3214 3541 3335 3585 est:
3366 3530 3640 3585 suscitabo
3674 3531 3743 3584 eis

2156 3627 2460 3698 praphetam
2489 3623 2705 3678 similem
2734 3626 2806 3676 tui
2838 3624 3019 3695 (Deut.
3073 3624 3244 3691 xviii).
3277 3622 3520 3677 Similem
3548 3637 3737 3677 secun-

2155 3718 2279 3771 dum
2302 3730 2536 3781 carnem,
2583 3730 2687 3768 non
2738 3718 3030 3768 secundum
3060 3718 3420 3781 majestatem.
3452 3716 3507 3767 Et
3530 3716 3593 3767 de
3618 3715 3732 3778 ipso

2155 3808 2365 3862 Christo
2415 3808 2558 3860 illam
2606 3808 2812 3860 Domini
2848 3807 3253 3867 promissionem
3301 3806 3501 3860 habere
3534 3807 3735 3860 intelle-

2154 3912 2320 3964 ctum,
2372 3911 2556 3968 aperte
2603 3901 2653 3954 in
2683 3901 2900 3955 Artibus
2943 3904 3304 3968 apo~tolorum
3355 3902 3646 3968 exponitur
3688 3907 3745 3953 et

2154 3994 2345 4062 legitur
2376 3994 2515 4061 (Act.
2547 3994 2665 4057 vii).
2701 3992 2767 4045 Et
2808 3993 2923 4060 ipse
2954 3992 3211 4046 Dominus
3254 3991 3321 4046 de
3363 4009 3423 4046 se
3470 3991 3545 4053 ait
3577 4010 3587 4042 :
3626 3991 3747 4045 Non

2156 4097 2226 4141 est
2261 4085 2512 4153 prapheta
2542 4087 2650 4138 sine
2682 4086 2872 4139 honore
2895 4086 2990 4139 nisi
3012 4086 3065 4138 in
3092 4087 3262 4151 patria
3302 4101 3397 4139 sua
3427 4083 3626 4155 (Marc.
3648 4088 3747 4154 vi).

2152 4179 2419 4247 Propheta
2451 4179 2728 4245 Dominus,
2759 4188 2815 4234 et
2845 4181 3070 4235 verbum
3102 4180 3193 4234 Dei
3224 4178 3506 4242 Dominus,
3541 4189 3595 4233 et
3622 4180 3747 4232 nul-

2151 4273 2233 4326 lus
2257 4272 2513 4340 pmpheta
2546 4274 2661 4327 sine
2684 4272 2851 4327 verbo
2882 4272 2977 4327 Dei
3010 4274 3311 4341 prophetat.
3344 4272 3476 4325 Citiii
3504 4275 3741 4341 prophe-

2150 4367 2218 4421 tis
2244 4364 2480 4420 Verbum
2515 4366 2628 4429 Dei,
2654 4377 2707 4420 et
2738 4367 2995 4435 propheta
3026 4365 3256 4419 Verbum
3284 4365 3402 4420 Dei.
3431 4365 3748 4421 Merueruut

2148 4458 2324 4528 priora
2359 4468 2594 4525 tempora
2629 4459 2914 4527 prophetas
2940 4456 3149 4511 alllatos
3186 4466 3239 4510 et
3280 4458 3530 4521 impletos
3564 4456 3749 4512 Verbo

2152 4551 2266 4604 Dei.
2303 4551 2594 4604 Meruimtis
2640 4566 2735 4603 nos
2780 4553 3095 4618 prophetam
3125 4550 3299 4619 ipsum
3335 4549 3569 4605 Verbum
3624 4551 3744 4605 Dei.

2148 4644 2238 4700 Sic
2275 4655 2455 4697 autem
2491 4644 2746 4710 pr0pheta
2781 4642 3024 4711 (Zhristiis
3050 4641 3306 4697 Dominus
3336 4634 3748 4710 prophetarum,

2149 4735 2287 4788 sicut
2318 4734 2537 4802 angelus
2567 4733 2811 4787 Christus
2859 4734 3111 4786 Dominus
3143 4735 3480 4801 angelorum.
3527 4735 3660 4789 Nam
3689 4745 3757 4791 et

2148 4829 2263 4895 ipse
2288 4827 2460 4879 dictus
2488 4838 2565 4880 est
2600 4826 2775 4897 magni
2825 4826 3029 4878 consilii
3076 4830 3290 4895 angelus
3339 4826 3473 4897 (Isti.
3507 4830 3608 4897 is).
3640 4827 3757 4883 Ve-

2148 4929 2447 4973 rumtamen
2478 4918 2601 4972 alibi
2632 4917 2759 4987 quid
2791 4917 2918 4971 dicit
2958 4919 3249 4985 proiiheta?
3284 4919 3415 4985 Quia
3457 4935 3566 4974 non
3597 4920 3755 4989 lega-

2149 5022 2234 5065 tus
2284 5026 2459 5076 neqtie
2508 5011 2749 5080 angelus,
2798 5010 2890 5063 sed
2944 5010 3058 5075 ipse
3090 5012 3309 5065 veniens
3355 5013 3536 5066 salvos
3583 5011 3757 5067 faciet

2150 5117 2266 5167 eos,
2293 5103 2344 5156 id
2374 5112 2477 5171 est,
2506 5104 2568 5156 ad
2601 5103 2777 5155 salvos
2806 5101 3077 5157 iaciendos
3115 5117 3212 5157 eos
3252 5116 3355 5158 non
3387 5104 3564 5158 mittet
3594 5118 3757 5170 iega-

2153 5204 2286 5255 tum,
2316 5210 2418 5247 non
2463 5194 2636 5247 mittet
2677 5192 2947 5262 angi-lum,
2990 5194 3082 5248 sed
3112 5196 3286 5250 veniet
3318 5195 3450 5263 ipse.
3486 5196 3620 5262 Quis
3647 5211 3759 5247 ve-

2149 5286 2296 5340 niet?
2322 5286 2439 5353 lpse
2479 5287 2722 5350 angelus.
2749 5284 2907 5340 Certe
2934 5301 3038 5340 non
3067 5303 3159 5353 per
3187 5290 3456 5358 aiige'uni,
3489 5288 3590 5342 nisi
3615 5290 3759 5358 quia

2149 5379 2247 5433 iste
2298 5381 2375 5433 sic
2419 5380 2661 5450 angelus,
2708 5388 2768 5433 ut
2816 5381 2977 5434 etiam
3014 5380 3272 5435 Dominus
3304 5384 3370 5435 sit
3398 5383 3756 5445 angelorum.

2151 5473 2356 5526 Etenim
2389 5471 2560 5540 angeli
2611 5473 2779 5525 nuntii
2827 5484 2951 5527 sunt
3001 5473 3204 5528 latine.
3234 5474 3290 5527 Si
3319 5474 3567 5529 Christus
3596 5474 3755 5531 nihil

2145 5568 2509 5634 aiinuntiaret,
2537 5568 2760 5635 angelus
2791 5582 2895 5622 non
2926 5567 3215 5623 diceretur.
3246 5565 3493 5625 Christus
3522 5568 3565 5621 si
3597 5567 3753 5625 nihil

2145 5660 2511 5729 proplietaret,
2539 5660 2801 5729 propheta
2833 5675 2938 5715 non
2968 5661 3258 5717 diceretur.
3288 5660 3613 5717 Exhortatus
3646 5670 3757 5720 est

2144 5771 2240 5811 nos
2271 5755 2337 5809 ad
2387 5755 2568 5820 tidem,
2608 5762 2663 5809 et
2707 5757 2771 5810 ad
2820 5757 3205 5828 capessendam
3233 5756 3399 5813 vitam
3444 5767 3753 5814 sternam.

2143 5844 2351 5914 Aliquid
2399 5859 2636 5912 praesens
2665 5847 3020 5913 annuné’avit.
3053 5848 3256 5918 aliquid
3305 5849 3540 5907 futurum
3588 5863 3757 5915 pra-
