4096 6346
368 342 397 402 1
407 340 504 398 ιδ’]

1359 276 1822 393 IIOIIILIABIUS.
1867 357 1935 371 —-
1971 326 2135 383 HOM.
2176 325 2264 381 DE
2300 324 2605 383 SANC'I‘IS.

3501 323 3643 381 N58

363 459 518 516 dixit.
550 456 628 514 Ex
650 469 717 513 eo
746 455 886 528 quod
914 468 1151 528 praesens
1173 453 1532 521 annuntiavit,
1555 449 1775 521 angelus
1802 455 1941 504 erat.
1973 444 2033 504 Α
2126 442 2280 510 Quia,
2302 442 2531 511 propitia
2579 439 2889 507 Divinitate,
2934 439 3128 495 fratres
3176 436 3502 505 charissimi,
3536 448 3642 495 etc.

370 550 448 607 Ex
482 564 550 605 eo
575 548 716 619 quod
748 547 981 602 futurum
1028 547 1290 618 praedixit,
1323 545 1583 615 propheta
1612 551 1748 599 erat.
1783 542 1861 597 Ex
1885 555 1949 597 eo

368 643 509 713 quod
548 640 780 695 Verbum
809 640 903 695 Dei
936 655 1064 695 caro
1094 639 1292 695 factum
1338 648 1441 704 est.
1470 646 1528 693 et
1564 636 1877 706 angelorum
1899 642 1956 691 et

370 733 746 805 prophetarum
773 732 1028 789 Dominus
1056 745 1194 789 erat.
1226 717 1306 786 'I'u
1337 741 1538 794 autem,
1561 729 1805 788 Domine.

860 826 1139 881 IIOMILIA
1192 824 1465 881 CXCVIII.

568 934 621 974 IN
659 932 1011 973 DBDICATIONB
1053 932 1319 972 ECCLESIE
1358 933 1459 970 νει.
1501 927 1745 971 ΛιιτΑιιῐε.

750 1014 853 1083 (Ex
882 1013 1017 1079 Opp.
1044 1013 1211 1066 sancti
1244 1010 1570 1079 Augustini.)

442 1106 893 1174 Quotiescunque,
922 1105 1110 1158 fratres
1141 1104 1467 1163 cbarissimi,
1495 1099 1678 1152 altaris
1707 1096 1789 1151 vel
1820 1103 1957 1150 tem-

374 1200 445 1270 pli
481 1196 825 1251 fe~tivitatetn
855 1196 1106 1259 colimus,
1133 1204 1237 1248 etc.
1276 1192 1491 1263 Reliqua
1526 1190 1639 1243 vide
1666 1193 1805 1254 apud
1832 1204 1956 1240 san-

374 1305 509 1345 ctum
554 1282 913 1359 Augustinum,
952 1289 1179 1354 Operam
1222 1290 1332 1359 ejus
1375 1296 1510 1340 tomo
1547 1283 1611 1350 V,
1641 1282 1961 1354 Patrologiw

376 1379 645 1449 XXXIX,
677 1382 775 1435 col.
806 1379 967 1434 2166.

904 1470 1179 1525 IIOMILIA
1218 1469 1448 1525 CXCIX.

377 1583 428 1623 IN
457 1581 810 1622 DEDICA‘I'IONE
840 1579 1108 1621 εεεωέιιε
1133 1582 1233 1619 νει,
1254 1580 1475 1619 Αιτλωε
1505 1577 1957 1619 ϐΟΝΒΕΟΙὶΑΤΙΟΝΕ.

986 1659 1088 1732 (Ex
1120 1658 1353 1730 eodem.)

453 1754 617 1809 Recte
651 1755 779 1808 festa
825 1752 1078 1807 Ecclesiae
1124 1754 1307 1807 colunt
1333 1750 1422 1819 qui
1451 1764 1510 1806 se
1542 1748 1797 1806 Ecclesiae
1828 1748 1966 1804 lilios

382 1861 497 1899 esse
526 1855 887 1908 cosnoscunt,
932 1855 1037 1898 etc.
1086 1842 1303 1913 Reliqua
1352 1843 1465 1897 vide
1505 1832 1639 1896 tonio
1688 1849 1742 1895 ut
1781 1856 1962 1911 supra,
1995 1853 2044 1914 Β

382 1940 482 1991 col.
513 1937 674 1992 2171.

959 2029 1237 2107 HOMILIA
1284 2028 1388 2085 cc.

794 2138 843 2177 IN
883 2139 1235 2178 DEDICATIONE
1276 2138 1563 2179 ALTABIUI.

592 2214 689 2281 (Ex
717 2213 853 2281 Opp.
885 2217 1202 2269 Venerabilis
1234 2216 1387 2269 Beda!
1420 2211 1764 2284 pre~byteri.)

460 2303 523 2358 In
550 2306 638 2358 illo
680 2316 903 2369 tempore
934 2310 1060 2360 dixit
1090 2308 1240 2361 .Iesus
1279 2305 1544 2376 discipulis
1576 2308 1677 2359 suis
1701 2321 1721 2359 :
1744 2304 1865 2360 Non
1895 2312 1973 2361 est

388 2402 541 2452 arbor
570 2398 703 2453 boaa
729 2415 841 2466 qua:
869 2401 993 2467 facit
1027 2402 1223 2469 fructus
1267 2398 1450 2466 malos,
1481 2415 1637 2470 neque
1664 2398 1817 2453 arbor
1837 2397 1976 2454 mala

386 2492 579 2562 faciens
606 2497 830 2563 fructum
859 2493 1066 2556 bonum,
1093 2505 1198 2550 etc.
1225 2493 1379 2563 (Luc.
1410 2493 1503 2563 rt).

2060 534 2275 603 Reliqua
2318 534 2429 587 vide
2471 533 2609 605 apud
2647 534 2984 589 venerabilem
3033 532 3252 599 Bedam,
3282 532 3507 589 Overum
3533 534 3647 605 ejus

2058 636 2192 681 tomo
2218 625 2290 695 V,
2321 626 2641 698 Patrologice
2670 625 2874 691 X’CIV,
2904 627 3006 682 col.
3042 624 3169 684 455.

2625 719 2904 775 HOMILIA
2942 718 3072 775 CCI.

2478 827 2532 865 IN
2573 826 2925 866 DEDICATIONE
2967 824 3253 867 ECCLESIE.

2352 921 2454 992 (Ex
2484 922 2621 992 Opp.
2662 939 2784 978 ven.
2819 923 2973 978 Bedm
3005 922 3355 995 presbyteri.)

2131 1013 2197 1068 In
2230 1013 2322 1067 illo
2360 1023 2582 1081 tempore
2608 1020 2744 1083 facta
2768 1025 2887 1068 sunt
2913 1017 3138 1069 enctenia
3164 1019 3218 1068 in
3254 1014 3650 1087 Hierosolymis,

2059 1115 2105 1161 et
2133 1105 2293 1160 hiems
2324 1116 2450 1175 erat,
2485 1116 2534 1161 et
2564 1108 2859 1161 ambulabat
2882 1106 3034 1162 Jesus
3064 1108 3117 1161 in
3145 1108 3331 1176 templo
3361 1110 3413 1162 in
3452 1111 3652 1179 porticu

2062 1199 2379 1265 Salomonis,
2414 1211 2515 1254 etc.
2545 1198 2723 1268 (Joan.
2750 1203 2827 1270 Χ).

2132 1291 2445 1346 Audivimus
2477 1308 2539 1347 ex
2590 1294 2819 1347 lectione
2849 1293 3176 1363 evangelica,
3229 1293 3421 1348 fratres
3449 1293 3655 1348 charis—

2062 1380 2207 1446 simi,
2242 1381 2362 1450 quia
2397 1385 2531 1437 facta
2573 1393 2699 1439 sunt
2738 1385 2974 1439 encaania
3022 1387 3072 1438 in
3116 1384 3520 1454 Hierosolymis,
3549 1392 3653 1436 etc.

2064 1472 2283 1543 Reliqua
2305 1476 2417 1529 vide
2446 1477 2586 1546 apud
2619 1494 2728 1531 ven.
2760 1476 2978 1544 Bedam,
3006 1475 3228 1548 Operam
3274 1477 3386 1547 ejus
3416 1485 3551 1530 tonio
3590 1471 3650 1543 γ,

2064 1564 2383 1638 Patrologia:
2409 1567 2535 1624 XCI
2554 1567 2614 1636 V,
2646 1571 2746 1622 col.
2779 1569 2905 1625 245.

2629 1662 2908 1715 IIOMILIA
2946 1659 3095 1716 CCII.

2461 1766 2513 1806 IN
2552 1768 2907 1807 DEDICA'I'IONE
2949 1765 3238 1807 εοοιεειι.

2683 1846 2782 1916 (Ex
2816 1844 3055 1913 eodem.)

2149 1935 2215 1989 In
2259 1936 2351 1991 illo
2383 1948 2621 2008 tempore,
2654 1938 2907 2009 ingressus
2942 1936 3094 1991 Iesus
3123 1935 3505 2008 perambulabat
3535 1933 3661 2017 Hief

1968 2086 1969 2089 η
2078 2029 2241 2085 riclio.
2277 2030 2341 2083 Et
2378 2048 2490 2085 ecce
2526 2034 2603 2085 vir
2634 2035 2838 2086 nomine
2866 2032 3139 2101 Zaclueus,
3170 2043 3213 2085 et
3259 2031 3341 2084 hic
3382 2041 3491 2084 erat
3519 2030 3663 2099 prin-

2080 2140 2196 2196 ceps
2220 2126 2625 2194 publicanorum,
2653 2139 2699 2182 et
2730 2130 2837 2196 ipse
2866 2131 3022 2193 dives,
3055 2136 3158 2182 etc.
3195 2126 3348 2197 (Luc.
3383 2136 3518 2189 xu).

2157 2218 2283 2283 Qum
2313 2220 2646 2290 impossibilia
2668 2230 2789 2274 sunt
2818 2224 2957 2290 apud
2985 2222 3239 2285 homines,
3273 2219 3531 2287 possibilia
3551 2226 3669 2281 sunt

2079 2312 2217 2383 apud
2249 2311 2409 2366 Deum
2439 2312 2589 2381 (Luc.
2618 2318 2791 2379 xvitt).
2823 2316 2957 2368 Ecce
2986 2314 3129 2370 enim
3157 2316 3395 2366 camelos
3426 2310 3667 2373 deposita

2081 2403 2221 2475 gibbi
2253 2407 2482 2472 sarcina,
2520 2421 2611 2474 per
2638 2405 2877 2459 foramen
2909 2420 3036 2460 acus
3060 2406 3275 2472 transit,
3305 2416 3409 2458 etc.
3456 2400 3670 2463 Reliqua

2082 2495 2195 2550 vide
2223 2506 2357 2551 tomo
2379 2509 2433 2552 ut
2464 2515 2646 2566 supra,
2679 2500 2780 2554 col.
2810 2498 2937 2553 4'39.

402 2652 3662 2681 ww

695 2776 1496 2905 INCIPIUNT
1579 2775 2301 2902 HOMILLs
2373 2779 2570 2903 DE
2657 2778 3363 2907 SANCTIS.

903 3035 1182 3091 HOMILIA
1235 3035 1462 3093 PRIMA.

636 3146 684 3185 IN
724 3143 921 3183 VIGILIA
960 3143 1151 3185 SANCTI
1192 3144 1416 3185 ANDREE
1462 3144 1739 3188 APOSTOLI.

468 3227 533 3281 1η
562 3226 653 3279 illo
683 3234 904 3291 tempore
931 3223 1093 3276 stabat
1122 3221 1371 3287 Joannes,
1404 3233 1450 3277 et
1476 3242 1542 3279 ea:
1571 3224 1837 3293 discipulis
1872 3228 1983 3298 ejus

398 3325 521 3377 duo.
576 3306 655 3373 Et
692 3318 968 3386 respiciens
995 3317 1175 3372 Jesunt
1223 3317 1570 3372 ambulantem
1593 3363 1605 3385 ,
1654 3317 1824 3371 dixit:
1855 3315 1986 3371 Ecce

388 3416 573 3487 Agnus
605 3412 720 3477 Dei,
747 3420 850 3467 etc.
883 3411 1065 3480 (Joan.
1094 3409 1156 3477 t).
1260 3450 1261 3453 η

469 3509 636 3562 Tanta
663 3521 725 3560 ac
750 3505 870 3558 talis
892 3514 974 3558 est
999 3503 1196 3557 divinae
1214 3502 1503 3571 Scriptum
1532 3502 1855 3567 sublimitas,
1876 3508 1982 3557 etc.

403 3601 615 3664 Reliqua
641 3599 753 3652 vide
780 3597 919 3663 apud
950 3613 1059 3649 ven.
1088 3595 1302 3663 Bedam,
1336 3596 1563 3664 Operam
1590 3598 1701 3667 ejus
1744 3604 1883 3648 tonio
1919 3592 1985 3661 V,

402 3690 715 3759 Patrologiaz
740 3685 863 3740 XCI
882 3685 945 3751 V,
977 3688 1078 3739 col.
1110 3685 1235 3739 Ι256.

995 3775 1270 3829 IIOMILIA
1309 3775 1374 3829 Il.

848 3881 898 3919 IN
938 3881 1026 3920 DIE
1066 3880 1248 3919 SANCTI
1291 3879 1535 3919 ANDRBE.

728 3956 830 4023 (Ex
860 3957 998 4025 Opp.
1028 3956 1165 4008 beati
1190 3955 1428 4022 Gregorii
1461 3952 1655 4021 papae.)

483 4050 541 4104 In
573 4050 662 4102 illo
681 4058 924 4118 tempore,
944 4046 1206 4100 ambulans
1227 4046 1257 4097 J
1267 4062 1376 4099 esus
1393 4047 1547 4115 juxta
1570 4060 1709 4098 mare
1731 4044 1984 4110 σαιὶιωω,

406 4143 526 4195 vidit
560 4144 687 4194 duos
712 4141 915 4209 fratres,
948 4138 1209 4192 Simonem
1234 4138 1317 4204 qui
1350 4146 1554 4189 voratur
1589 4136 1789 4201 Petrus,
1818 4145 1862 4190 et
1887 4137 1991 4191 An-

408 4237 585 4290 dream
610 4237 820 4305 fratrem
842 4232 975 4303 ejus,
999 4231 1250 4283 mittentes
1271 4239 1375 4283 rete
1389 4230 1441 4283 in
1463 4246 1619 4298 mare,
1644 4237 1746 4283 etc.
1771 4227 1988 4299 (Matth.

407 4331 500 4396 tv).

482 4418 741 4481 Audistis,
766 4408 969 4470 Tratres
1012 4412 1334 4479 charissimi,
1364 4411 1484 4481 quia
1515 4411 1580 4465 ad
1613 4412 1771 4465 unius
1795 4411 1991 4479 jussio-

410 4516 491 4570 nis
524 4528 704 4566 vocem
739 4510 925 4565 Petrus
956 4517 1011 4564 et
1046 4507 1307 4572 Andreas,
1340 4515 1421 4572 etc

410 4619 634 4662 sanctum
675 4604 999 4675 Gregorium,
1035 4597 1419 4675 Operam/fus
1476 4609 1610 4655 tomo
1640 4597 1724 4667 II,
1759 4598 1996 4653 Patrolo-

412 4703 509 4773 gite
540 4698 682 4753 LXX
702 4696 800 4764 γι,
830 4699 930 4752 σοι.
960 4695 1117 4751 1095.

999 4784 1277 4842 HONIIUIA
1330 4784 1416 4840 III.

958 4894 1025 4934 DE
1066 4886 1240 4934 EODEM
1283 4886 1449 4932 resto.

664 4974 765 5039 (Ex
798 4973 934 5041 Opp.
967 4969 1105 5024 beati
1137 4966 1416 5041 Augustini
1461 4966 1744 5039 episcopi.)

492 5065 679 5120 Mirum
702 5060 1016 5132 quibusdam
1039 5054 1265 5132 videlur,
1295 5059 1617 5119 charissimi,
1642 5067 1749 5112 etc.
1778 5054 2000 5125 Reliqua

418 5158 535 5213 vide
559 5156 699 5221 apud
721 5165 951 5209 sanctum
978 5147 1341 5222 Auguslinum,
1379 5151 1601 5218 Operum
1627 5152 1739 5221 ejus
1770 5159 1902 5203 tomo
1929 5147 1997 5215 V,

406 5249 741 5321 ‘Patrologia:
768 5244 924 5301 xxx
939 5241 1108 5305 vm.
1141 5241 1241 5329 εροι.
1273 5242 1401 5296 ita.

1008 5318 1281 5415 nomina
1337 5334 1422 5389 tv.
1460 5318 1469 5331 '

804 5447 855 5487 IN
892 5445 1102 5487 οοτΑνΑ
1140 5443 1320 5505 ΒᾼΝΩΤΙ
1360 5441 1609 5482 ΑΝυκειε.

497 5523 565 5578 In
585 5523 678 5578 illo
700 5531 926 5594 tempore
949 5520 1217 5575 ambulans
1238 5518 1388 5572 Jesus
1408 5520 1559 5588 juxta
1590 5531 1728 5569 mare
1747 5512 2000 5580 Galilcete,

1421 4503 1590 4558 ,λίφπ

2162 3042 2377 3098 ϐιιηοιίε
2408 3042 2745 3097 notissimum
2789 3047 2873 3095 est
2899 3040 3039 3111 quod
3082 3053 3232 3095 mare
3262 3040 3499 3096 Galilaeae
3548 3056 3671 3111 pro-

2010 3120 2057 3182 (ἶ
2091 3143 2208 3205 pter
2235 3134 2442 3189 diversa
2485 3134 2600 3188 loca
2631 3131 2733 3186 sibi
2767 3132 3066 3201 adjacentia
3110 3132 3336 3187 diversis
3380 3132 3539 3187 etiam
3577 3149 3668 3202 ap-

2050 3276 2053 3279 .
2095 3225 2470 3295 pellationibus
2511 3232 2865 3292 nuncupatur.
2896 3223 3006 3277 Hoc
3037 3238 3166 3292 ergo
3212 3237 3383 3289 mare,
3408 3224 3519 3278 sive
3558 3233 3671 3280 sta-

2089 3335 2276 3391 gnum,
2299 3320 2419 3388 quia
2444 3317 2791 3373 delectabiles
2821 3331 2983 3387 aquas
3011 3317 3241 3372 habebat
3269 3316 3332 3370 ad
3359 3316 3671 3384 bibendum,

2088 3422 2141 3468 et
2173 3413 2326 3481 copia
2377 3411 2567 3479 piciutn
2604 3411 2955 3475 retlundabat,
3006 3411 3123 3465 ideo
3168 3409 3560 3464 multitudinem
3593 3411 3675 3465 in-

2090 3503 2330 3557 colarum
2366 3504 2504 3555 circa
2535 3501 2952 3558 se'continebat.
2985 3502 3138 3567 Quod
3185 3502 3443 3556 Dominus
3474 3502 3677 3557 idcirco

2090 3592 2397 3664 frequenter
2441 3595 2890 3662 transnavigabat,
2937 3597 3075 3650 sicut
3120 3597 3170 3650 in
3219 3596 3507 3662 Evangelia
3547 3596 3677 3665 legi-

2090 3670 2243 3752 mus,
2306 3694 2364 3738 ut
2412 3686 2621 3754 populis
2672 3685 2873 3739 circum
2920 3686 3224 3753 jacentibus
3275 3686 3527 3740 miracula
3582 3700 3680 3742 sua

2092 3778 2420 3839 ostenderet,
2439 3787 2598 3846 atque
2619 3777 2785 3830 verbo
2807 3792 2916 3831 sum
2938 3777 3332 3844 prmdicatinnis
3347 3793 3439 3832 eos
3454 3778 3519 3832 ad
3538 3778 3677 3832 viam

2091 3870 2277 3924 salutis
2318 3871 2587 3923 invitaret.
2621 3870 2786 3923 Sectis
2840 3870 2941 3923 hoc
2989 3885 3135 3924 mare
3181 3884 3309 3937 ergo
3350 3871 3679 3934 Redemptor

2091 3971 2275 4014 noster
2300 3959 2598 4024 ambulans,
2630 3960 2757 4014 vidit
2807 3960 2941 4014 duos
2990 3960 3179 4015 fratres
3221 3959 3512 4023 piscatores
3562 3963 3678 4013 m't-

2093 4064 2268 4109 tentes
2313 4055 2444 4107 retia
2492 4055 2544 4107 in
2592 4068 2760 4108 mare.
2811 4053 2914 4110 Sed
2966 4055 3156 4109 merito
3200 4054 3455 4122 quaeritur
3484 4067 3579 4106 cur
3607 4051 3676 4107 ad

2096 4146 2228 4201 Novi
2259 4146 2585 4200 Testameuti
2633 4146 2857 4214 gratiam
2912 4147 2963 4199 in
3016 4145 3213 4198 mundo
3256 4144 3673 4208 praedicandam,

2098 4255 2202 4295 n0u
2235 4238 2328 4292 lilii
2353 4255 2559 4307 regum,
2595 4255 2698 4294 non
2745 4239 2932 4297 seriba:
2966 4237 3137 4306 primo
3169 4247 3444 4302 vocantur,
3470 4238 3565 4292 sed
3599 4237 3681 4302 pi-

2098 4338 2335 4386 scatores
2374 4331 2657 4399 eliguntur.
2709 4330 2967 4385 Nimirum
3018 4330 3138 4384 ideo
3168 4332 3284 4393 quia
3317 4343 3435 4398 qua}
3466 4329 3678 4384 inlirma

2101 4431 2226 4478 sunt
2264 4423 2401 4492 apud
2433 4423 2694 4488 homines,
2727 4422 2881 4476 fortia
2911 4431 3034 4477 sunt
3075 4421 3212 4489 apud
3264 4422 3455 4475 Deum.
3490 4419 3683 4475 Pisca-

1590 4505 1833 4570 QTG‘W‘?
1852 4504 1993 4572 αρτιά
2019 4498 2072 4558 Ῑ)
2102 4524 2245 4570 tores
2295 4516 2435 4568 enim
2488 4522 2744 4568 vocantur
2792 4521 2849 4568 et
2894 4529 2997 4567 non
3043 4513 3267 4580 nobiles,
3320 4527 3385 4567 ne
3436 4520 3681 4577 potentes

2100 4605 2284 4660 saeculi
2316 4605 2471 4661 istius
2522 4606 2884 4674 supcrbirent,
2916 4615 2972 4659 et
3017 4604 3257 4659 dicerent
3282 4605 3401 4673 quia
3434 4603 3683 4659 Christus

2100 4697 2255 4751 ﬁdem
2288 4712 2436 4751 suam
2467 4711 2571 4751 non
2604 4695 2705 4750 nisi
2741 4710 2835 4757 per
2863 4696 2983 4749 illos
3031 4695 3284 4749 inducere
3332 4696 3532 4749 mundo
3580 4708 3679 4763 po-

2105 4792 2290 4846 tuerit.
2332 4789 2591 4845 lllitterati
2624 4790 2687 4841 ad
2722 4786 3113 4857 praedicandum
3157 4790 3454 4854 mittuntur,
3484 4793 3540 4840 ut
3570 4799 3685 4839 ma-

2102 4883 2240 4936 teria
2262 4880 2603 4950 superbiendi
2634 4879 2790 4947 hujus
2837 4878 3018 4932 sn-culi
3065 4876 3395 4944 sapientibus
3440 4882 3684 4941 ampute-

2106 4980 2214 5039 tur,
2261 4973 2385 5028 dum
2434 4972 2619 5025 vident
2666 4969 3008 5038 Evangelium
3059 4982 3164 5021 non
3208 4981 3304 5035 per
3346 4969 3684 5035 eloquentes,

2062 5104 2069 5109 -
2104 5065 2197 5119 sed
2228 5079 2321 5133 per
2350 5063 2620 5129 simplices
2652 5060 3031 5129 prtedicatores
3061 5071 3231 5125 usque
3264 5055 3329 5109 ad
3360 5056 3492 5110 ﬁnes
3524 5066 3685 5110 terra;

2105 5154 2406 5209 dilatatum.
2442 5152 2558 5205 Bini
2585 5161 2761 5204 autem
2792 5150 2912 5202 ideo
2953 5154 3227 5211 vocantur,
3265 5145 3383 5213 quia
3414 5143 3684 5213 geminam

2105 5245 2445 5299 dilectionem
2478 5239 2834 5310 przcdicaturi,
2864 5238 3135 5307 geminum
3167 5237 3327 5289 etiam
3361 5234 3685 5289 Testamen-

2110 5346 2222 5390 tum
2255 5334 2453 5388 mundo
2498 5339 2650 5386 erant
2679 5329 2943 5384 tradituri.
2976 5327 3333 5397 Spiritualiter
3362 5339 3509 5389 vero,
3540 5322 3685 5395 quod

2108 5424 2383 5478 ambulans
2437 5420 2691 5475 Dominus
2740 5434 2894 5473 secus
2940 5431 3085 5471 mare
3131 5415 3387 5480 Galilmaa,
3420 5413 3553 5468 vidit
3582 5413 3685 5468 Pe-

2112 5525 2253 5570 trum
2288 5522 2341 5567 et
2372 5512 2640 5566 Andream
2686 5510 2817 5565 retia
2844 5508 3137 5573 mittentes,
3170 5504 3431 5575 significat
3454 5505 3577 5574 quia
3607 5504 3691 5556 in-

425 5616 551 5669 vidit
597 5617 724 5670 duas
766 5592 973 5683 fratres,
1024 5612 1285 5668 Simonem
1331 5611 1418 5681 qui
1467 5618 1673 5663 vocatur
1722 5606 1929 5672 Petrus,
1961 5614 2008 5661 et
2112 5613 2357 5660 carnatus
2385 5602 2477 5655 Dei
2510 5601 2674 5656 Filius
2718 5600 2770 5654 in
2816 5601 2946 5653 mari
2979 5598 3129 5652 istius
3158 5595 3338 5650 mundi
3382 5592 3689 5663 spirituales

426 5709 682 5762 Andream
736 5708 946 5779 fratrem
990 5708 1135 5778 ejus,
1167 5707 1418 5759 mittentes
1460 5710 1563 5757 rete
1608 5702 1663 5755 in
1710 5716 1867 5768 mare,
1900 5708 2007 5757 etc.

432 5802 646 5870 (Matth.
675 5801 751 5869 tv)

2117 5698 2409 5765 piscatores
2437 5694 2587 5758 vidit,
2610 5708 2742 5763 quos
2772 5700 2896 5745 ante
2936 5689 3115 5743 mundi
3154 5685 3589 5742 constitutionem
3618 5682 3688 5738 ad

2116 5801 2250 5857 Opus
2274 5786 2665 5853 praedicationis
2690 5794 2845 5852 aptos
2873 5797 2995 5839 esse
3035 5777 3325 5851 przescivit.
3348 5776 3414 5831 Et
3441 5777 3514 5831 ait
3539 5775 3645 5830 illis
3672 5812 3689 5828 .
