4096 6346
435 350 572 408 “59

1287 351 1486 406 PAULI
1533 345 1800 403 DIACONI
1838 344 1988 400 UPP.
2031 341 2210 399 PARS
2251 343 2313 398 ll.
2353 371 2422 383 -—-
2468 338 2824 397 ASCETICA.

3562 339 3710 396 Η(ἰο

439 470 620 525 Venite
649 478 760 538 post
784 477 942 532 me,et
964 467 1151 535 faciam
1177 483 1260 518 vos
1285 466 1395 532 ﬁeri
1427 466 1704 534 piscatores
1727 462 2010 516 hominum.
2042 468 2092 525 Α
2120 463 2203 510 tus
2233 463 2314 510 est
2345 455 2656 519 Dominum,
2691 451 2832 521 apud
2863 465 3020 522 quem
3042 491 3057 515 ,
3099 460 3156 505 ut
3193 449 3336 505 idem
3375 453 3710 522 evangelista

433 562 679 632 Congrue
708 563 1000 632 piscatores
1031 560 1251 627 piscium
1291 560 1678 624 praemittuntur
1703 571 1826 630 esse
1857 555 2016 610 futuri

435 655 732 724 piscatores
784 655 1082 714 hominum,
1114 663 1170 707 ut
1201 655 1330 710 artis
1374 653 1716 708 similitudine
1746 649 2013 715 delectati,

433 745 772 814 discipulatui
821 745 1110 800 Salvatoris
1156 746 1405 799 libentius
1434 746 1567 798 colla
1614 746 2013 798 submitterent.
2054 741 2057 744 ’

434 841 498 893 At
528 839 625 905 illi,
649 840 839 894 relictis
868 841 1078 905 retibus,
1118 840 1275 892 secuti
1300 849 1418 892 sunt
1439 855 1572 892 eum.
1607 837 1849 891 Forsitan
1875 836 2018 890 dicat

431 933 645 1001 aliquis,
678 931 812 998 Quid
858 932 935 985 vel
980 942 1231 1000 quantum
1267 931 1351 984 isti
1397 932 1714 985 dimiserunt
1745 930 1833 999 qui
1880 944 2016 997 pene

431 1027 561 1081 nihil
595 1026 930 1080 habuerunt?
962 1025 1064 1083 Sed
1100 1029 1427 1095 pensandum
1475 1038 1556 1080 est
1592 1027 1732 1093 quod
1787 1026 2010 1078 multum

431 1126 786 1192 reliquerunt,
843 1125 928 1191 qui
980 1125 1304 1178 voluntatem
1361 1123 1586 1177 habendi
1639 1124 2010 1178 deseruerunt.

430 1217 649 1271 Multum
697 1217 1015 1270 dimiserunt
1065 1217 1154 1285 qui
1205 1217 1382 1270 omnia
1437 1230 1555 1283 quae
1614 1213 1877 1266 habebant
1927 1213 2011 1266 vel

428 1309 628 1364 habere
685 1317 926 1377 poterant
973 1319 1061 1362 aut
1110 1310 1515 1374 concupiscere,
1563 1306 1908 1360 dimiserunt.
1958 1303 2012 1359 Si

331 1404 340 1408 ”
389 1376 570 1474 ξειιίιιι
625 1376 935 1456 habuissent
978 1417 1196 1484 magnas
1245 1401 1459 1455 divitias
1508 1409 1562 1452 et
1609 1401 1740 1452 latas
1792 1412 2013 1466 posses-

399 1487 608 1564 ,siones
647 1491 805 1546 istius
853 1485 1072 1554 saeculi,
1117 1490 1295 1545 omnia
1351 1504 1445 1560 pro
1487 1488 1678 1542 Christi
1707 1503 1891 1542 amore
1925 1503 2010 1540 re—

399 1581 738 1652 'liquissent,
781 1584 917 1640 sicut
958 1585 1132 1637 navim
1183 1591 1237 1638 et
1281 1584 1411 1637 retia
1463 1584 1812 1652 reliquerunt.
1845 1583 2011 1636 Tanta

425 1677 566 1730 enim
593 1677 658 1730 ab
680 1679 935 1746 apostolis
951 1677 1232 1732 Dominum
1257 1678 1601 1746 sequentibus
1624 1676 1842 1729 dimissa
1865 1686 2009 1743 sunt,

425 1777 620 1838 quanta
650 1784 677 1821 a
709 1784 812 1823 non
841 1769 1185 1838 sequentibus
1208 1769 1511 1838 concupisci
1537 1777 1710 1835 potuei
1729 1780 1840 1821 unt.
1864 1767 2008 1820 Aﬁ‘e-

2121 559 2337 612 narrat,
2390 564 2494 602 uno
2550 558 2830 600 manentes
2861 543 2977 610 die,
3010 542 3253 613 protinus
3293 543 3356 596 ad
3398 543 3710 611 praedictum

2119 645 2430 711 magistrum
2458 659 2638 708 suum,
2673 638 2916 694 videlicet
2950 639 3207 692 Joannem
3239 647 3582 692 revertuntur
3613 639 3710 692 Ba-

2120 735 2371 802 ptistim,
2419 732 2640 801 ejusque
2696 729 3002 797 magisterio
3052 720 3378 798 inserviunt,
3432 744 3711 797 quousque

2118 823 2259 878 idem
2291 823 2534 878 Andreas
2565 837 2594 876 a
2613 822 2845 876 Domino
2872 820 3235 889 postmodum,
3263 820 3401 872 sicut
3425 817 3711 873 Matthaws

2118 915 2171 969 in
2203 917 2302 968 hoc
2329 913 2582 969 describit
2610 912 2920 980 evangelio,
2962 911 3115 964 simul
3157 924 3278 963 cum
3320 908 3478 963 Petro
3514 907 3580 961 ad
3614 909 3709 961 di-

2115 1008 2427 1075 scipulatum
2460 1015 2676 1061 vocatus
2701 1015 2804 1059 est.
2837 1005 2899 1058 Et
2930 1005 3220 1059 notandum
3246 1002 3384 1072 quod
3422 1001 3507 1055 isti
3541 1001 3708 1054 disci-

2115 1105 2224 1172 puli
2259 1103 2540 1157 Dominum
2573 1099 2838 1164 secuturi,
2877 1098 3156 1166 reliquisse
3186 1096 3437 1150 dicuntur
3483 1095 3614 1149 retia
3653 1104 3709 1148 et

2119 1207 2321 1266 p:tll't'lll
2354 1212 2530 1251 suum.
2566 1194 2857 1249 Zebedazus
2890 1205 3120 1260 namque
3151 1190 3531 1256 interpretatur
3569 1186 3707 1256 fugi-

2117 1273 2275 1353 tivus,
2307 1302 2358 1344 et
2384 1287 2646 1358 signiﬁcat
2678 1287 2849 1356 ipsum
2881 1281 3172 1338 diabolum.
3211 1281 3358 1335 Retia
3392 1290 3571 1334 autem
3609 1279 3710 1332 im-

2113 1383 2425 1453 plicamenta
2475 1380 2629 1449 hujus
2680 1377 2861 1432 mundi
2905 1375 3226 1447 signiﬁcant.
3273 1374 3531 1442 Quisquis
3572 1388 3705 1442 ergo

2116 1474 2394 1528 Dominum
2433 1472 2661 1528 ﬁdeliter
2687 1470 2834 1539 sequi
2866 1472 3043 1538 cupit,
3081 1482 3302 1523 necesse
3331 1478 3412 1523 est
3442 1477 3498 1521 ut
3527 1468 3702 1534 primo

2113 1567 2181 1621 ab
2214 1565 2607 1634 impedimentis
2640 1563 2987 1616 humanarum
3031 1577 3206 1614 rerum
3230 1604 3243 1626 ,
3283 1575 3308 1611 a
3342 1559 3483 1612 curis
3517 1557 3709 1611 videli-

2112 1667 2195 1710 cet
2220 1659 2340 1710 vitte
2367 1655 2642 1724 praesentis
2659 1653 2843 1724 petiero
2862 1651 3115 1716 excutiat,
3134 1661 3184 1705 et
3204 1651 3279 1703 sic
3301 1649 3570 1702 diabolum
3598 1657 3706 1701 tota

2113 1748 2310 1801 virtute
2340 1748 2524 1817 fugere
2551 1757 2776 1818 satagat.
2812 1746 3111 1815 Allegorice
3142 1755 3368 1813 quatuor
3402 1741 3646 1809 discipuli
3677 1755 3708 1793 a

424 1835 541 1915 έιυε
583 1875 710 1930 erg”
749 1835 961 1914 ῃιυτυέη
1004 1863 1174 1930 magis
1216 1835 1520 1929 pensahdus
1555 1870 1636 1914 es,
1677 1875 1834 1928 qua",
1889 1857 2012 1913 sub-
2043 1835 2090 1895 Β
2121 1840 2344 1893 Domino
2377 1841 2442 1892 de
2473 1841 2601 1893 mari
2638 1841 2834 1905 vocati,
2865 1841 3001 1893 duos
3032 1838 3330 1930 signiﬁcant
3364 1838 3610 1930 populos,
3642 1836 3711 1890 de

423 1955 637 2008 stantia.
685 1953 871 2022 Arguit
914 1968 1044 2009 sane
1083 1955 1408 2028 Porphyrius
1451 1963 1504 2009 et
1543 1954 1788 2009 Julianus
1838 1954 2009 2016 Augu-

421 2055 538 2099 stus
567 2055 728 2114 atque
755 2055 1016 2114 apostata,
1045 2047 1127 2100 vel
1155 2049 1469 2116 imperitiam
1503 2047 1768 2100 historica:
1797 2043 2028 2121 mentis,

424 2139 506 2192 vel
538 2139 816 2192 stultitiam
853 2141 1216 2207 apostolorum
1242 2180 1254 2204 ,
1284 2138 1367 2206 qui
1397 2140 1460 2191 ad
1505 2137 1724 2207 primam
1754 2137 2011 2206 jossionis

422 2246 607 2284 vocem
654 2232 821 2287 secuti
865 2241 988 2286 sunt
1025 2231 1402 2292 Salvatorem,
1450 2239 1696 2297 tauquam
1739 2228 2007 2280 hominem

420 2323 856 2378 irrationabiliter
887 2334 1166 2376 vocantem
1188 2363 1203 2385 ,
1245 2337 1362 2374 cum
1411 2323 1666 2388 scriptum
1695 2322 1763 2372 sit
1789 2336 1801 2371 :
1837 2317 1917 2371 Ne
1939 2319 2011 2370 sic

425 2416 591 2484 facilis
622 2419 688 2467 ad
719 2415 1027 2468 credendum
1059 2415 1245 2484 (Eccli.
1282 2415 1374 2482 vl).
1413 2414 1516 2466 Sed
1551 2413 1592 2465 si
1615 2411 1880 2464 Dominus
1913 2411 2007 2463 hu-

419 2504 658 2573 jusmodi
687 2516 960 2559 creaturas
982 2505 1240 2569 condidit,
1265 2519 1384 2574 quae
1406 2506 1535 2557 alias
1557 2503 1621 2558 ad
1654 2518 1714 2558 se
1738 2503 2009 2558 attrahere

426 2597 751 2668 praevaleant
778 2607 1090 2664 creaturas;
1119 2598 1264 2662 verbi
1287 2599 1480 2666 gratia,
1517 2598 1655 2658 sicut
1675 2599 1732 2656 in
1759 2606 2008 2665 magnete

422 2701 479 2746 et
504 2691 734 2745 succinis
760 2694 1052 2753 cernimus,
1088 2693 1277 2760 quibus
1311 2700 1455 2746 tanta
1495 2694 1572 2745 vis
1614 2691 1790 2745 inesse
1823 2690 2010 2758 digno-

421 2787 591 2840 scitur
618 2797 776 2854 atque
799 2779 1040 2854 potentia
1063 2828 1076 2849 ,
1107 2800 1164 2854 μι
1206 2785 1402 2858 ferrum
1443 2788 1526 2839 vel
1561 2785 1816 2863 stipulari,
1847 2785 1911 2850 ad
1951 2799 2006 2852 se

422 2875 692 2930 attrahant
725 2885 778 2930 et
807 2877 906 2929 sibi
939 2876 1214 2931 cohaerere
1247 2878 1468 2937 faciant,
1504 2879 1669 2931 multo
1700 2877 1867 2946 magis
1896 2877 2007 2945 ipse

425 2969 659 3022 omnium
699 2975 1065 3022 creaturarum
1100 2969 1345 3023 cooditor
1371 2969 1436 3022 ad
1478 2983 1536 3022 se
1573 2959 2004 3035 sequemlu'm‘at-

427 3059 637 3113 trahere
667 3069 878 3128 poterat
915 3075 1048 3128 quos
1081 3059 1310 3113 volebat.
1348 3059 1411 3112 Ut
1449 3061 1590 3113 enim
1637 3059 1791 3113 beato
1822 3059 2004 3114 Hiero-

425 3149 585 3224 nymo
610 3153 880 3208 referente
906 3163 1240 3224 compertum
1275 3153 1517 3217 habetur,
1549 3162 1726 3207 tantus
1753 3153 2006 3223 splendor

423 3253 477 3298 et
505 3244 759 3314 majestas
788 3244 1008 3298 occultat
1039 3243 1331 3298 divinitatis
1363 3245 1412 3297 in
1446 3247 1672 3297 humana
1706 3229 1836 3297 facie
1857 3243 2008 3297 Chri-

425 3336 492 3390 sti
523 3337 812 3400 relucebat,
839 3346 895 3388 ut
919 3350 982 3388 ex
1013 3337 1183 3402 primo
1207 3351 1304 3388 suo
1328 3347 1545 3402 aspectu
1570 3335 1632 3387 ad
1660 3351 1714 3389 se
1739 3337 2010 3389 venit-otes

424 3427 674 3483 facillirue
702 3427 1017 3482 attraheret.
1053 3427 1118 3480 lit
1144 3428 1381 3480 recedens
1411 3428 1547 3493 inde,
1576 3428 1699 3479 vidit
1727 3429 1857 3480 alios
1882 3429 2010 3481 duos

427 3516 629 3583 fratres,
659 3526 705 3571 et
735 3531 849 3570 ecce
888 3519 1049 3570 secuti
1097 3527 1214 3569 sunt
1267 3533 1404 3570 eum.
1441 3517 1544 3570 Hos
1582 3520 1851 3583 apostolos
1885 3519 2012 3574 vidit

428 3607 704 3674 Dominus,
739 3608 1190 3676 quemadmodum
1221 3617 1276 3662 et
1305 3609 1629 3676 superiores,
1660 3611 1757 3663 hoc
1779 3618 1882 3674 est,
1907 3608 2008 3662 mi-

425 3714 600 3759 sertus
627 3716 947 3760 esteorum.
983 3703 1174 3758 Videre
1215 3704 1361 3758 enim
1398 3704 1536 3756 illius
1559 3747 1572 3768 ,
1621 3683 1867 3756 misereri
1906 3711 2007 3757 est.

428 3795 649 3850 Vncavit
677 3796 816 3860 illos,
839 3797 1044 3850 vocavit
1067 3806 1120 3851 et
1142 3796 1295 3850 istos.
1327 3783 1650 3850 Illuminavit
1672 3795 1784 3849 ill0s
1811 3803 2010 3860 mente,

427 3889 742 3944 illuminavit
793 3889 924 3944 istos
960 3889 1142 3943 corde.
1188 3881 1519 3943 Dimiserunt
1563 3895 1618 3942 et
1666 3888 1749 3940 isti
1800 3887 2008 3949 omnia,

426 3982 562 4036 sicut
593 3990 646 4036 et
669 3977 766 4036 illi.
797 3979 974 4036 Secuti
1003 3993 1124 4035 sunt
1153 3979 1455 4044 Dominum,
1485 3971 1932 4048 quemadmodum
1961 3983 2014 4028 et

429 4072 524 4126 illi.
557 4072 661 4128 Sed
689 4069 853 4140 qumri
882 4073 1343 4143 potestquomodo
1369 4073 1598 4142 primum
1629 4073 1762 4126 duos
1793 4089 2012 4130 vocave-

428 4165 517 4228 rit,
552 4165 764 4220 Pntrum
788 4177 840 4220 et
866 4165 1158 4231 Andream,
1183 4177 1234 4219 et
1256 4175 1377 4230 post
1401 4165 1669 4234 paululum
1699 4166 1832 4220 alios
1856 4165 2011 4232 duos,

426 4253 680 4312 JaCobum
710 4268 763 4312 et
792 4257 1071 4322 Joannem,
1108 4259 1247 4310 sicut
1275 4256 1553 4311 Matthazus
1579 4267 1632 4310 et
1655 4257 1861 4311 Marcus
1887 4271 2014 4310 nar-

429 4361 569 4415 rant,
598 4366 718 4406 cum
743 4351 909 4406 Lucas
939 4351 1081 4404 dicat
1116 4351 1255 4403 Petri
1286 4349 1462 4403 socios
1489 4349 1652 4404 fuisse
1686 4349 1821 4402 lilios
1844 4347 2011 4402 Zcbe-

428 4444 564 4507 dari,
609 4453 660 4496 et
699 4444 929 4510 impletis
971 4433 1226 4496 naviculis
1269 4441 1602 4495 multitudine
1647 4441 1907 4509 piscium,
1947 4437 2014 4491 ad

430 4529 758 4606 extrahenda
789 4535 918 4587 retia
952 4535 1018 4586 ab
1048 4537 1235 4586 eodem
1270 4533 1426 4586 Petro
1451 4531 1611 4586 fuisse
1641 4543 1874 4586 vocatos.
1913 4531 2011 4586 Ubi

429 4625 589 4680 etiam
622 4637 742 4677 cum
771 4623 992 4676 dixisset
1031 4623 1283 4678 Dominus
1323 4623 1503 4690 Petro,
1543 4621 1627 4677 Ex
1655 4623 1748 4677 hoc
1768 4626 1882 4695 jam
1912 4626 2010 4676 eris

434 4717 664 4769 homines
692 4711 894 4784 capiens
927 4713 1077 4784 (Luc.
1113 4714 1187 4783 v),
1209 4724 1262 4767 et
1291 4714 1482 4769 ibidem
1512 4715 1780 4776 seribitur,
1813 4711 1875 4766 ad
1908 4724 2011 4766 ter-

431 4825 544 4863 ram
585 4807 858 4862 subductis
896 4807 1116 4860 navibus
1155 4805 1440 4860 Dominum
1488 4807 1682 4874 pariter
1723 4820 1813 4858 cos
1855 4795 2012 4855 fuisse

431 4895 664 4957 secutos.
696 4902 794 4954 Sed
837 4899 1235 4968 intelligendum
1277 4907 1360 4952 est
1399 4901 1500 4952 hoc
1538 4897 1746 4965 quidem
1783 4895 2010 4962 primum

431 4995 627 5049 factum
657 5008 777 5048 esse
810 4994 947 5062 quod
982 4993 1148 5044 Lucas
1187 4999 1400 5052 narrat,
1431 5002 1529 5042 nec
1555 4999 1678 5039 tunc
1707 5001 1798 5037 eos
1831 4984 2010 5036 Domi-

433 5104 555 5142 uutn
587 5101 805 5141 vocasse
833 5096 888 5139 ut
919 5095 1296 5160 sequerentur,
1326 5082 1416 5134 sed
1457 5088 1655 5132 tantum
1690 5077 1846 5131 Petro
1881 5092 2010 5141 pra:-

433 5183 636 5238 dixisse
657 5180 796 5247 quod
823 5179 1066 5248 homines
1096 5187 1234 5236 esset
1262 5182 1532 5240 capturus,
1561 5180 1613 5222 et
1647 5179 1846 5238 postea,
1879 5169 2016 5220 sicut

436 5276 710 5348 Matthazus
740 5271 1023 5328 describit.
1069 5269 1224 5321 binos
1261 5277 1312 5320 et
1363 5263 1516 5317 binos
1554 5275 1648 5315 eos
1692 5274 1914 5312 vocasse
1962 5266 2018 5310 ut

435 5377 805 5442 sequerentur.
852 5361 1138 5416 Sciendum
1184 5369 1472 5428 praeterea,
1502 5365 1556 5407 ut
1585 5354 1818 5410 Joannes
1856 5367 2014 5405 evan-

435 5461 620 5536 gelista
645 5459 814 5530 refert
835 5497 851 5524 ,
883 5455 1023 5528 quod
1055 5452 1295 5522 Andreas
1334 5450 1505 5504 adhuc
1531 5445 1820 5515 discipulus
1851 5442 2009 5499 Joan-

440 5555 519 5628 nis
553 5533 797 5624 Baptista:
819 5593 832 5610 .
863 5551 1038 5618 ipsum
1083 5547 1148 5600 de
1175 5544 1390 5597 Christo
1418 5541 1673 5595 Joannem
1706 5535 1908 5590 audivit
1935 5533 2016 5587 di-

439 5625 645 5716 centem
680 5662 693 5698 :
727 5627 858 5710 Ecce
885 5625 1048 5712 agnus
1079 5637 1172 5691 Dei
1203 5633 1386 5702 (Jonn.
1421 5632 1482 5700 ι).
1511 5631 1622 5697 Qua
1652 5627 1796 5682 illico
1822 5625 2016 5679 exhor-

439 5715 578 5808 tatus
623 5735 923 5806 sententia,
968 5732 1239 5800 voluntate
1289 5723 1496 5794 propria
1547 5723 1700 5776 simul
1750 5735 1868 5771 cum
1927 5715 2015 5769 illo

439 5805 660 5886 Joannis
689 5805 944 5896 discipulo
967 5823 1140 5895 (cujus
1169 5833 1361 5876 nomen
1393 5823 1533 5872 tacet
1559 5808 1840 5885 Spiritura)
1864 5822 2012 5864 secu-

2113 1931 2562 1985 sollicitudinibus
2604 1942 2658 1984 et
2698 1930 2933 2004 inquiete
2965 1931 3120 1998 hujus
3151 1929 3329 1982 saeculi
3371 1928 3438 1981 ad
3467 1928 3710 1981 solidita-

2115 2033 2217 2077 tem
2249 2023 2542 2092 spiritualis
2586 2023 2746 2076 studii
2789 2037 2884 2091 per
2915 2019 3136 2090 gratiam
3179 2021 3269 2073 Dei
3301 2020 3709 2073 vocatos.'Nam

2113 2121 2297 2175 Simon
2335 2122 2540 2184 Petrus,
2567 2119 2656 2188 qui
2687 2117 3065 2186 interpretatur
3093 2115 3368 2180 obediens,
3396 2113 3510 2166 sive
3542 2128 3712 2181 agno-

2112 2226 2288 2274 scens,
2321 2220 2372 2262 et
2398 2207 2630 2265 Jacobus
2649 2249 2665 2276 ,
2699 2208 2790 2278 qui
2817 2195 3184 2276 supplantator
3210 2205 3426 2270 dicitur,
3455 2204 3710 2269 p0pulum

2112 2295 2393 2360 Iudaicum
2445 2303 2788 2371 signiﬁcant,
2839 2301 2927 2370 qui
2973 2303 3122 2370 prior
3169 2315 3262 2367 per
3319 2297 3705 2366 legislationem

2113 2396 2426 2452 Creatorem
2461 2413 2614 2452 suum
2645 2411 2940 2466 agnoscens
2960 2437 2974 2460 ,
3014 2395 3234 2450 obedire
3278 2383 3560 2463 preceptis
3587 2390 3704 2462 ejus

2116 2491 2394 2557 promisit,
2438 2491 2624 2544 dicens
2668 2505 2763 2560 per
2801 2490 3018 2560 Moysen
3063 2487 3298 2544 :Oinnia
3329 2501 3451 2557 quae.
3493 2488 3700 2540 locutus
3775 2484 3781 2487 ’

2107 2592 2196 2646 est
2219 2581 2380 2646 nobis
2423 2580 2676 2642 Dominus
2697 2622 2714 2648 ,
2743 2582 3035 2644 faciemus,
3069 2589 3123 2633 et
3151 2579 3351 2636 erimus
3387 2577 3709 2634 obedientes

2113 2671 2304 2741 (Exod.
2342 2673 2507 2741 xxrv).
2541 2672 2639 2738 Qui
2674 2672 2835 2726 etiam
2868 2669 3120 2739 gentilem
3151 2668 3406 2738 populum
3443 2667 3708 2736 sopplan-

2113 2765 2268 2836 tavit,
2303 2763 2438 2828 idola
2473 2763 2867 2824 contemnendo
2891 2749 3140 2834 iet-Delum
3172 2748 3423 2830 colendo.
3457 2759 3707 2815 Andreas

2111 2869 2271 2920 vero,
2304 2855 2389 2923 qui
2421 2855 2590 2908 virilis
2627 2853 2842 2919 dicitur,
2890 2862 2944 2908 et
2972 2853 3239 2916 Joannes,
3271 2855 3358 2922 qui
3391 2853 3562 2922 gratia
3605 2851 3702 2907 Dei

2103 2951 2518 3016 interpretatur,
2549 2945 2805 3017 gentilem
2833 2947 3083 3018 potiulttm
3110 2946 3413 3014 designant,
3444 2943 3533 3015 qui
3561 2953 3706 3013 post-

2109 3054 2268 3109 quam
2299 3038 2364 3094 ad
2393 3038 2546 3093 ﬁdem
2569 3039 2832 3108 pervenit,
2852 3038 2903 3092 in
2931 3039 3211 3107 praeceptis
3236 3037 3327 3091 Dei
3349 3035 3700 3090 viriliteram-

2112 3131 2294 3184 bulare
2326 3129 2524 3183 studuit
2553 3147 2564 3182 :
2595 3140 2645 3184 et
2675 3129 2928 3199 quidquid
2965 3130 3085 3182 boni
3113 3129 3241 3200 egit,
3273 3144 3378 3183 non
3403 3130 3514 3182 suis
3545 3128 3711 3182 meri-

2035 3209 2084 3272 C
2117 3219 2215 3286 tis,
2247 3221 2341 3275 sed
2387 3230 2554 3274 totum
2585 3221 2769 3288 gratia:
2809 3219 3099 3275 Salvatoris
3125 3219 3384 3273 attribuit.
3433 3219 3708 3273 Moraliter

2113 3326 2325 3380 quoque
2364 3321 2595 3379 quatuor
2625 3312 2841 3366 nomina
2873 3310 2974 3366 ista
3012 3311 3063 3364 in
3093 3325 3152 3365 se
3185 3312 3551 3380 unusquisque
3580 3311 3709 3364 ﬁde-

2113 3400 2240 3455 lium
2273 3401 2412 3456 valet
2439 3417 2857 3472 recognoscere,
2887 3403 2929 3457 si
2964 3402 3178 3456 illorum
3217 3403 3696 3472 interpretationes

2115 3494 2165 3547 in
2203 3507 2431 3562 quatuor
2469 3493 2848 3562 principalibus
2887 3493 3175 3550 virtutibus
3212 3493 3479 3550 studuerit
3514 3495 3704 3550 obser-

2117 3601 2264 3640 vare.
2308 3585 2404 3639 Est
2440 3585 2583 3640 enim
2625 3587 2989 3656 unusquisque
3030 3585 3203 3640 ﬁdelis
3249 3585 3437 3643 Simon
3489 3585 3700 3648 Petrus,

2115 3693 2237 3732 cum
2274 3694 2366 3746 per
2397 3679 2730 3746 prudentiam
2763 3679 3004 3749 agnoscit
3030 3671 3242 3760 propria
3263 3687 3501 3746 peccata,
3524 3688 3596 3744 et,
3615 3679 3697 3731 his

2116 3771 2329 3836 deletis,
2358 3773 2621 3828 mandatis
2645 3773 2838 3827 divinis
2863 3772 3056 3828 fortem
3081 3774 3298 3829 exhibet
3318 3775 3699 3829 obedientiam.

2117 3865 2206 3918 Est
2240 3864 2516 3931 Andreas,
2551 3882 2672 3920 cum
2711 3857 2941 3922 viriliter
2981 3883 3075 3936 per
3107 3868 3511 3937 temperantiam
3542 3866 3707 3920 susti-

2116 3965 2205 4009 net
2238 3957 2557 4011 tentationcs
2599 3956 2698 4011 sibi
2744 3957 2937 4012 illatas.
2969 3959 3199 4014 Jacobus
3236 3974 3449 4028 quoque
3478 3975 3582 4011 non
3612 3958 3698 4012 in-

2115 4045 2292 4101 debite
2322 4047 2537 4112 dicitur,
2580 4051 2620 4102 si
2666 4063 2761 4119 per
2797 4050 3157 4105 fortitudinem
3201 4052 3324 4106 vitia
3359 4051 3706 4121 supplantare

2117 4140 2386 4208 probatur.
2425 4142 2816 4198 Convenienter
2845 4144 3004 4198 etiam
3045 4145 3278 4200 Joannes
3311 4147 3580 4201 noininari
3613 4164 3704 4213 po-

2117 4241 2256 4298 test,
2284 4238 2326 4290 si
2362 4251 2453 4304 per
2477 4236 2734 4305 justitiam
2779 4240 3023 4292 mandata
3067 4239 3333 4294 Creatoris
3374 4240 3701 4307 adimpleus,

2117 4324 2189 4377 nil
2221 4326 2318 4379 sibi
2351 4325 2602 4396 deputat,
2635 4330 2726 4382 sed
2759 4341 2944 4384 cuneta
2981 4332 3238 4384 bonorum
3270 4332 3506 4384 omnium
3542 4331 3706 4398 largi-

2119 4417 2219 4470 tori
2263 4418 2516 4494 assignat.
2567 4419 2818 4488 Quisquis
2859 4437 2986 4488 ergo
3033 4421 3100 4475 ad
3154 4423 3375 4489 patriam
3425 4423 3705 4477 caslestem

2122 4511 2302 4564 venire
2332 4511 2632 4573 desiderat,
2671 4514 2881 4566 studeat
2933 4529 3149 4568 necesse
3189 4524 3272 4568 est
3319 4529 3440 4578 cum
3487 4514 3707 4567 Simone

2045 4575 2310 4666 l)l‘etro,
2363 4603 2450 4671 qui
2501 4603 2878 4672 interpretatur
2919 4619 3216 4672 agnoscens
3263 4606 3375 4658 sive
3421 4604 3705 4672 obediens,

2118 4695 2393 4762 praeceptis
2435 4695 2655 4749 obedire
2701 4695 2925 4762 divinis,
2971 4706 3024 4750 et
3065 4697 3276 4765 pr0pria
3314 4713 3709 4766 reCognoscere

2119 4794 2353 4852 peccata,
2391 4786 2576 4839 dicens
2605 4801 2722 4839 cum
2769 4788 3023 4856 propheta
3058 4806 3070 4839 :
3108 4787 3364 4854 Quoniam
3389 4789 3708 4856 iniquitatem

2119 4889 2282 4927 meam
2315 4891 2404 4946 ego
2442 4892 2692 4943 cognosco
2733 4875 2910 4946 (Paul.
2944 4875 3027 4949 ι).
3058 4879 3218 4932 Curet
3247 4879 3406 4932 etiam
3441 4895 3564 4932 cum
3596 4879 3708 4932 An-

2120 4963 2244 5018 drea
2279 4967 2414 5019 virili
2449 4965 2830 5023 tentationibus
2856 4968 3054 5022 diaboli
3087 4970 3314 5024 viriliter
3342 4971 3621 5036 resiSIere,
3653 4982 3710 5026 et

2117 5055 2233 5114 eum
2263 5061 2465 5116 Jacobo
2497 5063 2900 5131 supplantatore
2923 5065 3068 5118 omni
3094 5063 3402 5118 fortitudine
3429 5065 3558 5118 vitia
3585 5081 3708 5134 sup-

2120 5153 2378 5219 plantare.
2411 5153 2629 5220 Satagat
2673 5168 2882 5230 quoque
2924 5155 2991 5209 de
3022 5155 3174 5224 bonis
3207 5158 3318 5210 suis
3345 5157 3575 5220 actibus,
3609 5159 3707 5210 bo-

2119 5259 2308 5296 norum
2361 5245 2600 5298 omnium
2655 5244 2896 5318 "largitori
2949 5247 3187 5318 actiones
3242 5246 3531 5314 gratiarum
3585 5261 3710 5300 cum

2118 5333 2354 5402 Joanne,
2385 5336 2473 5404 qui
2513 5337 2896 5404 interpretatur
2926 5341 3094 5406 gratia
3133 5338 3220 5392 llei
3241 5379 3257 5406 ,
3291 5339 3624 5408 rependere,
3652 5349 3714 5392 ut.

2125 5425 2319 5479 bonum
2351 5425 2492 5510 quod
2524 5425 2630 5495 agit
2660 5441 2764 5480 non
2795 5427 3024 5504 sibi,sed
3060 5429 3187 5496 Deo,
3207 5446 3304 5496 per
3333 5433 3511 5484 omnia
3543 5433 3711 5506 depu-

2125 5525 2278 5580 tans,
2321 5513 2388 5568 ab
2424 5515 2540 5584 ipso
2586 5517 2638 5570 iu
2688 5518 2863 5572 futuro
2908 5523 3240 5576 remunerari
3277 5515 3571 5588 mereatur,
3617 5523 3712 5591 qui

2124 5610 2251 5662 vivit
2288 5616 2340 5661 et
2383 5619 2567 5677 regnat
2613 5609 2664 5661 in
2708 5609 2908 5663 unitate
2942 5609 3170 5678 Spiritus
3208 5614 3378 5667 sancti
3407 5613 3584 5678 Deus,
3615 5627 3714 5680 per

2123 5702 2296 5754 omnia
2326 5699 2520 5753 smcula
2549 5701 2895 5754 saeculorum.
2927 5701 3118 5757 Amen.
3365 5683 3368 5685 ’

2195 5797 2269 5851 De
2292 5803 2479 5850 sancto
2499 5792 2739 5866 Nicolao,
2763 5810 2943 5868 quaere
2970 5795 3026 5852 in
3041 5795 3346 5853 Communi.
