4096 6346
357 330 488 388 “6|

1357 315 1826 374 HOHILIARIUS.
1867 345 1934 358 —
1975 313 2138 371 nou.
2177 311 2267 367 oe
2299 268 2614 369 sanans.

3476 303 3615 361 M69.

425 445 884 514 DeConeeptione
907 444 1078 498 beata:
1105 441 1305 506 Mariae,
1345 451 1525 508 quaere
1559 435 1616 491 in
1653 435 1931 489 nativitate
1965 435 2012 494 Α
2036 431 2254 486 ditatem
2287 428 2460 482 attulit
2485 469 2498 490 ,
2545 424 2904 514 virginitatem
2948 437 3052 476 non
3097 415 3338 476 abstulit.
3390 419 3614 474 Simeon

355 543 719 690 ﬁlicis-icto
748 628 950 682 Thoma
981 627 1245 697 apostolo,
1275 637 1453 692 qum
1477 623 1532 677 in
1560 620 1865 676 Communi.

427 726 506 781 De
531 731 718 780 secieto
747 719 1002 786 Antonio,
1033 731 1216 787 quaere
1245 717 1296 770 in
1327 713 1617 770 communi.

967 827 1240 886 HOM'ILIA
1279 828 1352 883 V.‘

739 944 790 982 IN
829 943 1018 981 ΝΑτΑιι
1058 939 1272 980 ΞΑΝϐτίΕ
1311 935 1562 978 ΑΕΙΙΕΤΙΒ.

657 1017 756 1088 (Ex
784 1013 922 1086 Opp.
957 1017 1093 1070 beati
1125 1015 1341 1067 Maximi
1373 1010 1656 1080 episcopi.)

429 1116 560 1170 Cum
601 1115 652 1167 in
694 1124 804 1166 toto
844 1112 1040 1164 mundo
1077 1111 1342 1178 virgineus
1380 1107 1476 1159 llos
1515 1105 1688 1159 Maria:
1720 1102 1938 1156 immar-

360 1205 638 1262 cescihiles
682 1215 912 1256 coronas
949 1205 1218 1265 innectat,
1259 1207 1363 1251 etc.
1404 1195 1620 1264 Reliqua
1663 1197 1772 1246 vide
1809 1194 1941 1246 inter

363 1299 529 1367 Opera
551 1297 714 1350 sam-ti
739 1292 974 1354 Maximi,
997 1290 1306 1360 Putrologim
1327 1300 1460 1342 tumo
1487 1285 1672 1354 LVII,
1692 1288 1796 1339 col.
1814 1283 1940 1340 645.

435 1387 581 1452 (Post
609 1385 976 1452 verbn,gaudia
998 1399 1099 1436 non
1126 1382 1512 1452 neganda,quw
1537 1381 1590 1432 in
1619 1379 1742 1431 edit.
1772 1378 1937 1430 sancti

367 1479 580 1534 Maximi
602 1494 882 1532 sermonem
905 1477 1234 1542 concludunt,
1255 1478 1466 1529 additur
1486 1476 1539 1528 in
1569 1472 1612 1525 Ii
1624 1469 1935 1542 omiliario):

363 1571 554 1636 Itaque
584 1587 614 1625 ο
644 1571 917 1636 Splendida
948 1569 1182 1636 Christo,
1217 1580 1268 1623 et
1301 1569 1518 1637 pulchra
1549 1566 1640 1620 Dei
1676 1564 1834 1629 Filio,
1888 1574 1942 1618 et

366 1663 612 1714 omnibus
641 1661 843 1731 angelis
871 1671 923 1714 et
949 1660 1281 1730 archangelis
1310 1668 1480 1730 grata,
1535 1668 1592 1712 ut
1624 1659 1787 1711 nostri
1822 1671 1938 1711 me-

370 1751 585 1804 minisse
614 1752 871 1819 digneris,
897 1752 1091 1818 quibus
1139 1767 1420 1818 possumus
1468 1749 1710 1818 precibus
1743 1765 1934 1803 exora-

370 1859 505 1907 mus,
541 1849 597 1894 ut
629 1842 781 1895 nobis
821 1842 912 1895 ille
946 1842 1142 1895 tribuat
1182 1851 1518 1909 peccatorum
1554 1841 1936 1909 indulgentiam

366 1933 453 2002 qui
479 1933 575 1986 tibi
605 1943 818 1986 tuorum
851 1936 1088 1987 omnium
1135 1934 1374 1988 laborum
1425 1933 1645 1988 tradidit
1689 1933 1941 2004 palmam,

361 2023 448 2093 qui
478 2035 660 2094 regnat
687 2037 808 2078 cum
839 2024 1016 2086 Patre,
1042 2035 1151 2078 etc.

955 2115 1232 2169 HOMILIA
1277 2115 1358 2169 V'l.

681 2221 734 2262 Ιι
785 2221 1147 2262 ῦΟΝνΕΙΙΞΙΟΝΕ
1206 2222 1389 2261 ΒᾹΝΕΤΙ
1446 2221 1622 2262 PAULI.

755 2299 856 2369 (Ex
885 2299 1020 2369 Opp.
1054 2302 1192 2356 beati
1226 2300 1554 2370 Augustini.)

427 2389 622 2453 Hodie,
641 2390 995 2459 dilectissimi,
1015 2395 1169 2446 nobis
1198 2393 1354 2446 lcetio
1387 2393 1451 2446 de
1480 2391 1696 2446 Artibus
1727 2400 1944 2459 aposto-

361 2483 555 2550 lorum,
587 2495 692 2540 etc.
746 2485 961 2556 Reliqua
993 2488 1101 2540 ride
1141 2489 1282 2554 apud
1313 2499 1546 2540 sanctum
1580 2489 1944 2560 Augustinum,

365 2573 593 2644 Operam
616 2581 723 2649 ejus
743 2588 879 2632 tomo
905 2579 966 2645 V,
991 2575 1303 2652 Patrologiw
1324 2580 1479 2634 XXX
1497 2580 1663 2650 VIII,
1687 2583 1785 2636 col.
1809 2579 1948 2636 19.68

363 2675 412 2721 et
439 2665 599 2724 1275.

944 2742 1225 2796 HOMILIA
1264 2741 1371 2797 Vll.

844 2850 922 2888 DE
967 2850 1193 2890 EODEM
1243 2849 1475 2889 FESTO.

369 2925 469 2998 (Ex
485 2925 946 2998 beatiHieronymi
972 2928 1377 3068 inl'lvalnlgeliut?
1418 2926 1650 2981 Matthxi
1681 2935 1946 2982 commen-

953 3009 1108 3064 tarto,
1159 3017 1227 3052 ι).
1257 3015 1338 3058 ιιι.

953 3009 1108 3064 tario,
1139 3009 1227 3052 lib.
1257 3015 1338 3058 ιιι.

443 3091 506 3148 In
545 3090 639 3145 iilo
683 3099 904 3162 tempore
927 3093 1235 3158 respondens
1269 3091 1448 3146 Simon
1481 3090 1684 3157 Petrus,
1718 3092 1849 3144 dixit
1875 3094 1943 3146 ad

366 3183 545 3238 Iesum
563 3201 582 3239 :
607 3185 736 3244 Ecce
761 3203 852 3240 nos
883 3186 1179 3254 reliquimus
1201 3187 1393 3253 omnia,
1419 3195 1465 3239 et
1491 3186 1652 3242 secuti
1671 3203 1847 3240 sumus
1871 3196 1935 3242 te.

370 3278 504 3344 Quid
533 3295 654 3351 ergo
679 3280 774 3332 erit
803 3278 988 3336 nobis?
1015 3294 1118 3336 etc.
1147 3277 1364 3344 (Matth.
1400 3277 1530 3348 XII).

436 3372 665 3430 Grandis
693 3372 907 3440 litincia,
943 3371 1130 3426 Petrus
1163 3373 1395 3438 piscator
1421 3380 1562 3434 erat,
1587 3379 1692 3426 etc.
1729 3371 1945 3441 Reliqua

363 3470 472 3521 vide
520 3465 658 3534 apud
699 3478 930 3522 sanctum
965 3462 1355 3534 Hieronymum,
1391 3462 1616 3534 Operm
1655 3465 1768 3534 ejus
1807 3473 1944 3519 tomo

374 3556 504 3626 νιι,
536 3555 849 3628 Pntrologiw
871 3553 1087 3622 XXVI,
1121 3557 1219 3614 col.
1258 3554 1378 3611 138.

921 3670 1150 3724 HOMILI
1163 3671 1201 3722 Α
1241 3669 1373 3723 VIII.

661 3757 712 3796 IN
749 3755 1150 3800 Ρυῐιιειοιτιυιιιε
1188 3754 1403 3796 SANCTE
1439 3755 1641 3794 ΜΛΒΙᾹΞ.

440 3833 736 3888 Hodiernus
767 3832 903 3898 dies,
938 3833 1129 3890 fratres
1154 3833 1482 3896 chariss‘iun’,
1511 3847 1758 3900 magnum
1785 3833 1946 3888 nobis

365 3925 593 3982 contulit
618 3923 907 3994 gaudium,
949 3921 1003 3976 in
1030 3936 1139 3990 quo
1169 3920 1412 3976 Chrisms
1443 3920 1618 3978 infans
1653 3925 1703 3976 in
1745 3925 1946 3991 templo

366 4031 447 4075 est
491 4027 862 4086 praesentatns.
915 4016 1198 4078 Exsultent
1239 4017 1503 4086 virgines,
1546 4018 1693 4086 virgo
1741 4020 1949 4088 peperit

373 4112 662 4168 Christum.
713 4110 854 4165 Nihil
885 4111 939 4170 in
969 4126 1032 4170 ea
1061 4110 1204 4180 quod
1236 4120 1497 4164 voverunt
1545 4119 1729 4178 putent
1771 4121 1948 4166 exter-

371 4208 674 4278 minatum,
728 4208 924 4262 mansit
980 4206 1126 4274 virgo
1181 4212 1304 4272 post
1363 4216 1594 4273 partum.
1661 4207 1946 4264 Exsultent

369 4299 580 4364 viduae,
630 4297 886 4354 infantem
935 4294 1206 4358 ChriStum
1261 4297 1418 4352 vidua
1470 4301 1621 4354 Anna
1673 4301 1948 4369 cogitavit.

368 4387 648 4444 Exsultent
671 4385 988 4458 conjugataa,
1022 4389 1344 4444 nasciturum
1369 4389 1637 4444 Christum
1667 4391 1947 4446 Dominum

2043 523 2130 577 ille
2173 536 2340 577 senex
2389 519 2477 573 diu
2523 519 2768 580 vixerat,
2821 513 2973 583 cujus
3015 523 3148 568 actas
3189 520 3493 582 comparata
3535 524 3620 566 εει

2043 619 2231 680 Annae,
2263 625 2318 668 et
2358 610 2601 666 audierat
2641 623 2956 678 responsum
2985 606 3126 676 quod
3160 621 3262 658 non
3295 613 3440 660 esset
3467 604 3619 660 visu-

2040 723 2132 764 rus
2183 714 2408 760 mortem
2435 745 2448 769 ,
2502 702 2601 757 nisi
2653 703 2796 770 prius
2841 699 3046 754 videret
3077 695 3347 752 Christum
3383 695 3614 752 Domini.

2041 798 2352 867 lntelligite,
2409 794 2621 859 fratres,
2671 799 2924 863 quantum
2977 789 3300 844 desiderium
3351 787 3620 844 habebant

2042 892 2242 960 antiqui
2298 889 2466 942 sancti
2519 885 2731 940 videndi
2781 882 3077 938 Christum.
3145 881 3400 937 Sciebant
3445 896 3618 951 Ipsum

2041 995 2159 1035 esse
2185 989 2491 1043 venturum,
2521 987 2575 1032 et
2599 992 2784 1030 omnes
2810 975 2898 1044 qui
2929 976 3012 1044 pie
3036 974 3308 1038 vivebant,
3333 974 3580 1028 dicebant
3605 989 3620 1027 :

2041 1072 2087 1126 0
2117 1072 2159 1124 si
2187 1070 2278 1124 hic
2309 1087 2392 1123 me
2427 1070 2660 1124 inveniat
2701 1069 2785 1121 illa
2819 1067 3106 1122 nativitas!
3142 1067 3184 1121 Ο
3214 1069 3254 1121 si
3285 1067 3425 1136 quod
3458 1065 3622 1122 credo

2041 1164 2096 1216 in
2125 1163 2410 1227 SCt'iplll"iS
2437 1160 2773 1225 Dei,v'=de:im
2805 1160 2973 1213 oculis
3005 1159 3166 1214 meis!
3201 1161 3262 1212 l'lt
3285 1168 3340 1214 ut
3363 1159 3622 1214 noveritis

2043 1263 2294 1322 quantum
2327 1252 2649 1306 desiderium
2681 1253 2945 1306 habebant
2968 1253 3136 1306 sancti
3160 1254 3248 1320 qui
3275 1259 3536 1308 noverant
3556 1251 3623 1306 de

2043 1345 2328 1414 Scriptnris
2356 1341 2625 1412 Virginem
2677 1345 2997 1410 parituram,
3048 1343 3186 1397 sicut
3230 1343 3453 1397 audistis
3496 1357 3622 1397 cum

2041 1437 2203 1492 Isaias
2227 1437 2515 1505 legeretur,
2549 1434 2677 1488 Ecce
2708 1437 2844 1506 rirgo
2873 1435 2923 1488 in
2953 1444 3096 1488 utero
3121 1434 3366 1504 concipiet
3393 1444 3440 1488 et
3465 1435 3628 1506 pariet

2043 1529 2230 1596 ﬁlium,
2270 1536 2313 1580 et
2351 1528 2610 1581 vocabitur
2639 1544 2824 1580 nomen
2854 1528 2965 1598 ejus
2997 1526 3300 1581 Emmanuel
3323 1524 3476 1599 (Isai.
3502 1527 3624 1600 vn).

2045 1617 2359 1671 Emmanuel
2402 1617 2525 1685 quid
2571 1619 2641 1670 sit
2681 1618 3034 1686 Evangelium
3080 1619 3235 1674 nobis
3265 1620 3496 1686 aperuit,
3545 1617 3627 1672 di-

2043 1723 2210 1763 cens:
2238 1707 2390 1773 Quod
2421 1710 2802 1776 interpretatur,
2840 1709 3114 1762 Nobiscum
3150 1709 3281 1764 Deus
3312 1697 3526 1780 (Matth.
3559 1710 3622 1778 I).

1968 1802 2015 1864 B
2046 1799 2160 1853 Non
2212 1799 2302 1854 tibi
2351 1813 2479 1869 ergo
2527 1798 2596 1852 sit
2644 1800 2981 1867 incredibile,
3015 1817 3345 1871 quascunque
3394 1802 3626 1856 infidelis

2047 1893 2222 1947 anima
2243 1935 2256 1958 ,
2305 1909 2408 1947 non
2457 1894 2546 1946 tibi
2579 1894 2821 1948 videatur
2850 1894 3180 1964 impossibile
3203 1937 3218 1961 ,
3269 1906 3322 1948 ut
3351 1896 3498 1964 virgo
3531 1910 3625 1963 pa-

2047 1994 2210 2048 reret,
2243 1997 2296 2038 et
2325 1987 2471 2054 virgo
2499 1986 2714 2055 pariens
2749 1994 3088 2053 permaneret
3160 1984 3397 2056 Intelligo
3445 1994 3623 2039 natum

2044 2074 2247 2140 Deum,
2293 2087 2344 2129 ct
2389 2092 2492 2130 non
2540 2076 2820 2130 miraberis
2851 2077 3071 2144 virginis
3119 2085 3342 2143 partum.
3391 2075 3459 2132 Ut
3499 2090 3627 2145 ergo

2045 2169 2302 2222 noveritis
2342 2167 2590 2238 antiquos
2633 2178 2849 2222 sanctos
2891 2177 2945 2222 et
2985 2169 3154 2237 iustos
3181 2169 3513 2223 desidvrasse
3542 2169 3624 2221 vi-

2045 2257 2173 2312 dere
2195 2258 2334 2327 quod
2357 2272 2672 2312 cont-essum
2698 2269 2780 2312 est
2803 2259 2924 2312 huic
2945 2255 3059 2312 seni
3081 2259 3343 2324 Simeoni,
3370 2257 3626 2312 Dominus

2048 2359 2230 2404 noster
2259 2350 2411 2404 Jesus
2451 2349 2696 2404 Christus
2742 2349 2808 2402 ad
2855 2350 3147 2418 discipulos
3195 2351 3458 2419 loquens,
3510 2351 3624 2404 ait:

2049 2442 2204 2517 diuiti
2233 2445 2369 2515 justi
2408 2454 2455 2496 et
2496 2446 2757 2514 praphetw
2795 2445 3060 2497 voluerunt
3099 2445 3268 2498 videre
3297 2460 3410 2513 qua:
3439 2461 3524 2498 vos
3551 2445 3626 2496 vi-

2048 2536 2197 2601 detis,
2231 2543 2276 2588 et
2306 2552 2404 2588 non
2434 2537 2704 2600 viderunt;
2754 2547 2799 2589 et
2845 2537 3027 2589 audire
3059 2551 3171 2604 qua:
3201 2551 3288 2589 vos
3315 2536 3536 2602 auditis,
3581 2545 3629 2588 et

2048 2644 2150 2680 non
2184 2630 2476 2681 audierunt.
2532 2627 2758 2681 Multum
2803 2642 2966 2683 senex
3018 2628 3120 2683 iste
3163 2629 3380 2682 Simeon
3425 2626 3521 2679 fuit
3563 2626 3628 2680 ad

2043 2720 2370 2775 audiendam
2413 2734 2590 2786 serus,
2643 2719 2736 2774 sed
2784 2721 2847 2772 ad
2887 2721 3171 2774 videndum
3201 2730 3463 2774 maturus.
3516 2718 3628 2772 Non

2041 2820 2373 2887 exspectavit
2397 2831 2456 2873 ut
2475 2802 2753 2874 Christum
2781 2820 2995 2872 audiret
3020 2819 3348 2886 loquentem,
3374 2816 3623 2886 quoniam

2046 2911 2177 2964 vidit
2209 2911 2487 2978 infantem.
2547 2913 2612 2966 Et
2657 2912 2760 2965 hnc
2805 2911 2880 2964 illi
2931 2921 3133 2964 tantum
3167 2919 3479 2964 Concessum
3513 2923 3630 2964 erat

2042 2999 2152 3070 jam
2186 3003 2482 3068 decrepito,
2514 3000 2666 3069 quasi
2699 3001 3022 3055 desideranti
3054 3012 3105 3056 et
3135 3003 3440 3070 suspiranti,
3474 3011 3523 3054 et
3550 3002 3633 3055 di-

2047 3092 2187 3145 centi
2219 3093 2455 3160 quotidie
2499 3093 2552 3147 in
2581 3092 2916 3147 orationibus
2959 3094 3109 3145 suis:
3150 3091 3374 3158 Quando
3413 3091 3634 3144 veniet?

2049 3187 2271 3253 Quando
2319 3188 2608 3241 nascetur?
2661 3189 2820 3241 Putas
2867 3187 3108 3240 videbo?
3161 3186 3320 3242 Putas
3370 3188 3625 3241 durabo?

2051 3277 2212 3332 Putas
2243 3292 2330 3331 me
2361 3277 2445 3330 hic
2474 3277 2706 3332 inveniat
2742 3276 2825 3331 illa
2861 3277 3153 3331 nativitas?
3187 3278 3349 3332 Putas
3377 3279 3462 3332 isti
3491 3277 3630 3329 octili

2052 3368 2357 3432 videbunt,
2414 3383 2510 3434 per
2563 3381 2722 3438 quem
2775 3369 2955 3424 cordis
3007 3370 3144 3423 oculi
3209 3369 3633 3424 revelabuntur?

2051 3459 2268 3516 Dicebat
2301 3459 2398 3512 ista
2431 3460 2482 3512 in
2513 3460 2850 3515 orationibus
2877 3460 3009 3528 suis,
3036 3469 3090 3515 et
3119 3474 3214 3529 pro
3241 3461 3506 3516 desiderio
3535 3476 3631 3514 suo

2047 3552 2254 3618 accepit
2285 3564 2598 3618 responsum
2621 3591 2636 3617 ,
2681 3552 2824 3620 quod
2861 3567 2964 3606 non
3007 3562 3243 3621 gustaret
3273 3565 3496 3607 mortem
3532 3555 3628 3608 nisi

2050 3643 2196 3708 prius
2224 3642 2424 3696 videret
2453 3643 2723 3696 Christum
2757 3644 2986 3698 Domini.
3035 3641 3288 3699 Gestabat
3318 3660 3440 3699 eum
3469 3645 3630 3699 Maria

2051 3748 2222 3791 mater
2249 3737 2368 3807 ejus
2411 3738 2691 3807 infantem,
2725 3739 2859 3793 vidit
2896 3741 2986 3794 ille
3015 3752 3070 3795 et
3098 3745 3332 3812 agnovit.
3389 3741 3489 3798 Ubi
3531 3759 3629 3796 no-

2049 3840 2199 3882 verat
2225 3829 2365 3897 quod
2391 3830 2645 3898 agnovit?
2675 3825 2924 3884 Intus‘est
2950 3831 3240 3896 revelatus,
3264 3835 3353 3902 qui
3385 3833 3519 3889 foris
3545 3843 3630 3889 est

2051 3931 2229 3989 natus,
2273 3920 2407 3973 vidit
2453 3930 2507 3976 et
2555 3922 2791 3990 agnovit.
2853 3923 3078 3990 Agn0vit
3120 3923 3334 3978 Simeon
3372 3925 3627 3980 infantem

2049 4012 2357 4082 iacentem,
2408 4022 2462 4066 et
2507 4013 2820 4066 ceciderunt
2865 4012 3031 4066 Judaei
3077 4013 3326 4082 juvenem
3375 4016 3629 4068 miracula

2049 4100 2353 4157 facientem.
2402 4101 2534 4157 Cum
2581 4119 2709 4172 ergo
2753 4104 3112 4171 cognovisset,
3158 4108 3368 4176 accepit
3411 4121 3532 4160 eum
3577 4107 3629 4161 in

2054 4195 2206 4250 ulnas
2231 4211 2376 4262 suas,
2411 4196 2514 4251 hoc
2542 4203 2648 4262 est,
2683 4200 2733 4250 in
2769 4199 2979 4251 brachia
3013 4214 3126 4261 sua,
3159 4207 3213 4252 et
3239 4201 3520 4268 amplexus
3552 4210 3636 4254 est

2055 4303 2220 4354 cum,
2271 4288 2517 4356 portabat
2567 4304 2594 4340 a
2646 4305 2751 4355 quo
2803 4292 3136 4356 portabatur.
3195 4292 3311 4358 ipse
3361 4292 3503 4345 enim
3557 4301 3640 4347 est

2053 4379 2299 4434 Christus
2347 4381 2610 4448 sapientia
2661 4381 2787 4445 Dei,
2839 4384 3094 4450 attingens
3141 4400 3171 4434 a
3219 4383 3320 4451 fine
3366 4399 3523 4454 usque
3570 4386 3636 4436 ad

370 4479 838 4549 Elizabethgnnpta
873 4481 1230 4550 propheiavit.
1281 4482 1468 4538 Nullus
1495 4483 1691 4552 g‘mdus
1726 4492 1947 4551 ρι-ωιειι-
1975 4506 2027 4570 Β
2056 4473 2210 4538 ﬁnem
2243 4475 2459 4541 fortiter,
2492 4480 2538 4524 et
2564 4473 2839 4541 dis-ponens
2868 4476 3038 4526 omnia
3063 4475 3284 4528 suaviter
3310 4475 3464 4544 (Sap.
3491 4480 3630 4545 VIII).

369 4573 564 4629 missus
593 4582 714 4644 est,
759 4574 827 4634 de
857 4589 962 4644 quo
999 4590 1102 4628 non
1133 4575 1354 4630 haberet
1397 4579 1764 4631 testimonium
1807 4579 1951 4632 salus

369 4667 627 4730 omnium.
680 4665 926 4736 Nunquid
971 4667 1114 4728 enim
1147 4668 1277 4724 solae
1303 4669 1539 4736 virgines
1583 4669 1649 4723 ad
1692 4670 1948 4724 caelorum

369 4773 528 4827 regna
559 4758 924 4830 perveniunt?
959 4759 1282 4814 Perveniunt
1311 4772 1363 4813 et
1394 4760 1586 4814 viduae.
1635 4761 1806 4829 Magni
1840 4778 1953 4814 ine-
2007 4830 2012 4835 '

370 4851 452 4904 riti
500 4847 596 4906 fuit
633 4848 718 4916 illa
750 4849 909 4904 vidua
939 4858 1120 4904 sancta
1155 4849 1331 4904 Anna.
1383 4852 1424 4904 A
1458 4851 1761 4920 virginitate
1806 4854 1947 4907 enim

369 4959 462 4998 sua
493 4951 700 5014 septem
731 4943 885 4997 annis
917 4943 1120 4998 vixerat
1145 4960 1268 4998 cum
1300 4944 1417 4998 viro
1447 4961 1565 5000 suo.
1615 4949 1732 5012 Quo
1759 4943 1951 5000 defuna

372 5043 478 5099 uto,
510 5047 676 5104 usque
715 5035 779 5092 ad
823 5033 1044 5088 senilem
1075 5045 1286 5089 aetatem
1319 5047 1640 5105 pervenerat
1669 5049 1950 5092 senectute

371 5135 574 5181 sant-ta.
625 5126 906 5196 Octoginta
939 5140 1166 5192 namque
1191 5141 1390 5194 gerens
1421 5142 1623 5191 annos,
1673 5129 1952 5183 infantiam

373 5219 714 5286 exapectabat
745 5216 1058 5281 Salvatoris,
1111 5226 1165 5282 ut
1207 5231 1429 5285 parvum
1463 5217 1668 5269 videret
1713 5231 1913 5271 annosa
1939 5258 1954 5283 ,

375 5327 593 5382 parvum
624 5317 978 5382 cognosceret
1011 5307 1250 5375 anicula,
1285 5307 1574 5362 intrantem
1609 5307 1660 5360 in
1696 5310 1954 5362 rutundum

377 5403 709 5460 Salvatorem
741 5402 944 5458 videret
974 5404 1131 5456 itura.
1183 5398 1247 5453 Et
1275 5399 1326 5453 in
1361 5399 1659 5456 masculino
1687 5414 1822 5453 sexu
1851 5401 1954 5452 tria

378 5501 490 5570 ipsa
513 5514 707 5570 genera
729 5496 1098 5553 commendata
1121 5503 1275 5550 sunt.-
1292 5494 1408 5563 Ipso
1436 5493 1688 5550 Dominus
1709 5495 1955 5550 Christus

378 5601 531 5646 natus
581 5605 713 5660 puer
762 5597 844 5643 est
893 5589 944 5639 in
1001 5588 1200 5655 templo
1252 5593 1645 5654 prmsentatus,
1686 5586 1955 5640 exsultent

377 5684 551 5751 pueri,
577 5680 959 5738 continentiam
990 5687 1245 5732 voventes
1279 5692 1466 5746 puero.
1513 5676 1628 5743 Ipse
1660 5692 1787 5730 vero
1818 5679 1951 5732 inte~

375 5777 622 5847 gritatem
651 5773 894 5845 pueritiae
920 5770 1274 5838 consecravit,
1303 5771 1392 5838 qui
1426 5783 1538 5824 sua!
1571 5768 1728 5825 matri
1755 5768 1949 5825 fecun-

2054 4567 2298 4631 Qnantus
2328 4565 2398 4620 ibi
2433 4577 2550 4621 erat
2579 4583 2629 4621 et
2659 4583 2814 4636 quam
2858 4583 3103 4638 magnus,
3146 4581 3197 4624 et
3242 4585 3400 4640 quam
3445 4587 3636 4637 parvus

2053 4659 2228 4713 fuerat
2257 4659 2446 4714 factus.
2483 4659 2692 4714 Parvus
2725 4661 2922 4724 factus,
2951 4671 3146 4729 parvos
3175 4665 3463 4730 quaerebat.
3499 4664 3633 4730 Quid

2053 4761 2135 4802 est
2170 4766 2358 4817 parvos
2391 4751 2707 4818 quwrebat‘?
2758 4751 2871 4805 Non
2917 4753 3172 4818 superbos
3212 4762 3266 4806 et
3303 4755 3501 4818 elatos,
3543 4756 3635 4807 sed

2059 4846 2283 4900 Immites
2311 4855 2366 4901 et
2391 4847 2556 4901 mites
2586 4848 2881 4914 quaerebat.
2931 4848 2986 4899 ln
3025 4847 3250 4915 prmsepi
3278 4847 3523 4916 dignatus
3555 4858 3640 4902 est

2059 4942 2208 5008 poni,
2244 4952 2300 4994 ut
2329 4951 2476 4996 esset
2507 4941 2714 5009 piorum
2745 4941 2943 4995 cibaria
2979 4941 3366 5008 jumentomm.
3419 4941 3637 5010 Accepit

2057 5039 2185 5101 ergo
2232 5047 2351 5086 eum
2401 5034 2616 5086 Simeoa
2661 5033 2714 5085 in
2758 5031 2970 5086 brachia
3002 5049 3095 5086 sua
3124 5075 3136 5094 ,
3184 5045 3234 5084 et
3267 5035 3435 5088 dixit:
3483 5033 3637 5087 Nunc

2059 5124 2290 5188 dimittis,
2333 5123 2566 5187 Domine,
2600 5139 2794 5175 servum
2826 5133 2965 5174 tuum
3001 5125 3051 5175 in
3084 5139 3206 5189 pace
3233 5124 3378 5195 (Luc.
3415 5123 3496 5195 Il).
3542 5125 3635 5179 Di-

2059 5218 2214 5268 mittit
2239 5217 2290 5266 in
2321 5232 2465 5282 pace,
2493 5217 2614 5283 quia
2647 5215 2798 5266 video
2825 5230 3032 5282 pacem.
3067 5215 3240 5281 Quare
3266 5231 3392 5286 ergo
3417 5217 3638 5274 dimittis

2062 5309 2114 5359 in
2141 5307 2306 5374 pace?
2333 5307 2464 5370 Quia
2483 5307 2712 5357 viderunt
2736 5305 2868 5357 oculi
2891 5306 2989 5358 mei
3009 5307 3234 5359 salutare
3257 5317 3400 5359 tuum
3419 5306 3632 5378 (lbid.).

2061 5398 2309 5455 Salutare
2342 5399 2428 5451 Det
2458 5398 2699 5450 Christus
2731 5397 3002 5452 Dominus.
3053 5397 3372 5452 Annnntiate
3400 5401 3538 5454 diem
3568 5416 3632 5456 ex

2059 5491 2168 5553 die,
2201 5491 2436 5545 salutare
2465 5489 2602 5558 ejus.
2640 5490 2856 5543 llahetis
2887 5505 3017 5559 ergo
3049 5493 3190 5556 pueri
3229 5507 3448 5560 puerum
3478 5493 3636 5548 Chri-

2061 5595 2222 5647 stum,
2243 5581 2412 5639 sancti
2443 5597 2600 5636 senes
2629 5598 2812 5636 senem
2841 5583 3172 5637 Simeonem.
3203 5581 3259 5638 Si
3291 5595 3462 5639 autem
3490 5557 3680 5655 quieo:

2062 5678 2194 5735 ritis,
2225 5687 2278 5730 ut
2300 5677 2366 5731 de
2393 5677 2685 5744 troiijngatis
2715 5677 2906 5746 aliquis
2929 5679 3008 5730 vir
3030 5679 3386 5731 testimonium
3424 5677 3637 5735 Domini

2063 5771 2361 5838 perlnbeat,
2394 5771 2702 5826 Zachariam
2734 5771 3088 5834 considerate.
3136 5769 3300 5829 Nemo
3327 5787 3454 5831 ervo
3483 5789 3632 5829 oute-
