4096 6346
438 240 573 297 1463

1283 234 1485 296 ρΑυυ
1523 220 1794 295 ῡιΑαοΝι
1830 235 1982 296 opp.
2026 236 2200 294 cans
2238 236 2306 295 ll.
2346 266 2419 281 —
2456 236 2822 295 ASCETICA.

3561 243 3708 298 ΗΜ

436 364 517 409 rat
563 352 705 409 aliud
750 351 944 407 fratres
993 348 1100 407 mei
1145 349 1435 407 Christiani
1465 351 1670 417 fideles,
1721 359 1812 406 aut
1838 350 2011 421 virgo,
2042 361 2093 419 Α
2118 351 2209 408 Dei
2242 360 2294 409 et
2321 360 2583 422 susceptae
2608 353 2785 408 carnis
2810 351 2968 418 ratio,
2991 361 3048 410 et
3072 355 3330 412 naturalis
3356 355 3707 429 privilegium

438 454 527 501 aut
557 444 735 511 vidua,
759 453 850 499 aut
879 442 1188 514 coniugata,
1220 451 1312 498 aut
1341 444 1440 508 vir,
1475 452 1566 498 aut
1592 442 1893 511 continens,
1926 451 2018 497 aut

438 546 713 602 uxoratus,
750 534 1007 605 quidquid
1042 535 1160 602 plus
1203 548 1329 589 esse
1359 535 1584 605 quisque
1614 534 1869 601 voluerit,
1912 549 2014 588 non

439 629 672 685 inveniet
709 627 851 695 quod
899 626 963 680 ad
996 625 1268 681 Christum
1303 626 1587 696 pertineat.
1642 627 1748 683 Sed
1782 628 2017 698 nunquid

438 723 578 779 sicut
608 731 763 775 natus
791 728 875 775 est
898 719 1177 783 Christus,
1223 721 1301 774 sic
1340 718 1639 773 remansit?
1689 720 1910 786 Crevit,
1952 719 2019 775 ad

439 814 772 897 iuventutem
808 813 1077 881 pervenit,
1116 811 1210 866 sed
1263 812 1316 866 in
1355 821 1688 867 senectutem
1719 826 1822 866 non
1853 811 2018 867 decli-
2082 814 2085 817 ⁷

440 906 606 960 navit.
652 902 871 959 Crescat
902 917 1028 972 ergo
1069 902 1201 958 fides
1241 911 1328 956 tua
1357 942 1373 968 ,
1429 901 1595 956 robur
1626 902 1902 965 inveniat,
1955 902 2021 955 ad

440 1007 771 1055 senectutem
828 999 1137 1065 pervenisse
1190 996 1412 1051 nesciat.
1466 996 1556 1052 Sic
1613 996 1904 1064 pertinebis
1955 994 2022 1049 ad

441 1090 710 1145 Christum
754 1089 942 1142 Filium
990 1087 1082 1143 Dei
1127 1088 1180 1141 in
1223 1088 1475 1158 principio
1503 1085 1763 1152 Verbum,
1801 1084 2024 1138 Verbum

440 1184 583 1250 apud
612 1180 799 1244 Deum,
823 1179 1044 1234 Verbum
1077 1180 1262 1244 Deum,
1288 1180 1382 1234 sed
1416 1179 1636 1232 Verbum
1665 1193 1783 1232 caro
1814 1179 2020 1247 factum,

440 1282 496 1325 ut
525 1271 773 1324 habitaret
803 1272 855 1324 in
884 1270 1052 1324 nobis.
1103 1270 1353 1338 Maiestas
1389 1269 1460 1324 ibi
1495 1271 1711 1333 latebat,
1746 1269 1835 1322 tibi
1870 1268 2022 1322 infir-

444 1366 601 1419 mitas
628 1365 940 1432 apparebat.
995 1364 1218 1420 Sitneon
1261 1364 1313 1418 in
1356 1378 1547 1417 manus
1578 1378 1700 1417 suas
1734 1362 2021 1417 infirmita-

445 1469 551 1515 tem
582 1460 824 1527 accepit,
872 1458 967 1512 sed
1014 1457 1355 1527 maiestatem
1389 1458 1530 1513 intus
1562 1460 1803 1526 agnovit.
1858 1454 2026 1508 Nemo

451 1560 761 1607 contemnat
790 1551 1066 1606 Christum
1102 1563 1317 1617 natttm,
1362 1560 1416 1604 et
1445 1550 1699 1603 infantem
1743 1549 1794 1602 in
1830 1547 2028 1615 templo

445 1653 853 1714 prmsetttatnm,
904 1645 947 1698 si
978 1644 1092 1697 vult
1122 1658 1243 1699 esse
1280 1651 1517 1697 renatus.
1569 1642 1650 1696 Ad
1685 1642 1832 1696 illum
1868 1642 2028 1711 pelti-

2121 444 2369 499 deitatis?
2390 444 2645 498 Audierat
2669 442 2908 511 profecto
2927 442 3259 500 Salvatorem
3283 445 3458 515 ipsum
3480 448 3711 516 dixisse,

2122 536 2232 608 Ego
2261 545 2307 589 et
2341 534 2494 589 Pater
2520 551 2678 589 unum
2706 551 2881 589 sumus
2910 536 3094 607 (Joan.
3123 539 3215 606 x);
3260 545 3346 606 et,
3388 539 3489 603 Qui
3516 557 3597 594 me
3622 541 3706 593 vi-

2122 627 2226 693 det,
2270 626 2405 681 oidet
2453 634 2499 680 et
2548 624 2757 682 Patrem
2797 642 2966 680 meum
2997 626 3177 695 (Joan.
3208 629 3342 699 XIV).
3401 629 3526 684 Haec
3557 631 3712 686 illum

2121 717 2391 775 confessio
2418 728 2472 772 et
2497 718 2867 773 honorabilem
2898 720 3055 774 terris
3084 730 3137 773 et
3162 722 3301 777 caelo
3331 721 3563 776 reddidit
3589 723 3715 792 glo-

2122 813 2344 866 riosum.
2403 810 2618 865 Petrum
2673 811 2855 875 itaque
2896 813 2975 880 (ut
3018 810 3273 882 diximus)
3309 812 3716 868 fundamentum

2134 902 2384 956 Ecclesiae
2416 902 2716 955 nominavit
2747 901 3029 965 Dominus.
3054 915 3105 957 et
3134 903 3251 957 ideo
3278 904 3437 971 digne
3464 906 3568 962 hoc
3593 907 3717 960 fun-

2125 994 2432 1048 damentum
2465 993 2731 1062 generalis
2764 993 3001 1048 Ecclesia
3034 994 3184 1056 colit,
3215 1010 3375 1067 supra
3409 997 3549 1065 quod
3582 997 3720 1051 aedi-

2127 1084 2227 1139 ficii
2280 1085 2360 1139 sui
2416 1082 2681 1139 celsitudo
2744 1085 3042 1151 consurgit.
3113 1084 3267 1141 Unde
3329 1088 3720 1143 convenienter

2129 1176 2405 1231 Psalmista
2436 1175 2597 1229 dicit:
2632 1172 2879 1228 Exultant
2906 1191 3020 1228 eum
3048 1176 3104 1229 in
3131 1175 3343 1231 ecclesia
3374 1180 3558 1245 plebis,
3589 1190 3637 1232 et
3665 1180 3721 1232 in

2124 1270 2365 1325 cathedra
2402 1270 2657 1323 seniorum
2688 1266 2897 1321 laudent
2938 1284 3052 1320 eum
3080 1267 3252 1334 (Psal.
3282 1280 3420 1329 CVI).
3480 1271 3711 1339 Dignum

2128 1380 2257 1435 ergo
2284 1373 2386 1430 est,
2412 1371 2465 1415 tit
2495 1361 2898 1416 fundamentum
2932 1361 3033 1413 hoe
3059 1358 3112 1413 in
3144 1360 3377 1415 Ecclesia
3404 1362 3711 1414 honoratur

2128 1471 2221 1526 per
2251 1453 2392 1525 quod
2422 1454 2486 1507 ad
2516 1453 2713 1507 coelum
2740 1452 3146 1506 conscenditur.
3180 1451 3330 1519 Quod
3364 1451 3559 1505 natalis
3588 1466 3721 1515 ergo

2127 1547 2410 1601 Cathedrae
2444 1546 2601 1598 hodie
2633 1544 2850 1609 colitur,
2900 1543 3233 1597 sacerdotale
3263 1543 3499 1598 officium
3544 1546 3729 1596 hunou

2131 1652 2298 1693 ratur.
2350 1637 2481 1705 Qtlzl'
2515 1635 2678 1692 etiam
2716 1645 2866 1690 tanto
2900 1651 3123 1690 necesse
3162 1647 3243 1689 est
3285 1638 3401 1703 plus
3442 1637 3637 1689 habeat
3670 1636 3722 1688 in

451 1737 565 1790 nuit
593 1747 810 1804 propter
841 1751 937 1789 nos
971 1738 1157 1799 nasci,
1200 1735 1266 1789 ad
1300 1751 1396 1789 nos
1430 1736 1690 1803 pertineat
1730 1736 1779 1788 in
1820 1735 1913 1789 illo
1946 1748 2029 1787 re-
2060 1743 2108 1803 Β
2138 1731 2373 1785 Ecclesia
2408 1728 2707 1798 dignitatis,
2741 1738 2941 1796 quanto
2973 1729 3306 1783 sacerdotale
3334 1726 3570 1781 officium
3607 1729 3724 1794 plus

448 1828 627 1894 nasci,
668 1828 757 1896 qui
791 1829 933 1882 venit
967 1827 1020 1881 in
1054 1830 1193 1882 hunc
1222 1830 1477 1881 mundum
1511 1837 1821 1897 peccatores
1853 1826 2030 1880 salvos

448 1918 654 1982 facere,
693 1919 761 1973 de
789 1933 894 1987 quo
925 1920 1158 1975 Joannes
1189 1921 1239 1974 iit
1276 1920 1569 1988 Evangelio
1597 1920 1764 1973 dicit:
1816 1917 1918 1971 Hic
1958 1925 2031 1971 est

448 2012 622 2083 Agnus
655 2012 767 2076 Dei,
815 2012 897 2066 hic
925 2024 997 2066 est
1025 2015 1114 2081 qui
1152 2013 1286 2067 tollit
1318 2024 1523 2081 peccata
1556 2014 1735 2067 mundi
1760 2013 1940 2080 (Joan.
1970 2011 2029 2077 ι),

450 2104 604 2158 Jestts
626 2103 868 2159 Christus
901 2105 1155 2160 Dominus
1186 2117 1384 2173 noster,
1412 2108 1501 2175 qui
1531 2106 1659 2161 vivit
1683 2117 1737 2161 et
1765 2114 1952 2177 regnat
1978 2104 2032 2159 in

452 2198 644 2253 saecula
670 2200 1011 2255 saeculorum.
1042 2200 1235 2255 Amen.

1039 2317 1317 2371 HUMILIA
1359 2315 1449 2371 IX.

979 2403 1046 2442 DE
1102 2404 1276 2442 EODEI
1332 2405 1357 2441 F
1366 2402 1511 2441 ESTO.

752 2480 853 2549 (Ex
886 2481 1023 2550 Opp.
1056 2496 1174 2535 ven.
1211 2481 1364 2534 Bedm
1396 2478 1739 2550 presbyteri.)

531 2571 599 2625 In
626 2570 716 2626 illo
746 2581 988 2643 tempore,
1010 2584 1277 2644 postquam
1310 2575 1508 2641 impleti
1547 2587 1669 2628 sunt
1693 2575 1806 2627 dies
1843 2590 2037 2643 purga-

460 2665 615 2718 tionis
646 2663 828 2719 Maria:
857 2666 1135 2720 secundum
1174 2668 1333 2736 legem
1366 2665 1438 2719 Μι
1457 2667 1537 2737 ysi
1555 2706 1571 2731 ,
1615 2668 1836 2720 tulerunt
1865 2665 2041 2719 Iesum

458 2759 513 2811 in
536 2756 886 2826 Hierusalem,
911 2770 964 2812 ut
988 2761 1220 2814 sisterent
1241 2777 1356 2814 eum
1380 2759 1622 2824 Domino,
1641 2761 1772 2814 sicut
1798 2761 2042 2829 scriptum

460 2856 531 2902 est
557 2849 609 2902 in
637 2850 744 2920 lege
774 2849 1000 2916 Domini,
1030 2864 1134 2907 etc.
1164 2851 1316 2922 (Luc.
1345 2856 1424 2908 nl.

534 2941 939 2997 Solemnitatem
992 2944 1144 2997 nobis
1196 2944 1469 2999 hodierna:
1517 2944 1883 3007 celebritatis,
1936 2952 2043 2999 etc.

464 3030 682 3102 Reliqua
713 3034 825 3087 vide
852 3036 990 3104 apud
1017 3051 1127 3089 ven.
1162 3034 1385 3101 BeJam,
1430 3035 1653 3106 Operam
1680 3040 1790 3108 ejus
1816 3046 1951 3090 tomo
1979 3035 2043 3103 V,

466 3121 779 3196 Patrologt'a:
803 3122 1008 3191 XCIV,
1040 3126 1138 3181 col.
1168 3125 1257 3181 79.

1063 3218 1344 3273 HOMILIA
1386 3217 1455 3274 Χ.

856 3325 907 3363 IN
946 3325 1229 3373 οΑτιιιυιιΑ
1271 3326 1455 3366 εΑΝετι
1492 3326 1673 3366 PETRI.

542 3399 810 3456 Institutio
831 3402 1137 3457 festivitatis
1162 3405 1455 3469 hodiernae,
1479 3419 1509 3459 a
1531 3405 1832 3462 senioribus
1856 3407 2054 3462 nostris

470 3490 755 3546 Cathedrte
787 3507 980 3548 nomen
1009 3498 1242 3563 accepit,
1280 3498 1400 3551 ideo
1432 3495 1571 3564 quod
1605 3496 1805 3565 primus
1833 3507 2053 3568 προειοο

473 3588 649 3643 lorum
694 3588 883 3644 Petrus
939 3592 1095 3646 hodie
1139 3593 1477 3662 episcopatus
1519 3593 1825 3648 cathedram
1867 3604 2055 3645 susce-

474 3680 623 3749 pisse
650 3682 937 3737 referatur.
977 3681 1139 3737 Recte
1164 3699 1290 3752 ergo
1319 3683 1560 3738 ecclesiae
1591 3698 1683 3751 per
1707 3681 1891 3736 orbem
1917 3681 2059 3736 sedis

472 3770 616 3825 illius
669 3772 896 3826 natalem
939 3772 1151 3836 colunt,
1203 3782 1360 3843 quam
1409 3774 1683 3840 apostolus
1733 3786 1829 3841 pro
1873 3786 2057 3826 earum

479 3862 653 3918 salute
694 3865 964 3930 suscepit,
1006 3865 1217 3919 dicente
1252 3863 1517 3917 Domino:
1552 3863 1630 3917 ’l'u
1658 3879 1708 3916 es
1739 3860 1960 3925 Petrus,
2014 3868 2060 3914 et

475 3971 630 4026 super
657 3954 787 4008 hanc
818 3967 1010 4023 petram
1037 3956 1302 4023 wdiwabo
1336 3952 1617 4007 Ecclesium
1647 3969 1810 4005 meum
1841 3950 2061 4022 (Matth.

483 4048 622 4116 avt).
672 4047 845 4117 Super
877 4048 1013 4102 hanc
1043 4048 1261 4120 (inquit)
1298 4060 1519 4114 petram,
1552 4047 1601 4101 id
1634 4057 1737 4110 est,
1772 4062 1930 4115 super
1959 4045 2064 4101 Do-

484 4139 693 4192 minum
724 4138 1092 4206 Salvatoretn,
1124 4143 1213 4210 qui
1249 4139 1390 4194 fideli
1422 4139 1718 4195 confessori
1761 4154 1858 4194 suo
1898 4140 2065 4209 parti-

474 4232 673 4300 cipium
726 4232 809 4286 sui
857 4232 1092 4287 nominis
1136 4234 1377 4287 donavit.
1434 4230 1500 4285 Et
1550 4241 1710 4302 porta:
1755 4231 1910 4302 inferi
1958 4248 2065 4285 non

476 4324 822 4397 prwvalebunt
851 4326 1087 4378 adversus
1119 4340 1250 4378 eam.
1304 4323 1478 4378 Porta:
1521 4323 1675 4378 inferi
1706 4332 1977 4378 tormenta
2008 4332 2066 4377 et

476 4417 844 4471 blandimenta
874 4425 999 4471 sunt
1033 4427 1432 4487 persecuturum
1458 4456 1473 4481 ,
1527 4430 1646 4485 quin
1695 4430 1723 4469 a
1773 4418 2062 4471 stabilitate

476 4505 602 4560 fidei
643 4508 851 4574 aliquos
880 4510 1241 4576 deterrendo,
1290 4512 1567 4565 introitum
1613 4520 1830 4567 aeterna:
1873 4510 2061 4565 mortis

482 4600 749 4665 aperiunt.
784 4602 958 4654 Multae
987 4603 1167 4673 itaque
1194 4612 1317 4657 sunt
1343 4613 1509 4674 portae
1543 4604 1721 4669 inferi,
1751 4604 1844 4659 sed
1874 4605 2061 4659 harum

480 4687 627 4741 nulla
661 4689 914 4745 Ecclesiae
943 4707 1063 4763 quae
1090 4706 1251 4763 supra
1295 4704 1495 4763 petram
1526 4696 1740 4750 fundata
1773 4704 1886 4761 est,
1928 4710 2064 4762 prte-

479 4778 642 4836 valet.
692 4780 881 4835 Merito
922 4783 1099 4852 itaque
1140 4788 1346 4842 cunctis
1390 4785 1645 4843 Ecclesiis
1694 4787 2059 4853 honorandus,

480 4874 570 4943 qui
595 4885 756 4944 caput
785 4876 1059 4944 Ecclesiae,
1104 4889 1158 4934 et
1201 4882 1291 4950 qui
1340 4882 1660 4935 firmissima:
1690 4890 1851 4947 petrae
1880 4879 2061 4933 solidi-

483 4975 643 5045 tatem
677 4978 935 5034 secutus,
979 4972 1224 5026 inimicos
1276 4972 1480 5027 Christi
1534 4973 1849 5027 auctoritate
1896 4973 2065 5028 sancti

484 5053 719 5121 Spiritus
750 5055 1018 5124 confudit,
1049 5070 1099 5115 et
1131 5061 1419 5130 infatigatae
1453 5063 1727 5139 patientiae
1756 5062 2067 5119 fortitudine

487 5145 877 5216 triumphavit,
927 5166 1027 5207 nec
1077 5153 1267 5208 inferni
1300 5157 1377 5224 (ut
1407 5154 1606 5208 dictum
1638 5156 1741 5219 est)
1774 5165 1922 5223 porta
1969 5157 2067 5211 ad-

484 5250 672 5294 versus
697 5254 819 5295 eum
852 5245 1161 5310 praevaluit,
1208 5247 1297 5315 qui
1341 5247 1441 5302 sibi
1483 5259 1649 5316 portae
1681 5249 1949 5304 aeternalis
1981 5252 2063 5303 in-

482 5340 747 5399 gressum,
781 5345 962 5399 regem
992 5332 1176 5401 gloria:
1206 5336 1487 5392 confessus
1518 5338 1753 5407 aperuit.
1791 5339 1897 5394 Aut
1929 5355 2063 5411 quo-

486 5420 645 5475 modo
672 5420 721 5475 ei
748 5437 854 5477 non
882 5432 1089 5493 pateret
1110 5436 1266 5495 porta
1292 5427 1377 5481 illa
1401 5427 1595 5494 vitalis,
1620 5430 1710 5498 qui
1737 5432 2064 5499 plenitudine

486 5508 655 5561 sancti
686 5509 917 5579 Spiritus
944 5514 1183 5581 repletus
1210 5555 1225 5580 ,
1282 5516 1331 5569 in
1385 5518 1542 5573 Patre
1581 5518 1821 5590 Filioque
1864 5522 1954 5576 Dei
1986 5523 2065 5578 in-

486 5601 772 5659 serutabile
816 5608 984 5662 unicae
1026 5606 1324 5677 maiestatis
1371 5611 1601 5666 asseruit
1643 5624 2064 5681 sacramentum,

487 5696 719 5755 edocens
740 5709 794 5757 et
813 5703 1100 5761 ostendens
1117 5719 1235 5776 qua:
1253 5715 1395 5764 esset
1416 5706 1469 5763 in
1495 5721 1600 5764 uno
1621 5708 1917 5778 eodemque
1930 5708 2067 5765 Filio

2138 1822 2375 1875 honoris.
2435 1820 2556 1874 Dies
2587 1835 2714 1889 ergo
2747 1824 2856 1875 hate
2890 1835 2918 1873 a
2948 1820 3123 1887 nobis,
3161 1821 3349 1875 fratres
3389 1820 3719 1885 charissimi,

2136 1914 2330 1969 merito
2361 1917 2674 1979 honoratur,
2706 1916 2829 1983 quia
2863 1914 2986 1967 dum
3022 1914 3249 1968 natalem
3279 1914 3564 1967 Cathedra:
3591 1912 3726 1966 coli-

2137 2022 2275 2067 mus.
2320 2006 2685 2075 episcopatum
2728 2008 2888 2061 etiam
2934 2006 3073 2061 Petri
3115 2007 3343 2074 apostoli
3376 2020 3724 2060 veneramur.

2137 2099 2340 2154 Tamen
2390 2115 2509 2154 cum
2570 2100 2877 2164 frequenter
2926 2100 3063 2153 intra
3119 2099 3558 2170 Quadragesima
3612 2098 3727 2152 dies

2138 2193 2414 2257 evenerit,
2450 2191 2627 2247 facere
2657 2206 2775 2246 eam
2807 2192 2963 2246 nobis
2994 2191 3157 2246 debet
3180 2201 3487 2245 sanctorum
3517 2191 3727 2245 dierum

2139 2285 2439 2339 reverentia
2490 2284 2802 2353 gratiorem.
2859 2282 2926 2336 Et
2977 2283 3112 2338 bene
3159 2287 3388 2336 natalem
3441 2281 3726 2336 Cathedrte

2141 2380 2278 2432 inter
2311 2380 2424 2446 ipsa
2450 2377 2777 2445 ieiuniorum
2810 2375 2957 2429 initia
2990 2375 3147 2428 nobis
3179 2373 3323 2428 Deus
3357 2373 3631 2440 prmstitit,
3667 2382 3727 2426 ut

2142 2473 2257 2528 dies
2289 2488 2406 2543 quae
2433 2484 2549 2527 erat
2580 2471 2728 2540 prius
2758 2469 3188 2537 intemperantia:
3207 2508 3221 2531 ,
3251 2482 3393 2522 nunc
3421 2468 3489 2521 sit
3517 2466 3730 2521 sobrie-

2142 2568 2297 2630 tatis;
2331 2582 2449 2634 qum
2481 2577 2593 2619 erat
2622 2566 2781 2633 gulze,
2814 2564 2883 2616 sit
2912 2560 3281 2623 abstinentiae;
3313 2576 3433 2626 qua!
3462 2569 3581 2612 erat
3610 2573 3733 2627 pec-

2143 2662 2269 2725 cati,
2295 2662 2361 2715 sit
2388 2659 2709 2716 sanctitatis.
2751 2655 2919 2726 Huius
2947 2664 3125 2709 autem
3158 2653 3406 2707 solemnii
3434 2652 3628 2717 religio
3657 2653 3733 2705 sic

2147 2754 2405 2810 Eeclesiis
2457 2753 2761 2808 introducta
2810 2760 2893 2805 est
2934 2767 2947 2802 :
3001 2749 3132 2803 Cum
3181 2748 3326 2802 enim
3378 2748 3732 2816 pertransiret

2146 2848 2423 2915 apostolus
2455 2846 2816 2900 disseminans
2848 2844 3069 2899 verbum
3106 2844 3260 2904 vitte,
3293 2851 3346 2895 et
3370 2840 3578 2908 iaciens
3608 2838 3727 2893 fun-

2148 2941 2455 2995 damentum
2482 2940 2760 3003 Ecclesiae,
2788 2953 2905 2992 cum
2932 2937 3383 3007 appropinquaret
3409 2934 3727 3001 Antiochiae,

2149 3036 2312 3103 ccepit
2346 3048 2441 3102 per
2473 3033 2675 3087 Niciam
2706 3029 2991 3104 [Nieetam]
3036 3037 3093 3084 et
3124 3029 3369 3096 Aquilam
3406 3036 3516 3082 tata
3547 3026 3737 3081 civitas

2073 3108 2125 3176 Ο
2155 3126 2337 3180 audire
2368 3124 2490 3193 quia
2524 3124 2715 3178 Petrus
2755 3124 3091 3177 adventaret.
3142 3121 3329 3174 Omnis
3355 3130 3537 3173 autem
3571 3134 3733 3186 popu-

2153 3219 2237 3273 lus
2266 3215 2561 3271 Antiochia:
2602 3216 2836 3270 civitatis
2880 3215 3156 3269 audientes
3203 3215 3413 3268 Petrum
3459 3214 3718 3267 advenire

2157 3310 2524 3375 Antiochiam,
2554 3316 2907 3364 occurrerunt
2933 3308 3015 3376 ei,
3043 3315 3098 3363 et
3128 3323 3263 3375 pene
3286 3322 3474 3361 omnes
3508 3307 3732 3376 maiores

2156 3414 2281 3459 natu
2315 3419 2377 3459 ac
2408 3402 2615 3457 nobiles
2646 3402 2853 3457 eineres
2885 3411 3195 3469 sparserunt
3227 3401 3278 3454 in
3309 3406 3515 3467 capite,
3565 3401 3735 3454 cilicio

2158 3498 2325 3553 induti
2373 3504 2537 3563 sunt,
2585 3495 2743 3551 nudis
2792 3494 3017 3558 pedibus
3063 3493 3436 3563 pmnitentiam
3479 3503 3730 3561 agentes,

2163 3593 2251 3663 qui
2299 3603 2486 3647 contra
2535 3589 2967 3660 praedicationem
3008 3589 3123 3657 eius
3162 3606 3281 3642 cum
3325 3590 3540 3645 Simone
3584 3590 3729 3657 Mago

2159 3684 2584 3739 consensissent.
2636 3682 2761 3737 Haec
2793 3693 2844 3735 et
2878 3682 2957 3735 his
2988 3680 3181 3735 similia
3216 3690 3620 3748 prosequentes,
3653 3680 3734 3732 of-

2161 3760 2344 3831 l'erunt
2370 3778 2417 3827 ei
2448 3783 2675 3829 vexatos
2705 3773 3048 3843 languoribus
3073 3780 3129 3827 et
3162 3773 3409 3841 fatigatos
3435 3772 3737 3835 daemoniis,

2164 3867 2489 3937 paralyticos
2516 3880 2729 3934 quoque
2768 3873 2821 3919 et
2861 3863 3071 3919 diversa
3104 3864 3338 3931 pericula
3373 3866 3659 3929 patientes,
3690 3872 3741 3916 et

2163 3968 2283 4014 erat
2313 3959 2521 4013 infinita
2550 3958 2834 4014 multitudo
2863 3958 3021 4012 simul
3052 3958 3439 4028 languentium.
3487 3959 3635 4023 Quos
3670 3958 3743 4011 vi-

2164 4051 2297 4105 dens
2330 4050 2519 4104 Petrus
2570 4065 2675 4104 non
2724 4052 2894 4105 solum
2942 4049 3310 4119 paenitentiam
3350 4064 3510 4117 agere
3556 4052 3623 4104 de
3666 4051 3745 4104 his

2165 4157 2281 4212 quae
2323 4142 2389 4196 de
2431 4141 2540 4196 Deo
2583 4141 2723 4195 male
2763 4141 3060 4197 sensissent
3105 4156 3198 4210 per
3229 4141 3530 4203 Simonem,
3562 4154 3742 4197 verum

2167 4237 2325 4290 etiam
2368 4244 2473 4289 tam
2514 4236 2773 4302 integram
2817 4235 2972 4289 fidem
3014 4236 3269 4291 exhibere
3299 4235 3431 4301 Deo,
3467 4245 3525 4290 ut
3556 4249 3744 4290 omnes

2168 4327 2407 4383 diversas
2439 4327 2784 4397 atgritudines
2826 4327 3119 4395 patientes,
3166 4327 3450 4383 crederent
3501 4343 3596 4392 per
3623 4342 3743 4381 eum

2172 4434 2329 4489 posse
2357 4419 2578 4484 salvari,
2609 4418 2861 4488 expandit
2904 4434 3094 4475 manus
3137 4435 3261 4474 suas
3309 4420 3375 4475 ad
3422 4421 3646 4483 caelum,
3695 4430 3749 4475 et

2165 4527 2287 4566 cum
2321 4511 2572 4581 lacrymis
2601 4510 2896 4565 orationem
2928 4510 3237 4577 effundens,
3269 4513 3582 4581 gratiasque
3611 4513 3749 4567 refe~

2166 4619 2292 4660 rens
2325 4604 2460 4669 Deo,
2494 4602 2741 4657 dicebat:
2798 4603 3062 4659 Benedieo
3094 4615 3166 4671 te,
3200 4604 3356 4660 Pater
3383 4605 3745 4673 praedicande,

2166 4694 2257 4765 qui
2287 4709 2446 4750 omne
2473 4694 2695 4749 verbum
2733 4703 2789 4748 et
2826 4697 3145 4762 promissum
3180 4695 3299 4749 Filii
3341 4695 3416 4750 tui
3447 4695 3749 4765 adimplere
3780 4744 3783 4745 ν

2168 4786 2404 4855 dignaris
2425 4828 2440 4852 ,
2492 4795 2550 4840 ut
2594 4797 2850 4858 agnoscat
2881 4790 3054 4842 omnis
3081 4798 3324 4843 creatura
3356 4790 3480 4858 quia
3512 4799 3570 4843 tu
3599 4791 3748 4845 solus

2168 4893 2226 4934 es
2257 4879 2395 4933 Deus
2425 4879 2479 4932 in
2509 4879 2647 4935 cmlo
2678 4888 2731 4933 et
2757 4880 2809 4933 in
2842 4886 3002 4935 terra.
3055 4880 3181 4934 Htec
3222 4888 3278 4934 et
3318 4880 3400 4935 his
3442 4882 3641 4936 similia
3670 4883 3752 4937 di-

2170 4985 2321 5041 cens,
2344 4971 2584 5027 ascendit
2616 4972 2666 5026 in
2699 4972 3106 5027 eminentiorem
3136 4973 3335 5039 locum,
3363 4985 3415 5029 et
3442 4975 3605 5044 iussit
3627 4984 3752 5031 ante

2170 5079 2230 5120 se
2270 5066 2394 5135 poni
2435 5064 2674 5118 omnium
2717 5067 3085 5135 mgrotantium
3127 5067 3561 5134 multitudinem,
3614 5082 3751 5135 quos

2169 5171 2357 5212 omnes
2386 5156 2487 5213 hac
2514 5172 2645 5212 voce
2675 5157 3002 5226 alloquitur:
3035 5158 3273 5214 Similem
3299 5159 3453 5214 vobis
3479 5159 3752 5214 hominem

2174 5263 2259 5304 me
2289 5264 2407 5306 esse
2432 5250 2674 5305 videntes
2698 5291 2714 5318 ,
2766 5251 2931 5306 nolite
2963 5260 3149 5321 putare
3177 5251 3319 5320 quod
3356 5266 3385 5305 a
3417 5267 3505 5308 me
3538 5252 3757 5321 possitis

2171 5354 2490 5409 recuperare
2519 5342 2746 5397 salutem
2773 5383 2788 5407 ,
2839 5342 2934 5397 sed
2979 5358 3072 5411 per
3103 5357 3222 5395 eum
3257 5342 3344 5410 qni
3385 5343 3454 5397 de
3490 5345 3632 5398 caelo
3658 5343 3752 5397 de-

2171 5434 2453 5501 scendens,
2483 5436 2719 5490 ostendit
2757 5436 2855 5490 sibi
2888 5435 3231 5491 credentibus
3261 5436 3524 5502 integram
3558 5440 3754 5490 anime

2172 5537 2227 5582 et
2277 5528 2524 5595 corporis
2577 5527 2939 5593 medicinam;
2991 5527 3130 5581 unde
3168 5537 3341 5580 vestra
3387 5521 3519 5581 fides
3565 5537 3753 5581 testem

2179 5617 2370 5671 habeat
2402 5618 2542 5672 hunc
2572 5633 2785 5672 omnem
2830 5619 3118 5689 populum,
3172 5618 3293 5687 quia
3333 5633 3396 5673 ex
3441 5628 3556 5671 toto
3594 5617 3756 5671 corde

2178 5707 2397 5763 creditis
2420 5710 2471 5764 in
2498 5708 2779 5765 Dominum
2802 5708 2984 5766 Jesum
3008 5708 3300 5774 Christum,
3322 5717 3381 5764 ut
3398 5709 3574 5765 sciant
3595 5710 3756 5765 etiam
