4096 6346
324 281 462 338 H65

1338 275 1799 337 HOIILIARIUS.
1839 307 1911 322 —-
1947 279 2111 339 "OM.
2156 280 2243 337 DE
2279 282 2584 343 SANCTIS.
2662 286 2667 297 '

2128 180 2149 209 \

3454 294 3591 352 N66

320 400 638 469 semetipsos
686 398 753 453 ab
796 394 915 467 ipso
960 407 1122 466 posse
1170 394 1390 452 salvari.
1442 395 1684 466 Cumque
1728 398 1903 454 omnis
1928 399 1982 459 Δ
2006 400 2071 455 ad
2098 417 2220 458 eum
2252 402 2461 474 Petrus,
2494 404 2570 457 Tu
2597 420 2650 459 es
2676 403 2907 460 Christus
2934 406 3103 462 Filius
3136 408 3233 464 Dei
3259 410 3402 465 viui?
3452 413 3591 468 Rur-

321 492 606 550 multitudo
637 490 1022 545 infirmantium
1049 504 1151 546 una
1181 505 1314 546 voce
1341 491 1599 547 clamaret
1628 490 1772 547 hunc
1800 505 1901 547 ve-

322 600 438 640 rum
465 583 630 639 Deum
655 596 814 651 quem
838 581 1026 635 Petrus
1049 582 1351 650 annuntiat,
1377 581 1553 636 subito
1578 582 1900 637 immensum

321 680 499 735 lumen
523 676 708 746 gratiae
738 675 829 730 Dei
860 678 911 729 in
945 676 1122 730 medio
1155 676 1324 745 plebis
1354 675 1623 745 apparuit,
1647 687 1699 730 et
1726 692 1904 744 caepe.

323 780 448 826 runt
489 766 765 840 paralytici
812 782 1029 823 currere
1070 769 1137 822 ad
1181 768 1344 838 pedes
1392 768 1534 823 Petri
1576 770 1728 837 sani,
1775 771 1902 825 caeci

323 871 540 929 recepto
570 863 687 914 visu
717 860 979 925 clamare,
1030 860 1207 914 claudi
1240 867 1540 915 restaurato
1570 876 1755 930 gressu
1784 877 1905 931 gra-

321 956 422 1010 tias
448 968 628 1024 agere,
655 952 969 1020 languentes
999 961 1215 1020 recepta
1245 952 1474 1006 sanitate
1501 953 1753 1022 gaudere,
1781 972 1907 1008 non-

321 1046 449 1101 nulli
481 1043 641 1099 etiam
669 1044 785 1100 solo
808 1043 935 1098 ﬂatu
961 1044 1225 1109 viventes,
1247 1043 1355 1111 jam
1383 1045 1498 1098 sine
1523 1060 1681 1099 sensu
1711 1055 1767 1097 et
1791 1045 1906 1100 sine

319 1151 474 1200 voce,
497 1136 794 1200 recuperati
828 1144 1183 1199 sunt,omnes
1213 1151 1426 1205 quoque
1467 1136 1684 1190 Iunatici
1714 1146 1768 1191 et
1797 1138 1907 1191 d:e«

325 1227 517 1283 moniis
548 1226 690 1296 pleni
726 1226 936 1281 liberati
976 1236 1123 1281 sunt.
1179 1226 1402 1281 Tantam
1454 1229 1633 1295 itaque
1671 1227 1905 1297 Spiritus

321 1332 537 1376 sanctus
568 1320 621 1372 in
654 1319 740 1372 illa
769 1320 856 1373 die
883 1319 1069 1388 gratire
1109 1334 1223 1374 sua:
1253 1321 1500 1375 virtutem
1532 1322 1796 1388 05tendit,
1853 1331 1910 1376 ttt

323 1428 508 1468 omnes
537 1429 566 1467 a
599 1413 820 1466 minimo
852 1427 1020 1481 usque
1050 1413 1115 1466 ad
1149 1413 1444 1467 maximum
1478 1428 1580 1467 una
1612 1428 1745 1468 voce
1772 1429 1905 1469 con—

325 1508 605 1563 fiterentur
636 1508 825 1565 Deum.
881 1508 944 1562 Et
994 1509 1130 1563 intra
1166 1518 1372 1578 septem
1410 1510 1528 1564 dies
1561 1512 1838 1578 plusquam
1879 1527 1909 1566 x

326 1600 491 1655 millia
540 1600 815 1654 hominum
849 1600 1131 1655 credentes
1161 1601 1298 1664 Deo,
1351 1601 1607 1671 baptizati
1654 1611 1809 1668 sunt,
1861 1613 1913 1659 et

322 1691 747 1746 sanctificatione
800 1693 1139 1757 consecrati,
1201 1693 1271 1746 ita
1329 1704 1388 1748 ttt
1439 1694 1586 1748 omni
1641 1695 1911 1749 aviditatis

2004 507 2096 549 sus
2123 496 2165 549 si
2194 496 2379 550 audire
2401 497 2634 551 delectat
2661 506 2920 567 quantum
2942 499 3054 554 lucc
3080 500 3213 555 ﬁdes
3240 504 3433 569 valeat,
3457 506 3582 575 quid

2006 588 2241 655 apertius
2265 605 2330 643 eo
2357 591 2499 659 quod
2523 589 2595 645 ait
2620 591 2879 646 Dominus
2906 592 2974 646 de
3001 592 3256 660 Ecclesia,
3276 612 3395 667 quae
3424 614 3588 667 super

2005 696 2126 736 eum
2149 683 2457 737 aedificanda
2484 695 2620 749 erat,
2659 684 2723 737 Et
2755 699 2914 756 porta:
2940 689 3096 751 inferi
3122 706 3225 744 non
3256 694 3594 755 prwralebunt

2005 776 2246 829 adversus
2275 778 2429 830 eam?
2491 778 2594 832 Sed
2633 781 2743 831 hmc
2774 781 2885 833 suis
2928 782 2977 833 in
3020 782 3152 835 locis
3186 784 3393 847 plenius
3422 801 3592 856 expo-

2007 879 2217 923 nentur.
2264 871 2413 924 Nttnc
2448 884 2622 925 autem
2654 884 2990 930 revertentes
3021 877 3084 928 atl
3114 879 3503 946 explanantlam
3539 883 3595 940 in

2007 962 2194 1015 ordine
2245 964 2524 1017 lectionem
2572 965 2905 1019 Dontinicam
2934 1009 2949 1033 ,
3001 968 3173 1037 primo
3204 971 3481 1027 videamus
3528 974 3596 1028 de

2007 1051 2126 1105 loco
2170 1053 2221 1106 in
2271 1069 2378 1122 quo
2413 1056 2584 1108 habita
2622 1069 2972 1111 memoratur.
3026 1057 3171 1112 Venit
3200 1062 3411 1133 (inquit)
3445 1062 3597 1119 Iesus

2007 1147 2059 1200 in
2090 1157 2259 1217 partes
2285 1146 2531 1201 (Iterat-ear
2563 1148 2823 1219 Philippi.
2881 1151 3195 1219 Philippus,
3231 1165 3285 1206 ttt
3317 1156 3483 1209 Lucas
3517 1171 3597 1212 te-

2010 1253 2204 1306 statur,
2248 1253 2370 1297 erat
2402 1244 2667 1296 tetrarcha
2708 1246 2893 1299 ltnreac
2927 1257 2980 1299 et
3007 1248 3398 1302 Trachonitidis
3428 1254 3600 1313 regio-

2011 1338 2112 1392 nis.
2151 1336 2245 1390 Hic
2271 1352 2400 1407 ergo
2430 1347 2670 1391 statui-ns
2700 1338 2969 1392 civitatem
3003 1341 3052 1393 in
3083 1340 3200 1395 loco
3231 1344 3319 1396 ubi
3342 1343 3591 1400 Iordanis

1958 1496 1959 1501 η
2010 1430 2075 1482 ad
2120 1429 2330 1483 radices
2373 1430 2542 1482 oritur
2575 1429 2758 1483 Libani
2809 1430 3038 1495 montis,
3094 1442 3148 1486 et
3200 1442 3285 1487 est
3334 1437 3597 1490 terminus

2011 1521 2209 1577 Judtete
2242 1531 2429 1577 contra
2464 1523 2887 1589 septentrionem
2908 1566 2922 1588 ,
2956 1526 3242 1591 appellavit
3272 1542 3389 1581 eam
3422 1526 3600 1583 Casa-

2014 1630 2158 1669 ream
2196 1614 2466 1683 Philippi,
2520 1615 2572 1667 itt
2622 1617 2939 1670 memoriam
2972 1617 3225 1673 videlicet
3255 1620 3334 1672 sui
3369 1621 3600 1675 nominis

2017 1709 2326 1777 pariterque
2373 1708 2635 1761 honorem
2667 1707 2865 1761 Tiberii
2907 1708 3137 1764 Caesaris
3187 1711 3285 1763 sub
3322 1702 3437 1778 ‘qoo
3488 1711 3604 1777 ipse

330 1784 597 1838 desiderio
629 1784 981 1854 TheOphilus,
1016 1785 1103 1854 qui
1132 1797 1247 1839 erat
1276 1789 1486 1840 cunctis
1517 1790 1823 1857 potentibus
1856 1789 1907 1843 in

2028 1799 2294 1869 regnabat.
2351 1798 2405 1851 In
2436 1799 2593 1868 cujus
2628 1810 2807 1868 partes
2840 1801 3060 1855 veniens
3092 1801 3270 1869 .lesus,
3304 1804 3603 1867 interroga-

324 1878 540 1934 civitate
586 1879 889 1945 sublimior,
941 1880 1132 1934 domus
1177 1894 1289 1934 sua:
1337 1881 1604 1959 ingentem
1637 1883 1909 1938 basilicam

324 1970 567 2026 ecclesia:
596 1974 816 2026 nomine
841 1981 1204 2026 consecraret.
1263 1973 1318 2027 In
1356 1989 1458 2043 qua
1504 1974 1717 2028 basilica
1750 1974 1911 2030 Petro

322 2064 568 2133 apostolo
599 2064 666 2118 ab
693 2065 839 2118 omni
884 2065 1083 2133 popqu
1112 2067 1404 2120 constituta
1436 2076 1518 2121 est
1548 2068 1827 2131 cathedra,
1858 2076 1913 2122 et

323 2156 501 2211 omnis
530 2156 818 2211 multitudo
843 2156 1079 2225 quotidie
1101 2157 1167 2211 ad
1190 2158 1515 2213 audiendum
1540 2160 1763 2213 verbum
1791 2160 1917 2215 illuc

325 2250 678 2315 conveniens,
709 2250 967 2305 credebat
1012 2264 1155 2304 sana:
1197 2251 1489 2315 doetrinte,
1524 2268 1642 2321 quae
1672 2253 1913 2308 omnium

328 2351 408 2395 est
444 2340 684 2394 efﬁcacia
724 2340 1038 2395 sanitatum.
1098 2341 1247 2396 Tunc
1295 2343 1557 2397 accedens
1606 2342 1914 2412 Faustinus,

335 2432 567 2501 procidit
613 2430 681 2485 ad
735 2431 898 2497 pedes
930 2431 1108 2496 Petri,
1153 2433 1377 2487 dicens:
1420 2433 1637 2489 Semina
1668 2436 1812 2489 verbi
1844 2434 1918 2489 tui

331 2539 453 2592 qua:
482 2538 609 2594 ager
637 2524 832 2577 mentis
864 2539 997 2578 mea:
1023 2526 1249 2593 accepit,
1279 2524 1388 2592 jam
1419 2535 1541 2577 nata
1574 2533 1727 2587 sunt,
1760 2535 1920 2594 atque

330 2617 395 2670 ad
430 2615 708 2670 fecundam
744 2617 1105 2670 maturitatem
1149 2624 1442 2685 provecta:
1495 2630 1695 2683 repone
1740 2630 1825 2669 me
1868 2616 1919 2669 in

334 2709 531 2763 horreo
562 2708 861 2772 Dominico,
896 2707 1103 2762 faciens
1131 2724 1217 2763 me
1249 2723 1447 2762 mensae
1478 2709 1670 2763 divina:
1702 2709 1923 2779 partici-

333 2815 478 2870 pem.
532 2799 682 2855 Tunc
712 2798 903 2855 Petrus
955 2815 1077 2854 cum
1118 2802 1265 2855 omni
1307 2801 1587 2855 alacritate
1615 2802 1919 2870 apprehen—

333 2896 467 2949 dens
495 2909 710 2948 manum
737 2895 877 2962 ejus,
909 2894 1127 2949 tradidit
1153 2909 1275 2950 eum
1302 2894 1565 2950 Clementi
1592 2905 1646 2951 et
1674 2896 1925 2951 fratribus

334 2986 467 3050 suis,
500 2986 685 3041 dicens
712 3006 723 3040 :
757 2986 907 3040 Sicut
938 2987 1074 3055 patri
1106 2985 1241 3041 filios
1272 2987 1506 3042 restituit
1536 2987 1708 3054 Deus,
1756 2989 1827 3041 ita
1872 2997 1924 3041 te

337 3082 553 3137 Patrem
585 3082 678 3137 filii
709 3084 1000 3137 restituunt
1029 3082 1158 3137 Deo.
1210 3082 1412 3136 lndixit
1437 3093 1614 3137 autem
1659 3082 1923 3152 jejunium

2018 1894 2110 1947 bat
2156 1893 2452 1963 discipulos
2500 1910 2626 1947 suos
2652 1934 2669 1959 ,
2716 1895 2942 1948 dicens:
2980 1894 3142 1958 Quem
3169 1896 3345 1948 dicunt
3380 1895 3607 1948 homines

2018 2001 2123 2039 esse
2149 1984 2343 2039 Filium
2372 1986 2637 2039 hominis?
2675 1985 2789 2039 Non
2821 1995 2996 2039 autem
3031 1987 3178 2054 quasi
3212 1987 3455 2041 neSt'lellS
3484 2001 3607 2040 sen-

2021 2079 2240 2133 tentiam
2293 2078 2359 2132 de
2411 2094 2470 2133 se
2519 2079 2602 2131 vel
2652 2079 3033 2146 discipulorum
3087 2080 3169 2134 vel
3220 2090 3603 2136 extraneorum

2019 2171 2280 2241 inquirit:
2333 2172 2425 2227 sed
2478 2171 2601 2225 ideo
2646 2172 2941 2241 discipulos
2983 2174 3107 2242 quid
3151 2174 3217 2226 de
3268 2188 3327 2229 se
3375 2174 3608 2229 sentiant

2021 2268 2337 2335 interrogat,
2364 2274 2421 2319 ttt
2445 2267 2841 2320 confessionem
2868 2276 3025 2321 recte
3060 2267 3181 2322 fidei
3212 2268 3421 2321 illorum
3448 2268 3609 2339 digna

2023 2358 2272 2413 mercede
2306 2366 2634 2412 remuneret.
2680 2358 2811 2411 Nam
2840 2360 2978 2411 sicut
3014 2359 3355 2428 interrogatis
3382 2376 3607 2429 genera-

2025 2450 2149 2505 liter
2179 2451 2459 2515 omnibus,
2508 2447 2697 2504 Petrus
2734 2451 3013 2521 reSpondit
3045 2468 3180 2505 unus
3212 2468 3308 2520 pro
3339 2453 3613 2522 onmibus,

2014 2546 2095 2601 .ita
2122 2545 2260 2612 quod
2292 2545 2450 2598 Petro
2478 2544 2736 2598 Dominus
2763 2546 3066 2611 respondit,
3091 2544 3143 2599 in
3176 2544 3337 2600 Petro
3364 2544 3613 2601 omnibus

2025 2635 2322 2704 respondit.
2368 2635 2492 2688 Ideo
2524 2636 2665 2701 quod
2695 2635 2783 2688 alii
2815 2635 2881 2689 de
2912 2651 2969 2690 se
2996 2638 3231 2691 sentiant
3257 2637 3507 2705 inquirit,
3534 2645 3613 2704 ttt,

2024 2728 2282 2796 expositis
2316 2728 2488 2797 primo
2520 2728 2805 2784 sententiis
2842 2728 3171 2792 errantium,
3202 2728 3448 2797 discipuli
3487 2743 3614 2796 pro-

2028 2822 2287 2875 barentur
2330 2822 2611 2874 veritatem
2660 2834 2771 2872 sum
2817 2818 3197 2884 confessionis,
3226 2820 3346 2873 'non
3389 2820 3454 2873 de
3496 2819 3615 2886 epi-

2027 2915 2186 2969 nione
2228 2916 2477 2985 vulgata,
2531 2914 2624 2967 sed
2675 2913 2743 2968 de
2797 2914 2916 2982 ipso
2967 2913 3276 2982 percepisse
3325 2913 3613 2967 Domitticn

2026 3007 2374 3062 revelationis
2407 3022 2625 3061 arcano.
2688 3006 2890 3072 Quem,
2933 3005 3136 3073 inquit,
3181 3006 3358 3059 dicunt
3388 3007 3614 3059 homines

2028 3114 2135 3151 esse
2166 3095 2362 3151 Filium
2394 3098 2660 3151 hominis?
2707 3097 2937 3152 Pulchre
2970 3096 3211 3151 homines
3250 3098 3485 3169 appellat
3518 3111 3614 3153 eos

337 3177 485 3231 omni
511 3176 672 3245 Plebi»
695 3177 1016 3231 εῑνθηίθηῑθ
1039 3176 1129 3231 die
1154 3176 1426 3230 Do'llinica
1458 3175 1749 3244 baplilaVil
1772 3191 1919 3240 enm:
1948 3145 1999 3211 Ο
2039 3191 2127 3260 qtti
2161 3190 2227 3245 dc
2270 3191 2379 3243 filio
2420 3189 2656 3243 hominis
2701 3198 2905 3244 tantum
2953 3191 3097 3259 loqui
3141 3145 3399 3245 novari-ornt
3426 3234 3440 3259 ,
3494 3192 3615 3263 quia

336 3279 499 3339 atque
542 3270 595 3324 in
646 3269 823 3324 medio
853 3269 1031 3339 populi
1065 3284 1130 3323 ex
1160 3269 1517 3323 conversione
1554 3268 1672 3338 ejus
1702 3282 1924 3323 sumens

338 3362 644 3429 materiam,
672 3375 865 3417 omnes
896 3376 1088 3416 causas
1116 3362 1233 3431 ejus
1262 3362 1532 3429 exposuit,
1560 3361 1628 3414 ita
1662 3369 1718 3415 ut
1749 3361 1925 3414 omnis

338 3456 534 3510 civitas
564 3457 715 3524 quasi
745 3454 995 3526 angelum
1026 3454 1310 3523 aspiceret,
1342 3461 1398 3508 et
1428 3469 1533 3507 non
1572 3454 1830 3508 minorem
1873 3452 1926 3508 el

337 3548 569 3617 gratiam
600 3562 761 3616 quam
795 3546 1038 3615 apostolo
1065 3547 1361 3602 exhiberet.
1394 3547 1613 3601 Postera
1636 3559 1812 3603 autem
1842 3548 1929 3603 die

344 3640 537 3694 Petrus
569 3641 824 3708 populum
855 3644 1146 3694 convenire
1173 3639 1360 3709 jubet,
1406 3649 1459 3695 et
1493 3656 1599 3694 uno
1629 3656 1692 3694 ex
1727 3641 1808 3695 his
1839 3641 1930 3710 qui

339 3747 468 3785 cum
496 3732 859 3801 sequebantur
885 3733 1134 3785 ordinato
1158 3732 1567 3801 episc0p0,aliis
1595 3731 1758 3787 etiam
1777 3747 1930 3802 pres-

341 3822 584 3893 byteris,
651 3822 928 3887 baptizatis
975 3838 1187 3892 quoque
1243 3824 1530 3893 plurimis,
1581 3835 1635 3879 et
1679 3824 1931 3880 omnibus

343 3916 438 3985 qui
469 3926 622 3969 erant
642 3915 820 3969 vexati
852 3914 1185 3969 daemonibus
1208 3916 1292 3969 vel
1328 3915 1690 3985 languoribus,
1714 3916 1930 3971 sanitati

340 4011 596 4076 redditis,
623 4012 933 4065 demoratus
958 4020 1042 4065 est
1070 4011 1140 4064 ibi
1170 4010 1310 4065 aliud
1336 4010 1592 4073 triduum,
1618 4011 1933 4079 cunctisque

346 4106 451 4160 rite
483 4105 816 4173 compositis,
849 4114 907 4159 et
936 4105 1230 4160 Ecclesiam
1261 4104 1458 4157 Christi
1491 4106 1847 4169 constituens,
1880 4113 1935 4159 et

345 4199 657 4254 valedicens
682 4202 782 4264 eis,
813 4200 1128 4253 Laodiceam
1158 4198 1512 4268 proficiscitur
1539 4198 1761 4253 multum
1789 4197 1933 4252 desi-

349 4293 625 4347 derahilis.
683 4294 809 4347 Post
851 4292 964 4346 haec
1000 4300 1182 4346 autem
1216 4292 1404 4346 Petrus
1438 4291 1659 4345 Romam
1689 4294 1932 4356 veniens,

351 4390 545 4441 multas
572 4386 758 4440 tmbas
781 4387 1097 4455 populorum
1122 4385 1184 4438 ad
1213 4384 1370 4439 fidem
1391 4384 1599 4439 Domini
1624 4385 1791 4440 nostri
1808 4384 1934 4440 Jesu

2032 3282 2325 3335 divinitatis
2354 3282 2472 3349 ejus
2511 3296 2703 3335 arcana
2748 3281 3080 3335 nesciebant.
3133 3280 3265 3335 Nam
3297 3282 3385 3351 qui
3415 3282 3614 3337 divini-

2034 3372 2156 3426 tatis
2204 3371 2319 3441 cjus
2369 3371 2624 3443 mysteria
2676 3386 2872 3441 capere
2923 3382 3156 3439 norunt,
3213 3373 3404 3428 merito
3455 3389 3616 3445 supra

2035 3464 2279 3518 homines
2310 3479 2427 3518 esse
2457 3465 2727 3530 dicuntur,
2750 3464 3009 3533 Apostolo
3040 3473 3348 3531 attestante,
3377 3466 3464 3533 qui
3495 3466 3570 3519 ait
3598 3480 3615 3521 :

2035 3556 2187 3621 Quod
2214 3557 2390 3609 oculus
2421 3572 2520 3609 non
2552 3557 2707 3619 vidit,
2753 3572 2842 3609 nec
2888 3556 3029 3609 auris
3060 3557 3281 3620 audivit,
3330 3572 3421 3610 nec
3450 3557 3503 3610 in
3530 3570 3623 3611 cor

2034 3647 2256 3700 hominis
2283 3647 2529 3710 ascendit,
2560 3662 2673 3714 qum
2703 3649 3009 3715 prtrparavit
3044 3646 3176 3701 Deus
3205 3648 3533 3717 diligentibus
3563 3662 3619 3702 ss

2039 3740 2089 3810 (Ι
2121 3738 2241 3794 Cor.
2273 3742 2355 3807 tt).
2396 3740 2493 3806 Qui
2528 3754 2648 3793 cum
2680 3739 2793 3792 litec
2835 3740 2901 3795 tle
2944 3740 3252 3795 hominibus
3280 3784 3294 3805 ,
3348 3742 3447 3796 hoc
3496 3749 3577 3796 est
3604 3782 3620 3808 ,

2035 3834 2268 3888 humana
2313 3833 2484 3887 solum
2532 3833 2864 3900 sapientibus
2908 3832 3108 3894 corde,
3162 3848 3290 3887 aure
3337 3842 3393 3888 et
3437 3834 3616 3899 oculo,

2038 3928 2419 3997 praemitteret,
2465 3940 2589 3978 mox
2633 3925 2699 3978 de
2741 3938 2802 3979 se
2847 3940 2910 3978 ac
2939 3924 3005 3979 de
3034 3924 3114 3978 sui
3162 3924 3450 3989 similibus,
3500 3940 3617 3993 quas

2036 4018 2343 4089 generalem
2391 4016 2736 4071 humanitatis
2781 4016 3101 4070 sententiam
3148 4016 3611 4081 transcenderent,

2036 4110 2231 4178 adjecit
2272 4127 2284 4162 :
2340 4107 2503 4162 Nobis
2549 4118 2717 4162 autem
2764 4107 2995 4162 reuelauit
3046 4108 3182 4161 Deus
3228 4125 3317 4179 per
3364 4107 3618 4175 Spiritum

2037 4219 2185 4255 suum
2210 4200 2425 4273 (Ibid.).
2476 4200 2573 4255 Cui
2604 4201 2778 4254 simile
2806 4209 2888 4254 est
2918 4198 3057 4269 quod
3091 4199 3178 4253 hic
3213 4200 3467 4253 Dominus
3499 4214 3619 4253 cum

2040 4296 2423 4366 interrogasset
2445 4294 2761 4362 discipulos,
2784 4307 2941 4360 quem
2966 4306 3087 4344 eum
3110 4291 3352 4345 dicerent
3377 4289 3623 4344 homines

2037 4403 2181 4456 esse,
2210 4397 2265 4441 et
2292 4387 2366 4441 illi
2395 4387 2635 4441 diversas
2662 4385 2993 4438 diversorum
3022 4383 3300 4453 Opiniones
3330 4382 3622 4453 prompsis-

351 4481 550 4533 Christi
581 4495 675 4534 sua
707 4480 1089 4549 prwdicatitttte
1120 4482 1385 4534 convertit
1403 4521 1416 4544 ,
1448 4479 1535 4535 cui
1563 4489 1645 4535 cst
1671 4479 1837 4550 gloria
1884 4490 1938 4536 et
1970 4520 2018 4580 ι)
2044 4490 2183 4547 sent,
2204 4480 2335 4533 dicit
2359 4480 2491 4533 illis:
2522 4476 2621 4532 Vos
2645 4489 2812 4530 autem
2835 4494 2978 4547 quem
3005 4491 3083 4529 me
3108 4493 3214 4531 esse
3235 4477 3440 4530 dicitis?
3464 4475 3624 4541 Quasi

353 4572 528 4626 honor
556 4571 609 4626 in
637 4573 831 4626 saecula
858 4572 1195 4626 saeculorum.
1239 4573 1428 4626 Amen.

943 4684 1220 4739 HllMlLlA
1264 4684 1356 4738 XI.

889 4772 941 4810 IN
993 4771 1167 4810 ευυεκ
1218 4769 1401 4810 ΓΕΘἸΟ.

657 4856 754 4925 (Ex
786 4856 924 4925 Opp.
958 4873 1081 4911 ven.
1114 4858 1269 4913 Beda:
1301 4858 1644 4930 presbyteri.)
1708 4918 1726 4933 _

432 4944 495 5000 In
527 4946 619 5002 illo
650 4955 875 5013 tempore
902 4950 1033 5001 venit
1064 4946 1215 5004 Jesus
1253 4951 1303 5002 in
1336 4960 1504 5021 partes
1531 4948 1777 5004 Ctesarew
1811 4948 1939 5003 Phi-

354 5040 600 5109 lippi,'et
630 5040 975 5109 interrogabat
1013 5040 1293 5105 discipulos
1336 5058 1475 5105 suos,
1509 5042 1680 5093 dicens
1708 5056 1728 5095 :
1783 5042 1941 5107 Quem

354 5133 537 5186 dicunt
563 5131 790 5185 homines
812 5148 917 5185 esse
941 5128 1139 5183 Filium
1165 5132 1428 5185 hominis?
1448 5141 1550 5185 etc.
1574 5130 1788 5201 (Matth.
1810 5133 1941 5201 xtn).

433 5221 619 5276 Lectio
652 5221 823 5274 sancti
858 5219 1164 5289 Evangelii,
1198 5235 1352 5288 quam
1393 5220 1571 5284 modo,
1606 5219 1819 5280 fratres,
1852 5233 1945 5272 att-

352 5314 537 5380 distis,
563 5322 712 5367 tanto
743 5314 1000 5368 intentius
1027 5312 1306 5381 cogitanda
1336 5324 1397 5365 ac
1424 5310 1540 5364 sine
1567 5309 1831 5364 oblivione
1859 5318 1942 5363 est

348 5408 559 5476 jugiter
589 5405 891 5469 retinenda,
924 5416 1123 5472 quanto
1151 5411 1366 5458 constat
1396 5403 1517 5470 quia
1553 5417 1799 5471 magnam
1849 5418 1942 5455 no-

354 5499 448 5553 bis
476 5498 597 5552 ﬁdei
632 5498 1013 5567 perfectionem
1040 5495 1400 5559 commendat,
1430 5508 1673 5553 magnum
1704 5493 1942 5562 ejusdem

356 5594 618 5663 perfectae
650 5591 771 5644 fidei
804 5599 986 5644 contra
1019 5588 1196 5643 omnia
1245 5594 1573 5661 tentameuta
1600 5585 1763 5637 robur
1795 5599 1947 5654 teque

353 5684 722 5740 demonstrat.
780 5683 836 5738 Si
887 5682 1028 5737 enim
1085 5682 1225 5736 scire
1278 5678 1524 5733 Volumus
1573 5675 1838 5744 quomodo
1893 5677 1945 5732 in

358 5778 645 5835 Christum
673 5775 820 5833 credi
849 5783 1131 5846 oporteat,
1177 5771 1306 5844 quid
1334 5769 1564 5827 lucidius
1592 5784 1658 5827 eo
1687 5769 1830 5840 quod
1872 5769 1949 5827 ait

2045 4577 2110 4628 ab
2143 4574 2411 4627 hominum
2442 4571 2798 4640 generalitate
2836 4571 2958 4625 illos
2985 4581 3356 4639 sequestrans,
3398 4570 3527 4624 deos
3555 4584 3616 4624 ac

2047 4666 2138 4720 Dei
2190 4666 2325 4718 filios
2374 4680 2464 4732 per
2512 4661 2859 4727 adoptionem
2907 4659 3075 4716 factos
3124 4661 3421 4727 insinuans,
3470 4664 3622 4728 juxta

2044 4757 2171 4812 illud
2204 4755 2502 4811 Psalmista)
2530 4774 2540 4808 :
2599 4753 2712 4826 Ego
2742 4755 2871 4819 dixi,
2907 4752 2990 4806 Dii
3044 4755 3186 4819 estis,
3218 4763 3263 4806 et
3289 4753 3390 4821 ﬁlii
3418 4751 3623 4805 Ifxcelsi

2046 4867 2218 4906 omnes
2276 4848 2448 4921 (Psal.
2508 4848 2725 4916 Lxxxr).
2796 4846 3121 4917 Respondens
3179 4843 3359 4901 Simon
3417 4842 3622 4909 Petrus,

2045 4944 2175 4997 dixit
2206 4960 2223 4997 :
2258 4943 2333 4996 Tu
2379 4959 2428 4995 es
2476 4939 2705 4994 Christus
2736 4937 2905 4992 Filius
2950 4939 3041 4992 Dei
3080 4938 3197 4991 rivi.
3254 4937 3417 4989 Deum
3445 4937 3622 4991 vivum

2046 5038 2303 5105 appellat,
2349 5034 2416 5088 ad
2457 5035 2859 5087 distinctionem
2909 5031 3161 5083 falsorum
3194 5028 3440 5091 deorum,
3490 5042 3624 5097 quos

2047 5131 2194 5182 vario
2224 5129 2405 5181 delusa
2458 5142 2638 5181 errore
2676 5126 2964 5195 gentilitas,
2998 5123 3081 5177 vel
3131 5122 3195 5176 de
3251 5124 3476 5176 mortuis
3526 5122 3626 5176 sibi

2050 5218 2351 5273 hominibus
2383 5216 2635 5279 instituit,
2673 5216 2756 5269 vel
2812 5216 3011 5285 majore
3050 5213 3315 5269 dementia
3346 5215 3413 5268 de
3446 5215 3624 5269 insen-

2050 5310 2187 5364 sibili
2222 5309 2441 5363 materia
2484 5321 2616 5377 quos
2663 5307 2937 5372 atloraret,
2989 5307 3225 5361 creavit:
3275 5306 3341 5360 de
3388 5306 3629 5373 qualibus

2052 5403 2260 5457 canitur
2288 5401 2339 5454 in
2387 5400 2643 5453 Psalmis:
2679 5398 2973 5455 Simulacra
2999 5401 3241 5469 gentium,
3289 5410 3553 5466 argentum
3578 5407 3629 5454 et

2054 5509 2257 5555 aurum,
2287 5508 2439 5561 opera
2485 5507 2728 5544 manuum
2774 5491 3054 5545 hominum.
3109 5491 3178 5546 0s
3207 5491 3410 5558 habent,
3456 5501 3628 5546 etnon

2054 5586 2343 5654 loquentur,
2394 5595 2499 5639 etc.
2546 5583 2719 5656 (Psal.
2767 5586 2936 5655 cxtn).
2990 5585 3147 5641 Notet
3190 5595 3365 5641 autem
3413 5586 3631 5643 dilectio

2055 5691 2230 5735 vestra
2253 5694 2407 5747 quam
2437 5677 2672 5732 miranda
2702 5678 3040 5734 distinctione
3067 5679 3135 5734 sit
3179 5680 3395 5743 factum,
3423 5694 3479 5735 ut
3506 5696 3627 5738 cum

2055 5771 2121 5827 de
2170 5779 2393 5840 utraque
2449 5769 2688 5841 ejusdem
2747 5771 2954 5827 Domini
3009 5779 3062 5827 et
3114 5770 3407 5828 Salvatoris
3456 5772 3627 5828 nostri
