4096 6346
536 339 557 395 1
571 340 669 395 467

1420 332 1505 391 PA
1515 332 1623 392 ULI
1662 332 1934 390 DIACONI
1972 332 2125 388 (ΞΗ).

2166 333 2341 390 PARS
2378 332 2441 403 ιι.
2488 363 2554 378 -ο
2593 328 2948 393 Αεθετιολ.
3665 343 3812 399 1468

532 465 739 518 natura,
786 452 855 507 ab
892 452 1011 521 ipso
1060 449 1287 505 Domino
1314 459 1370 505 et
1422 464 1450 502 a
1499 448 1645 504 ﬁdeli
1692 448 1806 516 ejus
1851 446 2186 515 discipuloA
2216 462 2446 517 namque
2470 447 2538 501 de
2595 448 2752 501 Patre
2804 448 3128 516 Apostolus:
3187 447 3327 503 Misit
3385 451 3520 505 Deus
3551 453 3811 524 Spiritum

530 553 675 601 esset
696 542 1013 614 proferenda
1034 541 1320 607 sententia,
1346 541 1600 595 Dominus
1621 539 1735 607 ipse
1758 538 2109 593 humilitatem

534 646 825 705 assumpta}
859 635 1203 690 humanitatis
1255 634 1583 699 proﬁteatur,
1616 631 1910 697 discipulus
1936 633 2118 686 excel-

531 728 750 785 lentiaiu
782 728 975 783 divina:
1019 726 1335 780 aeternitatis
1380 733 1629 778 ostentet.
1684 723 1936 777 Dominus
1961 721 2027 775 de
2058 736 2118 776 se

532 821 671 889 quod
699 820 873 875 minus
903 828 1004 882 est,
1038 817 1328 883 discipulus
1360 816 1425 870 de
1468 815 1692 868 Domino
1738 813 1941 866 iutimat
1974 813 2112 882 quod

534 914 703 981 majus
729 924 830 968 est.
868 912 1121 967 Dominus
1165 910 1232 963 de
1280 924 1338 963 se
1369 909 1507 976 quod
1560 912 1729 960 lactus
1776 918 1859 960 est
1892 916 2116 974 propter

544 1021 664 1071 nos,
688 1006 978 1071 discipulus
1004 1004 1237 1056 declarat
1268 1003 1335 1056 de
1368 1002 1589 1053 Domino
1618 1003 1736 1070 quia
1770 1000 1882 1067 ipse
1915 1013 1993 1053 eSt
2027 1001 2113 1067 qui

538 1098 661 1152 fecit
709 1113 823 1152 nos.
872 1100 957 1153 Sic
1007 1096 1138 1150 etin
1172 1095 1459 1163 Evangelia
1512 1094 1767 1147 Dominus
1799 1096 1963 1146 multo
1998 1108 2116 1146 i-reo

531 1187 681 1243 brius
711 1206 767 1242 se
798 1189 984 1242 Filium
1018 1187 1248 1241 hominis
1289 1202 1446 1255 quam
1497 1187 1655 1238 lilium
1706 1185 1794 1238 Dei
1843 1186 2111 1252 appellare

531 1290 828 1342 coiisuevit,
857 1287 911 1333 ut
938 1295 1032 1331 nos
1062 1279 1353 1332 admoneat
1376 1277 1492 1345 ejus
1514 1277 2111 1344 dispensationisquam

533 1384 629 1438 pro
661 1370 810 1425 nobis
856 1371 1111 1439 suscepit.
1162 1369 1265 1425 Sed
1321 1385 1415 1423 nos
1466 1384 1681 1421 necesse
1713 1379 1793 1421 est
1842 1378 1985 1420 tanto
2019 1368 2115 1421 hu—

530 1465 705 1517 milius
736 1464 1027 1519 divinitatis
1074 1466 1190 1533 ejus
1240 1466 1344 1516 alta
1398 1463 1666 1525 venerari,
1718 1472 1921 1530 quanto
1962 1462 2106 1513 illum

531 1555 875 1608 meminimus
925 1572 1018 1623 pro
1072 1565 1255 1609 nostra
1306 1556 1625 1608 exultatione
1674 1553 1736 1605 ad
1773 1552 2115 1605 humanitatis

532 1646 707 1699 intima
742 1647 1107 1701 descendisse.
1151 1646 1204 1699 Si
1232 1648 1371 1700 enim
1421 1647 1556 1698 inter
1587 1655 1916 1698 sacratiienta
1948 1646 2114 1698 incar-

528 1740 761 1792 nationis
806 1739 945 1808 cjus,
1002 1739 1193 1808 quibus
1249 1737 1509 1805 redempti
1563 1751 1764 1797 smnus,
1824 1738 2112 1805 potentiam

530 1829 826 1884 divinitatis
855 1848 953 1901 qua
984 1833 1146 1885 creati
1184 1846 1369 1884 sumus
1396 1830 1476 1897 pia
1520 1843 1731 1897 semper
1754 1840 1931 1882 mente
1963 1844 2114 1882 reen-

526 1922 705 1989 limus,
737 1924 791 1976 tit
826 1933 883 1979 ut
921 1926 1019 1992 ipsi
1051 1940 1259 1991 quoque
1292 1938 1410 1975 cum
1446 1920 1604 1973 Petro
1652 1934 1898 1988 superna:
1946 1920 2111 1973 bratt-

529 2020 721 2075 tudinis
754 2016 997 2071 mercede
1027 2017 1306 2069 doneinur.
1340 2013 1471 2067 Nam
1512 2014 1803 2067 contiteute
1834 2012 1928 2065 illo
1953 2012 2112 2066 Chri-

526 2128 666 2169 stum
700 2113 893 2167 lt'ilium
946 2111 1035 2163 Dei
1072 2108 1196 2173 vivi,
1232 2109 1504 2162 videamus
1554 2107 1677 2175 quid
1709 2106 1972 2175 sequitur.
2013 2105 2114 2159 lie-

526 2207 779 2278 spondens
824 2214 995 2257 autem
1039 2201 1213 2261 Jesus,
1253 2202 1383 2255 dixit
1411 2219 1422 2253 :
1456 2199 1643 2253 Beatus
1674 2218 1755 2264 es,
1796 2199 1977 2253 Simon
2010 2198 2114 2251 Bur

526 2300 687 2355 Jotia.
717 2298 937 2352 Constat
968 2313 1095 2361 ergo
1124 2300 1246 2361 quia
1278 2305 1395 2363 post
1440 2310 1620 2346 veram
1669 2294 1863 2346 Christi
1898 2292 2109 2375 conti-s-

530 2392 758 2451 siunetn,
822 2405 945 2442 Vera
1006 2389 1349 2441 beatitudinis
1406 2387 1619 2454 pra-tuin
1653 2396 1872 2440 restant.
1906 2386 2007 2441 Sed
2040 2387 2115 2439 itt-

537 2494 779 2535 tueainnr
807 2480 994 2534 intenti
1026 2479 1179 2546 quale
1202 2490 1524 2545 quantumve
1551 2480 1618 2531 sit
1644 2493 1836 2531 nomen
1868 2478 2115 2548 illudquo

528 2572 819 2642 perfectum
866 2572 947 2623 sui
1005 2571 1233 2623 nominis
1290 2568 1653 2623 confessorem
1710 2570 1992 2637 gloriﬁcat,
2053 2582 2105 2623 ut

527 2662 685 2733 hujus
728 2666 887 2717 etiam
930 2666 1340 2737 nos,‘veraciter
1371 2678 1491 2716 eum
1534 2663 1860 2729 confitendo,
1899 2681 2106 2719 merea-

528 2773 648 2812 mur
700 2772 823 2812 esse
871 2768 1171 2810 consortes.
1221 2755 1428 2823 Beatus,
1480 2755 1668 2823 inquit,
1698 2774 1751 2810 cs
1800 2758 1981 2812 Simon
2012 2757 2115 2812 Βαι-

529 2848 683 2904 Jona.
725 2850 823 2902 Bar
846 2849 978 2905 Joua
1022 2850 1260 2918 Syriace,
1307 2850 1493 2903 Latine
1523 2849 1717 2903 dicitur
1745 2850 1882 2904 titius
1911 2850 2115 2905 culum-

528 2942 631 2996 bte.
681 2942 846 2996 Filius
875 2952 1050 2995 autem
1090 2942 1347 2995 rolumbe
1404 2951 1545 2994 tecte
1594 2950 1816 2995 Vocatur
1847 2942 2114 3010 apostolus

526 3033 739 3097 Petrus,
772 3032 891 3101 quia
922 3032 1173 3086 tht‘iit'el
1216 3033 1463 3087 columba
1515 3032 1737 3086 multum
1773 3033 1998 3100 simplex
2033 3041 2115 3087 est.

525 3126 743 3189 animal,
770 3136 823 3179 et
846 3125 957 3193 ipse
988 3124 1232 3194 prudenti
1263 3141 1323 3177 ac
1350 3126 1433 3191 pia
1462 3124 1802 3192 simplicitate
1824 3125 2110 3180 Dominum

527 3220 869 3284 sequebatur.
927 3234 1130 3271 memor
1185 3217 1326 3270 illius
1384 3220 1633 3286 praecepti
1663 3219 1802 3285 quod
1852 3234 1975 3272 cum
2002 3220 2113 3273 suis

528 3311 911 3379 condiscipulis
967 3313 1033 3364 ab
1089 3312 1279 3364 eodem
1340 3312 1592 3379 magistro
1651 3314 2002 3380 simplicitatis
2054 3332 2115 3368 ac

531 3404 771 3456 veritatis
803 3403 1005 3467 accc-pit
1032 3422 1041 3453 :
1086 3401 1265 3454 Estote
1292 3405 1563 3468 prudentes
1599 3406 1727 3455 sicut
1769 3413 2042 3470 serpentes,
2067 3415 2113 3459 et

527 3495 778 3559 siinpl'icrs
833 3495 959 3547 sicut
1013 3494 1258 3547 columbo:
1305 3493 1517 3561 (Matth.
1553 3495 1626 3564 χ).
1680 3496 1767 3547 Vel
1819 3510 1964 3550 certe
1992 3500 2110 3565 quia

529 3589 758 3655 Spiritus
790 3601 1007 3643 sanctus
1039 3606 1198 3657 super
1238 3590 1520 3649 Dominum
1552 3590 1601 3642 iii
1634 3591 1893 3643 columba:
1938 3592 2113 3657 Specie

530 3683 826 3749 descendit,
882 3692 1030 3739 recte
1086 3684 1222 3736 tilius
1271 3683 1532 3737 columbae
1594 3694 1964 3751 nuncupatur,
2022 3686 2111 3752 qui

530 3777 791 3844 spirituali
847 3778 1013 3844 gratia
1070 3777 1259 3843 plenus
1314 3778 1582 3831 exstitisse
1641 3787 1986 3832 monstratur.
2052 3779 2114 3831 Et

528 3866 666 3936 iusta
709 3867 865 3922 laude
918 3868 1230 3923 dilectorem
1281 3869 1753 3935 conte-somnique
1804 3886 1955 3923 suum
2012 3870 2114 3925 Do-

529 3958 703 4011 minus
754 3969 1077 4017 reinunei'at.
1108 3975 1228 4011 cuin
1285 3974 1407 4013 eum
1453 3960 1620 4014 sanmi
1670 3961 1900 4029 Spiritus
1944 3960 2113 4016 tilium

530 4063 650 4102 esse
681 4058 921 4113 testatur,
948 4068 973 4100 a
1004 4066 1110 4117 quo
1146 4054 1255 4117 ipse
1290 4048 1450 4105 Filius
1484 4051 1575 4105 Dei
1612 4051 1712 4104 viti
1736 4064 2109 4107 asseveratur:

531 4144 771 4210 quamvis
808 4144 906 4196 hoc
939 4142 1108 4209 ipsum
1142 4144 1361 4196 multum
1417 4144 1745 4198 dissimiliter
1776 4144 1891 4198 ﬁeri
1940 4145 2115 4200 nullus

531 4234 763 4288 tideliuin
803 4236 1028 4291 dubitat.
1076 4235 1229 4289 Je~tts
1272 4236 1413 4291 enim
1469 4235 1737 4296 Christus,
1800 4236 1963 4291 Filius
2016 4236 2111 4290 Dei

529 4343 623 4398 per
651 4339 935 4383 naturain:
990 4328 1193 4393 Petiiis,
1237 4329 1374 4381 sicut
1424 4338 1477 4382 et
1524 4330 1700 4381 caeteri
1747 4327 1927 4392 elecd,
1975 4329 2115 4382 tilius

530 4430 612 4475 est
639 4419 809 4473 sancti
854 4418 1083 4485 Spiritus
1110 4434 1203 4489 per
1244 4417 1489 4486 gratiam.
1538 4417 1783 4470 Christus
1824 4418 1987 4473 Filius
2022 4418 2113 4472 Dei

530 4513 656 4576 vivi,
705 4512 825 4577 quia
872 4512 938 4564 de
985 4513 1099 4579 ipso
1150 4520 1303 4567 natus
1348 4521 1447 4566 est.
1502 4510 1685 4563 Petrus
1718 4511 1855 4564 tilius
1888 4511 2115 4579 Spiritus

533 4603 726 4666 sancti,
757 4601 879 4668 quia
924 4601 987 4653 de
1017 4600 1132 4667 ipso
1160 4608 1375 4654 renatus
1421 4611 1521 4654 est.
1551 4601 1794 4655 Chrisms
1828 4602 1990 4655 Filius
2023 4603 2112 4655 Dei

532 4704 658 4746 ante
689 4702 948 4762 tempora,
993 4692 1107 4759 ipse
1154 4704 1230 4744 est
1262 4694 1402 4746 enim
1436 4692 1528 4747 Dei
1565 4693 1757 4759 virtus,
1806 4702 1859 4747 et
1906 4694 1993 4745 Dei
2025 4710 2111 4746 sa-

534 4787 751 4854 pientia,
800 4801 918 4854 quae
952 4786 1122 4839 dicit:
1181 4784 1429 4839 Dominus
1478 4787 1696 4854 possedit
1745 4802 1823 4838 me
1869 4786 1930 4838 ab
1973 4787 2116 4838 initio

533 4879 728 4930 viarum
750 4893 954 4929 suarum
984 4890 1251 4946 antequam
1280 4878 1554 4947 quidquam
1598 4878 1780 4946 faceret
1809 4893 1839 4928 a
1866 4878 2117 4945 principio

543 4967 728 5038 (l’rov.
756 4969 894 5030 viii).
927 4968 1113 5021 Petrus
1166 4969 1305 5020 tilius
1349 4968 1575 5036 Spiritus
1596 4967 1762 5020 sancti
1795 4982 1859 5018 ex
1890 4981 1955 5019 eo
1985 4977 2118 5020 ten-

538 5073 667 5128 porc
698 5075 825 5127 quo,
850 5058 917 5112 ab
957 5060 1070 5127 ipso
1103 5058 1448 5122 illuniiuatus,
1479 5056 1701 5124 gratiam
1730 5055 1918 5109 divina:
1941 5058 2121 5123 cogni-

535 5155 693 5210 tionis
723 5155 945 5223 accepit.
983 5156 1045 5207 Et
1074 5155 1193 5221 quia
1228 5168 1327 5206 una
1370 5151 1636 5213 voluntas,
1663 5150 1846 5202 eadem
1881 5160 1960 5204 est
1991 5167 2117 5218 ope-

536 5248 676 5302 ratio
709 5258 905 5300 sanrtm
953 5243 1249 5307 Trinitatis,
1288 5254 1431 5297 recte
1461 5257 1580 5296 cum
1627 5240 1891 5295 dixisset:
1930 5240 2116 5296 Beatus

536 5354 611 5402 es,
639 5338 817 5392 Simon
848 5337 953 5390 Bar
998 5335 1157 5404 Iona,
1205 5336 1252 5387 id
1284 5346 1387 5399 est,
1423 5333 1559 5386 tilius
1586 5335 1772 5401 gratia:
1799 5334 2110 5402 Spiritualis,

539 5435 782 5500 protinus
813 5432 1052 5499 adjunin
1090 5444 1103 5483 :
1132 5427 1265 5494 Quia
1290 5442 1407 5479 caro
1430 5436 1474 5478 et
1506 5426 1711 5497 sanguis
1741 5442 1842 5481 non
1881 5428 2115 5481 reuelauit

536 5524 645 5587 tibi,
678 5526 763 5577 sed
808 5522 962 5576 Pater
1012 5538 1170 5583 meus,
1200 5522 1286 5592 qui
1316 5522 1367 5572 in
1416 5520 1551 5573 caelis
1599 5529 1688 5572 est.
1739 5519 1892 5575 Pater
1922 5521 2118 5591 quippe

545 5616 649 5666 tilio
678 5616 937 5669 columbae
971 5613 1238 5671 ievclavit.
1273 5614 1390 5680 quia
1418 5628 1518 5667 una
1548 5622 1630 5667 est
1655 5614 1819 5681 gratia
1867 5613 2036 5667 Patris
2062 5623 2116 5668 et

542 5705 769 5772 Spiritus
798 5705 986 5769 sancti,
1031 5705 1215 5760 eadem
1254 5719 1461 5775 quoque
1488 5713 1540 5758 et
1592 5703 1735 5769 Filii,
1770 5705 1908 5772 quod
1962 5704 2112 5758 facil-

538 5797 685 5867 limis
737 5813 901 5856 sacra:
952 5798 1238 5871 Scriptum
1286 5798 1591 5873 probabitur
1639 5785 1920 5875 exemplis.
1970 5798 2112 5858 Dicit

2226 537 2357 592 Filii
2384 541 2462 592 sui
2490 541 2540 593 in
2564 543 2721 593 corda
2750 550 2927 594 nostra
2969 538 3114 613 (Gal.
3148 543 3244 611 tv).
3300 542 3438 598 Dicit
3485 549 3597 611 ipse
3651 547 3818 605 Filius

2220 628 2289 683 de
2329 630 2525 699 Spiritu
2579 642 2762 685 sancto
2807 650 2820 685 :
2863 630 2989 685 Cum
3041 642 3213 686 autem
3267 638 3451 689 venerit
3510 637 3818 698 Paractettts

2220 739 2365 785 quem
2395 740 2483 793 ego
2526 726 2723 777 mittant
2770 724 2911 778 vobis
2934 742 2968 777 a
3001 724 3161 781 Patre
3208 725 3389 795 (Joan.
3422 730 3538 799 xv).
3586 734 3717 787 Dicit
3748 736 3818 790 de

2218 815 2419 882 Spiritu
2456 828 2641 871 saneto
2692 817 3015 885 Apostotus:
3068 820 3195 874 Hice
3237 834 3407 876 autem
3452 827 3628 878 omnia
3688 845 3813 897 ope-

2220 919 2364 960 ratur
2382 925 2515 960 unus
2535 919 2685 977 atque
2706 912 2838 961 idem
2870 911 3118 980 Spiritus,
3145 913 3375 967 dividens
3405 916 3625 986 singulis
3650 930 3807 982 prout

2220 1000 2323 1050 vult
2354 996 2407 1067 (l
2442 999 2561 1053 Cor.
2596 1002 2711 1066 κη).
2749 1002 2903 1054 i’ater
2929 1016 3057 1070 ergo
3100 1004 3245 1058 misit
3278 1004 3546 1072 spiritum,
3583 1005 3818 1075 Spiritus

2220 1090 2334 1161 ipse
2366 1092 2447 1144 ubi
2474 1093 2579 1145 vult
2610 1095 2776 1157 spirat
2819 1094 2998 1164 (Joatt.
3038 1099 3138 1161 tit),
3191 1099 3310 1163 quia
3354 1101 3613 1166 profecto,
3648 1111 3705 1155 ut
3734 1104 3817 1154 dia

2225 1186 2421 1247 ximus,
2456 1199 2557 1235 tina
2600 1194 2681 1237 est
2733 1186 2977 1238 voluntas
3025 1196 3080 1240 et
3124 1189 3367 1255 operatio
3416 1190 3669 1244 Patriset
3700 1191 3817 1246 Filii

2220 1285 2274 1328 et
2304 1274 2539 1341 Spiritus
2569 1279 2738 1330 saneti
2770 1295 2781 1329 ε
2818 1288 2872 1331 et
2904 1290 3181 1347 propterea
3213 1283 3597 1337 convenienter
3624 1283 3818 1338 dicitur

2222 1367 2346 1434 quia
2384 1368 2557 1435 Pater,
2573 1371 2659 1437 qui
2694 1372 2744 1423 in
2774 1373 2925 1425 caelis
2950 1382 3053 1437 est,
3073 1374 3387 1429 reielaverit
3421 1375 3526 1429 tilio
3552 1377 3817 1432 columba:

2221 1460 2531 1527 mysterium
2567 1463 2708 1526 tidi-i,
2758 1464 2897 1531 quod
2928 1464 2977 1517 ei
3024 1481 3151 1518 caro
3190 1475 3246 1519 et
3295 1469 3508 1535 sanguis
3560 1470 3805 1524 rvwlare

2220 1552 2493 1619 nequibat.
2528 1554 2663 1606 Caro
2708 1564 2882 1608 autem
2910 1566 2961 1609 et
2998 1558 3215 1625 sanguis
3263 1572 3409 1611 recte
3442 1558 3815 1629 intelliguntur

2225 1645 2465 1699 homines
2516 1649 2777 1714 sapientia
2811 1650 2988 1701 carnis
3038 1650 3226 1716 inﬂati,
3259 1652 3579 1707 coliinibirim
3609 1655 3820 1722 simpli-

2221 1738 2397 1791 citatis
2432 1737 2617 1802 nescii,
2658 1739 2885 1806 ideoque
2910 1758 2937 1793 a
2971 1743 3226 1809 sapientia
3268 1744 3499 1813 Spiritus
3544 1748 3817 1802 omnimo-

2144 1816 2189 1877 Β
2217 1828 2302 1881 dis
2325 1830 2499 1882 aversi
2530 1848 2539 1880 :
2574 1830 2643 1884 de
2669 1832 2859 1897 quibus
2880 1847 3036 1899 supra
3065 1835 3264 1889 dit'tirm
3285 1848 3366 1890 est
3392 1840 3515 1906 quia
3546 1839 3815 1895 Christum

2217 1934 2321 1973 non
2356 1922 2739 1990 intelligciites,
2771 1927 2855 1977 alii
2886 1924 3145 1979 Jmnnetn
3178 1929 3487 1997 Baptistam,
3512 1932 3603 1986 alii
3636 1944 3813 1987 autem

2213 2008 2406 2076 Eliam,
2434 2014 2521 2066 alii
2566 2028 2691 2067 vero
2737 2014 3046 2079 .Ieremiam,
3090 2028 3183 2071 aut
3215 2035 3376 2073 unum
3425 2036 3493 2074 ex
3528 2024 3816 2090 proiihetis

2214 2118 2334 2157 esse
2362 2105 2628 2160 dicerent.
2657 2106 2732 2160 De
2760 2108 3009 2174 qualibus
3038 2108 3163 2162 dicit
3217 2112 3504 2178 Apostolus
3532 2128 3546 2163 :
3574 2110 3818 2168 Carnutis

2215 2210 2384 2252 autem
2431 2198 2582 2253 homo
2624 2217 2723 2253 non
2770 2203 2983 2269 percipit
3012 2219 3071 2254 ea
3115 2218 3229 2271 quas
3283 2214 3397 2256 sunt
3434 2204 3670 2272 Spiritus
3718 2204 3814 2258 Dei

2213 2290 2271 2359 (1
2302 2291 2424 2345 Cor.
2464 2296 2541 2359 ii).
2585 2292 2703 2361 Seqi
2732 2294 2871 2347 itur:
2930 2294 2991 2346 Et
3038 2310 3129 2362 ego
3183 2296 3299 2348 dico
3350 2298 3441 2348 tibi
3486 2299 3608 2365 quia
3668 2309 3719 2351 ω
3764 2315 3817 2352 es

2225 2382 2421 2448 Petrus,
2479 2394 2526 2437 et
2569 2401 2721 2453 super
2774 2386 2907 2438 hanc
2960 2398 3151 2452 petram
3203 2390 3474 2457 mdiﬁcabo
3527 2389 3815 2445 Ecclesium

2216 2492 2397 2529 meam.
2428 2475 2637 2539 Pt'lrlis,
2669 2480 2755 2545 qui
2784 2468 2966 2531 Simon
3000 2491 3153 2533 antea
3176 2480 3473 2545 dicebatur,
3500 2484 3569 2536 ob
3597 2486 3809 2537 tortitu-

2216 2566 2397 2619 dinem
2426 2567 2572 2631 tidei,
2614 2578 2667 2622 et
2694 2568 3046 2623 cont'essiouis
3088 2585 3200 2624 suae
3248 2579 3625 2638 constantiam,
3654 2591 3682 2627 a
3714 2575 3822 2629 Do-

2222 2660 2368 2711 mino
2404 2660 2546 2712 Petri
2593 2675 2785 2714 nomen
2833 2663 3061 2729 accepit,
3092 2662 3216 2729 quia
3251 2662 3494 2717 videlicet
3547 2666 3624 2718 itli
3665 2669 3816 2719 tirrna

2216 2764 2279 2805 ac
2309 2750 2484 2805 tenaci
2514 2760 2693 2805 mente
2719 2750 2965 2811 adhaasit,
2992 2753 3062 2807 de
3090 2769 3191 2820 qua
3223 2758 3481 2823 scriptum
3506 2766 3631 2809 est:
3667 2754 3822 2809 Petra

2217 2855 2383 2898 autem
2413 2854 2517 2898 erat
2542 2844 2775 2898 Christus
2804 2842 2858 2914 (Ι
2893 2845 3018 2900 Cor.
3051 2844 3131 2915 x).
3160 2844 3223 2897 Et
3252 2862 3404 2913 super
3433 2849 3568 2900 hanc
3598 2859 3817 2916 petram,

2216 2937 2272 2991 id
2304 2946 2404 3000 est.
2457 2938 2738 2993 Dominum
2785 2939 3139 3006 Salvatorem,
3186 2941 3277 3008 qui.
3326 2941 3472 2996 ﬁdeli
3498 2957 3602 2997 suo
3627 2947 3813 3015 cogni-

2220 3030 2339 3094 tori,
2398 3031 2643 3095 amatori,
2699 3029 2995 3087 confessori
3046 3032 3377 3101 participium
3429 3035 3513 3089 sui
3571 3037 3806 3090 nominis

2223 3121 2466 3189 donavit,
2500 3132 2555 3176 ut
2585 3122 2835 3177 videlicet
2863 3137 2891 3176 a
2916 3133 3063 3191 petra
3094 3124 3285 3178 Petrus
3310 3134 3613 3189 vocaretur,
3644 3141 3805 3196 supra

2222 3231 2380 3283 quam
2412 3214 2708 3269 aediﬁcatur
2754 3216 3012 3280 Ecclesia,
3064 3217 3181 3283 quia
3216 3232 3321 3272 non
3368 3219 3467 3273 nisi
3520 3235 3618 3289 per
3658 3221 3813 3275 ﬁdem

2220 3318 2276 3361 et
2303 3308 2646 3364 dilectionem
2685 3309 2905 3376 Christi,
2942 3326 3036 3377 per
3059 3313 3454 3381 susceptionem
3510 3329 3818 3369 sacramen-

2222 3412 2399 3455 torum
2454 3401 2678 3466 Christi,
2734 3402 2801 3457 ad
2856 3410 3058 3458 sortem
3112 3405 3403 3459 etectorum
3457 3415 3515 3459 et
3564 3417 3814 3461 meritam

2212 3496 2537 3565 perungitur
2569 3497 2751 3561 vitam,
2784 3498 3042 3566 Apostolo
3069 3507 3377 3556 attestante.
3405 3501 3496 3567 qui
3521 3500 3636 3553 ait:
3670 3497 3814 3553 Fun-

2218 3590 2516 3642 damentum
2548 3590 2681 3643 enim
2726 3591 2870 3642 aliud
2902 3607 3048 3642 nemo
3077 3600 3236 3660 potest
3274 3608 3481 3660 ponere.
3532 3604 3714 3660 preter
3755 3597 3810 3647 id

2212 3684 2345 3747 quod
2378 3682 2592 3748 positum
2618 3693 2715 3744 est,
2742 3684 2878 3751 quod
2902 3694 2972 3736 est
3000 3681 3232 3737 Christus
3264 3686 3419 3739 Jestts
3454 3684 3503 3755 (Ι
3532 3683 3646 3739 Cor.
3688 3688 3802 3753 tit).

2216 3773 2288 3826 Et
2314 3785 2483 3842 portio
2522 3777 2678 3844 inferi
2704 3792 2805 3828 nou
2836 3776 3179 3843 pramlebunt
3200 3778 3447 3833 adversm
3476 3795 3607 3832 eaut.
3642 3778 3823 3834 Porta:

2215 3867 2373 3935 inferi
2402 3869 2661 3921 doctrinm.
2686 3879 2813 3922 suot
2844 3885 3097 3938 nequam,
3124 3886 3243 3936 quae
3273 3873 3584 3925 seducendo
3613 3874 3804 3942 impru.

2212 3958 2420 4017 dentes.
2453 3959 2516 4013 ad
2568 3959 2772 4014 inferos
2815 3962 3051 4014 trahunt.
3102 3960 3278 4015 Porta?
3324 3976 3539 4032 quoque
3584 3965 3739 4031 inferi
3767 3978 3818 4016 et

2223 4057 2487 4103 tormenta
2544 4060 2598 4105 et
2648 4052 3011 4107 blandimenta
3071 4066 3189 4107 sunt
3240 4065 3647 4123 persecuturum
3701 4070 3819 4125 qua:

2222 4142 2463 4197 inﬁrmos
2494 4158 2736 4212 quosque
2788 4146 3110 4199 deterrendo
3155 4147 3236 4200 vel
3286 4147 3616 4202 emolliendo
3653 4163 3682 4199 a
3710 4159 3819 4202 sta-

2222 4233 2427 4289 bilitate
2458 4232 2604 4300 ﬁdei,
2640 4235 2916 4296 introitum
2942 4238 3023 4293 eis
3060 4250 3275 4293 aeternae
3321 4241 3510 4294 mortis
3542 4243 3810 4310 aperiunt.

2219 4325 2325 4381 Sed
2357 4337 2411 4381 et
2438 4343 2600 4392 prava
2630 4329 2928 4385 intidelium
2970 4347 3154 4399 opera,
3208 4333 3493 4403 inepteque
3524 4336 3819 4405 colloquia,

2220 4425 2384 4487 porta:
2414 4421 2594 4490 utique
2622 4429 2748 4476 sunt
2792 4424 2969 4491 inferi,
3003 4425 3055 4478 in
3081 4434 3337 4495 quantum
3368 4426 3481 4482 suis
3526 4429 3614 4484 vel
3648 4430 3825 4483 tanta-

2146 4544 2197 4604 ο
2221 4512 2369 4604 ribus
2401 4515 2482 4565 vel
2508 4516 2831 4582 sequacibus
2863 4518 2961 4571 iter
2982 4518 3299 4587 perditionis
3323 4520 3638 4575 ostendunt.
3690 4521 3826 4576 Nam

2223 4612 2277 4656 et
2304 4603 2432 4670 ﬁdes
2462 4606 2506 4658 si
2530 4623 2630 4659 non
2679 4609 2857 4661 habeat
2887 4626 3066 4677 opera,
3099 4620 3301 4663 mortua
3328 4621 3399 4665 est
3442 4612 3497 4665 in
3548 4615 3827 4685 semetipsa

2225 4694 2426 4761 (Jacob.
2469 4696 2549 4763 tt).
2610 4694 2675 4748 Iit
2736 4709 3068 4765 corrumpunt
3128 4700 3282 4754 bonos
3344 4717 3510 4755 mores
3563 4702 3831 4770 colloquia

2224 4785 2432 4850 malall
2465 4785 2582 4839 Cor.
2635 4790 2743 4855 xv).
2800 4788 2974 4841 Multae
3020 4791 3198 4860 itaque
3253 4801 3380 4845 sunt
3424 4804 3592 4862 portae
3644 4795 3828 4863 inferi,

2225 4876 2317 4927 sed
2352 4876 2535 4929 harum
2569 4877 2707 4930 nulla
2762 4877 3043 4945 Ecclesiaa,
3092 4896 3210 4950 quae
3253 4896 3411 4949 supra
3443 4893 3652 4951 petram
3706 4886 3832 4939 tunc

2226 4965 2347 5020 data
2396 4978 2498 5033 est,
2549 4969 2825 5038 praevalet,
2875 4972 2999 5039 quia
3050 4973 3142 5041 qui
3191 4974 3347 5028 fidem
3398 4975 3599 5031 Christi
3631 4977 3833 5031 intimo

2225 5060 2401 5114 cordis
2450 5078 2636 5116 amore
2688 5066 3010 5133 perceperit,
3068 5082 3227 5119 omne
3271 5067 3531 5136 quidquid
3578 5071 3835 5124 exterius

2226 5153 2447 5221 periculi
2480 5155 2731 5207 tentantis
2760 5155 3041 5224 ingruerit,
3084 5157 3337 5213 facillime
3378 5162 3704 5214 contemnit.
3766 5163 3839 5215 At

2221 5246 2522 5314 quicunque
2549 5246 2879 5300 credentium
2909 5248 3068 5302 [idem
3098 5250 3178 5303 vel
3212 5266 3377 5319 opere
3416 5252 3498 5307 vel
3531 5254 3839 5319 negatione

2219 5335 2539 5402 depravatus
2591 5336 2900 5405 perdiderit,
2959 5354 3064 5392 non
3108 5339 3193 5395 hic
3248 5355 3411 5408 super
3460 5352 3669 5409 petram
3728 5346 3842 5398 Do-

2230 5430 2373 5483 mino
2396 5440 2719 5497 cooperante
2740 5432 2955 5486 domum
2979 5447 3089 5487 sua:
3111 5433 3461 5503 professionis
3489 5436 3836 5507 aediﬁcasse,

2225 5521 2343 5587 Sed,
2390 5523 2535 5587 juxta
2593 5521 2811 5576 alterius
2868 5524 2969 5578 loci
3026 5527 3355 5592 parabolam,
3386 5542 3551 5595 super
3595 5543 3839 5585 arenam

2222 5615 2338 5669 sine
2369 5615 2711 5671 fundamento
2745 5616 2985 5684 posuisse
3005 5621 3307 5673 credendus
3336 5630 3419 5674 est
3442 5618 3674 5684 (H‘atth.
3708 5631 3839 5689 ut},

2224 5708 2323 5763 hoc
2350 5716 2434 5763 est
2472 5724 2575 5762 non
2629 5708 2855 5777 simplici
2904 5724 2967 5765 ac
3016 5727 3137 5765 vera
3186 5713 3485 5768 intentione
3528 5714 3837 5773 Christum

2214 5802 2391 5871 sequi,
2420 5801 2516 5887 sed
2547 5810 2815 5863 terrenam
2862 5803 3162 5875 quamlibet
3202 5804 3554 5879 traxitqu
3576 5806 3655 5863 ab
3688 5825 3838 5869 cau-
